4124 6350
695 475 1786 491 ωψσε-..λ’
1801 479 2978 496 Wh—W
3256 486 3482 500 ψ..

290 472 3533 542 ww

1043 523 2344 701 Ἷῗῇῑῑῦἶνῐ

315 769 482 826 Seriei
533 770 751 828 Patrum
793 792 907 844 quia
950 793 981 830 a
1020 776 1339 833 Tertulliano
1385 781 1454 832 ad
1513 778 1818 852 Gregorium
1871 779 2119 851 Magnum
2173 784 2462 838 extenditur
2491 801 2638 853 quas:
2683 787 2971 842 coronidem
3023 790 3338 859 imponimus
3381 792 3526 850 Vitas

245 859 458 917 Patrum
503 863 807 936 liosweg’di,
842 885 967 938 apus
997 871 1226 926 videlicet
1275 873 1500 927 omnium
1531 876 1658 928 votis
1703 884 2037 943 exoptatum,
2086 879 2323 934 laudibus
2360 880 2787 935 commendatum.
2835 882 2944 938 Nec
2990 901 3021 936 a
3053 895 3227 940 nostra
3269 888 3530 958 praposito

244 954 384 1006 nobis
424 954 661 1011 aberrare
699 958 929 1013 ridentur
956 1002 970 1028 ,
1005 962 1130 1014 dum
1181 977 1268 1016 sex
1315 963 1544 1032 priorum
1598 966 1904 1018 saeculorum
1951 969 2292 1024 monumentis
2341 969 2474 1024 hanc
2529 969 2769 1025 Vitarum
2807 975 3156 1030 collectionem
3194 954 3530 1048 subiicimus,

242 1060 460 1114 quarum
491 1056 724 1104 auctores
756 1054 887 1120 forte
917 1068 1088 1107 omnes
1131 1054 1197 1108 ad
1229 1056 1372 1109 illam
1401 1056 1642 1125 temporis
1683 1058 1983 1126 periodum,
2016 1061 2142 1114 satis
2183 1060 2334 1114 multi
2375 1063 2441 1115 ad
2474 1061 2830 1135 Patrologiam
2861 1065 3100 1122 Latinam
3143 1072 3394 1140 pertinent
3425 1087 3441 1124 .'
3474 1063 3557 1125 iis.

240 1141 326 1208 qui
368 1139 543 1195 (ἔπεσε
567 1145 878 1214 scripserunt
909 1149 1112 1202 nonnisi
1160 1148 1250 1203 sub
1299 1150 1673 1220 antiquissima:
1720 1152 2157 1222 interpretationis
2209 1156 2353 1209 larva
2398 1173 2450 1211 se
2498 1174 2632 1212 nunc
2671 1158 2875 1214 Lcctori
2912 1139 3151 1218 studioso?
3189 1165 3542 1231 offerentibus,

241 1238 287 1286 et
314 1233 462 1298 quasi
483 1235 575 1300 jus
607 1235 877 1290 latinitatis
907 1238 970 1292 ab
1013 1239 1108 1294 hac
1137 1241 1347 1310 speciali
1379 1242 1547 1311 forma
1577 1244 1855 1308 mutuatis,
1905 1244 2067 1297 donec
2098 1249 2255 1314 ipsos,
2288 1249 2341 1301 in
2387 1250 2515 1303 serie
2566 1249 2749 1306 erca
2769 1294 2786 1320 ,
2817 1254 2921 1307 suis
2971 1254 3096 1308 locis
3150 1253 3318 1324 legere
3367 1257 3540 1324 liceat,

241 1329 506 1395 prOpriam
538 1330 768 1403 linguam
800 1332 1064 1403 loquentes
1091 1334 1461 1403 recentiorique
1491 1336 1913 1406 interpretatione
1944 1337 2180 1393 donatos.
2229 1338 2296 1392 Μ.

1087 1465 1288 1472 ——.——_

2057 1467 2312 1475 __._._—___.—.

1016 1607 1176 1690 AD
1253 1603 1886 1696 ANTONIUM
1961 1613 2123 1696 DE
2198 1611 2705 1698 WINGHE
2743 1662 2773 1714 ,

853 1811 1231 1875 ABBATEM
1276 1811 1760 1878 L/ETIENSEM
1803 1815 2127 1880 ORDINIS
2171 1817 2459 1881 SANCTI
2504 1817 2933 1882 BENEDICTI

1057 1998 1189 2077 ET
1241 1999 1875 2081 RELIGIOSUM
1928 1999 2170 2080 EJUS
2229 2002 2606 2082 C(ETUM
2644 2047 2677 2096 9

666 2193 1335 2356 imminuti
1449 2197 2148 2371 ﬂammai
2274 2195 3050 2378 prooemium.

241 1453 1102 1507 Em“-
1141 1465 1184 1471 _
1221 1465 1316 1472 _.___
1363 1466 1368 1472 ,
1440 1466 1530 1472 ,,-
1583 1467 2564 1478 .______—_______.__..____._.____.____
2581 1473 2668 1479 _.____
2731 1474 2746 1480 _
2783 1474 2816 1480 __
2914 1475 3076 1482 __.__
3098 1473 3514 1482 _____.____.__.__

310 2594 488 2650 Annus
506 2596 622 2667 jam
650 2603 821 2666 agitur
850 2603 1085 2665 quartus,
1135 2610 1200 2651 ex
1227 2611 1328 2666 quo
1375 2595 1503 2650 mihi
1527 2597 1844 2666 provinciam
1875 2595 2028 2659 hanc,
2077 2593 2358 2648 admodum
2400 2591 2814 2651 reverendissime
2842 2594 3084 2666 Domine,
3123 2597 3272 2654 Vitas
3313 2594 3533 2651 Patrum

233 2691 639 2759 recognoscendi
683 2690 994 2761 imposuisti,
1024 2706 1224 2745 omnem
1253 2705 1462 2761 operam
1492 2706 1594 2756 qua
1623 2707 1656 2744 α
1683 2690 1826 2744 libris
1854 2706 1956 2758 qua
1993 2706 2026 2742 a
2058 2689 2365 2759 sumptibus,
2398 2699 2452 2743 ut
2484 2691 2606 2744 olim
2638 2687 2885 2760 Evagrius
2916 2691 2970 2744 in
2999 2689 3170 2761 Syria:
3200 2704 3366 2745 eremo
3393 2687 3538 2742 Vita‘

229 2793 531 2839 sanctorum
565 2782 783 2838 Patrum
814 2802 914 2840 non
944 2787 1112 2840 minus
1141 2785 1337 2839 calamo
1363 2801 1514 2854 quam
1543 2786 1648 2839 vita
1690 2783 1994 2853 exprimenti
2041 2783 2365 2855 Hieronymo
2384 2825 2398 2849 ,
2440 2784 2720 2838 identidem
2748 2787 3025 2854 spondens.
3081 2782 3460 2838 Exstimulabat
3488 2792 3538 2836 te

231 2877 498 2945 capiosus,
524 2893 670 2946 quem
701 2894 762 2932 ex
790 2879 886 2931 hoc
929 2878 1060 2933 libro
1088 2881 1336 2950 cujusque
1367 2877 1665 2948 religiosum
1714 2878 1942 2932 animum
1971 2877 2207 2944 consequi
2236 2891 2384 2948 posse
2414 2877 2669 2938 censebas,
2722 2877 2938 2943 fructus.
2975 2873 3086 2945 Ego
3113 2875 3334 2945 primum
3365 2876 3536 2928 detre-

231 2978 397 3033 ctare,
427 2969 630 3022 causari
659 2969 795 3039 quod
837 2970 939 3024 alio
969 2986 1119 3040 opere
1147 2969 1436 3036 distinerer,
1470 2984 1738 3040 suggerere
1766 2969 1832 3024 de
1874 2967 2090 3022 Baronii
2136 2967 2363 3037 legendis
2404 2966 2657 3037 reliquiis,
2691 2984 2840 3037 quem
2867 2968 3088 3022 sciebam
3118 2983 3177 3022 eo
3208 2969 3332 3022 olim
3361 2967 3533 3021 animo

235 3061 418 3132 fuisse,
456 3069 510 3113 ut
538 3076 651 3116 eam
682 3071 888 3117 ornaret
913 3062 1264 3129 provinciam;
1292 3061 1508 3132 ideoque
1535 3062 1714 3116 Romae
1740 3062 2102 3133 inquirendum
2130 3077 2258 3124 esse,
2290 3061 2334 3114 si
2361 3076 2473 3131 qua:
2507 3061 2635 3129 forte
2664 3073 2962 3116 ornamenta
2987 3063 3272 3134 reliquerit.

311 3155 498 3209 Primo
523 3157 684 3229 igitur
713 3173 912 3228 quoque
942 3167 1170 3226 tempore
1199 3156 1420 3212 Romam
1449 3157 1704 3227 cogitans,
1738 3173 1826 3223 per
1869 3156 2124 3211 illustrem
2165 3164 2210 3209 et
2237 3155 2714 3210 reverendissimum
2741 3157 3021 3210 admodum
3061 3156 3324 3210 dominum
3357 3155 3507 3209 Mora
3539 3190 3543 3194 -

236 3259 421 3303 natum
451 3251 614 3304 sancti
646 3249 915 3305 Michaelis
936 3251 991 3304 in
1020 3249 1198 3304 Gallia
1245 3249 1503 3316 abbatem,
1532 3250 1686 3304 etiam
1716 3248 2051 3302 illustrissimi
2099 3249 2377 3301 cardinalis
2420 3245 2660 3300 Perronii
2690 3247 3042 3301 accedentibus
3070 3247 3338 3314 auspiciis,
3372 3263 3404 3299 a
3431 3245 3538 3299 Ba-

234 3346 579 3398 ronianorum
607 3343 901 3396 studiorum
928 3342 1146 3395 consciis
1180 3339 1418 3408 inquiris,
1467 3341 1511 3393 si
1546 3339 1669 3408 quid
1717 3339 1932 3394 subsidii
1961 3339 2030 3391 ad
2061 3336 2194 3390 hanc
2222 3353 2329 3391 rem
2361 3338 2814 3406 praestantissimus
2841 3337 3123 3392 Annalium
3163 3338 3381 3407 scriptor
3416 3336 3539 3393 reli-

234 3436 423 3505 querit.
460 3435 781 3507 Responsum
808 3449 928 3488 vero
961 3434 1057 3487 hoc
1084 3432 1253 3488 Roma
1279 3432 1526 3501 accipitur
1543 3429 1793 3502 (Epistol.
1816 3429 1970 3484 Rom.
1993 3430 2056 3482 ad
2090 3429 2292 3482 cartlin.
2327 3428 2606 3498 Perron.):
2631 3447 2648 3480 ι
2675 3426 2867 3483 Verum
2893 3428 3100 3498 quidem
3126 3437 3220 3495 est,
3252 3429 3319 3483 ad
3337 3430 3540 3484 instan-

241 3528 369 3583 tiam
397 3527 682 3582 multorum
713 3528 914 3597 piorum
943 3526 1165 3596 fratrum
1191 3525 1351 3594 fuisse
1377 3525 1607 3579 animum
1652 3523 1998 3578 illustrissimo
2027 3523 2278 3576 cardinali
2309 3521 2536 3577 Baronio
2582 3521 2644 3577 S.
2693 3521 2773 3578 Μ.
2813 3524 3131 3593 ampliﬁcare
3155 3532 3203 3578 et
3241 3523 3460 3579 scribere
3487 3526 3539 3579 in

240 3623 426 3677 librum
458 3622 605 3677 Vitas
634 3619 876 3689 Patrum,
905 3622 1043 3692 quod
1079 3630 1127 3675 et
1155 3620 1386 3691 promisit
1408 3621 1462 3674 in
1491 3617 1745 3688 aliquibus
1774 3618 1884 3671 suis
1911 3617 2088 3680 libris;
2120 3616 2210 3670 sed
2230 3617 2330 3670 huc
2356 3633 2515 3686 usque
2537 3617 2676 3688 operi
2706 3632 2808 3672 non
2837 3617 3140 3672 adhibuerat
3168 3634 3394 3685 manum,
3418 3621 3541 3688 quia

239 3715 415 3769 studia
435 3730 531 3768 sua
550 3714 653 3768 alio
668 3713 1221 3784 direxit.|Pra:ceperat
1246 3713 1452 3782 quidem
1481 3712 1533 3764 in
1557 3727 1669 3766 eum
1695 3712 1850 3780 finem
1870 3711 2195 3780 procuratori
2215 3712 2418 3764 .ordinis
2435 3708 2773 3776 Cassinensis,
2797 3721 2850 3765 ut
2878 3710 3116 3767 scriberet
3139 3713 3208 3765 ad
3219 3712 3322 3766 duo
3346 3712 3423 3766 vel
3443 3714 3540 3767 tria

239 3807 556 3880 principalia
584 3808 898 3862 monasteria
928 3809 1007 3862 sui
1033 3807 1258 3872 ordinis,
1299 3816 1346 3859 ct
1374 3805 1653 3873 inquireret
1681 3819 1749 3856 an
1779 3801 1955 3856 haberi
1997 3811 2199 3873 possent
2230 3804 2348 3856 libri
2391 3805 2622 3873 impressi
2650 3805 2727 3856 vel
2768 3804 3123 3872 manuscripti,
3153 3804 3243 3873 qui
3273 3811 3540 3875 tangerent

235 3901 372 3956 hanc
401 3901 706 3967 materiam;
738 3910 785 3955 et
815 3901 856 3954 si
884 3901 1006 3954 bene
1033 3899 1262 3964 memini,
1291 3899 1445 3952 etiam
1473 3895 1820 3951 illustrissimo
1851 3896 2107 3950 cardinali
2139 3897 2389 3966 Sappata:
2417 3898 2745 3966 supplicavit,
2791 3907 2843 3951 ut
2870 3898 2924 3951 in
2956 3896 3268 3967 Hispaniam
3296 3899 3538 3954 scriberet

236 4011 332 4067 pro
363 3996 526 4049 simili
565 3995 912 4065 inquisitione.
949 3993 1015 4047 Et
1054 3991 1378 4047 existimabat
1408 3992 1607 4063 aliquid
1630 4006 1682 4046 se
1710 3992 1860 4044 etiam
1887 4002 2208 4058 reperturum
2232 3993 2285 4044 in
2311 3991 2614 4045 bibliotheca
2648 3991 2933 4057 Vaticana;
2960 3995 3050 4046 sed
3077 4002 3360 4063 prteventus
3381 4005 3541 4051 morte

236 4086 448 4155 exsequi
478 4101 579 4139 non
610 4086 771 4152 potuit
819 4085 960 4154 pium
988 4100 1141 4138 suum
1170 4082 1502 4137 desiderium.
1537 4081 1691 4136 Domi
1718 4099 1817 4136 non
1845 4081 2015 4136 inveni
2045 4082 2145 4135 nisi
2175 4098 2333 4135 unum
2395 4082 2583 4135 libram
2619 4082 2766 4138 Vitas
2801 4082 3039 4149 Patrum,
3072 4085 3372 4156 impressum
3400 4087 3540 4157 Lug«

236 4176 368 4232 duni
394 4192 534 4229 anno
565 4174 727 4240 1522,
757 4184 860 4230 tam
903 4175 1204 4228 mendosum
1233 4184 1286 4227 ut
1317 4174 1402 4229 vix
1439 4174 1600 4244 possit
1628 4173 1866 4242 intelligi.
1898 4171 2029 4227 Htec
2062 4189 2220 4227 causa
2247 4184 2317 4229 est
2357 4191 2447 4228 cur
2473 4177 2832 4231 illustrissimw
2861 4174 3212 4232 Dominationi
3241 4189 3416 4235 vestra:
3454 4197 3542 4237 ne-

234 4285 419 4339 queam
441 4271 760 4340 satisfacere,
794 4271 924 4324 sicut
948 4270 1063 4339 ipsa
1093 4269 1257 4336 cupit,
1286 4277 1333 4322 et
1360 4270 1489 4322 sicut
1520 4284 1613 4340 ego
1644 4266 1856 4322 libenter
1887 4277 1932 4322 et
1957 4285 2070 4322 cum
2119 4270 2258 4323 omni
2295 4257 2577 4326 reverentia
2607 4273 2847 4342 facerem,
2876 4273 2919 4325 si
2947 4271 3073 4326 mihi
3101 4283 3228 4328 esset
3257 4276 3535 4347 integrant.

237 4363 304 4419 Si
328 4365 441 4432 quis
465 4366 530 4419 sit
558 4366 644 4434 qui
675 4381 883 4419 manum
913 4364 1155 4418 adhibere
1183 4363 1304 4418 velit
1347 4363 1462 4416 huic
1492 4364 1654 4431 operi,
1681 4372 1729 4417 et
1761 4379 1968 4434 operam
2000 4381 2146 4418 suam
2175 4365 2470 4437 impendere
2494 4376 2547 4419 ut
2578 4367 2856 4437 perfectum
2889 4366 3070 4420 reddat
3121 4367 3215 4422 hoc
3241 4384 3390 4439 opus.
3423 4383 3533 4425 rem

239 4457 509 4530 prtestabit
539 4460 884 4530 gratissimam
915 4457 1026 4516 Deo
1054 4457 1246 4530 optimo
1275 4459 1500 4513 maximo
1527 4469 1575 4514 et
1603 4458 1929 4514 utilissimam
1952 4459 2190 4514 omnibus
2219 4461 2474 4530 religiosis
2512 4462 2794 4516 volentibus
2823 4462 2908 4533 pie
2935 4461 3114 4516 vivere.
3152 4482 3172 4515 s

316 4553 430 4608 Hoc
459 4555 632 4609 habito
675 4571 937 4626 responso,
968 4573 1083 4611 cum
1110 4557 1336 4611 viderem
1365 4557 1500 4613 hanc
1523 4558 1838 4630 provinciam
1861 4557 1985 4613 mihi
2009 4560 2258 4630 integram
2307 4560 2568 4625 relictam,
2619 4576 2774 4630 quam
2799 4577 2830 4612 a
2877 4576 2958 4614 me
2992 4558 3238 4614 adornari
3283 4561 3497 4630 optabas
3522 4604 3538 4631 ,

237 4651 470 4704 omnibus
500 4651 616 4705 aliis
646 4651 830 4707 studiis
868 4654 1127 4721 sepositis,
1172 4655 1223 4708 in
1254 4670 1409 4710 unam
1435 4654 1568 4710 hanc
1605 4670 1715 4709 rem
1741 4655 1971 4710 incubui.
2001 4653 2070 4709 Et
2098 4656 2304 4725 quidem
2331 4655 2433 4709 tria
2474 4655 2600 4708 mihi
2629 4655 2949 4724 potissimum
2993 4655 3044 4710 in
3072 4655 3169 4708 hac
3198 4655 3544 4728 recognitione

239 4744 533 4815 prwstanda
564 4761 670 4799 esse
713 4745 1000 4799 sentiebam.

313 4834 521 4900 Primo,
549 4845 606 4888 ut
630 4837 870 4904 quoniam
904 4837 967 4889 ab
997 4837 1298 4891 auctoribus
1329 4838 1492 4892 omnis
1533 4835 1676 4892 libris
1706 4839 2012 4906 auctoritas,
2041 4838 2093 4892 in
2123 4854 2205 4893 eos
2236 4854 2339 4891 non
2384 4839 2729 4909 perfunctorie
2759 4839 3085 4910 inquirerem.
3115 4840 3266 4909 Quod
3295 4857 3396 4911 qua
3417 4852 3544 4896 cura

238 4927 586 5000 prwstiterim,
620 4936 723 4982 tum
750 4927 1147 4983 manuductione
1175 4927 1424 4983 librorum
1458 4930 1790 5000 scriptorum,
1825 4936 1932 4982 tum
1963 4927 2192 4984 historiae
2239 4930 2397 4984 varia:
2444 4932 2662 4998 monitu,
2718 4930 2967 4987 docebunt
3013 4933 3246 5003 proxime
3282 4932 3543 5005 sequentia

237 5021 620 5092 prolegomena.

312 5111 579 5179 Secundo,
615 5121 667 5166 ut
697 5118 862 5166 textus
894 5112 1119 5180 prodiret
1147 5115 1419 5183 genuinus,
1444 5115 1600 5168 nullis
1630 5115 1968 5185 interspersus
2001 5114 2341 5187 glossematis,
2378 5116 2521 5171 nullo
2551 5117 2814 5172 subdititio
2842 5118 3130 5176 adornatus
3158 5124 3297 5190 fuco.
3347 5117 3547 5193 Nempe

238 5217 471 5264 ramenta
501 5206 613 5260 auri
645 5222 672 5260 e
695 5207 835 5261 venis
863 5209 971 5262 suis
1014 5207 1292 5262 sinceriora
1350 5216 1568 5273 exeunt,
1616 5226 1770 5280 quam
1812 5227 1843 5263 a
1871 5213 2081 5281 fornace
2109 5209 2339 5278 aurificis
2384 5210 2619 5265 mistione
2647 5212 2816 5266 nescio
2858 5229 2960 5284 qua
2992 5211 3207 5266 subinde
3231 5210 3542 5269 adulterata;

243 5297 411 5366 Quam
439 5299 493 5352 in
521 5313 630 5353 rem
657 5299 1037 5370 manuscriptos
1061 5300 1286 5371 undique
1315 5300 1527 5356 Codices
1553 5317 1655 5355 non
1686 5317 1713 5355 e
1741 5300 1922 5374 Belgio
1951 5311 2167 5366 tantum,
2195 5302 2284 5356 sed
2313 5302 2468 5357 etiam
2495 5319 2560 5358 ex
2588 5302 2865 5359 Germania
2893 5305 3115 5374 evocavi,
3147 5320 3365 5374 quorum
3394 5317 3542 5361 cata-

242 5390 418 5464 logum
447 5395 808 5466 prolegomeno
837 5393 909 5448 24
929 5396 1175 5466 reperies.
1212 5396 1439 5464 Qutesivi
1465 5404 1515 5451 et
1545 5395 1789 5450 editiones
1817 5414 1946 5468 quas
1969 5398 2195 5452 nancisci
2226 5398 2366 5470 potui
2387 5398 2780 5464 vetustissimas;
2808 5400 2911 5450 imo
2939 5412 3018 5449 me
3051 5413 3210 5470 prope
3229 5415 3425 5463 omnes.
3453 5409 3546 5456 seu

243 5488 549 5542 recentiores
576 5504 668 5544 seu
707 5498 930 5544 vetustas
957 5499 1164 5544 nactum
1192 5505 1298 5545 esse
1326 5490 1412 5544 vix
1440 5487 1667 5543 dubitem
1712 5504 1953 5546 asserere.
1986 5488 2132 5544 Certe
2161 5491 2227 5541 ad
2260 5504 2348 5544 XIX
2378 5490 2574 5545 diversa
2617 5488 2934 5556 exemplaria
2961 5487 3201 5561 indagavi
3229 5502 3276 5546 et
3317 5492 3546 5562 inspexi,

242 5597 355 5654 qua:
383 5583 511 5640 locis
541 5594 588 5640 et
617 5586 767 5640 annis
798 5587 1074 5658 assignatis
1103 5588 1502 5658 prolegomenon
1529 5585 1596 5640 17
1623 5595 1886 5662 suggeret.
1920 5585 2020 5642 llis
2045 5589 2205 5655 fretus
2249 5584 2492 5639 subsidiis
2523 5581 2874 5651 manuscripta
2904 5599 3020 5640 cum
3049 5585 3313 5656 impressis
3351 5586 3540 5656 impri-

243 5679 337 5735 mis
363 5681 678 5748 comparavi,
704 5697 841 5735 nunc
866 5682 1214 5743 manuscripta
1243 5699 1358 5737 cum
1387 5684 1769 5754 manuscriptis,
1795 5700 1931 5738 nunc
1958 5684 2205 5752 impressa
2225 5697 2339 5736 cum
2365 5683 2621 5751 impressis
2647 5695 2846 5752 quoque
2875 5683 3212 5740 committens.

309 5773 505 5842 Tertio,
536 5786 592 5831 ut
619 5776 780 5830 sicubi
804 5779 1012 5831 verbum
1041 5778 1252 5848 aliquod
1296 5779 1514 5850 difficile
1544 5789 1852 5846 occurreret,
1882 5779 2042 5835 sicubi
2069 5783 2193 5834 ritus
2222 5777 2412 5847 aliquis
2435 5775 2603 5828 rarior
2629 5775 2840 5832 dubium
2872 5787 3060 5834 teneret
3083 5778 3345 5843 lectorem,
3375 5774 3539 5831 sicubi

244 5866 455 5930 historia
484 5869 732 5941 perplexa
754 5884 963 5924 sensum
989 5872 1236 5940 turbaret,
1263 5871 1611 5945 difﬁcultatem
1637 5874 1976 5949 explicatione
2004 5876 2257 5941 tollerem,
2287 5871 2554 5928 raritatem
2573 5871 2820 5931 similium
2839 5874 3155 5932 adductione
3185 5876 3432 5930 notiorem
3457 5874 3539 5928 τσ-

609 5963 886 6026 Puncta
935 5962 1228 6028 LXXIII.
2007 6039 2021 6047 Ἠ

2007 6039 2021 6047 λη
3223 5969 3258 6027 1
