4124 6350
517 330 577 387 Η
1450 327 1515 385 ΙΝ
1557 327 1760 386 VlTAS
1800 326 2085 384 PATRUM
2126 323 2643 384 PROLEGOMENA
2680 321 2870 380 XXV].
3737 325 3810 388 12

514 461 695 519 cereus,
724 445 1107 520 nouissimum
1152 443 1352 506 collatis
1382 444 1511 503 inter
1538 460 1593 503 se
1636 442 1894 503 historicis
1918 441 2217 514 evolverem,
2245 440 2475 507 omnibus
2518 439 2734 512 denique
2760 437 2883 503 locis
2910 436 3224 513 tenebrosisi.
3260 449 3509 514 quantum
3539 441 3665 503 mihi
3702 443 3802 500 do-

514 535 724 589 mestica
752 537 1049 608 suggerebat
1078 535 1276 605 facula,
1303 535 1464 587 lucem
1499 534 1763 603 inferrem.
3680 548 3683 553 ν
3788 550 3791 551 ν
3826 536 3829 539 ’
3861 537 3864 540 ’

589 628 725 695 Quia
753 646 869 683 vero
898 630 1224 683 memineram
1250 626 1529 680 Baroninm
1548 625 1685 680 hisce
1716 625 1934 681 Patrum
1963 626 2096 683 Vitis
2115 628 2231 697 jam
2253 625 2379 681 olim
2399 620 2522 680 bene
2543 626 2765 681 voluisse
2786 624 3010 695 (Barou.
3043 623 3220 679 Natat.
3246 622 3297 678 in
3327 624 3545 699 Martyr.
3576 626 3803 684 Roman.

518 723 584 779 i7
617 720 786 790 Jan.),
818 722 1068 805 quidquid
1097 737 1162 775 ex
1188 722 1299 793 ejus
1319 719 1521 790 scriptis
1547 720 1614 771 ad
1654 718 1749 783 has
1798 718 1941 773 Vitas
1980 720 2316 783 illustrandas
2358 719 2597 792 colligere
2627 720 2793 793 potui,
2826 720 2932 776 suis
2960 718 3083 777 locis
3131 721 3241 790 ejus
3282 717 3447 773 verbis
3484 721 3624 787 dedi,
3655 730 3700 775 et
3730 722 3807 781 vel

514 834 572 873 eo
602 820 806 873 nomine
833 818 979 872 libuit
1006 832 1191 888 magno
1220 815 1328 869 viro
1350 823 1643 884 parentare.

590 907 783 973 Habes,
832 907 1107 961 admodum
1148 905 1557 960 reverendissime
1600 905 1804 959 domine
1834 905 2067 976 praelate,
2101 906 2319 960 instituti
2347 905 2446 960 mei
2472 907 2745 974 rationem,
2792 906 2944 961 habes
2980 902 3127 960 Vitas
3161 903 3381 959 Patrum
3412 915 3675 976 tantopere
3713 906 3802 962 de-

511 1002 782 1057 sideratas.
842 1002 980 1067 Quas
1006 999 1095 1055 tibi
1144 1009 1330 1071 tuoque
1381 998 1531 1053 coetui
1583 996 1851 1068 imputabit
1899 997 2189 1071 posteritas,
2237 998 2375 1070 quod
2422 997 2596 1068 favore
2642 1004 2949 1068 sumptuque
2976 1003 3161 1063 vestro,
3209 1005 3341 1052 veste
3387 1013 3521 1051 nunc
3558 996 3807 1069 prodeant

515 1094 744 1147 cultiore.

586 1183 693 1239 Sed
733 1183 969 1239 nullasne
1007 1184 1222 1239 solemni
1252 1185 1584 1255 prwfatorum
1629 1200 1788 1251 more,
1818 1183 2037 1239 laudum
2066 1183 2159 1239 tibi
2188 1190 2375 1257 tuoque
2405 1183 2555 1237 ειειαὶ
2586 1183 2757 1237 licebit
2787 1182 2872 1237 hic
2921 1184 3117 1239 laureas
3167 1186 3370 1240 texere?
3404 1183 3523 1236 Non
3554 1182 3806 1259 permittis

514 1280 625 1335 Deo
657 1280 1034 1349 domesticoque
1063 1287 1142 1333 sat
1168 1279 1426 1351 gloriosus
1457 1287 1602 1332 teste.
1633 1277 1901 1337 Sustinere
1930 1278 2090 1348 igitur
2122 1294 2198 1331 me
2228 1278 2484 1331 calamum
2511 1293 2542 1330 a
2572 1278 2670 1330 tuis
2710 1288 3014 1348 tuorumque
3055 1277 3289 1333 laudibus
3303 1280 3485 1352 jubes,
3539 1296 3557 1331 ε
3598 1294 3660 1331 ne
3682 1276 3811 1349 affe-

514 1384 648 1442 ctus,
678 1374 868 1445 inquis,
900 1383 1018 1429 tuus
1050 1391 1172 1445 erga
1215 1392 1306 1429 nos
1330 1375 1609 1445 transferat
1652 1384 1698 1427 te
1739 1390 1898 1445 supra
1926 1375 2001 1428 rei
2028 1374 2293 1429 veritatem
2331 1373 2529 1443 (Epist.
2584 1372 2806 1427 Abbatis
2836 1371 3074 1443 Wingliii
3102 1375 3168 1429 ad
3199 1372 3427 1448 Herib.).
3462 1393 3481 1427 ι
3518 1372 3629 1444 Ego
3658 1374 3825 1441 vero,

510 1465 607 1519 etsi
636 1466 697 1517 de
723 1464 911 1533 aﬂ'ectu
942 1465 1120 1520 testari
1154 1466 1363 1533 possim,
1397 1465 1527 1518 nihil
1552 1481 1630 1518 me
1660 1474 1805 1520 extra
1832 1480 2005 1519 verum
2035 1466 2098 1519 de
2126 1474 2173 1520 te
2200 1465 2399 1535 tuisque
2426 1465 2634 1530 sentire,
2666 1480 2729 1519 ne
2758 1474 2928 1518 tamen
2954 1465 3007 1519 in
3041 1464 3236 1533 limine,
3271 1468 3405 1538 quod
3437 1468 3605 1534 aiunt,
3644 1465 3711 1519 ad
3731 1467 3812 1520 in-

513 1558 817 1611 obedientia:
844 1558 1100 1611 lubricum
1131 1557 1415 1626 offendam,
1441 1557 1604 1627 jussis
1634 1572 1810 1631 pareo.

588 1650 739 1705 Nihil
765 1652 933 1706 dicam
954 1653 1018 1706 de
1047 1651 1310 1722 religionis
1334 1667 1435 1722 quo
1478 1653 1671 1723 ﬂagres
1700 1650 1873 1706 studio
1892 1689 1908 1716 ,
1942 1648 2072 1702 nihil
2115 1648 2178 1703 de
2208 1652 2528 1719 paupertatis
2553 1666 2653 1720 quo
2695 1652 2887 1721 gaudes
2913 1638 3110 1721 amore,
3142 1652 3273 1706 nihil
3299 1654 3362 1707 de
3389 1652 3592 1722 pietatis
3628 1668 3727 1721 quo
3754 1654 3812 1707 in

508 1744 677 1799 Deum
732 1756 981 1800 extenuas
1009 1748 1215 1819 ardore,
1269 1744 1397 1811 nihil
1430 1745 1492 1798 de
1537 1744 1787 1818 prteclaro
1823 1754 2027 1797 tuorum
2082 1743 2346 1823 regimine,
2377 1745 2559 1812 quibus
2600 1762 2700 1805 non
2746 1746 2908 1807 verbis
2953 1746 3118 1819 magis
3159 1760 3313 1817 quam
3340 1747 3570 1816 exemplo
3626 1748 3809 1816 pra’is;

508 1835 641 1889 nihil
670 1834 885 1905 denique
915 1835 1001 1909 (de
1037 1853 1141 1906 quo
1170 1845 1341 1889 tamen
1386 1851 1479 1908 ego
1510 1834 1857 1905 copiosissime
1896 1833 2054 1904 loqui,
2088 1842 2143 1887 tu
2174 1832 2506 1891 libentissime
2534 1836 2715 1891 audire
2742 1838 2951 1908 posses)
2984 1840 3046 1891 de
3075 1839 3327 1907 singulari
3359 1848 3444 1892 tuo
3469 1840 3521 1892 in
3551 1840 3813 1893 minimam

508 1930 799 1989 societatem
830 1940 1059 1984 nostram
1088 1929 1313 1999 affectu,
1339 1945 1488 2000 quem
1510 1929 1712 1996 animus
1742 1929 2011 1999 tunicaque
2041 1942 2144 1992 non
2171 1928 2343 1984 minus
2370 1939 2671 1999 nostratem,
2704 1947 2859 2003 quam
2884 1930 3127 2005 religiosa
3150 1931 3341 2001 regula:
3363 1932 3663 1986 discretione
3688 1948 3811 2000 pra:-

506 2023 675 2093 cipuaz
698 2022 1014 2077 observantia
1041 2021 1231 2093 (Greg.
1263 2023 1302 2076 i.
1337 2038 1370 2077 ιι
1403 2022 1566 2087 Dial.,
1593 2036 1644 2077 c.
1671 2019 1784 2089 3b),
1817 2029 1865 2075 et
1894 2020 2111 2091 maforte
2139 2017 2531 2075 Benedictinum
2560 2022 2703 2093 facit.
2740 2020 2891 2076 Nihil
2922 2024 3077 2093 igitur
3123 2023 3185 2075 de
3211 2023 3311 2077 tuis
3339 2023 3576 2078 laudibus
3619 2024 3811 2092 dicam,

510 2117 649 2185 quod
671 2115 780 2170 Ιιίεο
801 2116 1017 2170 laudum
1042 2116 1251 2185 ﬂabella
1280 2130 1478 2184 semper
1505 2115 1716 2185 ﬂagella
1747 2112 2053 2167 existimasti

585 2209 692 2264 Sed
721 2226 815 2263 nec
844 2219 889 2263 te
919 2226 1011 2281 pro
1041 2210 1225 2277 merita
1253 2208 1522 2273 convenire
1567 2206 1754 2271 licebit,
1788 2205 2024 2276 religiose
2058 2212 2217 2267 catus
2246 2203 2532 2272 Latiensis,
2571 2205 2661 2277 qui
2690 2206 2966 2275 disciplina
2993 2211 3160 2269 vestra
3192 2207 3502 2276 reprastatis
3530 2207 3675 2260 nobis
3705 2206 3812 2261 Ta-

508 2301 723 2355 bennam
762 2300 1053 2369 Paehomii,
1095 2300 1357 2355 Ammonis
1389 2298 1640 2363 Nitriam,
1687 2296 1905 2352 Macarii
1934 2297 2158 2352 Sceten?
2196 2299 2336 2364 Quos
2376 2297 2511 2350 enim
2561 2313 2662 2350 non
2692 2314 2793 2351 una
2825 2297 3028 2351 Laetitia
3068 2297 3314 2350 virtutum
3348 2299 3637 2369 manipulos
3664 2297 3813 2351 exhi-

508 2393 615 2446 buit
654 2394 745 2447 sub
789 2393 1010 2448 Blasio?
1048 2392 1231 2465 quibus
1281 2410 1385 2447 non
1415 2392 1680 2446 charitatis
1725 2391 1938 2462 pyropis
1976 2390 2303 2459 exsplenduit
2328 2391 2423 2444 sub
2478 2390 2777 2446 Doulletio?
2814 2408 2915 2463 quo
2959 2408 3058 2445 non
3089 2391 3280 2457 effulsit
3329 2390 3592 2461 religionis
3633 2391 3814 2445 decore

509 2486 600 2539 sub
629 2486 699 2541 Le
722 2484 1059 2555 Francquio?
1093 2486 1338 2556 Quisquis
1371 2487 1597 2555 profecto
1634 2484 1778 2540 Vitas
1811 2484 2029 2539 Patrum
2055 2484 2207 2557 leget,
2239 2485 2365 2539 dum
2390 2483 2614 2557 zEgypti
2644 2483 3001 2554 perambulans
3033 2484 3361 2549 solitudines,
3406 2482 3621 2547 Paulos,
3657 2485 3815 2538 Anto-

512 2577 647 2645 nios,
682 2576 1009 2647 Paphautios
1035 2578 1265 2643 lustrat;
1297 2572 1420 2632 dum
1469 2576 1767 2632 Palwstinai
1812 2578 2011 2631 deserta
2059 2579 2360 2646 pervadens,
2401 2576 2722 2639 Hilarion»,
2765 2577 3059 2648 Hesychas,
3106 2575 3427 2647 Epiphanios
3457 2578 3659 2642 invisit;
3689 2578 3813 2633 dum
3894 2592 3895 2595 ‘

509 2672 681 2742 Syria:
708 2687 861 2739 rupes
889 2680 1133 2738 antraque
1181 2680 1495 2751 perreptans,
1528 2669 1867 2741 Ephrtemos,
1919 2670 2227 2738 Aphraates,
2261 2668 2520 2736 {Juliauos
2559 2672 2724 2727 visitet
2744 2686 2762 2735 ,'
2795 2671 2839 2724 is
2879 2668 3093 2727 Latiam
3137 2670 3321 2741 oculis,
3364 2670 3579 2727 Latiam
3620 2673 3814 2735 animo.

508 2762 727 2822 Laelium
763 2764 941 2817 adoret
989 2762 1232 2831 vestigiis.
1261 2759 1288 2814 l
1298 2761 1346 2815 bi
1374 2776 1675 2834 magnorum
1718 2761 1927 2817 illorum
1970 2762 2197 2820 uirorum
2224 2761 2527 2829 imitatores,
2564 2777 2782 2830 quorum
2821 2777 2970 2819 sacra
3002 2764 3055 2819 in
3093 2762 3451 2832 religiosorum
3479 2764 3662 2821 animis
3683 2764 3817 2835 viget

509 2857 779 2923 memoria,
820 2856 1024 2910 abbates
1046 2856 1285 2911 inveniet.
1329 2853 1526 2921 Quibus
1560 2871 1623 2909 ne
1655 2852 1959 2925 Winghium
2000 2871 2103 2909 non
2148 2855 2320 2913 minus
2349 2856 2591 2912 virtutum
2629 2873 2783 2926 quam
2811 2856 3080 2926 dignitatis
3121 2872 3463 2913 successorem
3494 2873 3811 2928 accensum,

508 2954 620 3024 ejus
656 2968 758 3005 non
785 2952 981 3022 patitur
1016 2949 1283 3003 modestia.
1332 2948 1504 3015 Quare
1530 2966 1645 3004 eum
1685 2949 1922 3016 posteris,
1958 2964 2059 3002 non
2098 2952 2344 3020 suspectis
2372 2958 2696 3005 mortuorum
2724 2950 3020 3005 censoribus
3044 2992 3057 3013 ,
3106 2950 3431 3006 laudandum
3452 2952 3704 3020 relinquo.

583 3042 776 3097 Fruere
812 3043 1023 3108 interea,
1067 3039 1351 3095 admodum
1392 3041 1808 3097 reverendissime
1835 3041 2042 3096 domine
2070 3040 2303 3110 prclate,
2336 3059 2450 3098 cum
2478 3041 2720 3115 religioso
2773 3054 2862 3099 tuo
2887 3055 3016 3099 coetu
3043 3044 3138 3098 hoc
3164 3046 3449 3115 sumptibus
3478 3047 3578 3100 tuis
3606 3046 3817 3101 climata

508 3141 573 3195 de
602 3136 737 3193 Vitis
770 3135 987 3190 Patrum
1013 3144 1170 3190 tonso.
1202 3134 1297 3190 Cui
1321 3134 1366 3189 si
1388 3133 1517 3189 alter
1546 3134 1853 3206 quandoque
1879 3143 2045 3190 tomus
2069 3137 2298 3200 aaeedat,
2338 3137 2427 3206 qui
2454 3138 2625 3192 omnia
2667 3135 2885 3193 Patrum
2915 3138 3132 3195 osoetioa
3160 3141 3351 3210 scripta
3376 3156 3474 3194 uno
3504 3140 3639 3195 velut
3673 3122 3812 3207 fasce

510 3228 927 3303 conprehendat,
959 3227 1172 3283 haberes
1207 3227 1456 3297 quidquid
1484 3230 1550 3282 ad
1585 3238 1807 3283 veterum
1836 3229 2052 3283 aseesim
2104 3228 2298 3299 requiri
2330 3230 2511 3298 possit.
2556 3227 2671 3295 Quo
2711 3230 2843 3285 enim
2874 3229 2955 3287 hic
2985 3230 3112 3285 liber
3154 3233 3223 3287 ad
3253 3247 3416 3286 mores
3465 3230 3820 3298 e/I'ormandoe

509 3325 754 3397 exemplis
798 3324 979 3391 praeit,
1021 3323 1152 3377 alter
1188 3322 1416 3378 docendo
1453 3322 1844 3378 manuduceret.
1886 3321 1996 3378 Sed
2038 3322 2161 3393 quia
2205 3323 2457 3393 scriptum
2500 3323 2705 3378 κισηιίηὸ
2735 3337 2755 3378 :
2793 3322 2983 3385 Cum!
3029 3323 3190 3380 lusus
3237 3340 3441 3381 escam:
3487 3341 3554 3381 ar
3604 3337 3817 3384 nocenti

511 3405 647 3477 (Act.
673 3416 741 3486 ι),
772 3415 853 3469 hic
882 3430 1018 3470 nune
1050 3419 1308 3486 factorum
1339 3415 1469 3470 liber
1498 3424 1802 3485 praeurrat.

589 3509 738 3577 Quod
767 3508 813 3564 si
840 3508 993 3563 solito
1023 3511 1200 3578 favore
1228 3507 1402 3561 studia
1425 3524 1537 3561 mea
1560 3509 1844 3579 perrexeris
1880 3509 2142 3579 prosequi,
2171 3518 2217 3563 et
2246 3524 2407 3564 euerte
2431 3508 2661 3565 historia
2696 3518 2927 3564 amantes
2963 3525 2991 3565 e
3022 3510 3129 3566 suis
3164 3511 3359 3576 singuli
3382 3511 3654 3581 provinciis
3674 3512 3813 3569 San-

511 3612 710 3665 ctorum
742 3601 887 3658 Vitas
910 3612 1126 3674 pergant
1148 3603 1461 3671 submittere,
1502 3603 1636 3659 dabo
1668 3618 1879 3674 operam
1924 3612 1982 3657 ut
2012 3601 2119 3659 illa:
2143 3619 2346 3675 quoque
2374 3603 2533 3661 simili
2552 3606 2708 3659 modo
2740 3602 3005 3663 recensitis
3027 3603 3414 3672 subsequantur.

517 3767 3809 3805 W

1751 3905 2008 3999 saeva
2079 3899 2550 4013 allocutio.

595 4223 721 4280 ch
741 4231 859 4280 vota
884 4237 996 4281 mea
1026 4228 1171 4283 eram
1191 4234 1327 4273 anno
1353 4214 1513 4283 1615,
1545 4217 1751 4287 quando
1768 4231 1831 4270 ex
1855 4216 2034 4270 umbra
2054 4215 2123 4268 ad
2142 4214 2301 4272 solem
2325 4216 2571 4289 auspiciis
2591 4217 2769 4275 vestris
2795 4215 2930 4273 Vitae
2949 4213 3168 4272 Patrum
3197 4219 3328 4292 typis
3361 4216 3663 4274 Moretianis
3690 4234 3812 4289 pro-

524 4317 724 4379 dibant.
759 4316 825 4369 Et
842 4318 959 4387 jam
987 4323 1285 4369 sanctorum
1312 4310 1626 4381 reliquorum
1658 4306 1905 4363 Historiae
1941 4324 2020 4362 me
2048 4309 2392 4382 accingebam,
2426 4325 2540 4363 cum
2568 4326 2681 4365 ecce
2721 4309 2809 4364 tibi
2836 4308 3030 4385 prodiit
3054 4325 3306 4363 nonnemo
3347 4308 3593 4364 Ecclesiae
3619 4309 3811 4383 hostis,

526 4408 609 4462 cui
639 4407 928 4462 necessario
956 4404 1327 4461 occurrendum
1352 4403 1467 4475 fuit.
1496 4400 1707 4455 Relictis
1732 4400 1889 4472 igitur
1919 4410 2209 4456 sanctorum
2237 4403 2475 4457 armariis
2502 4404 2571 4456 ad
2600 4405 2914 4457 sancitorum
2935 4403 3337 4458 armamentaria
3365 4420 3445 4457 me
3470 4404 3713 4459 converti.

597 4498 668 4557 Et
691 4511 805 4571 post
832 4509 933 4554 tres
960 4498 1244 4553 debellatos
1265 4497 1450 4565 hostes,
1476 4503 1589 4565 post
1617 4492 1906 4547 Historiam
1930 4491 2348 4549 Ecclesiasticam
2370 4505 2417 4548 et
2450 4495 2698 4553 nonnulla
2721 4497 2828 4549 alia
2854 4497 3035 4565 patria:
3057 4496 3197 4559 data,
3229 4511 3343 4549 cum
3357 4499 3467 4567 iam
3504 4494 3649 4550 Vitas
3675 4494 3812 4550 San-

516 4603 717 4650 ctorum
744 4596 795 4648 in
822 4610 1005 4647 manus
1036 4608 1360 4657 resumerem,
1387 4600 1432 4644 et
1463 4587 1749 4644 Ianuarius
1773 4594 2000 4656 pluteum
2026 4596 2296 4659 premeret,
2329 4598 2383 4642 ut
2411 4588 2480 4640 ad
2508 4586 2723 4665 praelusit
2770 4587 3136 4657 adornaretur,
3166 4588 3464 4660 interpellor
3508 4589 3571 4642 ab
3599 4605 3812 4644 accura-

515 4690 717 4745 tissima
764 4686 1083 4759 typographo
1124 4685 1345 4756 mihique
1391 4683 1700 4738 amicissimo
1744 4680 2053 4736 Balthasare
2097 4680 2318 4750 Moreto,
2351 4682 2441 4751 qui
2464 4682 2721 4736 asserebat
2768 4681 2914 4737 Vitas
2970 4681 3191 4737 Patrum
3231 4682 3390 4753 posci,
3436 4681 3814 4752 identidemque

521 4782 743 4855 reposci.
780 4778 830 4833 11
839 4779 921 4833 vic
953 4780 1110 4851 igitur
1141 4779 1283 4853 aperi
1312 4793 1486 4831 rursus
1515 4791 1595 4830 me
1619 4775 1869 4847 impendi,
1904 4784 1951 4829 et
1979 4773 2070 4827 hos
2098 4773 2298 4829 aestivos
2340 4791 2534 4833 menses
2564 4778 2865 4833 correctioni
2892 4784 2937 4831 et
2978 4777 3192 4832 editioni
3216 4776 3355 4842 dedi,
3388 4776 3597 4844 adjutus
3628 4776 3810 4849 singu-

516 4875 715 4932 laribus
739 4872 838 4928 tu'is
867 4874 1294 4928 observationibus
1314 4912 1330 4943 ,
1354 4872 1603 4926 bonarum
1626 4870 1965 4942 spongiarum
1991 4868 2174 4935 plenis.

597 4970 788 5025 Grates
807 4985 967 5041 porro
994 4983 1151 5033 nunc,
1176 4967 1251 5021 uti
1273 4967 1417 5033 olim,
1452 4970 1545 5020 has
1570 4975 1799 5019 veterum
1821 4960 2039 5014 Patrum
2060 4963 2271 5015 melotas
2300 4961 2466 5014 denuo
2487 4962 2851 5029 expumicatas,
2875 4961 2929 5013 in
2952 4962 3157 5028 piorum
3189 4967 3457 5048 auctorum
3480 4958 3811 5017 domesticum

519 5073 667 5119 tuum
697 5062 1093 5123 cimiliarchium
1120 5072 1381 5128 venturas,
1413 5078 1557 5136 spem
1586 5061 1711 5133 facit
1738 5068 1926 5117 certum
1956 5057 2210 5133 praeclara
2257 5055 2349 5109 illa
2378 5067 2464 5110 tua
2513 5057 2774 5122 sedulitas,
2821 5074 2972 5127 quam
3018 5059 3071 5115 in
3113 5057 3423 5114 elucidando
3474 5066 3519 5110 et
3579 5058 3809 5116 ornando

516 5156 721 5228 Blasio,
775 5166 985 5230 parente
1036 5155 1364 5211 Lwtiensium
1391 5157 1604 5227 Optimo,
1638 5172 1741 5209 non
1770 5154 2052 5219 laboribus,
2078 5169 2183 5209 non
2204 5152 2496 5227 sumptibus
2536 5168 2747 5231 parcens
2771 5153 3003 5225 adhibes,
3038 5157 3197 5217 donec
3220 5159 3424 5219 tandem
3452 5176 3577 5221 nova
3599 5158 3813 5216 amicus

516 5250 746 5322 synthesi
775 5260 887 5323 post
919 5254 1070 5306 hasce
1105 5249 1275 5320 Vitas,
1305 5251 1384 5316 his
1415 5250 1545 5321 ipsis
1575 5248 1646 5305 ι).
1680 5248 1869 5303 Moreti
1895 5248 2047 5301 amici
2079 5249 2151 5302 tui
2178 5246 2335 5327 typis,
2369 5246 2573 5325 publico
2609 5250 2900 5311 animarum
2931 5250 3081 5327 bona,
3104 5252 3156 5313 in
3183 5253 3346 5319 lucem
3374 5255 3555 5317 ueniat.
3588 5252 3737 5325 Quod
3760 5259 3814 5317 ut

517 5349 618 5411 cito
640 5349 760 5419 ﬁat,
786 5366 958 5409 omnes
986 5366 1241 5413 vovemus.

593 5441 825 5513 Interea,
856 5446 1138 5511 admodum
1163 5443 1580 5503 reverendissime
1600 5442 1826 5509 domine,
1848 5439 1981 5496 redit
2000 5438 2069 5495 ad
2099 5448 2147 5497 te
2165 5448 2402 5511 tuamque
2422 5440 2751 5503 Lmtieusium
2777 5458 3049 5512 coronam,
3078 5460 3179 5515 qua
3203 5441 3379 5501 merito
3407 5438 3621 5517 gloriari
3645 5448 3809 5511 poles.
3871 5426 3875 5429 ’

522 5538 649 5605 liber
696 5539 782 5599 hic
833 5540 1077 5608 laborque
1122 5538 1288 5594 denuo
1331 5535 1643 5597 desudatas;
1688 5535 1775 5602 qui
1799 5533 2023 5606 priscus,
2051 5531 2139 5603 qui
2180 5548 2340 5591 novus
2369 5543 2487 5591 tuus
2515 5543 2589 5597 est
2612 5542 2769 5601 totus,
2802 5544 2917 5589 tuus
2954 5550 3055 5589 cere
3087 5532 3329 5602 libraque,
3362 5531 3633 5602 mancupio
3664 5538 3806 5597 tuus,

523 5628 751 5686 Tantum
779 5649 869 5687 oro
897 5642 1048 5705 atque
1078 5634 1319 5698 obtestor,
1342 5641 1397 5684 ut
1428 5627 1663 5701 precibus
1684 5627 1828 5698 apud
1852 5625 2015 5682 Deum
2045 5626 2295 5701 optimum
2324 5628 2605 5685 maximum
2633 5628 2816 5707 quibus
2845 5629 3001 5696 vales,
3025 5629 3147 5683 velis
3176 5626 3422 5703 obtinere,
3452 5638 3504 5687 ut
3548 5631 3656 5683 hazc
3684 5642 3805 5681 nova

524 5726 743 5799 antiqua
768 5725 944 5796 editio,
975 5724 1044 5790 ad
1073 5723 1423 5793 amulandam
1449 5731 1745 5785 sanctorum
1787 5721 2012 5781 Patrum
2035 5724 2273 5793 virtutem
2302 5725 2357 5785 in
2382 5722 2521 5780 omni
2545 5723 2786 5801 religiosa
2813 5734 2967 5795 cestu,
2997 5731 3101 5779 toto
3122 5722 3242 5787 orbe
3268 5733 3520 5791 terrarum
3545 5721 3810 5796 fecundior

522 5834 775 5891 apparere
818 5826 995 5893 possit.
