  <div class='ocr_page' id='page_1' title='image "/cluster/home/n/w/nwhite01/storage/ocr_20150623/73/hvd.32044011474434/012.png"; bbox 0 0 4124 6350; ppageno 0'>
   <div class='ocr_carea' id='block_1_1' title="bbox 1961 484 2058 502">
    <p class='ocr_par' dir='ltr' id='par_1_1' title="bbox 1961 484 2058 502">
     <span class='ocr_line' id='line_1_1' title="bbox 1961 484 2058 502; baseline -0.01 -5"><span class='ocrx_word' id='word_1_1' title='bbox 1961 484 2058 502; x_wconf 58' lang='grc' dir='ltr'><strong>..φ-</strong></span> 
     </span>
    </p>
   </div>
   <div class='ocr_carea' id='block_1_2' title="bbox 1262 495 2602 758">
    <p class='ocr_par' dir='ltr' id='par_1_2' title="bbox 1262 632 2602 758">
     <span class='ocr_line' id='line_1_2' title="bbox 1262 632 2602 758; baseline 0.003 -10"><span class='ocrx_word' id='word_1_2' title='bbox 1262 634 1411 751; x_wconf 88' lang='grc' dir='ltr'>ΙΝ</span> <span class='ocrx_word' id='word_1_3' title='bbox 1500 632 1932 758; x_wconf 87' lang='lat' dir='ltr'><strong>VITAS</strong></span> <span class='ocrx_word' id='word_1_4' title='bbox 2023 632 2602 758; x_wconf 82' lang='lat' dir='ltr'><strong>PATRUM</strong></span> 
     </span>
    </p>
   </div>
   <div class='ocr_carea' id='block_1_3' title="bbox 631 881 3259 1155">
    <p class='ocr_par' dir='ltr' id='par_1_3' title="bbox 631 881 3259 1155">
     <span class='ocr_line' id='line_1_3' title="bbox 631 881 3259 1155; baseline -0.001 -111"><span class='ocrx_word' id='word_1_5' title='bbox 631 881 2453 1155; x_wconf 51' lang='lat' dir='ltr'><strong>PROLEGQWA</strong></span> <span class='ocrx_word' id='word_1_6' title='bbox 2589 883 3259 1046; x_wconf 83' lang='lat' dir='ltr'><strong>XXVI.</strong></span> 
     </span>
    </p>
   </div>
   <div class='ocr_carea' id='block_1_4' title="bbox 369 1174 1146 1245">
    <p class='ocr_par' dir='ltr' id='par_1_4' title="bbox 369 1174 1146 1245">
     <span class='ocr_line' id='line_1_4' title="bbox 369 1174 1146 1245; baseline 0.005 -12"><span class='ocrx_word' id='word_1_7' title='bbox 369 1174 654 1233; x_wconf 78' lang='lat' dir='ltr'><strong>Benevola</strong></span> <span class='ocrx_word' id='word_1_8' title='bbox 681 1177 870 1240; x_wconf 87' lang='lat' dir='ltr'><strong>lectori</strong></span> <span class='ocrx_word' id='word_1_9' title='bbox 898 1181 1146 1245; x_wconf 79' lang='lat' dir='ltr'><strong>salutem,</strong></span> 
     </span>
    </p>
   </div>
   <div class='ocr_carea' id='block_1_5' title="bbox 385 1266 3572 1353">
    <p class='ocr_par' dir='ltr' id='par_1_5' title="bbox 385 1266 3572 1353">
     <span class='ocr_line' id='line_1_5' title="bbox 385 1266 3572 1353; baseline 0.001 -29"><span class='ocrx_word' id='word_1_10' title='bbox 385 1266 425 1342; x_wconf 88' lang='grc' dir='ltr'><strong>ι]</strong></span> <span class='ocrx_word' id='word_1_11' title='bbox 462 1268 543 1332; x_wconf 75' lang='lat' dir='ltr'><strong>Nc</strong></span> <span class='ocrx_word' id='word_1_12' title='bbox 568 1269 867 1338; x_wconf 75' lang='lat' dir='ltr'><strong>oilendare,</strong></span> <span class='ocrx_word' id='word_1_13' title='bbox 897 1273 1084 1346; x_wconf 87' lang='lat' dir='ltr'><strong>lector,</strong></span> <span class='ocrx_word' id='word_1_14' title='bbox 1113 1274 1161 1330; x_wconf 98' lang='lat' dir='ltr'><strong>si</strong></span> <span class='ocrx_word' id='word_1_15' title='bbox 1189 1275 1362 1348; x_wconf 87' lang='lat' dir='ltr'><strong>stylus</strong></span> <span class='ocrx_word' id='word_1_16' title='bbox 1389 1279 1710 1352; x_wconf 71' lang='lat' dir='ltr'><strong>quandoque</strong></span> <span class='ocrx_word' id='word_1_17' title='bbox 1735 1280 1941 1348; x_wconf 89' lang='lat' dir='ltr'><strong>rudior,</strong></span> <span class='ocrx_word' id='word_1_18' title='bbox 1964 1282 2009 1338; x_wconf 98' lang='lat' dir='ltr'><strong>si</strong></span> <span class='ocrx_word' id='word_1_19' title='bbox 2031 1281 2244 1353; x_wconf 75' lang='lat' dir='ltr'><strong>phrasis</strong></span> <span class='ocrx_word' id='word_1_20' title='bbox 2274 1288 2519 1340; x_wconf 88' lang='lat' dir='ltr'><strong>occurrat</strong></span> <span class='ocrx_word' id='word_1_21' title='bbox 2545 1280 2598 1335; x_wconf 89' lang='lat' dir='ltr'><strong>in</strong></span> <span class='ocrx_word' id='word_1_22' title='bbox 2632 1277 2765 1334; x_wconf 84' lang='lat' dir='ltr'><strong>Vitis</strong></span> <span class='ocrx_word' id='word_1_23' title='bbox 2786 1277 3002 1333; x_wconf 88' lang='lat' dir='ltr'><strong>Patrum</strong></span> <span class='ocrx_word' id='word_1_24' title='bbox 3017 1284 3074 1332; x_wconf 89' lang='lat' dir='ltr'><strong>et</strong></span> <span class='ocrx_word' id='word_1_25' title='bbox 3096 1275 3273 1330; x_wconf 85' lang='lat' dir='ltr'><strong>verbis</strong></span> <span class='ocrx_word' id='word_1_26' title='bbox 3298 1272 3572 1330; x_wconf 82' lang='lat' dir='ltr'><strong>seniorum</strong></span> 
     </span>
    </p>
   </div>
   <div class='ocr_carea' id='block_1_6' title="bbox 291 1362 3579 1445">
    <p class='ocr_par' dir='ltr' id='par_1_6' title="bbox 291 1362 3579 1445">
     <span class='ocr_line' id='line_1_6' title="bbox 291 1362 3579 1445; baseline -0.002 -18"><span class='ocrx_word' id='word_1_27' title='bbox 291 1362 650 1436; x_wconf 74' lang='lat' dir='ltr'><strong>incomptior;</strong></span> <span class='ocrx_word' id='word_1_28' title='bbox 677 1381 792 1426; x_wconf 71' lang='lat' dir='ltr'><strong>rem</strong></span> <span class='ocrx_word' id='word_1_29' title='bbox 828 1368 998 1438; x_wconf 80' lang='lat' dir='ltr'><strong>ipsam</strong></span> <span class='ocrx_word' id='word_1_30' title='bbox 1023 1371 1290 1440; x_wconf 88' lang='lat' dir='ltr'><strong>appende,</strong></span> <span class='ocrx_word' id='word_1_31' title='bbox 1322 1389 1430 1434; x_wconf 85' lang='lat' dir='ltr'><strong>non</strong></span> <span class='ocrx_word' id='word_1_32' title='bbox 1460 1375 1663 1442; x_wconf 81' lang='lat' dir='ltr'><strong>verba;</strong></span> <span class='ocrx_word' id='word_1_33' title='bbox 1690 1374 1920 1434; x_wconf 76' lang='lat' dir='ltr'><strong>fructum</strong></span> <span class='ocrx_word' id='word_1_34' title='bbox 1952 1377 2088 1445; x_wconf 72' lang='lat' dir='ltr'><strong>lege,</strong></span> <span class='ocrx_word' id='word_1_35' title='bbox 2140 1391 2247 1430; x_wconf 83' lang='lat' dir='ltr'><strong>non</strong></span> <span class='ocrx_word' id='word_1_36' title='bbox 2281 1375 2434 1440; x_wconf 80' lang='lat' dir='ltr'><strong>iulia;</strong></span> <span class='ocrx_word' id='word_1_37' title='bbox 2479 1374 2666 1430; x_wconf 83' lang='lat' dir='ltr'><strong>florem</strong></span> <span class='ocrx_word' id='word_1_38' title='bbox 2713 1386 2893 1441; x_wconf 82' lang='lat' dir='ltr'><strong>carpe,</strong></span> <span class='ocrx_word' id='word_1_39' title='bbox 2930 1387 2997 1426; x_wconf 87' lang='lat' dir='ltr'><strong>ne</strong></span> <span class='ocrx_word' id='word_1_40' title='bbox 3043 1368 3305 1426; x_wconf 76' lang='lat' dir='ltr'><strong>volaticos</strong></span> <span class='ocrx_word' id='word_1_41' title='bbox 3333 1365 3579 1423; x_wconf 88' lang='lat' dir='ltr'><strong>desidera</strong></span> 
     </span>
    </p>
   </div>
   <div class='ocr_carea' id='block_1_7' title="bbox 299 1458 3579 1539">
    <p class='ocr_par' dir='ltr' id='par_1_7' title="bbox 299 1458 3579 1539">
     <span class='ocr_line' id='line_1_7' title="bbox 299 1458 3579 1539; baseline 0.001 -27"><span class='ocrx_word' id='word_1_42' title='bbox 299 1472 528 1533; x_wconf 86' lang='lat' dir='ltr'><strong>pappos.</strong></span> <span class='ocrx_word' id='word_1_43' title='bbox 563 1458 828 1524; x_wconf 76' lang='lat' dir='ltr'><strong>Praeclare</strong></span> <span class='ocrx_word' id='word_1_44' title='bbox 851 1476 1042 1532; x_wconf 88' lang='lat' dir='ltr'><strong>magna</strong></span> <span class='ocrx_word' id='word_1_45' title='bbox 1065 1463 1326 1526; x_wconf 74' lang='lat' dir='ltr'><strong>Ecclesia:</strong></span> <span class='ocrx_word' id='word_1_46' title='bbox 1353 1467 1582 1535; x_wconf 84' lang='lat' dir='ltr'><strong>lumina,</strong></span> <span class='ocrx_word' id='word_1_47' title='bbox 1610 1481 1828 1531; x_wconf 76' lang='lat' dir='ltr'><strong>sanctus</strong></span> <span class='ocrx_word' id='word_1_48' title='bbox 1861 1468 2257 1539; x_wconf 81' lang='lat' dir='ltr'><strong>Hieronymus:</strong></span> <span class='ocrx_word' id='word_1_49' title='bbox 2295 1487 2315 1520; x_wconf 72' lang='grc' dir='ltr'>ι</span> <span class='ocrx_word' id='word_1_50' title='bbox 2345 1469 2404 1524; x_wconf 88' lang='lat' dir='ltr'><strong>In</strong></span> <span class='ocrx_word' id='word_1_51' title='bbox 2436 1468 2700 1538; x_wconf 89' lang='lat' dir='ltr'><strong>loquendo</strong></span> <span class='ocrx_word' id='word_1_52' title='bbox 2727 1465 3126 1535; x_wconf 68' lang='lat' dir='ltr'><strong>simplicitatem</strong></span> <span class='ocrx_word' id='word_1_53' title='bbox 3155 1461 3433 1520; x_wconf 81' lang='lat' dir='ltr'><strong>excusabit</strong></span> <span class='ocrx_word' id='word_1_54' title='bbox 3455 1473 3579 1515; x_wconf 88' lang='lat' dir='ltr'><strong>san-</strong></span> 
     </span>
    </p>
   </div>
   <div class='ocr_carea' id='block_1_8' title="bbox 288 1553 3578 1634">
    <p class='ocr_par' dir='ltr' id='par_1_8' title="bbox 288 1553 3578 1634">
     <span class='ocr_line' id='line_1_8' title="bbox 288 1553 3578 1634; baseline -0.002 -20"><span class='ocrx_word' id='word_1_55' title='bbox 288 1553 559 1615; x_wconf 66' lang='lat' dir='ltr'><strong>ctimonia:</strong></span> <span class='ocrx_word' id='word_1_56' title='bbox 591 1556 899 1627; x_wconf 80' lang='lat' dir='ltr'><strong>magnitudo</strong></span> <span class='ocrx_word' id='word_1_57' title='bbox 929 1555 1172 1628; x_wconf 80' lang='lat' dir='ltr'><strong>(Hieron.</strong></span> <span class='ocrx_word' id='word_1_58' title='bbox 1193 1601 1206 1626; x_wconf 97' lang='lat'><strong>,</strong></span> <span class='ocrx_word' id='word_1_59' title='bbox 1257 1561 1406 1629; x_wconf 76' lang='lat' dir='ltr'><strong>epist.</strong></span> <span class='ocrx_word' id='word_1_60' title='bbox 1442 1563 1566 1627; x_wconf 82' lang='grc'><strong>101,</strong></span> <span class='ocrx_word' id='word_1_61' title='bbox 1596 1563 1663 1619; x_wconf 83' lang='lat' dir='ltr'><strong>ad</strong></span> <span class='ocrx_word' id='word_1_62' title='bbox 1707 1562 2064 1634; x_wconf 83' lang='lat' dir='ltr'><strong>Pammach.).</strong></span> <span class='ocrx_word' id='word_1_63' title='bbox 2098 1562 2328 1618; x_wconf 90' lang='lat' dir='ltr'><strong>Sanctus</strong></span> <span class='ocrx_word' id='word_1_64' title='bbox 2359 1563 2684 1632; x_wconf 70' lang='lat' dir='ltr'><strong>Augustinus</strong></span> <span class='ocrx_word' id='word_1_65' title='bbox 2712 1578 2725 1613; x_wconf 93' lang='lat'>:</span> <span class='ocrx_word' id='word_1_66' title='bbox 2759 1577 2780 1616; x_wconf 79' lang='grc' dir='ltr'><strong>Ι</strong></span> <span class='ocrx_word' id='word_1_67' title='bbox 2813 1559 3081 1615; x_wconf 86' lang='lat' dir='ltr'><strong>Bonorum</strong></span> <span class='ocrx_word' id='word_1_68' title='bbox 3116 1555 3450 1626; x_wconf 84' lang='lat' dir='ltr'><strong>ingeniorum</strong></span> <span class='ocrx_word' id='word_1_69' title='bbox 3497 1555 3578 1605; x_wconf 88' lang='lat' dir='ltr'><strong>iu-</strong></span> 
     </span>
    </p>
   </div>
   <div class='ocr_carea' id='block_1_9' title="bbox 288 1645 3579 1726">
    <p class='ocr_par' dir='ltr' id='par_1_9' title="bbox 288 1645 3579 1726">
     <span class='ocr_line' id='line_1_9' title="bbox 288 1645 3579 1726; baseline -0.005 -10"><span class='ocrx_word' id='word_1_70' title='bbox 288 1645 458 1716; x_wconf 70' lang='grc' dir='ltr'><strong>εἰιηίδ</strong></span> <span class='ocrx_word' id='word_1_71' title='bbox 486 1655 570 1704; x_wconf 70' lang='grc' dir='ltr'><strong>εει</strong></span> <span class='ocrx_word' id='word_1_72' title='bbox 593 1647 821 1714; x_wconf 76' lang='lat' dir='ltr'><strong>indoles.</strong></span> <span class='ocrx_word' id='word_1_73' title='bbox 853 1647 905 1706; x_wconf 76' lang='lat' dir='ltr'><strong>ill</strong></span> <span class='ocrx_word' id='word_1_74' title='bbox 937 1648 1116 1710; x_wconf 76' lang='lat' dir='ltr'><strong>verbis</strong></span> <span class='ocrx_word' id='word_1_75' title='bbox 1141 1665 1327 1712; x_wconf 70' lang='lat' dir='ltr'><strong>verum</strong></span> <span class='ocrx_word' id='word_1_76' title='bbox 1356 1667 1564 1723; x_wconf 83' lang='lat' dir='ltr'><strong>amare,</strong></span> <span class='ocrx_word' id='word_1_77' title='bbox 1592 1669 1699 1712; x_wconf 89' lang='lat' dir='ltr'><strong>non</strong></span> <span class='ocrx_word' id='word_1_78' title='bbox 1721 1656 1906 1712; x_wconf 77' lang='lat' dir='ltr'><strong>verba.</strong></span> <span class='ocrx_word' id='word_1_79' title='bbox 1936 1656 2074 1726; x_wconf 84' lang='lat' dir='ltr'><strong>Quid</strong></span> <span class='ocrx_word' id='word_1_80' title='bbox 2104 1658 2246 1711; x_wconf 90' lang='lat' dir='ltr'><strong>enim</strong></span> <span class='ocrx_word' id='word_1_81' title='bbox 2275 1654 2493 1724; x_wconf 83' lang='lat' dir='ltr'><strong>prodest</strong></span> <span class='ocrx_word' id='word_1_82' title='bbox 2523 1653 2690 1710; x_wconf 89' lang='lat' dir='ltr'><strong>clavis</strong></span> <span class='ocrx_word' id='word_1_83' title='bbox 2715 1667 2902 1722; x_wconf 81' lang='lat' dir='ltr'><strong>aurea,</strong></span> <span class='ocrx_word' id='word_1_84' title='bbox 2935 1653 2980 1709; x_wconf 85' lang='lat' dir='ltr'><strong>si</strong></span> <span class='ocrx_word' id='word_1_85' title='bbox 3020 1649 3229 1722; x_wconf 84' lang='lat' dir='ltr'><strong>aperire</strong></span> <span class='ocrx_word' id='word_1_86' title='bbox 3259 1648 3396 1716; x_wconf 77' lang='lat' dir='ltr'><strong>quod</strong></span> <span class='ocrx_word' id='word_1_87' title='bbox 3428 1648 3579 1701; x_wconf 78' lang='lat' dir='ltr'><strong>volu-</strong></span> 
     </span>
    </p>
   </div>
   <div class='ocr_carea' id='block_1_10' title="bbox 287 1742 3579 1819">
    <p class='ocr_par' dir='ltr' id='par_1_10' title="bbox 287 1742 3579 1819">
     <span class='ocr_line' id='line_1_10' title="bbox 287 1742 3579 1819; baseline -0.001 -17"><span class='ocrx_word' id='word_1_88' title='bbox 287 1756 406 1802; x_wconf 78' lang='lat' dir='ltr'><strong>mus</strong></span> <span class='ocrx_word' id='word_1_89' title='bbox 430 1755 538 1796; x_wconf 76' lang='lat' dir='ltr'><strong>non</strong></span> <span class='ocrx_word' id='word_1_90' title='bbox 561 1742 779 1811; x_wconf 75' lang='lat' dir='ltr'><strong>potest?</strong></span> <span class='ocrx_word' id='word_1_91' title='bbox 806 1744 1042 1813; x_wconf 79' lang='lat' dir='ltr'><strong>autquid</strong></span> <span class='ocrx_word' id='word_1_92' title='bbox 1073 1744 1228 1804; x_wconf 79' lang='lat' dir='ltr'><strong>obest</strong></span> <span class='ocrx_word' id='word_1_93' title='bbox 1257 1746 1452 1816; x_wconf 80' lang='lat' dir='ltr'><strong>ligrtea,</strong></span> <span class='ocrx_word' id='word_1_94' title='bbox 1479 1750 1526 1807; x_wconf 84' lang='lat' dir='ltr'><strong>si</strong></span> <span class='ocrx_word' id='word_1_95' title='bbox 1550 1749 1652 1806; x_wconf 87' lang='lat' dir='ltr'><strong>hoc</strong></span> <span class='ocrx_word' id='word_1_96' title='bbox 1682 1760 1883 1818; x_wconf 89' lang='lat' dir='ltr'><strong>potest,</strong></span> <span class='ocrx_word' id='word_1_97' title='bbox 1912 1750 2126 1819; x_wconf 86' lang='lat' dir='ltr'><strong>quando</strong></span> <span class='ocrx_word' id='word_1_98' title='bbox 2171 1750 2303 1805; x_wconf 90' lang='lat' dir='ltr'><strong>nihil</strong></span> <span class='ocrx_word' id='word_1_99' title='bbox 2332 1749 2645 1819; x_wconf 67' lang='lat' dir='ltr'><strong>quarrimus,</strong></span> <span class='ocrx_word' id='word_1_100' title='bbox 2700 1747 2798 1803; x_wconf 85' lang='lat' dir='ltr'><strong>nisi</strong></span> <span class='ocrx_word' id='word_1_101' title='bbox 2832 1755 3015 1816; x_wconf 81' lang='lat' dir='ltr'><strong>patere</strong></span> <span class='ocrx_word' id='word_1_102' title='bbox 3035 1745 3174 1815; x_wconf 90' lang='lat' dir='ltr'><strong>quod</strong></span> <span class='ocrx_word' id='word_1_103' title='bbox 3221 1742 3459 1798; x_wconf 86' lang='lat' dir='ltr'><strong>clausum</strong></span> <span class='ocrx_word' id='word_1_104' title='bbox 3495 1751 3579 1798; x_wconf 82' lang='lat' dir='ltr'><strong>est</strong></span> 
     </span>
    </p>
   </div>
   <div class='ocr_carea' id='block_1_11' title="bbox 290 1833 3578 1914">
    <p class='ocr_par' dir='ltr' id='par_1_11' title="bbox 290 1833 3578 1914">
     <span class='ocr_line' id='line_1_11' title="bbox 290 1833 3578 1914; baseline 0.001 -28"><span class='ocrx_word' id='word_1_105' title='bbox 290 1833 616 1904; x_wconf 64' lang='lat' dir='ltr'><strong>(Auginum,</strong></span> <span class='ocrx_word' id='word_1_106' title='bbox 649 1835 738 1886; x_wconf 82' lang='lat' dir='ltr'><strong>lib.</strong></span> <span class='ocrx_word' id='word_1_107' title='bbox 768 1849 821 1888; x_wconf 83' lang='lat' dir='ltr'><strong>tv</strong></span> <span class='ocrx_word' id='word_1_108' title='bbox 845 1835 909 1888; x_wconf 86' lang='lat' dir='ltr'><strong>de</strong></span> <span class='ocrx_word' id='word_1_109' title='bbox 937 1834 1188 1891; x_wconf 77' lang='lat' dir='ltr'><strong>Doctrina</strong></span> <span class='ocrx_word' id='word_1_110' title='bbox 1219 1836 1572 1912; x_wconf 58' lang='grc' dir='ltr'><strong>ατίμητον.</strong></span> <span class='ocrx_word' id='word_1_111' title='bbox 1605 1843 1740 1912; x_wconf 77' lang='lat' dir='ltr'><strong>ll)?</strong></span> <span class='ocrx_word' id='word_1_112' title='bbox 1771 1863 1792 1899; x_wconf 72' lang='grc' dir='ltr'>ι</span> <span class='ocrx_word' id='word_1_113' title='bbox 1825 1844 2031 1912; x_wconf 78' lang='lat' dir='ltr'><strong>Quibus</strong></span> <span class='ocrx_word' id='word_1_114' title='bbox 2055 1845 2272 1914; x_wconf 86' lang='lat' dir='ltr'><strong>egregie</strong></span> <span class='ocrx_word' id='word_1_115' title='bbox 2299 1844 2524 1899; x_wconf 82' lang='lat' dir='ltr'><strong>succinit</strong></span> <span class='ocrx_word' id='word_1_116' title='bbox 2545 1841 2940 1897; x_wconf 78' lang='lat' dir='ltr'><strong>illustrissimus</strong></span> <span class='ocrx_word' id='word_1_117' title='bbox 2961 1839 3251 1894; x_wconf 88' lang='lat' dir='ltr'><strong>cardinalis</strong></span> <span class='ocrx_word' id='word_1_118' title='bbox 3280 1839 3536 1892; x_wconf 84' lang='lat' dir='ltr'><strong>Baronius</strong></span> <span class='ocrx_word' id='word_1_119' title='bbox 3560 1852 3578 1889; x_wconf 91' lang='lat'><strong>:</strong></span> 
     </span>
    </p>
   </div>
   <div class='ocr_carea' id='block_1_12' title="bbox 295 1923 3579 2005">
    <p class='ocr_par' dir='ltr' id='par_1_12' title="bbox 295 1923 3579 2005">
     <span class='ocr_line' id='line_1_12' title="bbox 295 1923 3579 2005; baseline 0.001 -25"><span class='ocrx_word' id='word_1_120' title='bbox 295 1945 315 1980; x_wconf 75' lang='grc' dir='ltr'>ι</span> <span class='ocrx_word' id='word_1_121' title='bbox 351 1926 504 1982; x_wconf 86' lang='lat' dir='ltr'><strong>Sicut</strong></span> <span class='ocrx_word' id='word_1_122' title='bbox 530 1923 786 1988; x_wconf 78' lang='lat' dir='ltr'><strong>eilossum</strong></span> <span class='ocrx_word' id='word_1_123' title='bbox 812 1926 1038 1984; x_wconf 78' lang='lat' dir='ltr'><strong>ialorme</strong></span> <span class='ocrx_word' id='word_1_124' title='bbox 1064 1943 1251 1991; x_wconf 86' lang='lat' dir='ltr'><strong>aurum</strong></span> <span class='ocrx_word' id='word_1_125' title='bbox 1285 1940 1340 1986; x_wconf 91' lang='lat' dir='ltr'><strong>et</strong></span> <span class='ocrx_word' id='word_1_126' title='bbox 1369 1932 1504 1989; x_wconf 84' lang='lat' dir='ltr'><strong>rude</strong></span> <span class='ocrx_word' id='word_1_127' title='bbox 1530 1948 1595 1990; x_wconf 89' lang='lat' dir='ltr'><strong>eo</strong></span> <span class='ocrx_word' id='word_1_128' title='bbox 1623 1934 1836 1992; x_wconf 86' lang='lat' dir='ltr'><strong>charins</strong></span> <span class='ocrx_word' id='word_1_129' title='bbox 1866 1949 1987 1991; x_wconf 86' lang='lat' dir='ltr'><strong>esse</strong></span> <span class='ocrx_word' id='word_1_130' title='bbox 2031 1936 2187 2000; x_wconf 83' lang='lat' dir='ltr'><strong>solet,</strong></span> <span class='ocrx_word' id='word_1_131' title='bbox 2227 1935 2367 2005; x_wconf 90' lang='lat' dir='ltr'><strong>quod</strong></span> <span class='ocrx_word' id='word_1_132' title='bbox 2402 1933 2532 1989; x_wconf 89' lang='lat' dir='ltr'><strong>nihil</strong></span> <span class='ocrx_word' id='word_1_133' title='bbox 2558 1933 2806 1988; x_wconf 83' lang='lat' dir='ltr'><strong>videatur</strong></span> <span class='ocrx_word' id='word_1_134' title='bbox 2851 1931 3077 1986; x_wconf 82' lang='lat' dir='ltr'><strong>alterius</strong></span> <span class='ocrx_word' id='word_1_135' title='bbox 3131 1928 3336 1986; x_wconf 87' lang='lat' dir='ltr'><strong>metalli</strong></span> <span class='ocrx_word' id='word_1_136' title='bbox 3377 1927 3579 1982; x_wconf 87' lang='lat' dir='ltr'><strong>habere</strong></span> 
     </span>
    </p>
   </div>
   <div class='ocr_carea' id='block_1_13' title="bbox 289 2022 3574 2099">
    <p class='ocr_par' dir='ltr' id='par_1_13' title="bbox 289 2022 3574 2099">
     <span class='ocr_line' id='line_1_13' title="bbox 289 2022 3574 2099; baseline -0.002 -19"><span class='ocrx_word' id='word_1_137' title='bbox 289 2022 658 2088; x_wconf 73' lang='lat' dir='ltr'><strong>wmmistum,</strong></span> <span class='ocrx_word' id='word_1_138' title='bbox 689 2022 762 2082; x_wconf 83' lang='lat' dir='ltr'><strong>ita</strong></span> <span class='ocrx_word' id='word_1_139' title='bbox 787 2022 1000 2094; x_wconf 75' lang='lat' dir='ltr'><strong>egregia</strong></span> <span class='ocrx_word' id='word_1_140' title='bbox 1031 2035 1381 2082; x_wconf 85' lang='lat' dir='ltr'><strong>monumenta</strong></span> <span class='ocrx_word' id='word_1_141' title='bbox 1403 2041 1498 2082; x_wconf 88' lang='lat' dir='ltr'><strong>sua</strong></span> <span class='ocrx_word' id='word_1_142' title='bbox 1529 2029 1698 2098; x_wconf 84' lang='lat' dir='ltr'><strong>ipsius</strong></span> <span class='ocrx_word' id='word_1_143' title='bbox 1725 2038 1991 2086; x_wconf 82' lang='lat' dir='ltr'><strong>vetustate</strong></span> <span class='ocrx_word' id='word_1_144' title='bbox 2018 2040 2179 2099; x_wconf 90' lang='lat' dir='ltr'><strong>atque</strong></span> <span class='ocrx_word' id='word_1_145' title='bbox 2201 2028 2543 2098; x_wconf 83' lang='lat' dir='ltr'><strong>simplicitate</strong></span> <span class='ocrx_word' id='word_1_146' title='bbox 2570 2026 2821 2082; x_wconf 84' lang='lat' dir='ltr'><strong>micantia</strong></span> <span class='ocrx_word' id='word_1_147' title='bbox 2841 2068 2855 2091; x_wconf 89' lang='lat'><strong>,</strong></span> <span class='ocrx_word' id='word_1_148' title='bbox 2879 2024 3072 2094; x_wconf 82' lang='lat' dir='ltr'><strong>quibus</strong></span> <span class='ocrx_word' id='word_1_149' title='bbox 3093 2037 3181 2078; x_wconf 91' lang='lat' dir='ltr'><strong>res</strong></span> <span class='ocrx_word' id='word_1_150' title='bbox 3212 2022 3386 2090; x_wconf 87' lang='lat' dir='ltr'><strong>potius</strong></span> <span class='ocrx_word' id='word_1_151' title='bbox 3414 2035 3574 2091; x_wconf 85' lang='lat' dir='ltr'><strong>quam</strong></span> 
     </span>
    </p>
   </div>
   <div class='ocr_carea' id='block_1_14' title="bbox 287 2112 3566 2190">
    <p class='ocr_par' dir='ltr' id='par_1_14' title="bbox 287 2112 3566 2190">
     <span class='ocr_line' id='line_1_14' title="bbox 287 2112 3566 2190; baseline 0.001 -24"><span class='ocrx_word' id='word_1_152' title='bbox 287 2112 456 2170; x_wconf 73' lang='lat' dir='ltr'><strong>verba</strong></span> <span class='ocrx_word' id='word_1_153' title='bbox 482 2112 536 2168; x_wconf 88' lang='lat' dir='ltr'><strong>in</strong></span> <span class='ocrx_word' id='word_1_154' title='bbox 569 2114 739 2180; x_wconf 87' lang='lat' dir='ltr'><strong>pretio</strong></span> <span class='ocrx_word' id='word_1_155' title='bbox 767 2127 889 2176; x_wconf 83' lang='lat' dir='ltr'><strong>esse</strong></span> <span class='ocrx_word' id='word_1_156' title='bbox 919 2115 1113 2185; x_wconf 77' lang='lat' dir='ltr'><strong>solent,</strong></span> <span class='ocrx_word' id='word_1_157' title='bbox 1141 2115 1374 2184; x_wconf 79' lang='lat' dir='ltr'><strong>gratiora</strong></span> <span class='ocrx_word' id='word_1_158' title='bbox 1401 2119 1557 2187; x_wconf 87' lang='lat' dir='ltr'><strong>plane</strong></span> <span class='ocrx_word' id='word_1_159' title='bbox 1579 2130 1739 2176; x_wconf 90' lang='lat' dir='ltr'><strong>erunt</strong></span> <span class='ocrx_word' id='word_1_160' title='bbox 1765 2134 1926 2190; x_wconf 86' lang='lat' dir='ltr'><strong>atque</strong></span> <span class='ocrx_word' id='word_1_161' title='bbox 1944 2121 2258 2190; x_wconf 90' lang='lat' dir='ltr'><strong>jucundiora</strong></span> <span class='ocrx_word' id='word_1_162' title='bbox 2292 2120 2482 2190; x_wconf 87' lang='lat' dir='ltr'><strong>quovis</strong></span> <span class='ocrx_word' id='word_1_163' title='bbox 2501 2118 2702 2189; x_wconf 77' lang='lat' dir='ltr'><strong>scripto</strong></span> <span class='ocrx_word' id='word_1_164' title='bbox 2723 2118 3041 2174; x_wconf 85' lang='lat' dir='ltr'><strong>recentioris</strong></span> <span class='ocrx_word' id='word_1_165' title='bbox 3061 2115 3316 2184; x_wconf 83' lang='lat' dir='ltr'><strong>auctoris,</strong></span> <span class='ocrx_word' id='word_1_166' title='bbox 3341 2113 3566 2184; x_wconf 85' lang='lat' dir='ltr'><strong>quibus—</strong></span> 
     </span>
    </p>
   </div>
   <div class='ocr_carea' id='block_1_15' title="bbox 285 2204 3576 2286">
    <p class='ocr_par' dir='ltr' id='par_1_15' title="bbox 285 2204 3576 2286">
     <span class='ocr_line' id='line_1_15' title="bbox 285 2204 3576 2286; baseline 0.001 -26"><span class='ocrx_word' id='word_1_167' title='bbox 285 2217 499 2273; x_wconf 82' lang='lat' dir='ltr'><strong>cunque</strong></span> <span class='ocrx_word' id='word_1_168' title='bbox 521 2204 840 2275; x_wconf 68' lang='lat' dir='ltr'><strong>eloquentiae</strong></span> <span class='ocrx_word' id='word_1_169' title='bbox 866 2209 1099 2274; x_wconf 85' lang='lat' dir='ltr'><strong>phaleris</strong></span> <span class='ocrx_word' id='word_1_170' title='bbox 1128 2218 1409 2269; x_wconf 74' lang='lat' dir='ltr'><strong>exornato.</strong></span> <span class='ocrx_word' id='word_1_171' title='bbox 1437 2213 1704 2286; x_wconf 82' lang='lat' dir='ltr'><strong>Quidquid</strong></span> <span class='ocrx_word' id='word_1_172' title='bbox 1726 2217 1870 2272; x_wconf 89' lang='lat' dir='ltr'><strong>enim</strong></span> <span class='ocrx_word' id='word_1_173' title='bbox 1917 2216 2201 2274; x_wconf 88' lang='lat' dir='ltr'><strong>obducitur</strong></span> <span class='ocrx_word' id='word_1_174' title='bbox 2244 2215 2368 2272; x_wconf 85' lang='lat' dir='ltr'><strong>fuco</strong></span> <span class='ocrx_word' id='word_1_175' title='bbox 2396 2226 2557 2285; x_wconf 89' lang='lat' dir='ltr'><strong>atque</strong></span> <span class='ocrx_word' id='word_1_176' title='bbox 2604 2215 2906 2285; x_wconf 75' lang='lat' dir='ltr'><strong>pigmentis,</strong></span> <span class='ocrx_word' id='word_1_177' title='bbox 2939 2221 3248 2281; x_wconf 87' lang='lat' dir='ltr'><strong>suspectum</strong></span> <span class='ocrx_word' id='word_1_178' title='bbox 3294 2210 3537 2266; x_wconf 82' lang='lat' dir='ltr'><strong>redditur</strong></span> <span class='ocrx_word' id='word_1_179' title='bbox 3558 2255 3576 2279; x_wconf 92' lang='lat'><strong>,</strong></span> 
     </span>
    </p>
   </div>
   <div class='ocr_carea' id='block_1_16' title="bbox 295 2298 3579 2379">
    <p class='ocr_par' dir='ltr' id='par_1_16' title="bbox 295 2298 3579 2379">
     <span class='ocr_line' id='line_1_16' title="bbox 295 2298 3579 2379; baseline 0.001 -26"><span class='ocrx_word' id='word_1_180' title='bbox 295 2298 686 2371; x_wconf 81' lang='lat' dir='ltr'><strong>pulchriorque</strong></span> <span class='ocrx_word' id='word_1_181' title='bbox 732 2300 978 2360; x_wconf 78' lang='lat' dir='ltr'><strong>enitescit</strong></span> <span class='ocrx_word' id='word_1_182' title='bbox 1010 2303 1121 2373; x_wconf 86' lang='lat' dir='ltr'><strong>ipsa</strong></span> <span class='ocrx_word' id='word_1_183' title='bbox 1165 2320 1260 2366; x_wconf 86' lang='lat' dir='ltr'><strong>sua</strong></span> <span class='ocrx_word' id='word_1_184' title='bbox 1291 2306 1520 2375; x_wconf 86' lang='lat' dir='ltr'><strong>puritate</strong></span> <span class='ocrx_word' id='word_1_185' title='bbox 1570 2309 1906 2378; x_wconf 85' lang='lat' dir='ltr'><strong>simplicitas,</strong></span> <span class='ocrx_word' id='word_1_186' title='bbox 1958 2325 2078 2379; x_wconf 74' lang='lat' dir='ltr'><strong>quae</strong></span> <span class='ocrx_word' id='word_1_187' title='bbox 2106 2309 2248 2379; x_wconf 91' lang='lat' dir='ltr'><strong>quod</strong></span> <span class='ocrx_word' id='word_1_188' title='bbox 2279 2309 2494 2364; x_wconf 89' lang='lat' dir='ltr'><strong>mentiri</strong></span> <span class='ocrx_word' id='word_1_189' title='bbox 2525 2308 2748 2374; x_wconf 88' lang='lat' dir='ltr'><strong>nesciat,</strong></span> <span class='ocrx_word' id='word_1_190' title='bbox 2774 2320 2934 2362; x_wconf 87' lang='lat' dir='ltr'><strong>omne</strong></span> <span class='ocrx_word' id='word_1_191' title='bbox 2966 2304 3213 2374; x_wconf 70' lang='lat' dir='ltr'><strong>quamvis</strong></span> <span class='ocrx_word' id='word_1_192' title='bbox 3231 2302 3299 2357; x_wconf 84' lang='lat' dir='ltr'><strong>ad</strong></span> <span class='ocrx_word' id='word_1_193' title='bbox 3326 2310 3579 2359; x_wconf 88' lang='lat' dir='ltr'><strong>ornatum</strong></span> 
     </span>
    </p>
   </div>
   <div class='ocr_carea' id='block_1_17' title="bbox 289 2391 3241 2467">
    <p class='ocr_par' dir='ltr' id='par_1_17' title="bbox 289 2391 3241 2467">
     <span class='ocr_line' id='line_1_17' title="bbox 289 2391 3241 2467; baseline 0.002 -21"><span class='ocrx_word' id='word_1_194' title='bbox 289 2391 650 2459; x_wconf 89' lang='lat' dir='ltr'><strong>compositum</strong></span> <span class='ocrx_word' id='word_1_195' title='bbox 684 2393 1042 2456; x_wconf 81' lang='lat' dir='ltr'><strong>velamentum</strong></span> <span class='ocrx_word' id='word_1_196' title='bbox 1072 2394 1327 2457; x_wconf 85' lang='lat' dir='ltr'><strong>abhorret</strong></span> <span class='ocrx_word' id='word_1_197' title='bbox 1359 2396 1660 2467; x_wconf 79' lang='lat' dir='ltr'><strong>(Baroaius,</strong></span> <span class='ocrx_word' id='word_1_198' title='bbox 1691 2409 1794 2456; x_wconf 86' lang='lat' dir='ltr'><strong>tom</strong></span> <span class='ocrx_word' id='word_1_199' title='bbox 1818 2398 1943 2467; x_wconf 85' lang='lat' dir='ltr'><strong>III,</strong></span> <span class='ocrx_word' id='word_1_200' title='bbox 1987 2415 2124 2454; x_wconf 81' lang='lat' dir='ltr'><strong>anno</strong></span> <span class='ocrx_word' id='word_1_201' title='bbox 2143 2397 2296 2466; x_wconf 75' lang='lat'><strong>556).</strong></span> <span class='ocrx_word' id='word_1_202' title='bbox 2338 2418 2358 2450; x_wconf 70' lang='grc' dir='ltr'><strong><em>ι</em></strong></span> <span class='ocrx_word' id='word_1_203' title='bbox 3234 2409 3241 2422; x_wconf 78' lang='lat'><em>&#39;</em></span> 
     </span>
    </p>
   </div>
   <div class='ocr_carea' id='block_1_18' title="bbox 357 2479 3578 2562">
    <p class='ocr_par' dir='ltr' id='par_1_18' title="bbox 357 2479 3578 2562">
     <span class='ocr_line' id='line_1_18' title="bbox 357 2479 3578 2562; baseline -0.006 -8"><span class='ocrx_word' id='word_1_204' title='bbox 357 2483 474 2553; x_wconf 65' lang='grc' dir='ltr'><strong>Εεο</strong></span> <span class='ocrx_word' id='word_1_205' title='bbox 503 2499 633 2539; x_wconf 81' lang='lat' dir='ltr'><strong>vero</strong></span> <span class='ocrx_word' id='word_1_206' title='bbox 665 2485 739 2540; x_wconf 86' lang='lat' dir='ltr'><strong>ita</strong></span> <span class='ocrx_word' id='word_1_207' title='bbox 770 2500 980 2540; x_wconf 87' lang='lat' dir='ltr'><strong>mecum</strong></span> <span class='ocrx_word' id='word_1_208' title='bbox 1011 2486 1322 2544; x_wconf 84' lang='lat' dir='ltr'><strong>ratiocinari</strong></span> <span class='ocrx_word' id='word_1_209' title='bbox 1345 2488 1536 2546; x_wconf 87' lang='lat' dir='ltr'><strong>soleo:</strong></span> <span class='ocrx_word' id='word_1_210' title='bbox 1564 2489 1666 2556; x_wconf 84' lang='lat' dir='ltr'><strong>Qui</strong></span> <span class='ocrx_word' id='word_1_211' title='bbox 1695 2489 1810 2548; x_wconf 65' lang='lat' dir='ltr'><strong>haec</strong></span> <span class='ocrx_word' id='word_1_212' title='bbox 1835 2490 2035 2562; x_wconf 84' lang='lat' dir='ltr'><strong>legent,</strong></span> <span class='ocrx_word' id='word_1_213' title='bbox 2069 2490 2152 2544; x_wconf 75' lang='lat' dir='ltr'><strong>vel</strong></span> <span class='ocrx_word' id='word_1_214' title='bbox 2203 2489 2258 2544; x_wconf 88' lang='lat' dir='ltr'><strong>in</strong></span> <span class='ocrx_word' id='word_1_215' title='bbox 2291 2487 2594 2543; x_wconf 82' lang='lat' dir='ltr'><strong>Latinitatis</strong></span> <span class='ocrx_word' id='word_1_216' title='bbox 2620 2486 2779 2558; x_wconf 81' lang='lat' dir='ltr'><strong>adyta</strong></span> <span class='ocrx_word' id='word_1_217' title='bbox 2808 2493 3177 2555; x_wconf 80' lang='lat' dir='ltr'><strong>penetrarunt,</strong></span> <span class='ocrx_word' id='word_1_218' title='bbox 3207 2483 3293 2538; x_wconf 81' lang='lat' dir='ltr'><strong>vel</strong></span> <span class='ocrx_word' id='word_1_219' title='bbox 3321 2490 3448 2537; x_wconf 86' lang='lat' dir='ltr'><strong>ante</strong></span> <span class='ocrx_word' id='word_1_220' title='bbox 3473 2479 3578 2536; x_wconf 82' lang='lat' dir='ltr'><strong>La-</strong></span> 
     </span>
    </p>
   </div>
   <div class='ocr_carea' id='block_1_19' title="bbox 303 2571 3577 2652">
    <p class='ocr_par' dir='ltr' id='par_1_19' title="bbox 303 2571 3577 2652">
     <span class='ocr_line' id='line_1_19' title="bbox 303 2571 3577 2652; baseline -0.002 -20"><span class='ocrx_word' id='word_1_221' title='bbox 303 2575 527 2634; x_wconf 87' lang='lat' dir='ltr'><strong>tinitatis</strong></span> <span class='ocrx_word' id='word_1_222' title='bbox 553 2584 735 2648; x_wconf 80' lang='lat' dir='ltr'><strong>portas</strong></span> <span class='ocrx_word' id='word_1_223' title='bbox 762 2579 1052 2634; x_wconf 86' lang='lat' dir='ltr'><strong>etiamnum</strong></span> <span class='ocrx_word' id='word_1_224' title='bbox 1083 2575 1167 2651; x_wconf 77' lang='grc' dir='ltr'><strong>[ιι]</strong></span> <span class='ocrx_word' id='word_1_225' title='bbox 1197 2589 1515 2640; x_wconf 80' lang='lat' dir='ltr'><strong>exercentur</strong></span> <span class='ocrx_word' id='word_1_226' title='bbox 1543 2593 1598 2640; x_wconf 86' lang='lat' dir='ltr'><strong>et</strong></span> <span class='ocrx_word' id='word_1_227' title='bbox 1624 2582 1915 2652; x_wconf 82' lang='lat' dir='ltr'><strong>suspirant,</strong></span> <span class='ocrx_word' id='word_1_228' title='bbox 1946 2581 2215 2650; x_wconf 88' lang='lat' dir='ltr'><strong>prioribus</strong></span> <span class='ocrx_word' id='word_1_229' title='bbox 2260 2595 2364 2634; x_wconf 90' lang='lat' dir='ltr'><strong>non</strong></span> <span class='ocrx_word' id='word_1_230' title='bbox 2396 2578 2571 2634; x_wconf 88' lang='lat' dir='ltr'><strong>oberit</strong></span> <span class='ocrx_word' id='word_1_231' title='bbox 2595 2577 2767 2648; x_wconf 86' lang='lat' dir='ltr'><strong>stylus</strong></span> <span class='ocrx_word' id='word_1_232' title='bbox 2814 2576 2988 2630; x_wconf 91' lang='lat' dir='ltr'><strong>minus</strong></span> <span class='ocrx_word' id='word_1_233' title='bbox 3019 2575 3259 2640; x_wconf 84' lang='lat' dir='ltr'><strong>Latinus,</strong></span> <span class='ocrx_word' id='word_1_234' title='bbox 3288 2587 3411 2629; x_wconf 92' lang='lat' dir='ltr'><strong>cum</strong></span> <span class='ocrx_word' id='word_1_235' title='bbox 3441 2571 3577 2644; x_wconf 82' lang='lat' dir='ltr'><strong>ipsis</strong></span> 
     </span>
    </p>
   </div>
   <div class='ocr_carea' id='block_1_20' title="bbox 292 2665 3576 2744">
    <p class='ocr_par' dir='ltr' id='par_1_20' title="bbox 292 2665 3576 2744">
     <span class='ocr_line' id='line_1_20' title="bbox 292 2665 3576 2744; baseline 0.003 -23"><span class='ocrx_word' id='word_1_236' title='bbox 292 2666 436 2722; x_wconf 89' lang='lat' dir='ltr'><strong>domi</strong></span> <span class='ocrx_word' id='word_1_237' title='bbox 466 2675 738 2738; x_wconf 86' lang='lat' dir='ltr'><strong>suppetat,</strong></span> <span class='ocrx_word' id='word_1_238' title='bbox 762 2667 902 2724; x_wconf 86' lang='lat' dir='ltr'><strong>unde</strong></span> <span class='ocrx_word' id='word_1_239' title='bbox 931 2667 1260 2732; x_wconf 86' lang='lat' dir='ltr'><strong>Latiniorem</strong></span> <span class='ocrx_word' id='word_1_240' title='bbox 1283 2671 1634 2743; x_wconf 84' lang='lat' dir='ltr'><strong>depromant;</strong></span> <span class='ocrx_word' id='word_1_241' title='bbox 1677 2673 2010 2744; x_wconf 85' lang='lat' dir='ltr'><strong>posteriores</strong></span> <span class='ocrx_word' id='word_1_242' title='bbox 2055 2672 2144 2732; x_wconf 87' lang='lat' dir='ltr'><strong>hic</strong></span> <span class='ocrx_word' id='word_1_243' title='bbox 2174 2671 2496 2732; x_wconf 89' lang='lat' dir='ltr'><strong>incunabula</strong></span> <span class='ocrx_word' id='word_1_244' title='bbox 2524 2684 2620 2726; x_wconf 88' lang='lat' dir='ltr'><strong>sua</strong></span> <span class='ocrx_word' id='word_1_245' title='bbox 2648 2668 2971 2740; x_wconf 86' lang='lat' dir='ltr'><strong>quandoque</strong></span> <span class='ocrx_word' id='word_1_246' title='bbox 3002 2667 3297 2738; x_wconf 77' lang='lat' dir='ltr'><strong>reperient.</strong></span> <span class='ocrx_word' id='word_1_247' title='bbox 3332 2679 3432 2724; x_wconf 75' lang='lat' dir='ltr'><strong>nec</strong></span> <span class='ocrx_word' id='word_1_248' title='bbox 3474 2665 3576 2736; x_wconf 74' lang='lat' dir='ltr'><strong>ipsi</strong></span> 
     </span>
    </p>
   </div>
   <div class='ocr_carea' id='block_1_21' title="bbox 287 2762 3572 2838">
    <p class='ocr_par' dir='ltr' id='par_1_21' title="bbox 287 2762 3572 2838">
     <span class='ocr_line' id='line_1_21' title="bbox 287 2762 3572 2838; baseline -0.001 -16"><span class='ocrx_word' id='word_1_249' title='bbox 287 2765 466 2837; x_wconf 88' lang='lat' dir='ltr'><strong>lingua</strong></span> <span class='ocrx_word' id='word_1_250' title='bbox 497 2767 676 2824; x_wconf 85' lang='lat' dir='ltr'><strong>minus</strong></span> <span class='ocrx_word' id='word_1_251' title='bbox 704 2769 936 2838; x_wconf 88' lang='lat' dir='ltr'><strong>prompti</strong></span> <span class='ocrx_word' id='word_1_252' title='bbox 968 2769 1292 2830; x_wconf 81' lang='lat' dir='ltr'><strong>erubescent</strong></span> <span class='ocrx_word' id='word_1_253' title='bbox 1315 2770 1384 2825; x_wconf 88' lang='lat' dir='ltr'><strong>ad</strong></span> <span class='ocrx_word' id='word_1_254' title='bbox 1415 2773 1626 2830; x_wconf 89' lang='lat' dir='ltr'><strong>tertiata</strong></span> <span class='ocrx_word' id='word_1_255' title='bbox 1651 2781 1708 2829; x_wconf 88' lang='lat' dir='ltr'><strong>et</strong></span> <span class='ocrx_word' id='word_1_256' title='bbox 1735 2770 1884 2826; x_wconf 87' lang='lat' dir='ltr'><strong>velut</strong></span> <span class='ocrx_word' id='word_1_257' title='bbox 1920 2769 2235 2828; x_wconf 77' lang='lat' dir='ltr'><strong>offensantis</strong></span> <span class='ocrx_word' id='word_1_258' title='bbox 2276 2769 2471 2838; x_wconf 75' lang='lat' dir='ltr'><strong>lingua:</strong></span> <span class='ocrx_word' id='word_1_259' title='bbox 2504 2767 2771 2838; x_wconf 75' lang='lat' dir='ltr'><strong>fragmine</strong></span> <span class='ocrx_word' id='word_1_260' title='bbox 2798 2765 3072 2827; x_wconf 84' lang='lat' dir='ltr'><strong>dimidiata</strong></span> <span class='ocrx_word' id='word_1_261' title='bbox 3097 2763 3279 2822; x_wconf 83' lang='lat' dir='ltr'><strong>verba.</strong></span> <span class='ocrx_word' id='word_1_262' title='bbox 3309 2762 3572 2832; x_wconf 72' lang='lat' dir='ltr'><strong>Equidem</strong></span> 
     </span>
    </p>
   </div>
   <div class='ocr_carea' id='block_1_22' title="bbox 287 2855 3574 2934">
    <p class='ocr_par' dir='ltr' id='par_1_22' title="bbox 287 2855 3574 2934">
     <span class='ocr_line' id='line_1_22' title="bbox 287 2855 3574 2934; baseline -0.001 -18"><span class='ocrx_word' id='word_1_263' title='bbox 287 2857 521 2916; x_wconf 86' lang='lat' dir='ltr'><strong>solidum</strong></span> <span class='ocrx_word' id='word_1_264' title='bbox 545 2872 759 2926; x_wconf 89' lang='lat' dir='ltr'><strong>aurum,</strong></span> <span class='ocrx_word' id='word_1_265' title='bbox 788 2857 914 2918; x_wconf 88' lang='lat' dir='ltr'><strong>licet</strong></span> <span class='ocrx_word' id='word_1_266' title='bbox 935 2861 1229 2920; x_wconf 78' lang='lat' dir='ltr'><strong>terrulenta</strong></span> <span class='ocrx_word' id='word_1_267' title='bbox 1256 2861 1548 2922; x_wconf 88' lang='lat' dir='ltr'><strong>obductum</strong></span> <span class='ocrx_word' id='word_1_268' title='bbox 1576 2863 1733 2928; x_wconf 85' lang='lat' dir='ltr'><strong>faece.</strong></span> <span class='ocrx_word' id='word_1_269' title='bbox 1763 2861 2050 2934; x_wconf 83' lang='lat' dir='ltr'><strong>caryoticis</strong></span> <span class='ocrx_word' id='word_1_270' title='bbox 2091 2860 2278 2916; x_wconf 85' lang='lat' dir='ltr'><strong>vilium</strong></span> <span class='ocrx_word' id='word_1_271' title='bbox 2321 2858 2682 2916; x_wconf 83' lang='lat' dir='ltr'><strong>Kalendarum</strong></span> <span class='ocrx_word' id='word_1_272' title='bbox 2712 2860 2913 2920; x_wconf 87' lang='lat' dir='ltr'><strong>strenis</strong></span> <span class='ocrx_word' id='word_1_273' title='bbox 2953 2873 3166 2928; x_wconf 86' lang='lat' dir='ltr'><strong>semper</strong></span> <span class='ocrx_word' id='word_1_274' title='bbox 3195 2855 3438 2926; x_wconf 66' lang='lat' dir='ltr'><strong>pratuli;</strong></span> <span class='ocrx_word' id='word_1_275' title='bbox 3485 2867 3574 2914; x_wconf 83' lang='lat' dir='ltr'><strong>ve-</strong></span> 
     </span>
    </p>
   </div>
   <div class='ocr_carea' id='block_1_23' title="bbox 286 2947 3575 3026">
    <p class='ocr_par' dir='ltr' id='par_1_23' title="bbox 286 2947 3575 3026">
     <span class='ocr_line' id='line_1_23' title="bbox 286 2947 3575 3026; baseline 0.002 -18"><span class='ocrx_word' id='word_1_276' title='bbox 286 2952 458 3008; x_wconf 70' lang='lat' dir='ltr'><strong>nusris</strong></span> <span class='ocrx_word' id='word_1_277' title='bbox 483 2951 700 3022; x_wconf 84' lang='lat' dir='ltr'><strong>quidem</strong></span> <span class='ocrx_word' id='word_1_278' title='bbox 722 2953 926 3023; x_wconf 88' lang='lat' dir='ltr'><strong>specie,</strong></span> <span class='ocrx_word' id='word_1_279' title='bbox 957 2953 1243 3026; x_wconf 83' lang='lat' dir='ltr'><strong>fronteque</strong></span> <span class='ocrx_word' id='word_1_280' title='bbox 1263 2957 1479 3015; x_wconf 75' lang='lat' dir='ltr'><strong>divitias</strong></span> <span class='ocrx_word' id='word_1_281' title='bbox 1505 2959 1911 3025; x_wconf 83' lang='lat' dir='ltr'><strong>mentientibus,</strong></span> <span class='ocrx_word' id='word_1_282' title='bbox 1941 2958 2042 3022; x_wconf 73' lang='lat' dir='ltr'><strong>sed</strong></span> <span class='ocrx_word' id='word_1_283' title='bbox 2091 2956 2240 3016; x_wconf 79' lang='lat' dir='ltr'><strong>tenui</strong></span> <span class='ocrx_word' id='word_1_284' title='bbox 2282 2964 2462 3012; x_wconf 88' lang='lat' dir='ltr'><strong>tamen</strong></span> <span class='ocrx_word' id='word_1_285' title='bbox 2495 2963 2703 3014; x_wconf 87' lang='lat' dir='ltr'><strong>tantum</strong></span> <span class='ocrx_word' id='word_1_286' title='bbox 2734 2955 2850 3014; x_wconf 86' lang='lat' dir='ltr'><strong>auri</strong></span> <span class='ocrx_word' id='word_1_287' title='bbox 2887 2954 3040 3012; x_wconf 87' lang='lat' dir='ltr'><strong>illitis</strong></span> <span class='ocrx_word' id='word_1_288' title='bbox 3062 2950 3370 3024; x_wconf 78' lang='lat' dir='ltr'><strong>aspergine.</strong></span> <span class='ocrx_word' id='word_1_289' title='bbox 3397 2947 3575 3015; x_wconf 79' lang='lat' dir='ltr'><strong>ethoc</strong></span> 
     </span>
    </p>
   </div>
   <div class='ocr_carea' id='block_1_24' title="bbox 284 3047 1544 3122">
    <p class='ocr_par' dir='ltr' id='par_1_24' title="bbox 284 3047 1544 3122">
     <span class='ocr_line' id='line_1_24' title="bbox 284 3047 1544 3122; baseline 0.005 -18"><span class='ocrx_word' id='word_1_290' title='bbox 284 3047 407 3104; x_wconf 87' lang='lat' dir='ltr'><strong>fuco</strong></span> <span class='ocrx_word' id='word_1_291' title='bbox 429 3047 780 3106; x_wconf 84' lang='lat' dir='ltr'><strong>domesticam</strong></span> <span class='ocrx_word' id='word_1_292' title='bbox 814 3051 1117 3119; x_wconf 83' lang='lat' dir='ltr'><strong>tegentibus</strong></span> <span class='ocrx_word' id='word_1_293' title='bbox 1157 3061 1544 3122; x_wconf 81' lang='lat' dir='ltr'><strong>paupertatem.</strong></span> 
     </span>
    </p>
   </div>
   <div class='ocr_carea' id='block_1_25' title="bbox 353 3140 3576 3215">
    <p class='ocr_par' dir='ltr' id='par_1_25' title="bbox 353 3140 3576 3215">
     <span class='ocr_line' id='line_1_25' title="bbox 353 3140 3576 3215; baseline -0 -19"><span class='ocrx_word' id='word_1_294' title='bbox 353 3140 435 3196; x_wconf 82' lang='lat' dir='ltr'><strong>Ne</strong></span> <span class='ocrx_word' id='word_1_295' title='bbox 475 3141 675 3204; x_wconf 78' lang='lat' dir='ltr'><strong>mirere</strong></span> <span class='ocrx_word' id='word_1_296' title='bbox 694 3155 932 3212; x_wconf 86' lang='lat' dir='ltr'><strong>quoque,</strong></span> <span class='ocrx_word' id='word_1_297' title='bbox 963 3143 1155 3215; x_wconf 86' lang='lat' dir='ltr'><strong>lector,</strong></span> <span class='ocrx_word' id='word_1_298' title='bbox 1193 3145 1340 3201; x_wconf 89' lang='lat' dir='ltr'><strong>Vitas</strong></span> <span class='ocrx_word' id='word_1_299' title='bbox 1364 3147 1580 3203; x_wconf 83' lang='lat' dir='ltr'><strong>Patrum</strong></span> <span class='ocrx_word' id='word_1_300' title='bbox 1605 3146 1766 3204; x_wconf 81' lang='lat' dir='ltr'><strong>toties</strong></span> <span class='ocrx_word' id='word_1_301' title='bbox 1793 3160 1990 3212; x_wconf 79' lang='lat' dir='ltr'><strong>cosas,</strong></span> <span class='ocrx_word' id='word_1_302' title='bbox 2016 3158 2256 3210; x_wconf 84' lang='lat' dir='ltr'><strong>recusas,</strong></span> <span class='ocrx_word' id='word_1_303' title='bbox 2285 3154 2341 3200; x_wconf 86' lang='lat' dir='ltr'><strong>et</strong></span> <span class='ocrx_word' id='word_1_304' title='bbox 2370 3158 2464 3214; x_wconf 88' lang='lat' dir='ltr'><strong>per</strong></span> <span class='ocrx_word' id='word_1_305' title='bbox 2490 3151 2570 3199; x_wconf 92' lang='lat' dir='ltr'><strong>tot</strong></span> <span class='ocrx_word' id='word_1_306' title='bbox 2597 3143 2877 3200; x_wconf 88' lang='lat' dir='ltr'><strong>doctorum</strong></span> <span class='ocrx_word' id='word_1_307' title='bbox 2899 3142 3133 3200; x_wconf 82' lang='lat' dir='ltr'><strong>virorum</strong></span> <span class='ocrx_word' id='word_1_308' title='bbox 3162 3140 3420 3198; x_wconf 82' lang='lat' dir='ltr'><strong>transisse</strong></span> <span class='ocrx_word' id='word_1_309' title='bbox 3456 3153 3576 3195; x_wconf 87' lang='lat' dir='ltr'><strong>ma-</strong></span> 
     </span>
    </p>
   </div>
   <div class='ocr_carea' id='block_1_26' title="bbox 1826 1137 2242 1157">
    <p class='ocr_par' dir='ltr' id='par_1_26' title="bbox 1826 1137 2242 1157">
     <span class='ocr_line' id='line_1_26' title="bbox 1826 1137 2242 1157; baseline 0.005 -5"><span class='ocrx_word' id='word_1_310' title='bbox 1826 1137 2242 1157; x_wconf 40' lang='grc' dir='ltr'>ἣ</span> 
     </span>
    </p>
   </div>
   <div class='ocr_carea' id='block_1_27' title="bbox 285 3231 3576 3306">
    <p class='ocr_par' dir='ltr' id='par_1_27' title="bbox 285 3231 3576 3306">
     <span class='ocr_line' id='line_1_27' title="bbox 285 3231 3576 3306; baseline -0.002 -15"><span class='ocrx_word' id='word_1_311' title='bbox 285 3249 416 3304; x_wconf 82' lang='lat' dir='ltr'><strong>nus,</strong></span> <span class='ocrx_word' id='word_1_312' title='bbox 452 3250 552 3291; x_wconf 85' lang='lat' dir='ltr'><strong>nec</strong></span> <span class='ocrx_word' id='word_1_313' title='bbox 605 3236 766 3291; x_wconf 89' lang='lat' dir='ltr'><strong>nitori</strong></span> <span class='ocrx_word' id='word_1_314' title='bbox 797 3245 976 3293; x_wconf 85' lang='lat' dir='ltr'><strong>tamen</strong></span> <span class='ocrx_word' id='word_1_315' title='bbox 1030 3252 1132 3294; x_wconf 86' lang='lat' dir='ltr'><strong>suo</strong></span> <span class='ocrx_word' id='word_1_316' title='bbox 1161 3240 1386 3306; x_wconf 88' lang='lat' dir='ltr'><strong>pristino</strong></span> <span class='ocrx_word' id='word_1_317' title='bbox 1415 3240 1674 3296; x_wconf 86' lang='lat' dir='ltr'><strong>hactenus</strong></span> <span class='ocrx_word' id='word_1_318' title='bbox 1714 3241 1971 3298; x_wconf 84' lang='lat' dir='ltr'><strong>redditas.</strong></span> <span class='ocrx_word' id='word_1_319' title='bbox 2002 3240 2110 3298; x_wconf 85' lang='lat' dir='ltr'><strong>Sed</strong></span> <span class='ocrx_word' id='word_1_320' title='bbox 2156 3239 2300 3294; x_wconf 85' lang='lat' dir='ltr'><strong>enim</strong></span> <span class='ocrx_word' id='word_1_321' title='bbox 2343 3237 2670 3294; x_wconf 89' lang='lat' dir='ltr'><strong>considerari</strong></span> <span class='ocrx_word' id='word_1_322' title='bbox 2692 3245 2842 3305; x_wconf 89' lang='lat' dir='ltr'><strong>opto,</strong></span> <span class='ocrx_word' id='word_1_323' title='bbox 2872 3236 3010 3304; x_wconf 86' lang='lat' dir='ltr'><strong>quod</strong></span> <span class='ocrx_word' id='word_1_324' title='bbox 3055 3242 3236 3293; x_wconf 86' lang='lat' dir='ltr'><strong>monet</strong></span> <span class='ocrx_word' id='word_1_325' title='bbox 3262 3231 3417 3290; x_wconf 85' lang='lat' dir='ltr'><strong>divus</strong></span> <span class='ocrx_word' id='word_1_326' title='bbox 3460 3234 3576 3288; x_wconf 80' lang='lat' dir='ltr'><strong>Au-</strong></span> 
     </span>
    </p>
   </div>
   <div class='ocr_carea' id='block_1_28' title="bbox 283 3323 3577 3402">
    <p class='ocr_par' dir='ltr' id='par_1_28' title="bbox 283 3323 3577 3402">
     <span class='ocr_line' id='line_1_28' title="bbox 283 3323 3577 3402; baseline -0.002 -18"><span class='ocrx_word' id='word_1_327' title='bbox 283 3330 556 3400; x_wconf 85' lang='lat' dir='ltr'><strong>gustinus,</strong></span> <span class='ocrx_word' id='word_1_328' title='bbox 582 3341 776 3397; x_wconf 78' lang='lat' dir='ltr'><strong>nempe</strong></span> <span class='ocrx_word' id='word_1_329' title='bbox 799 3341 1008 3395; x_wconf 85' lang='lat' dir='ltr'><strong>sumus,</strong></span> <span class='ocrx_word' id='word_1_330' title='bbox 1043 3345 1065 3381; x_wconf 78' lang='grc' dir='ltr'>ι</span> <span class='ocrx_word' id='word_1_331' title='bbox 1101 3337 1355 3398; x_wconf 87' lang='lat' dir='ltr'><strong>tanquam</strong></span> <span class='ocrx_word' id='word_1_332' title='bbox 1385 3331 1757 3384; x_wconf 87' lang='lat' dir='ltr'><strong>minuscularii</strong></span> <span class='ocrx_word' id='word_1_333' title='bbox 1785 3329 2126 3402; x_wconf 87' lang='lat' dir='ltr'><strong>vectigalium</strong></span> <span class='ocrx_word' id='word_1_334' title='bbox 2173 3328 2561 3392; x_wconf 87' lang='lat' dir='ltr'><strong>conductores,</strong></span> <span class='ocrx_word' id='word_1_335' title='bbox 2601 3328 2687 3387; x_wconf 80' lang='lat' dir='ltr'><strong>vel</strong></span> <span class='ocrx_word' id='word_1_336' title='bbox 2717 3337 2968 3397; x_wconf 87' lang='lat' dir='ltr'><strong>tanquam</strong></span> <span class='ocrx_word' id='word_1_337' title='bbox 2990 3325 3208 3394; x_wconf 78' lang='lat' dir='ltr'><strong>opiﬁces</strong></span> <span class='ocrx_word' id='word_1_338' title='bbox 3238 3323 3293 3380; x_wconf 90' lang='lat' dir='ltr'><strong>in</strong></span> <span class='ocrx_word' id='word_1_339' title='bbox 3349 3324 3468 3379; x_wconf 82' lang='lat' dir='ltr'><strong>vico</strong></span> <span class='ocrx_word' id='word_1_340' title='bbox 3496 3338 3577 3382; x_wconf 53' lang='lat' dir='ltr'><strong>ar.</strong></span> 
     </span>
    </p>
   </div>
   <div class='ocr_carea' id='block_1_29' title="bbox 284 3414 3574 3492">
    <p class='ocr_par' dir='ltr' id='par_1_29' title="bbox 284 3414 3574 3492">
     <span class='ocr_line' id='line_1_29' title="bbox 284 3414 3574 3492; baseline -0.002 -15"><span class='ocrx_word' id='word_1_341' title='bbox 284 3421 551 3492; x_wconf 73' lang='lat' dir='ltr'><strong>genter-io,</strong></span> <span class='ocrx_word' id='word_1_342' title='bbox 587 3417 678 3472; x_wconf 89' lang='lat' dir='ltr'><strong>ubi</strong></span> <span class='ocrx_word' id='word_1_343' title='bbox 704 3432 870 3478; x_wconf 80' lang='lat' dir='ltr'><strong>unum</strong></span> <span class='ocrx_word' id='word_1_344' title='bbox 895 3419 1196 3485; x_wconf 85' lang='lat' dir='ltr'><strong>vasculum,</strong></span> <span class='ocrx_word' id='word_1_345' title='bbox 1227 3427 1290 3475; x_wconf 89' lang='lat' dir='ltr'><strong>ut</strong></span> <span class='ocrx_word' id='word_1_346' title='bbox 1317 3419 1612 3488; x_wconf 81' lang='lat' dir='ltr'><strong>perfectum</strong></span> <span class='ocrx_word' id='word_1_347' title='bbox 1641 3431 1818 3487; x_wconf 75' lang='lat' dir='ltr'><strong>exeat,</strong></span> <span class='ocrx_word' id='word_1_348' title='bbox 1847 3435 1946 3490; x_wconf 92' lang='lat' dir='ltr'><strong>per</strong></span> <span class='ocrx_word' id='word_1_349' title='bbox 1970 3419 2170 3476; x_wconf 89' lang='lat' dir='ltr'><strong>multos</strong></span> <span class='ocrx_word' id='word_1_350' title='bbox 2197 3418 2435 3480; x_wconf 75' lang='lat' dir='ltr'><strong>artiﬁces</strong></span> <span class='ocrx_word' id='word_1_351' title='bbox 2477 3417 2688 3484; x_wconf 90' lang='lat' dir='ltr'><strong>transit,</strong></span> <span class='ocrx_word' id='word_1_352' title='bbox 2734 3431 2856 3472; x_wconf 88' lang='lat' dir='ltr'><strong>cum</strong></span> <span class='ocrx_word' id='word_1_353' title='bbox 2885 3418 2953 3476; x_wconf 86' lang='lat' dir='ltr'><strong>ab</strong></span> <span class='ocrx_word' id='word_1_354' title='bbox 2980 3430 3090 3472; x_wconf 89' lang='lat' dir='ltr'><strong>uno</strong></span> <span class='ocrx_word' id='word_1_355' title='bbox 3120 3415 3358 3484; x_wconf 77' lang='lat' dir='ltr'><strong>perfecto</strong></span> <span class='ocrx_word' id='word_1_356' title='bbox 3391 3414 3574 3482; x_wconf 85' lang='lat' dir='ltr'><strong>perlici</strong></span> 
     </span>
    </p>
   </div>
   <div class='ocr_carea' id='block_1_30' title="bbox 286 3506 3578 3584">
    <p class='ocr_par' dir='ltr' id='par_1_30' title="bbox 286 3506 3578 3584">
     <span class='ocr_line' id='line_1_30' title="bbox 286 3506 3578 3584; baseline -0.002 -16"><span class='ocrx_word' id='word_1_357' title='bbox 286 3515 475 3584; x_wconf 87' lang='lat' dir='ltr'><strong>possit.</strong></span> <span class='ocrx_word' id='word_1_358' title='bbox 507 3508 614 3566; x_wconf 87' lang='lat' dir='ltr'><strong>Sed</strong></span> <span class='ocrx_word' id='word_1_359' title='bbox 645 3509 802 3568; x_wconf 84' lang='lat' dir='ltr'><strong>aliter</strong></span> <span class='ocrx_word' id='word_1_360' title='bbox 828 3524 934 3564; x_wconf 90' lang='lat' dir='ltr'><strong>non</strong></span> <span class='ocrx_word' id='word_1_361' title='bbox 971 3517 1212 3580; x_wconf 86' lang='lat' dir='ltr'><strong>putatum</strong></span> <span class='ocrx_word' id='word_1_362' title='bbox 1241 3521 1326 3567; x_wconf 83' lang='lat' dir='ltr'><strong>est</strong></span> <span class='ocrx_word' id='word_1_363' title='bbox 1347 3511 1686 3580; x_wconf 87' lang='lat' dir='ltr'><strong>operantium</strong></span> <span class='ocrx_word' id='word_1_364' title='bbox 1710 3510 2038 3567; x_wconf 87' lang='lat' dir='ltr'><strong>multitudini</strong></span> <span class='ocrx_word' id='word_1_365' title='bbox 2060 3510 2473 3578; x_wconf 82' lang='lat' dir='ltr'><strong>consulendum,</strong></span> <span class='ocrx_word' id='word_1_366' title='bbox 2507 3508 2610 3568; x_wconf 88' lang='lat' dir='ltr'><strong>nisi</strong></span> <span class='ocrx_word' id='word_1_367' title='bbox 2637 3517 2694 3562; x_wconf 90' lang='lat' dir='ltr'><strong>ut</strong></span> <span class='ocrx_word' id='word_1_368' title='bbox 2735 3506 2975 3578; x_wconf 86' lang='lat' dir='ltr'><strong>singulas</strong></span> <span class='ocrx_word' id='word_1_369' title='bbox 3009 3506 3142 3566; x_wconf 81' lang='lat' dir='ltr'><strong>artis</strong></span> <span class='ocrx_word' id='word_1_370' title='bbox 3170 3514 3349 3574; x_wconf 84' lang='lat' dir='ltr'><strong>partes</strong></span> <span class='ocrx_word' id='word_1_371' title='bbox 3373 3508 3483 3564; x_wconf 88' lang='lat' dir='ltr'><strong>cito</strong></span> <span class='ocrx_word' id='word_1_372' title='bbox 3512 3520 3578 3562; x_wconf 81' lang='lat' dir='ltr'><strong>ac</strong></span> 
     </span>
    </p>
   </div>
   <div class='ocr_carea' id='block_1_31' title="bbox 285 3596 3578 3672">
    <p class='ocr_par' dir='ltr' id='par_1_31' title="bbox 285 3596 3578 3672">
     <span class='ocr_line' id='line_1_31' title="bbox 285 3596 3578 3672; baseline -0.001 -12"><span class='ocrx_word' id='word_1_373' title='bbox 285 3604 440 3667; x_wconf 77' lang='lat' dir='ltr'><strong>facile</strong></span> <span class='ocrx_word' id='word_1_374' title='bbox 464 3604 741 3660; x_wconf 86' lang='lat' dir='ltr'><strong>discerent</strong></span> <span class='ocrx_word' id='word_1_375' title='bbox 768 3601 989 3671; x_wconf 84' lang='lat' dir='ltr'><strong>singuli,</strong></span> <span class='ocrx_word' id='word_1_376' title='bbox 1019 3618 1089 3658; x_wconf 88' lang='lat' dir='ltr'><strong>ne</strong></span> <span class='ocrx_word' id='word_1_377' title='bbox 1110 3617 1295 3660; x_wconf 88' lang='lat' dir='ltr'><strong>omnes</strong></span> <span class='ocrx_word' id='word_1_378' title='bbox 1340 3603 1398 3660; x_wconf 88' lang='lat' dir='ltr'><strong>in</strong></span> <span class='ocrx_word' id='word_1_379' title='bbox 1429 3611 1545 3660; x_wconf 88' lang='lat' dir='ltr'><strong>arte</strong></span> <span class='ocrx_word' id='word_1_380' title='bbox 1574 3618 1678 3661; x_wconf 89' lang='lat' dir='ltr'><strong>una</strong></span> <span class='ocrx_word' id='word_1_381' title='bbox 1707 3603 1858 3660; x_wconf 86' lang='lat' dir='ltr'><strong>tarde</strong></span> <span class='ocrx_word' id='word_1_382' title='bbox 1897 3612 1955 3660; x_wconf 91' lang='lat' dir='ltr'><strong>et</strong></span> <span class='ocrx_word' id='word_1_383' title='bbox 1981 3601 2202 3662; x_wconf 79' lang='lat' dir='ltr'><strong>difﬁcile</strong></span> <span class='ocrx_word' id='word_1_384' title='bbox 2239 3611 2560 3672; x_wconf 82' lang='lat' dir='ltr'><strong>cogerentur</strong></span> <span class='ocrx_word' id='word_1_385' title='bbox 2586 3617 2709 3660; x_wconf 85' lang='lat' dir='ltr'><strong>esse</strong></span> <span class='ocrx_word' id='word_1_386' title='bbox 2755 3600 2977 3672; x_wconf 86' lang='lat' dir='ltr'><strong>perfecti</strong></span> <span class='ocrx_word' id='word_1_387' title='bbox 3025 3600 3207 3672; x_wconf 54' lang='lat' dir='ltr'><strong>(Aug,</strong></span> <span class='ocrx_word' id='word_1_388' title='bbox 3261 3599 3351 3658; x_wconf 81' lang='lat' dir='ltr'><strong>lib.</strong></span> <span class='ocrx_word' id='word_1_389' title='bbox 3398 3596 3468 3657; x_wconf 83' lang='lat' dir='ltr'><strong>Vll</strong></span> <span class='ocrx_word' id='word_1_390' title='bbox 3513 3601 3578 3656; x_wconf 81' lang='lat' dir='ltr'><strong>ds</strong></span> 
     </span>
    </p>
   </div>
   <div class='ocr_carea' id='block_1_32' title="bbox 283 3693 909 3762">
    <p class='ocr_par' dir='ltr' id='par_1_32' title="bbox 283 3693 909 3762">
     <span class='ocr_line' id='line_1_32' title="bbox 283 3693 909 3762; baseline -0.014 -9"><span class='ocrx_word' id='word_1_391' title='bbox 283 3697 504 3753; x_wconf 76' lang='lat' dir='ltr'><strong>Ciritate</strong></span> <span class='ocrx_word' id='word_1_392' title='bbox 532 3693 647 3758; x_wconf 83' lang='lat' dir='ltr'><strong>Dei,</strong></span> <span class='ocrx_word' id='word_1_393' title='bbox 674 3707 772 3762; x_wconf 81' lang='lat' dir='ltr'><strong>cap</strong></span> <span class='ocrx_word' id='word_1_394' title='bbox 792 3693 866 3760; x_wconf 72' lang='grc'><strong>4).</strong></span> <span class='ocrx_word' id='word_1_395' title='bbox 889 3710 909 3748; x_wconf 66' lang='grc' dir='ltr'><em>ι</em></span> 
     </span>
    </p>
   </div>
   <div class='ocr_carea' id='block_1_33' title="bbox 357 3783 3571 3862">
    <p class='ocr_par' dir='ltr' id='par_1_33' title="bbox 357 3783 3571 3862">
     <span class='ocr_line' id='line_1_33' title="bbox 357 3783 3571 3862; baseline -0.001 -17"><span class='ocrx_word' id='word_1_396' title='bbox 357 3791 435 3846; x_wconf 87' lang='lat' dir='ltr'><strong>lta</strong></span> <span class='ocrx_word' id='word_1_397' title='bbox 464 3787 778 3858; x_wconf 86' lang='lat' dir='ltr'><strong>plerumque</strong></span> <span class='ocrx_word' id='word_1_398' title='bbox 808 3784 984 3840; x_wconf 76' lang='lat' dir='ltr'><strong>evenit</strong></span> <span class='ocrx_word' id='word_1_399' title='bbox 1006 3785 1059 3840; x_wconf 91' lang='lat' dir='ltr'><strong>in</strong></span> <span class='ocrx_word' id='word_1_400' title='bbox 1086 3784 1238 3842; x_wconf 89' lang='lat' dir='ltr'><strong>libris</strong></span> <span class='ocrx_word' id='word_1_401' title='bbox 1265 3788 1635 3862; x_wconf 77' lang='lat' dir='ltr'><strong>recensendis.</strong></span> <span class='ocrx_word' id='word_1_402' title='bbox 1661 3787 1776 3846; x_wconf 80' lang='lat' dir='ltr'><strong>Non</strong></span> <span class='ocrx_word' id='word_1_403' title='bbox 1808 3787 1876 3843; x_wconf 88' lang='lat' dir='ltr'><strong>ab</strong></span> <span class='ocrx_word' id='word_1_404' title='bbox 1907 3802 2014 3843; x_wconf 91' lang='lat' dir='ltr'><strong>uno</strong></span> <span class='ocrx_word' id='word_1_405' title='bbox 2033 3788 2234 3857; x_wconf 87' lang='lat' dir='ltr'><strong>aliquo,</strong></span> <span class='ocrx_word' id='word_1_406' title='bbox 2259 3801 2365 3842; x_wconf 89' lang='lat' dir='ltr'><strong>non</strong></span> <span class='ocrx_word' id='word_1_407' title='bbox 2404 3801 2434 3839; x_wconf 90' lang='lat' dir='ltr'><strong>a</strong></span> <span class='ocrx_word' id='word_1_408' title='bbox 2460 3785 2684 3852; x_wconf 88' lang='lat' dir='ltr'><strong>duobus,</strong></span> <span class='ocrx_word' id='word_1_409' title='bbox 2717 3786 2812 3846; x_wconf 68' lang='lat' dir='ltr'><strong>Sed</strong></span> <span class='ocrx_word' id='word_1_410' title='bbox 2839 3797 2870 3842; x_wconf 83' lang='lat' dir='ltr'><strong>a</strong></span> <span class='ocrx_word' id='word_1_411' title='bbox 2903 3783 3142 3854; x_wconf 86' lang='lat' dir='ltr'><strong>pluribus</strong></span> <span class='ocrx_word' id='word_1_412' title='bbox 3167 3798 3314 3854; x_wconf 65' lang='lat' dir='ltr'><strong>saepe</strong></span> <span class='ocrx_word' id='word_1_413' title='bbox 3344 3799 3434 3842; x_wconf 87' lang='lat' dir='ltr'><strong>res</strong></span> <span class='ocrx_word' id='word_1_414' title='bbox 3462 3800 3571 3843; x_wconf 86' lang='lat' dir='ltr'><strong>una</strong></span> 
     </span>
    </p>
   </div>
   <div class='ocr_carea' id='block_1_34' title="bbox 284 3876 3575 3956">
    <p class='ocr_par' dir='ltr' id='par_1_34' title="bbox 284 3876 3575 3956">
     <span class='ocr_line' id='line_1_34' title="bbox 284 3876 3575 3956; baseline 0 -20"><span class='ocrx_word' id='word_1_415' title='bbox 284 3880 593 3956; x_wconf 83' lang='lat' dir='ltr'><strong>perﬁcitur;</strong></span> <span class='ocrx_word' id='word_1_416' title='bbox 624 3892 744 3938; x_wconf 83' lang='lat' dir='ltr'><strong>cum</strong></span> <span class='ocrx_word' id='word_1_417' title='bbox 769 3876 854 3933; x_wconf 87' lang='lat' dir='ltr'><strong>hic</strong></span> <span class='ocrx_word' id='word_1_418' title='bbox 884 3877 936 3932; x_wconf 91' lang='lat' dir='ltr'><strong>in</strong></span> <span class='ocrx_word' id='word_1_419' title='bbox 965 3879 1388 3949; x_wconf 86' lang='lat' dir='ltr'><strong>antiquariorum</strong></span> <span class='ocrx_word' id='word_1_420' title='bbox 1414 3883 1782 3952; x_wconf 67' lang='lat' dir='ltr'><strong>praestantiam</strong></span> <span class='ocrx_word' id='word_1_421' title='bbox 1806 3883 2052 3954; x_wconf 89' lang='lat' dir='ltr'><strong>inquirit,</strong></span> <span class='ocrx_word' id='word_1_422' title='bbox 2075 3892 2134 3938; x_wconf 90' lang='lat' dir='ltr'><strong>ut</strong></span> <span class='ocrx_word' id='word_1_423' title='bbox 2184 3882 2641 3951; x_wconf 80' lang='lat' dir='ltr'><strong>typograpborum</strong></span> <span class='ocrx_word' id='word_1_424' title='bbox 2667 3878 2894 3950; x_wconf 73' lang='lat' dir='ltr'><strong>caSliget</strong></span> <span class='ocrx_word' id='word_1_425' title='bbox 2937 3880 3095 3946; x_wconf 75' lang='lat' dir='ltr'><strong>vitia;</strong></span> <span class='ocrx_word' id='word_1_426' title='bbox 3151 3879 3253 3936; x_wconf 84' lang='lat' dir='ltr'><strong>iste</strong></span> <span class='ocrx_word' id='word_1_427' title='bbox 3287 3879 3493 3937; x_wconf 85' lang='lat' dir='ltr'><strong>ordinis</strong></span> <span class='ocrx_word' id='word_1_428' title='bbox 3519 3890 3575 3941; x_wconf 79' lang='lat' dir='ltr'><strong>et</strong></span> 
     </span>
    </p>
   </div>
   <div class='ocr_carea' id='block_1_35' title="bbox 281 3978 3571 4050">
    <p class='ocr_par' dir='ltr' id='par_1_35' title="bbox 281 3978 3571 4050">
     <span class='ocr_line' id='line_1_35' title="bbox 281 3978 3571 4050; baseline 0.001 -16"><span class='ocrx_word' id='word_1_429' title='bbox 281 3995 465 4036; x_wconf 88' lang='lat' dir='ltr'><strong>rerum</strong></span> <span class='ocrx_word' id='word_1_430' title='bbox 489 3981 746 4048; x_wconf 81' lang='lat' dir='ltr'><strong>majorem</strong></span> <span class='ocrx_word' id='word_1_431' title='bbox 778 3980 1044 4036; x_wconf 87' lang='lat' dir='ltr'><strong>rationem</strong></span> <span class='ocrx_word' id='word_1_432' title='bbox 1076 3979 1258 4050; x_wconf 85' lang='lat' dir='ltr'><strong>habet,</strong></span> <span class='ocrx_word' id='word_1_433' title='bbox 1290 3981 1382 4037; x_wconf 88' lang='lat' dir='ltr'><strong>ille</strong></span> <span class='ocrx_word' id='word_1_434' title='bbox 1407 3980 1670 4038; x_wconf 73' lang='lat' dir='ltr'><strong>historiae.</strong></span> <span class='ocrx_word' id='word_1_435' title='bbox 1700 3981 1776 4038; x_wconf 83' lang='lat' dir='ltr'><strong>ita</strong></span> <span class='ocrx_word' id='word_1_436' title='bbox 1801 3983 2091 4038; x_wconf 89' lang='lat' dir='ltr'><strong>multorum</strong></span> <span class='ocrx_word' id='word_1_437' title='bbox 2121 3979 2314 4040; x_wconf 86' lang='lat' dir='ltr'><strong>collata</strong></span> <span class='ocrx_word' id='word_1_438' title='bbox 2344 3993 2527 4043; x_wconf 86' lang='lat' dir='ltr'><strong>manu,</strong></span> <span class='ocrx_word' id='word_1_439' title='bbox 2558 3986 2718 4048; x_wconf 89' lang='lat' dir='ltr'><strong>prout</strong></span> <span class='ocrx_word' id='word_1_440' title='bbox 2743 3992 3010 4049; x_wconf 80' lang='lat' dir='ltr'><strong>quemque</strong></span> <span class='ocrx_word' id='word_1_441' title='bbox 3035 3978 3221 4050; x_wconf 86' lang='lat' dir='ltr'><strong>genius</strong></span> <span class='ocrx_word' id='word_1_442' title='bbox 3252 3978 3421 4046; x_wconf 89' lang='lat' dir='ltr'><strong>ducit,</strong></span> <span class='ocrx_word' id='word_1_443' title='bbox 3447 3994 3571 4050; x_wconf 90' lang='lat' dir='ltr'><strong>pro-</strong></span> 
     </span>
    </p>
   </div>
   <div class='ocr_carea' id='block_1_36' title="bbox 282 4072 1184 4141">
    <p class='ocr_par' dir='ltr' id='par_1_36' title="bbox 282 4072 1184 4141">
     <span class='ocr_line' id='line_1_36' title="bbox 282 4072 1184 4141; baseline -0.004 -12"><span class='ocrx_word' id='word_1_444' title='bbox 282 4073 362 4129; x_wconf 88' lang='lat' dir='ltr'><strong>dit</strong></span> <span class='ocrx_word' id='word_1_445' title='bbox 389 4073 602 4128; x_wconf 87' lang='lat' dir='ltr'><strong>tandem</strong></span> <span class='ocrx_word' id='word_1_446' title='bbox 637 4072 832 4141; x_wconf 88' lang='lat' dir='ltr'><strong>aliquid</strong></span> <span class='ocrx_word' id='word_1_447' title='bbox 858 4081 1184 4127; x_wconf 83' lang='lat' dir='ltr'><strong>accuratum.</strong></span> 
     </span>
    </p>
   </div>
   <div class='ocr_carea' id='block_1_37' title="bbox 356 4165 3568 4235">
    <p class='ocr_par' dir='ltr' id='par_1_37' title="bbox 356 4165 3568 4235">
     <span class='ocr_line' id='line_1_37' title="bbox 356 4165 3568 4235; baseline 0.001 -15"><span class='ocrx_word' id='word_1_448' title='bbox 356 4167 512 4234; x_wconf 83' lang='lat' dir='ltr'><strong>Quod</strong></span> <span class='ocrx_word' id='word_1_449' title='bbox 544 4177 600 4220; x_wconf 91' lang='lat' dir='ltr'><strong>ut</strong></span> <span class='ocrx_word' id='word_1_450' title='bbox 628 4166 697 4220; x_wconf 90' lang='lat' dir='ltr'><strong>de</strong></span> <span class='ocrx_word' id='word_1_451' title='bbox 718 4165 955 4222; x_wconf 85' lang='lat' dir='ltr'><strong>editione</strong></span> <span class='ocrx_word' id='word_1_452' title='bbox 982 4167 1084 4222; x_wconf 87' lang='lat' dir='ltr'><strong>hac</strong></span> <span class='ocrx_word' id='word_1_453' title='bbox 1111 4167 1380 4235; x_wconf 83' lang='lat' dir='ltr'><strong>spondere</strong></span> <span class='ocrx_word' id='word_1_454' title='bbox 1411 4183 1516 4223; x_wconf 88' lang='lat' dir='ltr'><strong>non</strong></span> <span class='ocrx_word' id='word_1_455' title='bbox 1546 4168 1793 4235; x_wconf 85' lang='lat' dir='ltr'><strong>audeam,</strong></span> <span class='ocrx_word' id='word_1_456' title='bbox 1833 4169 1904 4223; x_wconf 86' lang='lat' dir='ltr'><strong>ita</strong></span> <span class='ocrx_word' id='word_1_457' title='bbox 1922 4169 2179 4225; x_wconf 83' lang='lat' dir='ltr'><strong>lectorem</strong></span> <span class='ocrx_word' id='word_1_458' title='bbox 2208 4168 2439 4223; x_wconf 81' lang='lat' dir='ltr'><strong>invitare</strong></span> <span class='ocrx_word' id='word_1_459' title='bbox 2465 4182 2572 4224; x_wconf 79' lang='lat' dir='ltr'><strong>non</strong></span> <span class='ocrx_word' id='word_1_460' title='bbox 2602 4181 2811 4234; x_wconf 85' lang='lat' dir='ltr'><strong>vereor,</strong></span> <span class='ocrx_word' id='word_1_461' title='bbox 2857 4177 2912 4223; x_wconf 87' lang='lat' dir='ltr'><strong>ut</strong></span> <span class='ocrx_word' id='word_1_462' title='bbox 2936 4167 3226 4225; x_wconf 86' lang='lat' dir='ltr'><strong>editionem</strong></span> <span class='ocrx_word' id='word_1_463' title='bbox 3278 4168 3418 4224; x_wconf 85' lang='lat' dir='ltr'><strong>hanc</strong></span> <span class='ocrx_word' id='word_1_464' title='bbox 3443 4181 3568 4224; x_wconf 78' lang='lat' dir='ltr'><strong>cum</strong></span> 
     </span>
    </p>
   </div>
   <div class='ocr_carea' id='block_1_38' title="bbox 284 4260 2372 4334">
    <p class='ocr_par' dir='ltr' id='par_1_38' title="bbox 284 4260 2372 4334">
     <span class='ocr_line' id='line_1_38' title="bbox 284 4260 2372 4334; baseline 0 -19"><span class='ocrx_word' id='word_1_465' title='bbox 284 4260 757 4318; x_wconf 84' lang='lat' dir='ltr'><strong>aliiseditiouibus</strong></span> <span class='ocrx_word' id='word_1_466' title='bbox 785 4260 1053 4326; x_wconf 81' lang='lat' dir='ltr'><strong>conferat,</strong></span> <span class='ocrx_word' id='word_1_467' title='bbox 1080 4269 1136 4322; x_wconf 86' lang='lat' dir='ltr'><strong>et</strong></span> <span class='ocrx_word' id='word_1_468' title='bbox 1164 4262 1363 4316; x_wconf 86' lang='lat' dir='ltr'><strong>arbiter</strong></span> <span class='ocrx_word' id='word_1_469' title='bbox 1383 4262 1570 4318; x_wconf 88' lang='lat' dir='ltr'><strong>sedeat</strong></span> <span class='ocrx_word' id='word_1_470' title='bbox 1590 4279 1768 4332; x_wconf 69' lang='lat' dir='ltr'><strong>operte</strong></span> <span class='ocrx_word' id='word_1_471' title='bbox 1797 4278 1826 4318; x_wconf 90' lang='lat' dir='ltr'><strong>a</strong></span> <span class='ocrx_word' id='word_1_472' title='bbox 1853 4263 2074 4334; x_wconf 87' lang='lat' dir='ltr'><strong>singulis</strong></span> <span class='ocrx_word' id='word_1_473' title='bbox 2096 4262 2372 4334; x_wconf 53' lang='lat' dir='ltr'><strong>praestita.</strong></span> 
     </span>
    </p>
   </div>
   <div class='ocr_carea' id='block_1_39' title="bbox 362 4351 3570 4427">
    <p class='ocr_par' dir='ltr' id='par_1_39' title="bbox 362 4351 3570 4427">
     <span class='ocr_line' id='line_1_39' title="bbox 362 4351 3570 4427; baseline 0.002 -19"><span class='ocrx_word' id='word_1_474' title='bbox 362 4353 498 4421; x_wconf 62' lang='lat' dir='ltr'><strong>Quae</strong></span> <span class='ocrx_word' id='word_1_475' title='bbox 520 4353 653 4408; x_wconf 85' lang='lat' dir='ltr'><strong>mihi</strong></span> <span class='ocrx_word' id='word_1_476' title='bbox 677 4353 910 4408; x_wconf 87' lang='lat' dir='ltr'><strong>subsidia</strong></span> <span class='ocrx_word' id='word_1_477' title='bbox 931 4351 1149 4420; x_wconf 85' lang='lat' dir='ltr'><strong>fuerint,</strong></span> <span class='ocrx_word' id='word_1_478' title='bbox 1181 4365 1289 4410; x_wconf 91' lang='lat' dir='ltr'><strong>tum</strong></span> <span class='ocrx_word' id='word_1_479' title='bbox 1313 4369 1346 4411; x_wconf 88' lang='lat' dir='ltr'><strong>a</strong></span> <span class='ocrx_word' id='word_1_480' title='bbox 1373 4355 1527 4411; x_wconf 87' lang='lat' dir='ltr'><strong>libris</strong></span> <span class='ocrx_word' id='word_1_481' title='bbox 1557 4371 1712 4424; x_wconf 89' lang='lat' dir='ltr'><strong>mss.,</strong></span> <span class='ocrx_word' id='word_1_482' title='bbox 1746 4366 1856 4411; x_wconf 88' lang='lat' dir='ltr'><strong>tum</strong></span> <span class='ocrx_word' id='word_1_483' title='bbox 1878 4356 1947 4411; x_wconf 90' lang='lat' dir='ltr'><strong>ab</strong></span> <span class='ocrx_word' id='word_1_484' title='bbox 1975 4357 2162 4424; x_wconf 85' lang='lat' dir='ltr'><strong>Editis,</strong></span> <span class='ocrx_word' id='word_1_485' title='bbox 2193 4357 2321 4427; x_wconf 84' lang='lat' dir='ltr'><strong>quid</strong></span> <span class='ocrx_word' id='word_1_486' title='bbox 2353 4357 2439 4411; x_wconf 88' lang='lat' dir='ltr'><strong>alii</strong></span> <span class='ocrx_word' id='word_1_487' title='bbox 2462 4370 2673 4426; x_wconf 89' lang='lat' dir='ltr'><strong>quoque</strong></span> <span class='ocrx_word' id='word_1_488' title='bbox 2704 4356 3065 4426; x_wconf 59' lang='lat' dir='ltr'><strong>praestiterint,</strong></span> <span class='ocrx_word' id='word_1_489' title='bbox 3095 4357 3186 4426; x_wconf 88' lang='lat' dir='ltr'><strong>qui</strong></span> <span class='ocrx_word' id='word_1_490' title='bbox 3207 4366 3332 4413; x_wconf 87' lang='lat' dir='ltr'><strong>ante</strong></span> <span class='ocrx_word' id='word_1_491' title='bbox 3353 4373 3437 4414; x_wconf 89' lang='lat' dir='ltr'><strong>me</strong></span> <span class='ocrx_word' id='word_1_492' title='bbox 3469 4357 3570 4417; x_wconf 80' lang='lat' dir='ltr'><strong>hac</strong></span> 
     </span>
    </p>
   </div>
   <div class='ocr_carea' id='block_1_40' title="bbox 291 4445 3567 4522">
    <p class='ocr_par' dir='ltr' id='par_1_40' title="bbox 291 4445 3567 4522">
     <span class='ocr_line' id='line_1_40' title="bbox 291 4445 3567 4522; baseline 0.003 -22"><span class='ocrx_word' id='word_1_493' title='bbox 291 4445 586 4502; x_wconf 85' lang='lat' dir='ltr'><strong>decurrere</strong></span> <span class='ocrx_word' id='word_1_494' title='bbox 613 4447 808 4512; x_wconf 89' lang='lat' dir='ltr'><strong>orbita,</strong></span> <span class='ocrx_word' id='word_1_495' title='bbox 831 4445 1123 4503; x_wconf 87' lang='lat' dir='ltr'><strong>edisseram</strong></span> <span class='ocrx_word' id='word_1_496' title='bbox 1153 4448 1364 4515; x_wconf 90' lang='lat' dir='ltr'><strong>ordine,</strong></span> <span class='ocrx_word' id='word_1_497' title='bbox 1395 4453 1438 4504; x_wconf 87' lang='lat' dir='ltr'><strong>si</strong></span> <span class='ocrx_word' id='word_1_498' title='bbox 1483 4450 1628 4519; x_wconf 87' lang='lat' dir='ltr'><strong>prius</strong></span> <span class='ocrx_word' id='word_1_499' title='bbox 1649 4450 1716 4505; x_wconf 92' lang='lat' dir='ltr'><strong>de</strong></span> <span class='ocrx_word' id='word_1_500' title='bbox 1747 4451 1938 4506; x_wconf 89' lang='lat' dir='ltr'><strong>horum</strong></span> <span class='ocrx_word' id='word_1_501' title='bbox 1985 4452 2242 4506; x_wconf 88' lang='lat' dir='ltr'><strong>librorum</strong></span> <span class='ocrx_word' id='word_1_502' title='bbox 2267 4449 2618 4520; x_wconf 87' lang='lat' dir='ltr'><strong>inscriptione</strong></span> <span class='ocrx_word' id='word_1_503' title='bbox 2639 4491 2654 4515; x_wconf 90' lang='lat'><strong>,</strong></span> <span class='ocrx_word' id='word_1_504' title='bbox 2685 4452 3015 4515; x_wconf 86' lang='lat' dir='ltr'><strong>auctoribus,</strong></span> <span class='ocrx_word' id='word_1_505' title='bbox 3041 4453 3442 4522; x_wconf 86' lang='lat' dir='ltr'><strong>interpretibus,</strong></span> <span class='ocrx_word' id='word_1_506' title='bbox 3472 4469 3567 4509; x_wconf 89' lang='lat' dir='ltr'><strong>au-</strong></span> 
     </span>
    </p>
   </div>
   <div class='ocr_carea' id='block_1_41' title="bbox 287 4536 2814 4613">
    <p class='ocr_par' dir='ltr' id='par_1_41' title="bbox 287 4536 2814 4613">
     <span class='ocr_line' id='line_1_41' title="bbox 287 4536 2814 4613; baseline 0.002 -20"><span class='ocrx_word' id='word_1_507' title='bbox 287 4536 536 4593; x_wconf 84' lang='lat' dir='ltr'><strong>ctoritate</strong></span> <span class='ocrx_word' id='word_1_508' title='bbox 556 4538 698 4607; x_wconf 63' lang='lat' dir='ltr'><strong>(qua:</strong></span> <span class='ocrx_word' id='word_1_509' title='bbox 724 4536 983 4594; x_wconf 86' lang='lat' dir='ltr'><strong>solemnia</strong></span> <span class='ocrx_word' id='word_1_510' title='bbox 1013 4538 1125 4594; x_wconf 88' lang='lat' dir='ltr'><strong>fere</strong></span> <span class='ocrx_word' id='word_1_511' title='bbox 1149 4539 1473 4608; x_wconf 82' lang='lat' dir='ltr'><strong>praeambula</strong></span> <span class='ocrx_word' id='word_1_512' title='bbox 1517 4540 1668 4612; x_wconf 88' lang='lat' dir='ltr'><strong>sunt)</strong></span> <span class='ocrx_word' id='word_1_513' title='bbox 1697 4554 1806 4596; x_wconf 89' lang='lat' dir='ltr'><strong>non</strong></span> <span class='ocrx_word' id='word_1_514' title='bbox 1844 4543 2063 4598; x_wconf 90' lang='lat' dir='ltr'><strong>omnino</strong></span> <span class='ocrx_word' id='word_1_515' title='bbox 2090 4542 2451 4613; x_wconf 70' lang='lat' dir='ltr'><strong>perfunctorie</strong></span> <span class='ocrx_word' id='word_1_516' title='bbox 2481 4543 2814 4599; x_wconf 85' lang='lat' dir='ltr'><strong>disseruero.</strong></span> 
     </span>
    </p>
   </div>
   <div class='ocr_carea' id='block_1_42' title="bbox 287 4681 3569 4716">
    <p class='ocr_par' dir='ltr' id='par_1_42' title="bbox 287 4681 3569 4716">
     <span class='ocr_line' id='line_1_42' title="bbox 287 4681 3569 4716; baseline 0.003 -17"><span class='ocrx_word' id='word_1_517' title='bbox 287 4681 3569 4716; x_wconf 84' lang='lat'><strong>——————_—_.____.______________________________</strong></span> 
     </span>
    </p>
   </div>
   <div class='ocr_carea' id='block_1_43' title="bbox 643 4776 3555 4862">
    <p class='ocr_par' dir='ltr' id='par_1_43' title="bbox 643 4776 3555 4862">
     <span class='ocr_line' id='line_1_43' title="bbox 643 4776 3555 4862; baseline 0.005 -31"><span class='ocrx_word' id='word_1_518' title='bbox 643 4776 1194 4838; x_wconf 78' lang='lat' dir='ltr'><strong>PROLEGOMENON</strong></span> <span class='ocrx_word' id='word_1_519' title='bbox 1221 4779 1508 4836; x_wconf 76' lang='lat' dir='ltr'><strong>PRIMUM.</strong></span> <span class='ocrx_word' id='word_1_520' title='bbox 1894 4787 1951 4847; x_wconf 74' lang='grc' dir='ltr'>Α</span> <span class='ocrx_word' id='word_1_521' title='bbox 2043 4783 2097 4835; x_wconf 74' lang='lat'><strong>2.</strong></span> <span class='ocrx_word' id='word_1_522' title='bbox 2144 4780 2473 4852; x_wconf 86' lang='lat' dir='ltr'><strong>Gennadius,</strong></span> <span class='ocrx_word' id='word_1_523' title='bbox 2504 4782 2573 4839; x_wconf 91' lang='lat' dir='ltr'><strong>de</strong></span> <span class='ocrx_word' id='word_1_524' title='bbox 2599 4784 2793 4842; x_wconf 91' lang='lat' dir='ltr'><strong>illustr.</strong></span> <span class='ocrx_word' id='word_1_525' title='bbox 2831 4786 3085 4843; x_wconf 67' lang='lat' dir='ltr'><strong>Ecclesia:</strong></span> <span class='ocrx_word' id='word_1_526' title='bbox 3123 4788 3407 4859; x_wconf 86' lang='lat' dir='ltr'><strong>Scriptor.,</strong></span> <span class='ocrx_word' id='word_1_527' title='bbox 3436 4806 3555 4862; x_wconf 89' lang='lat' dir='ltr'><strong>cap.</strong></span> 
     </span>
    </p>
   </div>
   <div class='ocr_carea' id='block_1_44' title="bbox 609 4890 1548 4966">
    <p class='ocr_par' dir='ltr' id='par_1_44' title="bbox 609 4890 1548 4966">
     <span class='ocr_line' id='line_1_44' title="bbox 609 4890 1548 4966; baseline 0.01 -24"><span class='ocrx_word' id='word_1_528' title='bbox 609 4891 735 4954; x_wconf 64' lang='lat' dir='ltr'><strong>Quae</strong></span> <span class='ocrx_word' id='word_1_529' title='bbox 773 4890 956 4944; x_wconf 86' lang='lat' dir='ltr'><strong>horum</strong></span> <span class='ocrx_word' id='word_1_530' title='bbox 989 4891 1235 4952; x_wconf 81' lang='lat' dir='ltr'><strong>librorum</strong></span> <span class='ocrx_word' id='word_1_531' title='bbox 1264 4893 1548 4966; x_wconf 78' lang='lat' dir='ltr'><strong>inscriptio.</strong></span> 
     </span>
    </p>
   </div>
   <div class='ocr_carea' id='block_1_45' title="bbox 356 5000 1872 5075">
    <p class='ocr_par' dir='ltr' id='par_1_45' title="bbox 356 5000 1872 5075">
     <span class='ocr_line' id='line_1_45' title="bbox 356 5000 1872 5075; baseline 0.004 -21"><span class='ocrx_word' id='word_1_532' title='bbox 356 5001 462 5073; x_wconf 71' lang='grc' dir='ltr'><strong>[ιιι]</strong></span> <span class='ocrx_word' id='word_1_533' title='bbox 487 5000 613 5055; x_wconf 89' lang='lat' dir='ltr'><strong>Dico</strong></span> <span class='ocrx_word' id='word_1_534' title='bbox 643 5001 839 5071; x_wconf 91' lang='lat' dir='ltr'><strong>primo,</strong></span> <span class='ocrx_word' id='word_1_535' title='bbox 869 5011 926 5056; x_wconf 92' lang='lat' dir='ltr'><strong>ut</strong></span> <span class='ocrx_word' id='word_1_536' title='bbox 952 5017 1092 5058; x_wconf 85' lang='lat' dir='ltr'><strong>nunc</strong></span> <span class='ocrx_word' id='word_1_537' title='bbox 1118 5004 1340 5073; x_wconf 85' lang='lat' dir='ltr'><strong>passim,</strong></span> <span class='ocrx_word' id='word_1_538' title='bbox 1369 5006 1438 5060; x_wconf 85' lang='lat' dir='ltr'><strong>ita</strong></span> <span class='ocrx_word' id='word_1_539' title='bbox 1457 5005 1571 5075; x_wconf 86' lang='lat' dir='ltr'><strong>jam</strong></span> <span class='ocrx_word' id='word_1_540' title='bbox 1597 5005 1726 5061; x_wconf 86' lang='lat' dir='ltr'><strong>olim</strong></span> <span class='ocrx_word' id='word_1_541' title='bbox 1751 5006 1872 5062; x_wconf 89' lang='lat' dir='ltr'><strong>libri</strong></span> 
     </span>
    </p>
   </div>
   <div class='ocr_carea' id='block_1_46' title="bbox 288 5093 1872 5167">
    <p class='ocr_par' dir='ltr' id='par_1_46' title="bbox 288 5093 1872 5167">
     <span class='ocr_line' id='line_1_46' title="bbox 288 5093 1872 5167; baseline 0.004 -19"><span class='ocrx_word' id='word_1_542' title='bbox 288 5093 358 5162; x_wconf 86' lang='lat' dir='ltr'><strong>hi,</strong></span> <span class='ocrx_word' id='word_1_543' title='bbox 378 5094 482 5166; x_wconf 84' lang='lat' dir='ltr'><strong>(vel</strong></span> <span class='ocrx_word' id='word_1_544' title='bbox 497 5104 642 5150; x_wconf 83' lang='lat' dir='ltr'><strong>certe</strong></span> <span class='ocrx_word' id='word_1_545' title='bbox 656 5109 840 5154; x_wconf 86' lang='lat' dir='ltr'><strong>eorum</strong></span> <span class='ocrx_word' id='word_1_546' title='bbox 857 5097 999 5164; x_wconf 74' lang='lat' dir='ltr'><strong>pars)</strong></span> <span class='ocrx_word' id='word_1_547' title='bbox 1019 5096 1258 5167; x_wconf 86' lang='lat' dir='ltr'><strong>inscripti</strong></span> <span class='ocrx_word' id='word_1_548' title='bbox 1273 5096 1421 5154; x_wconf 83' lang='lat' dir='ltr'><strong>fuero</strong></span> <span class='ocrx_word' id='word_1_549' title='bbox 1438 5116 1452 5152; x_wconf 91' lang='lat'><strong>:</strong></span> <span class='ocrx_word' id='word_1_550' title='bbox 1476 5097 1612 5153; x_wconf 70' lang='lat' dir='ltr'><strong>Vita</strong></span> <span class='ocrx_word' id='word_1_551' title='bbox 1629 5098 1872 5154; x_wconf 84' lang='lat' dir='ltr'><strong>Patrum.</strong></span> 
     </span>
    </p>
   </div>
   <div class='ocr_carea' id='block_1_47' title="bbox 360 5189 1872 5258">
    <p class='ocr_par' dir='ltr' id='par_1_47' title="bbox 360 5189 1872 5258">
     <span class='ocr_line' id='line_1_47' title="bbox 360 5189 1872 5258; baseline 0.007 -18"><span class='ocrx_word' id='word_1_552' title='bbox 360 5190 407 5240; x_wconf 87' lang='lat' dir='ltr'><strong>l.</strong></span> <span class='ocrx_word' id='word_1_553' title='bbox 440 5189 684 5244; x_wconf 84' lang='lat' dir='ltr'><strong>Gelasius</strong></span> <span class='ocrx_word' id='word_1_554' title='bbox 715 5205 870 5258; x_wconf 85' lang='lat' dir='ltr'><strong>papa,</strong></span> <span class='ocrx_word' id='word_1_555' title='bbox 903 5190 954 5245; x_wconf 89' lang='lat' dir='ltr'><strong>in</strong></span> <span class='ocrx_word' id='word_1_556' title='bbox 984 5191 1212 5247; x_wconf 84' lang='lat' dir='ltr'><strong>concilio</strong></span> <span class='ocrx_word' id='word_1_557' title='bbox 1230 5207 1373 5247; x_wconf 87' lang='lat' dir='ltr'><strong>anno</strong></span> <span class='ocrx_word' id='word_1_558' title='bbox 1391 5192 1588 5249; x_wconf 87' lang='lat' dir='ltr'><strong>Christi</strong></span> <span class='ocrx_word' id='word_1_559' title='bbox 1619 5194 1726 5250; x_wconf 71' lang='grc'><strong>494</strong></span> <span class='ocrx_word' id='word_1_560' title='bbox 1749 5210 1872 5251; x_wconf 91' lang='lat' dir='ltr'><strong>cum</strong></span> 
     </span>
    </p>
   </div>
   <div class='ocr_carea' id='block_1_48' title="bbox 290 5283 1870 5350">
    <p class='ocr_par' dir='ltr' id='par_1_48' title="bbox 290 5283 1870 5350">
     <span class='ocr_line' id='line_1_48' title="bbox 290 5283 1870 5350; baseline 0.004 -14"><span class='ocrx_word' id='word_1_561' title='bbox 290 5297 385 5336; x_wconf 70' lang='lat' dir='ltr'><strong>tu</strong></span> <span class='ocrx_word' id='word_1_562' title='bbox 417 5283 686 5350; x_wconf 80' lang='lat' dir='ltr'><strong>episcOpis</strong></span> <span class='ocrx_word' id='word_1_563' title='bbox 711 5283 896 5338; x_wconf 72' lang='lat' dir='ltr'><strong>Romae</strong></span> <span class='ocrx_word' id='word_1_564' title='bbox 925 5283 1112 5340; x_wconf 83' lang='lat' dir='ltr'><strong>habito</strong></span> <span class='ocrx_word' id='word_1_565' title='bbox 1152 5285 1419 5342; x_wconf 65' lang='lat' dir='ltr'><strong>detractum</strong></span> <span class='ocrx_word' id='word_1_566' title='bbox 1463 5285 1651 5341; x_wconf 85' lang='lat' dir='ltr'><strong>habuit</strong></span> <span class='ocrx_word' id='word_1_567' title='bbox 1697 5287 1870 5343; x_wconf 85' lang='lat' dir='ltr'><strong>eccle-</strong></span> 
     </span>
    </p>
   </div>
   <div class='ocr_carea' id='block_1_49' title="bbox 289 5374 1874 5452">
    <p class='ocr_par' dir='ltr' id='par_1_49' title="bbox 289 5374 1874 5452">
     <span class='ocr_line' id='line_1_49' title="bbox 289 5374 1874 5452; baseline 0.004 -26"><span class='ocrx_word' id='word_1_568' title='bbox 289 5375 624 5430; x_wconf 81' lang='lat' dir='ltr'><strong>siasticorum</strong></span> <span class='ocrx_word' id='word_1_569' title='bbox 671 5374 950 5452; x_wconf 86' lang='lat' dir='ltr'><strong>librorum,</strong></span> <span class='ocrx_word' id='word_1_570' title='bbox 997 5377 1378 5447; x_wconf 82' lang='lat' dir='ltr'><strong>decretumque</strong></span> <span class='ocrx_word' id='word_1_571' title='bbox 1411 5377 1688 5445; x_wconf 85' lang='lat' dir='ltr'><strong>condidit,</strong></span> <span class='ocrx_word' id='word_1_572' title='bbox 1727 5379 1874 5446; x_wconf 90' lang='lat' dir='ltr'><strong>quod</strong></span> 
     </span>
    </p>
   </div>
   <div class='ocr_carea' id='block_1_50' title="bbox 293 5463 1875 5540">
    <p class='ocr_par' dir='ltr' id='par_1_50' title="bbox 293 5463 1875 5540">
     <span class='ocr_line' id='line_1_50' title="bbox 293 5463 1875 5540; baseline 0.003 -20"><span class='ocrx_word' id='word_1_573' title='bbox 293 5463 514 5523; x_wconf 88' lang='lat' dir='ltr'><strong>habetur</strong></span> <span class='ocrx_word' id='word_1_574' title='bbox 545 5469 598 5522; x_wconf 87' lang='lat' dir='ltr'><strong>in</strong></span> <span class='ocrx_word' id='word_1_575' title='bbox 647 5467 868 5524; x_wconf 69' lang='lat' dir='ltr'><strong>decreto</strong></span> <span class='ocrx_word' id='word_1_576' title='bbox 917 5467 1158 5525; x_wconf 79' lang='lat' dir='ltr'><strong>Gratiani</strong></span> <span class='ocrx_word' id='word_1_577' title='bbox 1209 5469 1337 5525; x_wconf 87' lang='lat' dir='ltr'><strong>dist.</strong></span> <span class='ocrx_word' id='word_1_578' title='bbox 1383 5469 1473 5538; x_wconf 74' lang='grc'><strong>15,</strong></span> <span class='ocrx_word' id='word_1_579' title='bbox 1510 5485 1630 5540; x_wconf 85' lang='lat' dir='ltr'><strong>cap.</strong></span> <span class='ocrx_word' id='word_1_580' title='bbox 1679 5470 1875 5528; x_wconf 78' lang='lat' dir='ltr'><strong>Sancta</strong></span> 
     </span>
    </p>
   </div>
   <div class='ocr_carea' id='block_1_51' title="bbox 294 5555 1870 5632">
    <p class='ocr_par' dir='ltr' id='par_1_51' title="bbox 294 5555 1870 5632">
     <span class='ocr_line' id='line_1_51' title="bbox 294 5555 1870 5632; baseline 0.006 -23"><span class='ocrx_word' id='word_1_581' title='bbox 294 5555 522 5614; x_wconf 62' lang='lat' dir='ltr'><strong>[Romana</strong></span> <span class='ocrx_word' id='word_1_582' title='bbox 546 5557 804 5627; x_wconf 77' lang='lat' dir='ltr'><strong>Ecclesia,</strong></span> <span class='ocrx_word' id='word_1_583' title='bbox 835 5559 892 5616; x_wconf 86' lang='lat' dir='ltr'><strong>in</strong></span> <span class='ocrx_word' id='word_1_584' title='bbox 915 5574 1024 5628; x_wconf 79' lang='lat' dir='ltr'><strong>quo</strong></span> <span class='ocrx_word' id='word_1_585' title='bbox 1053 5560 1156 5618; x_wconf 71' lang='lat' dir='ltr'><strong>ista</strong></span> <span class='ocrx_word' id='word_1_586' title='bbox 1183 5561 1344 5618; x_wconf 74' lang='lat' dir='ltr'><strong>habet</strong></span> <span class='ocrx_word' id='word_1_587' title='bbox 1369 5579 1382 5614; x_wconf 89' lang='lat'><strong>:</strong></span> <span class='ocrx_word' id='word_1_588' title='bbox 1439 5561 1588 5617; x_wconf 67' lang='lat' dir='ltr'><strong>Vitas</strong></span> <span class='ocrx_word' id='word_1_589' title='bbox 1627 5563 1870 5632; x_wconf 85' lang='lat' dir='ltr'><strong>Patrum,</strong></span> 
     </span>
    </p>
   </div>
   <div class='ocr_carea' id='block_1_52' title="bbox 291 5647 1869 5724">
    <p class='ocr_par' dir='ltr' id='par_1_52' title="bbox 291 5647 1869 5724">
     <span class='ocr_line' id='line_1_52' title="bbox 291 5647 1869 5724; baseline 0.006 -20"><span class='ocrx_word' id='word_1_590' title='bbox 291 5647 455 5716; x_wconf 78' lang='lat' dir='ltr'><strong>Pauli,</strong></span> <span class='ocrx_word' id='word_1_591' title='bbox 501 5653 744 5719; x_wconf 74' lang='lat' dir='ltr'><strong>Antonii,</strong></span> <span class='ocrx_word' id='word_1_592' title='bbox 777 5651 1086 5719; x_wconf 82' lang='lat' dir='ltr'><strong>Hilarionis,</strong></span> <span class='ocrx_word' id='word_1_593' title='bbox 1135 5665 1190 5711; x_wconf 89' lang='lat' dir='ltr'><strong>et</strong></span> <span class='ocrx_word' id='word_1_594' title='bbox 1216 5656 1453 5716; x_wconf 76' lang='lat' dir='ltr'><strong>omnium</strong></span> <span class='ocrx_word' id='word_1_595' title='bbox 1504 5657 1869 5724; x_wconf 85' lang='lat' dir='ltr'><strong>eremitarum,</strong></span> 
     </span>
    </p>
   </div>
   <div class='ocr_carea' id='block_1_53' title="bbox 290 5747 1872 5822">
    <p class='ocr_par' dir='ltr' id='par_1_53' title="bbox 290 5747 1872 5822">
     <span class='ocr_line' id='line_1_53' title="bbox 290 5747 1872 5822; baseline 0.007 -22"><span class='ocrx_word' id='word_1_596' title='bbox 290 5761 416 5814; x_wconf 87' lang='lat' dir='ltr'><strong>quas</strong></span> <span class='ocrx_word' id='word_1_597' title='bbox 433 5758 610 5803; x_wconf 83' lang='lat' dir='ltr'><strong>tamen</strong></span> <span class='ocrx_word' id='word_1_598' title='bbox 629 5747 708 5802; x_wconf 84' lang='lat' dir='ltr'><strong>vir</strong></span> <span class='ocrx_word' id='word_1_599' title='bbox 729 5749 917 5808; x_wconf 70' lang='lat' dir='ltr'><strong>beatus</strong></span> <span class='ocrx_word' id='word_1_600' title='bbox 931 5749 1151 5820; x_wconf 66' lang='lat' dir='ltr'><strong>Scripsit</strong></span> <span class='ocrx_word' id='word_1_601' title='bbox 1171 5749 1554 5822; x_wconf 69' lang='lat' dir='ltr'><strong>Hieronymus,</strong></span> <span class='ocrx_word' id='word_1_602' title='bbox 1571 5766 1698 5809; x_wconf 79' lang='lat' dir='ltr'><strong>cum</strong></span> <span class='ocrx_word' id='word_1_603' title='bbox 1723 5753 1872 5811; x_wconf 83' lang='lat' dir='ltr'><strong>omni</strong></span> 
     </span>
    </p>
   </div>
   <div class='ocr_carea' id='block_1_54' title="bbox 293 5839 916 5914">
    <p class='ocr_par' dir='ltr' id='par_1_54' title="bbox 293 5839 916 5914">
     <span class='ocr_line' id='line_1_54' title="bbox 293 5839 916 5914; baseline 0.006 -18"><span class='ocrx_word' id='word_1_604' title='bbox 293 5839 491 5904; x_wconf 82' lang='lat' dir='ltr'><strong>ltouore</strong></span> <span class='ocrx_word' id='word_1_605' title='bbox 513 5843 866 5914; x_wconf 70' lang='lat' dir='ltr'><strong>suaseipi-us.</strong></span> <span class='ocrx_word' id='word_1_606' title='bbox 889 5859 916 5900; x_wconf 72' lang='grc' dir='ltr'><strong><em>ο</em></strong></span> 
     </span>
    </p>
   </div>
   <div class='ocr_carea' id='block_1_55' title="bbox 1987 4873 3561 4956">
    <p class='ocr_par' dir='ltr' id='par_1_55' title="bbox 1987 4873 3561 4956">
     <span class='ocr_line' id='line_1_55' title="bbox 1987 4873 3561 4956; baseline 0.009 -29"><span class='ocrx_word' id='word_1_607' title='bbox 1987 4874 2071 4942; x_wconf 83' lang='lat' dir='ltr'><strong>ll,</strong></span> <span class='ocrx_word' id='word_1_608' title='bbox 2094 4873 2148 4929; x_wconf 84' lang='lat' dir='ltr'><strong>in</strong></span> <span class='ocrx_word' id='word_1_609' title='bbox 2169 4875 2395 4946; x_wconf 78' lang='lat' dir='ltr'><strong>Evagrio</strong></span> <span class='ocrx_word' id='word_1_610' title='bbox 2409 4880 2703 4934; x_wconf 87' lang='lat' dir='ltr'><strong>monacho:</strong></span> <span class='ocrx_word' id='word_1_611' title='bbox 2735 4897 2753 4930; x_wconf 85' lang='grc'><em>‹</em></span> <span class='ocrx_word' id='word_1_612' title='bbox 2781 4879 2943 4952; x_wconf 83' lang='lat' dir='ltr'><strong>Cujus</strong></span> <span class='ocrx_word' id='word_1_613' title='bbox 2958 4881 3120 4937; x_wconf 89' lang='lat' dir='ltr'><strong>etiam</strong></span> <span class='ocrx_word' id='word_1_614' title='bbox 3138 4883 3290 4953; x_wconf 87' lang='lat' dir='ltr'><strong>liber,</strong></span> <span class='ocrx_word' id='word_1_615' title='bbox 3313 4884 3404 4956; x_wconf 87' lang='lat' dir='ltr'><strong>qui</strong></span> <span class='ocrx_word' id='word_1_616' title='bbox 3433 4885 3561 4940; x_wconf 87' lang='lat' dir='ltr'><strong>atti-</strong></span> 
     </span>
    </p>
   </div>
   <div class='ocr_carea' id='block_1_56' title="bbox 1985 4966 3564 5036">
    <p class='ocr_par' dir='ltr' id='par_1_56' title="bbox 1985 4966 3564 5036">
     <span class='ocr_line' id='line_1_56' title="bbox 1985 4966 3564 5036; baseline 0.008 -17"><span class='ocrx_word' id='word_1_617' title='bbox 1985 4966 2179 5020; x_wconf 88' lang='lat' dir='ltr'><strong>tulatur</strong></span> <span class='ocrx_word' id='word_1_618' title='bbox 2216 4966 2348 5023; x_wconf 75' lang='lat' dir='ltr'><strong>Vita:</strong></span> <span class='ocrx_word' id='word_1_619' title='bbox 2378 4967 2617 5036; x_wconf 86' lang='lat' dir='ltr'><strong>Patrum,</strong></span> <span class='ocrx_word' id='word_1_620' title='bbox 2647 4971 2793 5025; x_wconf 85' lang='lat' dir='ltr'><strong>velut</strong></span> <span class='ocrx_word' id='word_1_621' title='bbox 2820 4973 3268 5030; x_wconf 85' lang='lat' dir='ltr'><strong>continentissimi</strong></span> <span class='ocrx_word' id='word_1_622' title='bbox 3296 4984 3347 5029; x_wconf 88' lang='lat' dir='ltr'><strong>et</strong></span> <span class='ocrx_word' id='word_1_623' title='bbox 3375 4975 3564 5031; x_wconf 89' lang='lat' dir='ltr'><strong>erudi-</strong></span> 
     </span>
    </p>
   </div>
   <div class='ocr_carea' id='block_1_57' title="bbox 1983 5058 3568 5137">
    <p class='ocr_par' dir='ltr' id='par_1_57' title="bbox 1983 5058 3568 5137">
     <span class='ocr_line' id='line_1_57' title="bbox 1983 5058 3568 5137; baseline 0.006 -25"><span class='ocrx_word' id='word_1_624' title='bbox 1983 5058 2171 5113; x_wconf 87' lang='lat' dir='ltr'><strong>tissimi</strong></span> <span class='ocrx_word' id='word_1_625' title='bbox 2201 5061 2300 5114; x_wconf 78' lang='lat' dir='ltr'><strong>viri</strong></span> <span class='ocrx_word' id='word_1_626' title='bbox 2331 5060 2658 5117; x_wconf 90' lang='lat' dir='ltr'><strong>mentionem</strong></span> <span class='ocrx_word' id='word_1_627' title='bbox 2686 5061 2832 5118; x_wconf 83' lang='lat' dir='ltr'><strong>facit.</strong></span> <span class='ocrx_word' id='word_1_628' title='bbox 2867 5083 2887 5118; x_wconf 72' lang='grc' dir='ltr'><strong><em>ι</em></strong></span> <span class='ocrx_word' id='word_1_629' title='bbox 2922 5065 2989 5124; x_wconf 84' lang='lat' dir='ltr'><strong>Et</strong></span> <span class='ocrx_word' id='word_1_630' title='bbox 3017 5081 3137 5137; x_wconf 91' lang='lat' dir='ltr'><strong>cap.</strong></span> <span class='ocrx_word' id='word_1_631' title='bbox 3165 5067 3257 5136; x_wconf 69' lang='lat' dir='ltr'><strong>4i,</strong></span> <span class='ocrx_word' id='word_1_632' title='bbox 3281 5065 3348 5122; x_wconf 85' lang='lat' dir='ltr'><strong>de</strong></span> <span class='ocrx_word' id='word_1_633' title='bbox 3377 5065 3568 5128; x_wconf 82' lang='lat' dir='ltr'><strong>Petro-</strong></span> 
     </span>
    </p>
   </div>
   <div class='ocr_carea' id='block_1_58' title="bbox 1983 5151 3569 5229">
    <p class='ocr_par' dir='ltr' id='par_1_58' title="bbox 1983 5151 3569 5229">
     <span class='ocr_line' id='line_1_58' title="bbox 1983 5151 3569 5229; baseline 0.008 -24"><span class='ocrx_word' id='word_1_634' title='bbox 1983 5151 2072 5206; x_wconf 89' lang='lat' dir='ltr'><strong>nio</strong></span> <span class='ocrx_word' id='word_1_635' title='bbox 2097 5151 2420 5210; x_wconf 89' lang='lat' dir='ltr'><strong>Bononiensi</strong></span> <span class='ocrx_word' id='word_1_636' title='bbox 2452 5155 2743 5228; x_wconf 87' lang='lat' dir='ltr'><strong>episcopo:</strong></span> <span class='ocrx_word' id='word_1_637' title='bbox 2781 5176 2799 5210; x_wconf 76' lang='grc' dir='ltr'>ι</span> <span class='ocrx_word' id='word_1_638' title='bbox 2839 5157 3128 5229; x_wconf 84' lang='lat' dir='ltr'><strong>Scripsisse</strong></span> <span class='ocrx_word' id='word_1_639' title='bbox 3173 5169 3389 5229; x_wconf 85' lang='lat' dir='ltr'><strong>putatur</strong></span> <span class='ocrx_word' id='word_1_640' title='bbox 3423 5162 3569 5219; x_wconf 86' lang='lat' dir='ltr'><strong>Vitas</strong></span> 
     </span>
    </p>
   </div>
   <div class='ocr_carea' id='block_1_59' title="bbox 1984 5243 2930 5322">
    <p class='ocr_par' dir='ltr' id='par_1_59' title="bbox 1984 5243 2930 5322">
     <span class='ocr_line' id='line_1_59' title="bbox 1984 5243 2930 5322; baseline 0.006 -22"><span class='ocrx_word' id='word_1_641' title='bbox 1984 5243 2202 5300; x_wconf 89' lang='lat' dir='ltr'><strong>Patrum</strong></span> <span class='ocrx_word' id='word_1_642' title='bbox 2223 5247 2604 5306; x_wconf 89' lang='lat' dir='ltr'><strong>monachorum</strong></span> <span class='ocrx_word' id='word_1_643' title='bbox 2637 5249 2871 5322; x_wconf 67' lang='lat' dir='ltr'><strong>Aigypti.</strong></span> <span class='ocrx_word' id='word_1_644' title='bbox 2911 5271 2930 5306; x_wconf 70' lang='grc' dir='ltr'>ι</span> 
     </span>
    </p>
   </div>
   <div class='ocr_carea' id='block_1_60' title="bbox 2052 5339 3567 5422">
    <p class='ocr_par' dir='ltr' id='par_1_60' title="bbox 2052 5339 3567 5422">
     <span class='ocr_line' id='line_1_60' title="bbox 2052 5339 3567 5422; baseline 0.008 -30"><span class='ocrx_word' id='word_1_645' title='bbox 2052 5339 2106 5394; x_wconf 76' lang='lat'><strong>5.</strong></span> <span class='ocrx_word' id='word_1_646' title='bbox 2148 5340 2467 5398; x_wconf 87' lang='lat' dir='ltr'><strong>Paschasius</strong></span> <span class='ocrx_word' id='word_1_647' title='bbox 2503 5342 2560 5400; x_wconf 90' lang='lat' dir='ltr'><strong>S.</strong></span> <span class='ocrx_word' id='word_1_648' title='bbox 2595 5343 2657 5398; x_wconf 84' lang='lat' dir='ltr'><strong>R.</strong></span> <span class='ocrx_word' id='word_1_649' title='bbox 2709 5345 2773 5400; x_wconf 86' lang='lat' dir='ltr'><strong>E.</strong></span> <span class='ocrx_word' id='word_1_650' title='bbox 2807 5345 3064 5404; x_wconf 87' lang='lat' dir='ltr'><strong>diaconus</strong></span> <span class='ocrx_word' id='word_1_651' title='bbox 3089 5346 3314 5422; x_wconf 81' lang='lat' dir='ltr'><strong>prologo</strong></span> <span class='ocrx_word' id='word_1_652' title='bbox 3362 5363 3461 5411; x_wconf 84' lang='lat' dir='ltr'><strong>suo</strong></span> <span class='ocrx_word' id='word_1_653' title='bbox 3511 5349 3567 5404; x_wconf 90' lang='lat' dir='ltr'><strong>in</strong></span> 
     </span>
    </p>
   </div>
   <div class='ocr_carea' id='block_1_61' title="bbox 1981 5431 3568 5509">
    <p class='ocr_par' dir='ltr' id='par_1_61' title="bbox 1981 5431 3568 5509">
     <span class='ocr_line' id='line_1_61' title="bbox 1981 5431 3568 5509; baseline 0.008 -23"><span class='ocrx_word' id='word_1_654' title='bbox 1981 5431 2197 5502; x_wconf 90' lang='lat' dir='ltr'><strong>librum,</strong></span> <span class='ocrx_word' id='word_1_655' title='bbox 2245 5449 2402 5506; x_wconf 87' lang='lat' dir='ltr'><strong>quem</strong></span> <span class='ocrx_word' id='word_1_656' title='bbox 2435 5435 2502 5493; x_wconf 87' lang='lat' dir='ltr'><strong>de</strong></span> <span class='ocrx_word' id='word_1_657' title='bbox 2538 5437 2672 5494; x_wconf 88' lang='lat' dir='ltr'><strong>Vitis</strong></span> <span class='ocrx_word' id='word_1_658' title='bbox 2708 5438 2925 5495; x_wconf 87' lang='lat' dir='ltr'><strong>Patrum</strong></span> <span class='ocrx_word' id='word_1_659' title='bbox 2971 5447 3161 5509; x_wconf 72' lang='lat' dir='ltr'><strong>rogatu</strong></span> <span class='ocrx_word' id='word_1_660' title='bbox 3211 5438 3420 5498; x_wconf 81' lang='lat' dir='ltr'><strong>Martini</strong></span> <span class='ocrx_word' id='word_1_661' title='bbox 3460 5441 3568 5498; x_wconf 82' lang='lat' dir='ltr'><strong>Du-</strong></span> 
     </span>
    </p>
   </div>
   <div class='ocr_carea' id='block_1_62' title="bbox 1979 5524 3563 5593">
    <p class='ocr_par' dir='ltr' id='par_1_62' title="bbox 1979 5524 3563 5593">
     <span class='ocr_line' id='line_1_62' title="bbox 1979 5524 3563 5593; baseline 0.006 -13"><span class='ocrx_word' id='word_1_662' title='bbox 1979 5524 2200 5582; x_wconf 88' lang='lat' dir='ltr'><strong>miensis</strong></span> <span class='ocrx_word' id='word_1_663' title='bbox 2239 5527 2447 5584; x_wconf 85' lang='lat' dir='ltr'><strong>abbatis</strong></span> <span class='ocrx_word' id='word_1_664' title='bbox 2495 5529 2767 5586; x_wconf 88' lang='lat' dir='ltr'><strong>Latinitati</strong></span> <span class='ocrx_word' id='word_1_665' title='bbox 2800 5529 3057 5588; x_wconf 81' lang='lat' dir='ltr'><strong>donavit:</strong></span> <span class='ocrx_word' id='word_1_666' title='bbox 3114 5550 3132 5584; x_wconf 77' lang='grc' dir='ltr'>ι</span> <span class='ocrx_word' id='word_1_667' title='bbox 3165 5531 3310 5593; x_wconf 85' lang='lat' dir='ltr'><strong>Vitas</strong></span> <span class='ocrx_word' id='word_1_668' title='bbox 3342 5533 3563 5592; x_wconf 83' lang='lat' dir='ltr'><strong>Patrum</strong></span> 
     </span>
    </p>
   </div>
   <div class='ocr_carea' id='block_1_63' title="bbox 1978 5619 3564 5696">
    <p class='ocr_par' dir='ltr' id='par_1_63' title="bbox 1978 5619 3564 5696">
     <span class='ocr_line' id='line_1_63' title="bbox 1978 5619 3564 5696; baseline 0.007 -27"><span class='ocrx_word' id='word_1_669' title='bbox 1978 5629 2306 5688; x_wconf 80' lang='lat' dir='ltr'><strong>sanctorum,</strong></span> <span class='ocrx_word' id='word_1_670' title='bbox 2339 5619 2646 5678; x_wconf 62' lang='lat' dir='ltr'><strong>Grecorum</strong></span> <span class='ocrx_word' id='word_1_671' title='bbox 2678 5620 2761 5690; x_wconf 88' lang='lat' dir='ltr'><strong>(ut</strong></span> <span class='ocrx_word' id='word_1_672' title='bbox 2788 5628 3007 5696; x_wconf 69' lang='lat' dir='ltr'><strong>emtam)</strong></span> <span class='ocrx_word' id='word_1_673' title='bbox 3046 5623 3295 5686; x_wconf 78' lang='lat' dir='ltr'><strong>facundia</strong></span> <span class='ocrx_word' id='word_1_674' title='bbox 3325 5625 3564 5682; x_wconf 79' lang='lat' dir='ltr'><strong>studiose</strong></span> 
     </span>
    </p>
   </div>
   <div class='ocr_carea' id='block_1_64' title="bbox 1977 5712 3562 5784">
    <p class='ocr_par' dir='ltr' id='par_1_64' title="bbox 1977 5712 3562 5784">
     <span class='ocr_line' id='line_1_64' title="bbox 1977 5712 3562 5784; baseline 0.003 -17"><span class='ocrx_word' id='word_1_675' title='bbox 1977 5714 2330 5784; x_wconf 88' lang='lat' dir='ltr'><strong>conscriptas,</strong></span> <span class='ocrx_word' id='word_1_676' title='bbox 2353 5712 2539 5782; x_wconf 89' lang='lat' dir='ltr'><strong>jussus</strong></span> <span class='ocrx_word' id='word_1_677' title='bbox 2569 5727 2598 5765; x_wconf 86' lang='lat' dir='ltr'><strong>a</strong></span> <span class='ocrx_word' id='word_1_678' title='bbox 2640 5720 2713 5778; x_wconf 91' lang='lat' dir='ltr'><strong>te,</strong></span> <span class='ocrx_word' id='word_1_679' title='bbox 2756 5714 3092 5773; x_wconf 79' lang='lat' dir='ltr'><strong>sanctissime</strong></span> <span class='ocrx_word' id='word_1_680' title='bbox 3121 5717 3300 5784; x_wconf 87' lang='lat' dir='ltr'><strong>Pater,</strong></span> <span class='ocrx_word' id='word_1_681' title='bbox 3332 5716 3387 5772; x_wconf 89' lang='lat' dir='ltr'><strong>in</strong></span> <span class='ocrx_word' id='word_1_682' title='bbox 3414 5716 3562 5772; x_wconf 88' lang='lat' dir='ltr'><strong>Lati-</strong></span> 
     </span>
    </p>
   </div>
   <div class='ocr_carea' id='block_1_65' title="bbox 1975 5807 2844 5868">
    <p class='ocr_par' dir='ltr' id='par_1_65' title="bbox 1975 5807 2844 5868">
     <span class='ocr_line' id='line_1_65' title="bbox 1975 5807 2844 5868; baseline 0.001 -6"><span class='ocrx_word' id='word_1_683' title='bbox 1975 5821 2104 5868; x_wconf 87' lang='lat' dir='ltr'><strong>num</strong></span> <span class='ocrx_word' id='word_1_684' title='bbox 2135 5807 2425 5863; x_wconf 87' lang='lat' dir='ltr'><strong>transferre</strong></span> <span class='ocrx_word' id='word_1_685' title='bbox 2462 5819 2785 5863; x_wconf 87' lang='lat' dir='ltr'><strong>sermonem.</strong></span> <span class='ocrx_word' id='word_1_686' title='bbox 2823 5825 2844 5862; x_wconf 69' lang='grc' dir='ltr'><strong><em>ι</em></strong></span> 
     </span>
    </p>
   </div>
  </div>
