4124 6350
514 329 583 402 ιε
1455 333 1518 402 IN
1565 333 1762 404 VITAS
1802 339 2087 403 PATRUM
2128 339 2639 400 PBOLEGOMENA
2681 340 2879 400 XXVI.
3747 325 3811 395 ιϐ

593 458 646 512 4.
687 453 1040 512 Cassiodorus
1073 446 1245 512 lnSIit.
1273 457 1442 514 divin.
1471 459 1594 514 lect.
1620 475 1739 530 cap.
1769 461 1875 516 32:
1912 479 1930 513 ι
1968 458 2115 514 Vitas
2141 462 2192 520 Α
2219 459 2496 514 mentione
2524 457 2576 511 in
2603 457 2750 512 hisce
2774 455 2945 512 libris.
2973 453 3129 528 Apud
3152 455 3446 524 Bullinum,
3478 455 3574 513 lib.
3602 469 3660 512 ιιι
3703 455 3804 514 Vi-

517 549 758 616 Patrum,
791 548 1153 604 confessiones
1195 549 1451 612 fidelium,
1487 551 1763 620 passiones
1813 561 2106 622 martyrum

516 639 679 710 legite
699 647 1036 703 constanter;
1070 653 1200 706 quas
1249 639 1388 694 inter
1431 639 1530 693 alia
1561 640 1613 694 in
1657 640 1880 710 epistola
1923 641 2110 695 Hiero-

518 734 668 804 nymi
717 731 782 786 ad
826 731 1189 788 Chromatium
1244 742 1298 786 et
1348 731 1692 788 Heliodorum
1762 732 2109 802 proculdubio

521 825 796 895 reperitis,
825 825 914 893 qui
945 840 1038 893 per
1068 833 1236 879 totum
1259 824 1444 878 orbem
1477 834 1736 880 terrarum
1771 824 2026 890 ﬂoruere,
2049 831 2109 878 ut

517 927 702 972 sancta
743 916 969 971 imitatio
1019 932 1112 972 vos
1164 932 1490 987 provocans,
1537 917 1604 973 ad
1643 918 1884 974 caelestia
1945 931 2109 985 regna

519 1009 799 1080 perducat.
841 1031 860 1063 ι

594 1101 646 1154 5.
687 1101 912 1157 Sanctus
954 1101 1273 1157 Benedictus
1324 1103 1375 1158 in
1431 1103 1612 1172 regula
1655 1118 1772 1171 sua,
1823 1118 1943 1173 cap.
1992 1102 2106 1156 42:

447 1201 456 1213 ‘
518 1190 768 1248 Monachi
824 1194 974 1248 omni
1025 1203 1289 1264 tempore,
1346 1196 1460 1250 sive
1504 1195 1691 1266 jejunii
1741 1197 1852 1252 sive
1901 1197 2110 1266 prandii

516 1284 696 1352 fuerit,
731 1302 852 1341 mox
883 1297 940 1341 ut
989 1289 1321 1344 surrexerint
1359 1304 1389 1342 a
1436 1305 1614 1358 coma,
1658 1292 1879 1346 sedeant
1920 1306 2112 1348 omnes

518 1380 573 1434 in
596 1397 782 1448 unum,
812 1391 864 1436 et
895 1383 1035 1452 legat
1059 1399 1196 1439 unus
1218 1385 1546 1441 Collationes
1568 1387 1650 1442 vel
1684 1387 1829 1442 Vitas
1869 1387 2108 1454 Patrum,

518 1482 613 1529 aut
635 1484 781 1530 certe
812 1476 1010 1545 aliquid
1037 1478 1176 1548 quod
1203 1479 1431 1534 aediﬁcet
1451 1480 1750 1536 audientes.

542 1599 544 1601 ›
589 1566 642 1618 6.
688 1566 978 1638 Gregorius
1022 1570 1374 1639 Turonensis,
1433 1572 1528 1627 lib.
1564 1588 1579 1627 ι
1611 1574 1676 1627 de
1725 1573 1846 1627 Vita
1895 1572 2112 1626 Patrum

517 1657 600 1713 sui
629 1659 833 1724 szeculi,
869 1660 921 1714 in
949 1660 1232 1718 Leobardo
1259 1665 1469 1720 recluso
1492 1705 1508 1731 ,
1540 1678 1660 1735 cap.
1688 1663 1774 1730 l2,
1809 1665 1892 1718 cui
1937 1672 2113 1719 tenta-

517 1749 596 1804 tio
642 1750 890 1805 cellulam
946 1751 1283 1823 relinquendi
1337 1757 1630 1811 incesserat

1680 1773 1694 1810 :
1751 1775 1770 1808 ι
1828 1757 1940 1825 Ego
1986 1771 2134 1835 vero.

2219 560 2390 605 tarum
2425 550 2658 612 Patrum,
2693 565 2839 604 num.
2871 550 3010 605 15οι
3041 569 3060 602 ι
3099 551 3250 617 Quod
3272 551 3490 607 verbum
3519 559 3803 618 antequam

2212 643 2512 711 quiescam,
2537 655 2660 696 sero
2687 656 2756 696 ex
2813 641 2990 696 cordis
3044 645 3148 698 mei
3191 658 3446 698 recenseo
3497 643 3742 698 veritate.
3777 659 3798 695 ι

2213 732 2370 803 Apud
2402 733 2698 803 Pelagium,
2733 734 2874 789 libro
2902 749 2938 790 v
2967 734 3206 790 Vitarum
3240 736 3478 802 Patrum,
3511 735 3694 791 libello
3723 749 3804 802 ιιι,

2214 845 2270 883 ιι.
2302 829 2338 882 2
2378 846 2389 881 :
2429 847 2447 881 ι
2480 829 2575 884 Dic
2604 829 2735 884 mihi
2765 829 2978 900 aliquod
3012 831 3251 885 verbum.
3293 849 3310 882 ι
3341 829 3406 883 Ει
3437 846 3492 884 n.
3522 831 3554 884 9
3589 846 3600 881 :
3655 847 3674 882 r
3712 829 3811 885 Bo-

2213 922 2410 992 gabant
2436 931 2614 977 autem
2644 938 2768 978 eum
2785 937 2964 990 senes,
3012 934 3072 979 ut
3102 924 3300 978 laceret
3325 923 3542 978 verbum
3580 921 3648 976 ad
3697 922 3809 977 fra-

2214 1026 2348 1073 tres.
2387 1037 2406 1070 ι
2433 1017 2502 1072 Ει
2533 1033 2681 1072 ιιιιιιι.
2713 1018 2783 1072 24
2811 1034 2825 1072 :
2873 1035 2893 1070 ι
2934 1018 3108 1088 Abba,
3133 1018 3219 1072 dic
3252 1017 3382 1072 mihi
3433 1017 3650 1088 aliquod
3683 1031 3807 1072 ver—

2215 1113 2366 1168 bum.
2404 1131 2424 1165 ι
2460 1111 2530 1166 Et
2554 1112 2733 1167 libello
2761 1127 2812 1178 v,
2847 1127 2901 1165 ιι.
2938 1109 3042 1165 15ε
3104 1130 3121 1162 ι
3179 1110 3419 1165 Ostende
3465 1109 3810 1177 charitatem,

2217 1205 2376 1270 abba,
2403 1213 2456 1260 et
2483 1203 2569 1259 dic
2601 1204 2730 1259 mihi
2763 1203 3008 1259 verbum.
3043 1222 3061 1254 ι
3101 1203 3168 1257 Ει
3216 1218 3363 1259 ιιιιω.
3395 1200 3501 1255 32:
3540 1220 3561 1255 ι
3613 1201 3811 1257 Audivi

2219 1298 2364 1354 enim
2394 1299 2519 1367 quia
2551 1298 2749 1353 dixerit
2792 1297 2956 1352 abbas
2989 1295 3197 1364 Pastor,
3259 1297 3354 1352 sed
3398 1306 3451 1351 et
3481 1296 3569 1351 alii
3616 1295 3810 1352 fratres

2216 1389 2322 1444 hoc
2349 1389 2592 1443 verbum.
2634 1406 2654 1439 ι
2689 1388 2890 1443 Libello
2919 1403 2990 1453 vr,
3022 1403 3168 1443 num.
3201 1386 3270 1440 5:
3299 1405 3320 1440 ι
3361 1387 3551 1443 Dicens
3577 1387 3810 1456 quodam

2224 1482 2411 1548 verbo,
2440 1480 2584 1550 quod
2638 1481 2913 1536 memoria:
2966 1479 3188 1550 dignum
3235 1488 3317 1534 est
3372 1478 3754 1536 commendari.
3785 1496 3808 1532 ι

2221 1573 2379 1626 Num.
2413 1571 2527 1626 l2:
2568 1590 2586 1624 ι
2643 1571 2738 1625 Dic
2787 1570 2920 1625 milii
2968 1586 3129 1626 unum
3183 1572 3426 1627 verbum.
3465 1590 3483 1624 ι
3548 1571 3616 1626 Ει
3668 1570 3812 1642 apud

2217 1665 2506 1731 Joannem,
2530 1663 2669 1719 libro
2695 1679 2746 1718 vr
2779 1663 3017 1739 Vitarum
3043 1663 3283 1731 Patrum,
3316 1663 3495 1719 libello
3539 1678 3622 1728 ιιι,
3653 1679 3706 1718 ιι.
3739 1662 3808 1716 4:

2229 1775 2246 1808 ι
2275 1756 2369 1811 Dic
2399 1756 2656 1812 fratribus
2676 1755 2896 1812 verbum
2925 1755 3313 1822 aedilicationis,
3341 1764 3517 1826 pater.
3551 1772 3569 1806 ι
3592 1754 3656 1811 Ει
3685 1754 3811 1811 alibi

516 1842 799 1909 suspirans
849 1857 954 1898 non
1011 1845 1235 1901 minimo
1262 1846 1447 1902 dolore
1498 1849 1781 1918 increpare
1836 1849 2114 1904 hominem
2145 1850 2442 1921 Bpassim,
2491 1890 2496 1894 ι

519 1939 681 2003 crept,
708 1950 958 1992 asserens
977 1937 1174 1994 diaboli
1194 1953 1316 1994 esse
1344 1939 1689 1996 calliditatem
1720 1940 1999 2010 librosque
2033 1940 2105 2008 ei,

524 2037 580 2082 et
617 2028 765 2084 Vitas
796 2029 1031 2096 Patrum,
1066 2046 1129 2087 ac
1156 2031 1548 2089 institutionem
1591 2032 2000 2099 monachorum,
2033 2033 2118 2087 vel

524 2120 711 2189 quales
737 2123 827 2191 qui
859 2122 1210 2179 recluduntur
1255 2137 1377 2180 esse
1405 2124 1659 2190 debeant,
1704 2126 1786 2180 vel
1817 2139 1940 2179 cum
1971 2123 2119 2194 quali

520 2211 730 2266 cautela
759 2213 1049 2269 monachos
1077 2215 1257 2270 vivere
1283 2223 1560 2291 oporteat,
1591 2213 1888 2272 abscedens
1940 2215 2010 2268 ab
2044 2228 2116 2270 eo

522 2299 713 2357 direxi.
741 2302 942 2371 Quibus
972 2305 1188 2362 relectis
1220 2321 1326 2362 non
1354 2307 1529 2362 solum
1570 2307 1950 2375 cogitationem
1993 2319 2120 2374 pra-

520 2409 642 2450 vam
676 2411 786 2452 ase
805 2397 1074 2466 discussit,
1110 2414 1295 2455 verum
1337 2398 1500 2453 etiam
1546 2407 1696 2454 tanto
1739 2412 1955 2453 sensum
1987 2410 2119 2452 acu-

521 2488 667 2543 mine
696 2489 959 2558 erudivit,
1014 2501 1071 2547 ut
1119 2492 1441 2548 miraremur
1489 2491 1795 2549 facundiam
1834 2489 2119 2546 locutionis

520 2578 662 2652 ejus.
687 2600 704 2633 ›

593 2695 646 2749 7.
690 2694 954 2766 Georgius
993 2697 1383 2753 Alexandrinus
1413 2699 1468 2753 in
1532 2698 1647 2752 Vita
1687 2696 1860 2752 sancti
1891 2695 2120 2752 Joannis

523 2783 912 2854 Chrysostomi,
937 2803 986 2844 c.
1013 2787 1084 2840 22
1109 2806 1121 2842 :
1146 2790 1232 2845 Ἐν
1262 2789 1316 2846 δὲ
1336 2799 1457 2852 ταῖς
1481 2796 1794 2862 συντυχίαις
1816 2794 1969 2846 αὐτοῦ
2004 2795 2116 2845 Βίον

522 2874 680 2949 ἁγίων
709 2879 940 2954 Πατὲρων
977 2881 1062 2933 καὶ
1095 2880 1479 2955 ἁναχωρητῶν,
1527 2885 1615 2936 καὶ
1644 2879 1765 2952 [litt]
1789 2888 1879 2940 τήν
1922 2882 2122 2936 τούτων

522 2977 781 3031 πολιτείαν
821 2980 901 3031 καὶ
938 2979 1120 3052 ἀρετήν
1152 2980 1414 3051 ἐξηγεῖτο,
1457 2981 1591 3034 ὥστε
1638 2981 1692 3034 ἐκ
1725 2986 1826 3033 τῶν
1873 2979 2123 3034 τοιούτων

522 3067 760 3145 ῥημάτων
800 3068 1018 3128 πολλοὺς
1066 3071 1472 3124 κατανύττεσθαι
1510 3073 1590 3125 καὶ
1652 3070 1832 3128 πλῆθος
1884 3066 2120 3141 δακρύων

522 3160 816 3234 καταφέρειν
843 3161 894 3213 ἐκ
915 3167 1014 3215 τῶν
1048 3161 1309 3234 ὀφθαλμῶν
1339 3165 1538 3226 αὐτῶν,
1569 3163 1790 3220 ποθῆσαι
1825 3159 1878 3216 δέ
1923 3165 2006 3215 xxi
2034 3162 2120 3215 τὸν

2296 1942 2440 1998 Sane
2466 1941 2577 2012 jam
2623 1940 2751 1996 olim
2807 1940 3044 2010 profanis
3097 1940 3404 1996 auctoribus
3454 1940 3659 1995 verbum
3717 1952 3812 2006 pro

2227 2034 2499 2090 axiomate
2555 2034 2642 2089 vel
2688 2034 2836 2090 brevi
2879 2033 3165 2101 sententia,
3219 2033 3395 2103 qualia
3439 2032 3553 2088 haec
3596 2033 3812 2089 Patrum

2225 2128 2390 2182 verba
2416 2135 2562 2194 sunt,
2616 2135 2950 2196 usurpatum.
3006 2125 3287 2182 Terentius
3336 2125 3572 2192 Andria,
3607 2135 3712 2181 act.
3759 2127 3813 2195 1,

2223 2237 2374 2279 scen.
2407 2222 2441 2276 5
2471 2239 2485 2276 :
2524 2241 2542 2275 ι
2583 2222 2830 2278 Miseram
2859 2237 2964 2288 me,
2994 2222 3136 2292 quod
3161 2223 3376 2277 verbum
3409 2223 3568 2278 audio
3595 2223 3618 2276 ?
3647 2241 3667 2276 ι
3713 2221 3816 2280 Ubi

2225 2316 2468 2372 Donatus
2498 2335 2510 2370 :
2570 2339 2591 2369 σ
2629 2317 2861 2373 Verbum
2894 2331 2991 2386 pro
3021 2319 3220 2389 ἀξίωμα
3255 2331 3406 2372 more
3425 2333 3523 2372 suo
3554 2318 3751 2388 posuit.
3788 2335 3812 2372 ι

2224 2409 2449 2478 Ibidem,
2477 2420 2583 2467 act.
2619 2412 2705 2478 11,
2735 2426 2885 2478 scen,
2971 2429 2983 2467 :
3021 2430 3040 2462 ι
3074 2411 3268 2466 Verum
3305 2411 3434 2466 illud
3465 2413 3684 2467 verbum
3711 2421 3814 2481 est,

2224 2504 2383 2574 vulgo
2415 2505 2554 2575 quod
2578 2503 2683 2560 dici
2713 2505 2872 2560 solet.
2913 2523 2933 2558 ι
2965 2504 3060 2560 Ubi
3085 2505 3357 2560 Donatus:
3392 2523 3410 2557 ι
3469 2506 3522 2560 Id
3551 2515 3654 2573 est,
3688 2521 3815 2577 pro-

2228 2600 2492 2665 verbium,
2524 2597 2598 2671 [ν]
2621 2609 2676 2655 et
2697 2600 3001 2663 sententia;
3040 2607 3090 2653 et
3120 2599 3199 2654 sic
3221 2609 3433 2654 veteres
3459 2599 3676 2654 verbum
3722 2614 3816 2669 pro

2225 2693 2516 2748 sententia.
2551 2712 2570 2744 ι
2609 2692 2773 2757 Idem,
2805 2691 3084 2756 Eunucho,
3113 2701 3221 2747 act.
3253 2693 3275 2746 1
3304 2733 3320 2760 ,
3349 2706 3497 2747 scen.
3534 2691 3567 2744 2
3594 2711 3606 2746 :
3648 2712 3667 2744 ι
3705 2691 3817 2749 Uti-

2226 2800 2350 2840 nam
2374 2785 2511 2840 istuc
2539 2785 2780 2841 verbum.
2823 2803 2842 2837 ι
2895 2784 3172 2839 Donatus:
3223 2803 3242 2836 ι
3302 2785 3366 2839 Et
3401 2784 3539 2840 istuc
3566 2783 3816 2852 verbum,

2227 2893 2325 2948 pro
2371 2887 2479 2933 tota
2519 2877 2804 2933 sententia.
2857 2876 3090 2932 Verbum
3120 2891 3217 2946 pro
3259 2876 3424 2931 dicto.
3458 2876 3562 2932 Sed
3605 2877 3820 2946 propria

2230 2970 2452 3042 ἀξίωμα,
2483 2967 2535 3023 id
2558 2977 2640 3024 est
2659 2966 2927 3023 sententia
2957 2967 3043 3022 vel
3066 2967 3383 3034 enuntiatio,
3415 2982 3532 3037 quae
3558 2982 3664 3022 uno
3683 2968 3818 3037 liga-

2226 3069 2314 3114 tur
2334 3069 2388 3115 et
2420 3059 2734 3129 astringitur
2763 3058 2951 3123 verbo,
2986 3057 3213 3114 verbum
3241 3072 3272 3111 a
3302 3057 3576 3113 veteribus
3599 3058 3818 3113 diceba-

2227 3160 2334 3208 tur.
2370 3171 2388 3205 ι
2422 3152 2620 3208 Ibidem
2647 3169 2657 3204 :
2699 3170 2718 3205 ι
2749 3152 2930 3207 Victus
2953 3167 3059 3208 uno
3087 3153 3251 3208 verbo
3278 3166 3436 3223 quam
3460 3152 3590 3208 cito.
3632 3171 3652 3206 ι
3710 3153 3814 3209 Do-

523 3255 714 3326 μονήρη
862 3253 1134 3324 μετελθεῖν,
1181 3257 1264 3307 καὶ
1299 3255 1660 3318 ἀποτάξασθαι
1697 3261 1787 3315 τῆς
1817 3253 2013 3324 τύρϐης
2042 3253 2117 3308 καὶ

2230 3253 2382 3299 natus
2413 3262 2426 3298 :
2454 3243 2688 3299 Verbum
2730 3243 2932 3299 dictum
2983 3244 3273 3314 intelligas,
3303 3245 3443 3315 quod
3473 3245 3637 3300 verbo
3664 3259 3817 3301 com-

524 3349 844 3416 συγχύσεως
863 3353 956 3402 τοῦ
988 3347 1126 3418 βίον.
1165 3365 1183 3398 ι
1224 3347 1391 3402 Porro
1418 3349 1474 3400 in
1497 3348 1608 3402 suis
1640 3347 1990 3402 familiaribus
2009 3346 2120 3402 col-

526 3435 722 3505 loquiis
746 3437 975 3493 subinde
1005 3441 1375 3494 commeminit
1397 3438 1537 3494 Vitae
1557 3447 1868 3494 sanctorum
1897 3439 2116 3494 Patrum

526 3535 582 3581 et
610 3527 1074 3596 anachoretarum,
1108 3545 1403 3601 eorumque
1449 3530 1874 3586 conversationis
1905 3545 1968 3585 ac
2002 3529 2116 3585 vir-

529 3619 680 3682 tutis,
713 3620 784 3674 ita
828 3630 885 3676 ut
937 3622 1201 3690 ejusmodi
1253 3624 1590 3680 sermonibus
1633 3634 2122 3694 compungerentur

528 3725 637 3764 non
663 3711 837 3779 pauci,
887 3711 956 3765 ita
989 3721 1045 3766 ut
1073 3727 1136 3767 ex
1166 3727 1352 3768 eorum
1405 3714 1574 3768 oculis
1629 3713 1914 3768 uberrima:
1958 3711 2120 3769 elice-

526 3813 713 3860 rentur
736 3820 799 3860 ac
829 3805 1127 3862 deﬂuerent
1169 3807 1442 3879 lacrymas,
1499 3818 1554 3864 et
1597 3809 1798 3879 ingenti
1850 3806 2120 3864 desiderio

527 3908 856 3968 caperentur
885 3900 1184 3955 solitariam
1207 3901 1490 3957 exercendi
1519 3904 1707 3969 vitam,
1733 3912 1787 3957 et
1813 3910 2117 3957 extremum

527 3991 648 4046 vale
675 3991 887 4046 dicendi
921 3991 1241 4047 turbulente
1271 3992 1571 4048 confusioni
1623 3993 1746 4046 vitae
1773 3991 1951 4061 hujus.
1989 4009 2009 4043 ι

599 4086 652 4138 8.
698 4082 980 4139 Fulbertus
1034 4084 1382 4141 Carnotensis
1427 4085 1742 4155 episcopus,
1789 4085 1946 4154 epist.
1991 4084 2058 4140 79
2105 4102 2118 4137 :

533 4192 553 4227 ι
591 4175 742 4230 Mitto
765 4177 856 4230 tibi
881 4177 1228 4248 Cyprianum,
1258 4177 1635 4248 Porphyrium,
1663 4187 1716 4232 et
1741 4177 1886 4232 Vitas
1904 4177 2122 4233 Patrum

526 4283 648 4325 cum
675 4269 956 4335 Psalterio,
988 4282 1046 4325 ut
1081 4271 1280 4340 petisti.
1308 4291 1326 4324 ι
1362 4271 1426 4326 Ει
1453 4273 1504 4326 in
1537 4270 1641 4326 [ine
1667 4270 1789 4325 libri
1822 4279 1944 4339 post
1970 4272 2123 4342 hym-

530 4377 659 4418 num
692 4362 759 4418 de
791 4363 1078 4418 Nativitate
1124 4361 1328 4419 Christi
1356 4373 1411 4418 et
1448 4363 1745 4434 Epiphania
1775 4382 1789 4418 :
1824 4382 1842 4416 ι
1881 4365 1938 4418 In
1987 4363 2123 4419 Vitis

528 4453 746 4510 Patrum
818 4466 1057 4511 veterum
1114 4456 1364 4525 quiddam
1430 4456 1534 4527 legi
1580 4457 1898 4526 jucundum.
1949 4476 1968 4508 ι
2021 4455 2121 4513 Ubi

527 4547 833 4617 rhythmice
856 4556 1102 4602 recenset
1131 4546 1350 4602 Joannis
1399 4546 1556 4602 Parvi
1604 4563 1698 4602 seu
1731 4549 1918 4604 Brevis
1955 4549 2124 4604 histo-

2226 3336 2497 3405 plectitur,
2545 3345 2601 3391 et
2647 3335 2930 3405 completas
2977 3335 3260 3390 sententia:
3306 3336 3812 3404 pronuntiationem,

2224 3429 2370 3499 quod
2420 3431 2620 3502 ἀξίωμα
2666 3429 3065 3485 nominabatur.
3127 3449 3147 3482 ι
3182 3429 3348 3495 Idem,
3387 3429 3678 3495 Eunucho,
3708 3440 3814 3487 act.

2224 3521 2279 3587 4,
2309 3535 2458 3576 scen.
2489 3521 2564 3574 5:
2627 3541 2645 3574 ι
2708 3522 2965 3588 Verbum,
3024 3522 3234 3587 Hercle,
3292 3523 3413 3578 hoc.
3453 3542 3473 3576 ι
3533 3524 3813 3579 Donatus:

2232 3633 2249 3666 ι
2287 3614 2543 3681 Verbum,
2572 3617 2935 3684 proverbium.
2983 3633 3002 3667 ι
3056 3615 3222 3682 ldem,
3279 3616 3536 3687 Adelph.,
3595 3627 3702 3674 act.
3755 3619 3811 3684 5,

2225 3725 2382 3768 scena
2414 3712 2485 3767 8:
2517 3730 2534 3762 ι
2571 3710 2686 3765 Νοιι
2717 3725 2892 3766 meum
2925 3711 3053 3765 illud
3081 3711 3302 3767 verbum
3349 3711 3508 3767 facio.
3548 3731 3565 3763 ι
3633 3712 3812 3767 Dona-

2225 3813 2310 3859 tus
2339 3821 2349 3856 :
2384 3822 2404 3856 ι
2440 3803 2677 3858 Verbum
2707 3818 2805 3873 pro
2833 3805 3071 3874 ἀξιόματι
3119 3805 3312 3874 posuit,
3343 3805 3482 3876 quod
3512 3821 3619 3861 uno
3649 3807 3813 3861 strin-

2225 3898 2366 3966 gitur
2393 3897 2580 3952 verbo.
2616 3896 2758 3967 Ergo
2802 3897 3022 3952 verbum
3055 3898 3235 3953 brevis
3274 3899 3560 3965 sententia,
3594 3900 3815 3954 verbum

2225 3988 2368 4044 dixit
2398 4003 2578 4043 veram
2611 3989 2953 4046 sententiam.
2996 3989 3129 4045 Nam
3159 3991 3322 4047 verba
3360 4007 3481 4048 esse
3526 4007 3556 4046 a
3587 3993 3814 4049 veritate

2226 4081 2388 4150 dicta,
2419 4091 2650 4138 testatur
2676 4082 2868 4139 Varro.
2901 4104 2920 4137 ι

2297 4173 2426 4242 Qua:
2447 4175 2537 4230 alii
2554 4175 2725 4240 verba,
2743 4178 3033 4233 Cassianus
3060 4179 3189 4232 scita
3207 4187 3364 4233 vocat
3385 4178 3521 4235 libro
3559 4195 3593 4232 v
3616 4179 3812 4248 lnstit.,

2227 4281 2346 4338 cap.
2370 4266 2479 4323 24:
2509 4285 2528 4321 r
2556 4266 2688 4323 Cum
2712 4268 2778 4324 de
2803 4268 2977 4339 Syrite
2994 4270 3234 4340 partibus
3264 4270 3546 4328 Seniorum
3580 4271 3710 4325 scita
3734 4270 3817 4325 di-

2227 4373 2379 4416 scere
2407 4360 2705 4429 cupientes,
2739 4360 2961 4433 (Egypti
3016 4361 3347 4430 provinciam
3403 4361 3748 4429 petissemus.
3787 4378 3810 4414 ν

2299 4453 2623 4509 Dicebantur
2677 4454 2836 4509 etiam
2875 4456 3156 4509 sententiae.
3204 4454 3472 4526 Pelagius,
3504 4454 3682 4510 libello
3735 4469 3814 4524 ιιι,

2230 4565 2285 4602 ιι.
2311 4547 2382 4601 20
2417 4565 2428 4600 :
2468 4568 2486 4600 ι
2525 4548 2736 4618 Loquar
2767 4548 2835 4604 de
2863 4549 3040 4604 verbis
3063 4558 3116 4603 et
3140 4549 3422 4604 sententiis
3452 4548 3759 4603 Seniorum.
3790 4567 3812 4600 ι

527 4639 742 4704 riolam,
783 4640 870 4708 qui
915 4640 1084 4693 instar
1135 4639 1324 4708 Angeli
1374 4653 1535 4709 agere
1587 4639 1934 4695 desiderabat
1985 4640 2118 4696 nihil
2145 4636 2202 4700 D
2295 4639 2624 4709 Quandoque
2671 4655 2948 4694 sermones.
2979 4639 3254 4708 Pelagius,
3283 4639 3464 4694 libello
3514 4654 3563 4692 IV
3602 4683 3616 4708 ,
3651 4639 3761 4720 ιι.)
3797 4654 3818 4694 :

529 4744 783 4797 cperans,
817 4731 957 4798 quod
992 4731 1159 4785 habes
1199 4729 1337 4799 apud
1363 4730 1587 4798 ιιυιηυ..
1624 4732 1716 4788 lib.
1752 4747 1831 4799 ιιι,
1868 4749 1921 4788 ιι.
1953 4731 2041 4798 56,
2067 4742 2121 4790 et

531 4820 824 4890 Pelagium,
852 4821 1018 4877 libell.
1054 4838 1109 4884 ι,
1143 4838 1289 4876 num.
1325 4821 1414 4876 27.

605 4917 735 4973 Dico
762 4919 997 4972 secundo
1024 4935 1036 4971 :
1062 4917 1286 4985 Quidam
1313 4906 1489 4973 ex'bis
1513 4919 1664 4975 libris
1691 4919 1932 4992 inscripti
1955 4937 2124 4992 quan-

529 5011 706 5081 doque
737 5010 905 5076 luere,
942 5008 1109 5063 Verba
1155 5011 1429 5064 seniorum.

603 5103 674 5156 lta
700 5101 839 5157 Beda
865 5101 1245 5174 Martyrologio
1275 5118 1393 5169 suo,
1426 5103 1492 5158 19
1543 5103 1665 5159 Julii
1695 5122 1706 5158 :
1743 5122 1761 5156 ι
1800 5105 1955 5175 Apud
1982 5105 2123 5162 The-

530 5192 742 5250 baidam
773 5194 943 5249 sanati
973 5193 1147 5249 Patris
1173 5196 1342 5250 nostri
1376 5197 1611 5262 Arsenii,
1639 5199 1707 5253 de
1737 5213 1844 5269 quo
1878 5201 1930 5254 in
1979 5199 2116 5255 Ver-

546 5289 615 5344 sis
642 5288 932 5344 Seniorum
984 5288 1236 5355 refertur,
1273 5291 1397 5362 quia
1431 5301 1648 5361 propter
1677 5292 2118 5348 redundationem

545 5391 887 5453 .‘.crymarum
937 5383 1314 5452 tergendarum
1347 5383 1619 5438 sudarium
1667 5399 1880 5456 semper
1908 5386 1960 5440 in
2002 5385 2121 5440 sinu

541 5475 620 5531 .‘el
661 5477 714 5528 in
745 5491 907 5529 tnanu
962 5477 1225 5532 habuerit.
1292 5496 1311 5530 ι
1369 5477 1568 5533 Eadem
1619 5477 1758 5546 apud
1799 5478 2121 5546 Usuardum,

545 5570 833 5636 dabanum,
868 5569 1132 5636 Adonem,
1165 5569 1480 5626 Notkerum.
1522 5569 1811 5640 Desumpta
1861 5583 1986 5627 sunt
2033 5587 2126 5626 au-

543 5671 650 5718 tem
683 5677 749 5716 ex
774 5661 867 5718 lib.
902 5676 960 5717 ιιι
982 5660 1201 5732 Bullini,
1225 5678 1374 5718 num.
1413 5663 1536 5732 165,
1583 5671 1637 5720 et
1687 5662 1908 5734 Pelagii,
1943 5664 2124 5720 libello

537 5767 618 5821 ιιι,
645 5771 699 5809 ιι.
725 5757 778 5810 1.

609 5849 882 5921 Originem
929 5849 1069 5909 tituli
1099 5849 1258 5922 hujus
1284 5851 1446 5909 credo
1470 5866 1592 5909 esse
1637 5865 1702 5910 ex
1729 5850 1919 5910 crebra
1973 5852 2122 5911 verbi

2233 4752 2253 4786 r
2291 4733 2557 4790 Sedentes
2579 4733 2630 4787 in
2662 4733 2785 4786 navi
2813 4731 3165 4802 loquebantur
3193 4746 3498 4786 sermonem
3524 4731 3759 4787 Patrum.
3791 4751 3811 4785 ι

2234 4845 2254 4879 ι
2294 4827 2356 4880 Et
2386 4825 2524 4895 apud
2564 4821 2898 4888 Cassianum,
2936 4822 3118 4876 collat.
3144 4822 3199 4892 1,
3232 4835 3349 4892 cap.
3379 4821 3429 4889 1,
3456 4821 3619 4878 habes
3647 4843 3663 4876 ι
3693 4824 3817 4880 Ser-

2229 4930 2447 4972 monem
2476 4912 2866 4970 aedilicationis.
2897 4929 2919 4964 ι

2304 5007 2540 5064 Subinde
2590 5021 2853 5074 responsa.
2906 5005 3222 5062 Paschasius
3244 5049 3258 5075 ,
3291 5020 3410 5075 cap.
3440 5007 3531 5074 4-1,
3567 5007 3617 5061 in
3664 5007 3766 5062 line
3798 5025 3813 5064 :

2239 5123 2257 5156 ι
2291 5103 2417 5160 Htec
2437 5102 2761 5172 sapientium
2788 5111 2844 5157 et
2864 5100 3224 5170 spiritualium
3250 5114 3504 5170 responsa
3521 5101 3756 5155 Patrum.
3796 5123 3813 5152 ν

2225 5197 2292 5253 Et
2345 5196 2654 5269 Sigebertus
2708 5195 2774 5250 de
2827 5195 3024 5250 illustr.
3061 5193 3316 5250 Ecclesiae
3371 5193 3660 5262 Scriptor.,
3695 5211 3813 5264 cap.

2227 5292 2331 5350 118
2361 5311 2372 5347 :
2405 5310 2423 5344 ι
2463 5290 2906 5360 lnterrogationes
2931 5301 2985 5346 et
3014 5289 3445 5359 responsiones.»

2298 5385 2427 5439 ltem
2482 5383 2935 5454 apophthegmata.
2988 5379 3289 5446 Petronius,
3321 5376 3669 5433 Bononiensis
3702 5381 3816 5446 epi-

2229 5492 2444 5548 scopus,
2474 5477 2611 5548 apud
2630 5477 2963 5548 Alphonsum
2989 5474 3303 5530 Ciacconem
3321 5513 3335 5538 ,
3355 5480 3580 5526 tractatu
3607 5471 3672 5525 de
3701 5485 3820 5523 san-

2231 5571 2306 5627 cti
2329 5571 2639 5642 Hieronymi
2679 5569 3032 5631 cardinalitio,
3058 5576 3115 5622 ut
3137 5579 3261 5621 mox
3287 5564 3536 5621 citabitur
3565 5562 3814 5634 prolego-

2232 5681 2390 5723 meno
2415 5664 2472 5732 4,
2505 5664 2610 5735 §7.
2650 5665 2715 5719 Et
2741 5679 2908 5734 nuper
2934 5663 2988 5718 in
3023 5660 3354 5717 Bibliotheca
3401 5658 3639 5723 Patrum,
3670 5665 3816 5710 tomo

2232 5757 2324 5821 IX.
2360 5759 2411 5813 iu
2441 5757 2676 5814 secunda
2727 5763 2780 5812 et
2838 5754 2993 5811 tertia
3023 5754 3282 5819 editione,
3314 5750 3450 5807 liber
3498 5749 3714 5820 quintus
3761 5755 3818 5801 et

2232 5861 2416 5908 sextus
2448 5850 2687 5910 Vitarum
2716 5849 2932 5908 Patrum
2959 5848 3060 5907 hoc
3091 5846 3312 5906 nomine
3335 5843 3512 5905 editus
3537 5849 3640 5900 est.
3675 5838 3816 5908 Quin
