4124 6350
277 342 338 398 17
1483 330 2037 389 PROLEGOMENON
2075 332 2362 391 PRIMUM.
3504 336 3571 392 l8

276 467 330 513 et
375 458 628 529 prologus
655 456 797 513 Prati
829 456 1145 528 spiritualis,
1172 472 1268 514 seu
1323 455 1445 512 novi
1479 453 1747 516 Paradisi,
1773 453 1862 521 qui
1896 451 1943 512 A
1972 465 2066 507 seu
2099 461 2468 523 tyrannorum,
2502 454 2622 511 sive
2661 452 3048 525 caesarum,qui
3075 469 3180 510 non
3222 453 3561 525 diuimpera-

277 554 497 610 Parisiis
525 553 711 610 Graece
728 554 902 608 editus
929 561 1014 609 est
1033 566 1173 607 anno
1202 551 1341 606 1604
1367 565 1432 606 ex
1456 547 1745 604 Codicihus
1764 545 1872 600 Va-

277 647 468 703 ticanis
499 655 555 701 et
597 644 698 700 viri
727 644 1014 700 clarissimi
1046 642 1315 699 Francisci
1365 641 1610 703 Olivarii,
1647 653 1770 694 eum
1803 638 1868 692 li-

278 741 428 796 brum
451 740 727 794 continere
757 739 832 792 ait
852 737 1142 809 διηγήματὰ
1157 757 1211 792 τε
1231 740 1316 791 καὶ
1333 735 1696 806 ἀποφθέγματα
1726 731 1876 786 ὁσίων

282 835 361 888 καί
388 831 597 888 δικαίων
638 833 725 884 καὶ
773 830 1119 904 φολοχρίστων
1172 828 1465 897 πατέρωντε
1498 829 1582 880 καὶ
1633 823 1874 896 seetse»:

288 941 304 975 ι
341 923 678 977 narrationes
707 935 770 974 ac
799 920 934 975 scite
959 919 1101 973 dicta
1150 932 1245 972 seu
1275 915 1753 987 apophthegmata,
1784 928 1875 970 sa-

281 1030 520 1082 crorum,
549 1013 844 1083 justorum,
875 1010 1181 1080 Christique
1228 1009 1522 1064 amantium
1581 1007 1791 1062 Patrum
1823 1014 1880 1062 et

280 1109 528 1166 fratrum.
559 1127 579 1160 ι

349 1201 741 1270 Nonnunquam
783 1207 922 1270 gesta
946 1213 1142 1254 senum.
1173 1197 1406 1254 Joannes
1433 1197 1700 1263 Moschus,
1734 1196 1882 1252 Prati

277 1294 578 1368 spiritualis
603 1308 722 1362 cap.
744 1291 814 1346 55
838 1311 849 1345 :
879 1310 896 1344 ι
923 1291 1082 1348 Dedit
1107 1289 1238 1345 mihi
1261 1291 1456 1347 librum
1480 1290 1548 1344 ad
1571 1289 1879 1361 legendum,

281 1391 335 1445 in
367 1404 476 1460 quo
530 1396 678 1458 gesta
709 1401 899 1442 senum
931 1387 1128 1455 scripta
1175 1393 1352 1440 erant.
1393 1404 1412 1438 ι
1446 1386 1500 1440 In
1534 1383 1722 1440 Graeco
1752 1392 1835 1440 est
1865 1404 1878 1438 :

280 1485 473 1540 siam
503 1482 800 1554 γεροντικὸν.
835 1479 909 1535 lta
951 1494 1167 1550 quoque
1198 1479 1519 1534 nominatur
1548 1479 1688 1549 apud
1716 1479 1883 1534 Doro-

282 1578 467 1632 theum
497 1575 551 1629 in
585 1574 870 1629 Doctrinis.

355 1667 495 1723 Dicti
516 1665 838 1737 quandoque
853 1663 905 1719 hi
931 1664 1052 1719 libri
1077 1673 1202 1719 sunt
1216 1665 1487 1742 Πατιρικὸν
1503 1677 1600 1718 seu
1617 1666 1880 1739 Πατρικόν.

287 1759 360 1816 lta
414 1759 501 1814 hic
552 1764 676 1826 post
719 1757 884 1812 habes
933 1756 1320 1828 prolegomeno
1373 1755 1566 1824 12,de
1620 1755 1879 1811 Paradiso

1983 554 2193 609 verunt,
2226 547 2278 600 in
2333 547 2562 603 obscuro
2619 547 2808 604 latent.
2848 567 2868 598 ι
2905 548 2975 603 Et
3027 564 3151 604 mox
3185 567 3197 604 :
3228 567 3249 602 ι
3292 549 3400 607 Sed
3429 552 3569 620 ejus,

1981 638 2071 708 qui
2100 638 2253 693 Vitas
2282 639 2507 695 aliorum
2555 641 2792 696 scribere
2847 640 3081 711 orditur,
3108 642 3344 698 ofﬁcium
3377 653 3462 699 est
3490 645 3574 700 di-

1981 747 2082 801 gna
2100 734 2404 802 cognitione
2429 735 2786 805 perscribere.
2810 756 2829 789 ›
2857 737 3214 807 Lampridius,
3232 738 3283 793 in
3305 739 3573 796 Alexand.

1981 824 2188 882 Severo
2218 843 2231 880 :
2270 845 2289 878 ‹
2329 826 2480 882 Vitas
2536 827 2838 898 principum
2874 829 3134 884 honorum
3168 831 3412 886 versibus
3440 829 3575 886 scri-

1984 919 2111 990 psit.
2142 938 2160 972 »
2194 920 2359 976 Divus
2404 921 2753 992 Augustinus,
2779 924 2846 978 de
2893 921 3076 987 Civit.,
3105 924 3243 981 libro
3297 941 3427 992 χχιι,
3452 938 3575 995 cap.

1983 1009 2090 1068 29:
2121 1030 2140 1065 ι
2184 1012 2336 1068 Unde
2391 1013 2748 1069 discernimus
2777 1030 2806 1069 a
2835 1030 2940 1070 non
2969 1015 3270 1072 viventibus
3318 1032 3574 1088 corpora,

1986 1103 2091 1158 nisi
2140 1118 2366 1174 corpora
2427 1106 2583 1159 simul
2615 1106 2857 1176 vitasque
2887 1106 3199 1162 videamus?
3235 1127 3254 1160 ι
3288 1108 3566 1178 Sidonius,

1985 1195 2126 1251 libro
2153 1211 2226 1262 tv,
2258 1196 2534 1266 epist.’M:
2559 1217 2577 1249 ς
2604 1197 2737 1266 Quia
2757 1197 2967 1254 Christo
2997 1214 3085 1254 res
3113 1199 3371 1256 humanas
3403 1200 3571 1257 vitas-

1987 1301 2092 1357 que
2144 1287 2475 1344 medicaturo
2507 1331 2522 1355 ,
2598 1291 2832 1357 putrium
2882 1291 3332 1346 conscientiarum
3402 1292 3579 1348 cultro

1986 1379 2239 1448 squalens
2272 1378 2421 1435 ulcus
2443 1380 2733 1450 aperimus.
2758 1379 3198 1454 lACCedUIll[Vll]
3231 1381 3577 1436 auctoritates

1990 1470 2341 1537 praecedentis
2386 1472 2765 1538 conclusionis,
2791 1474 2877 1529 ubi
2909 1483 2964 1531 et
3018 1475 3132 1544 ipse
3161 1474 3448 1543 Gregorius
3489 1473 3581 1530 Vi-

1989 1570 2072 1617 tas
2101 1562 2340 1629 Patrum,
2365 1579 2498 1635 quas
2525 1567 2610 1620 hic
2641 1581 2748 1635 prae
2789 1567 3038 1621 manibus
3067 1567 3347 1633 habemus,
3381 1566 3455 1622 ita
3484 1580 3580 1623 v0-

1989 1664 2096 1722 cat,
2127 1655 2269 1724 quod
2300 1670 2364 1710 eo
2402 1657 2618 1712 nomine
2645 1657 3028 1726 vulgatissimae
3054 1668 3256 1714 essent.
3597 1733 3602 1738 ι

2061 1752 2282 1816 Quaeret
2330 1752 2569 1805 secundo
2620 1751 2920 1822 religiosior
2965 1751 3132 1816 alius,
3188 1767 3313 1806 num
3359 1753 3581 1808 Patrum

289 1851 510 1908 Joannis
535 1849 756 1906 Moschi.
779 1850 845 1905 Et
869 1849 972 1904 alia
995 1864 1205 1920 quoque
1223 1850 1353 1904 Mss.
1372 1848 1476 1904 viui
1495 1864 1615 1916 quae
1641 1851 1884 1924 ιιατρικὸν
1918 1841 1968 1901 Β
1992 1856 2193 1897 nomen
2223 1840 2383 1897 nimis
2407 1842 2730 1898 invidiosum
2758 1844 2851 1912 sit,
2879 1858 2979 1898 nec
2999 1844 3066 1899 ab
3095 1844 3358 1914 religiOsis
3377 1854 3430 1900 et
3459 1859 3583 1901 ere-

291 1958 384 2014 pro
413 1941 568 1997 titulo
591 1941 811 1997 habent.

359 2033 686 2106 [vleuteret
708 2033 794 2088 hic
818 2032 990 2102 primo
1013 2032 1233 2088 criticus
1248 2033 1538 2103 quispiam,
1556 2049 1679 2105 quae
1695 2035 1885 2091 inscri-

291 2129 399 2200 ptio
432 2129 501 2183 sit
525 2127 720 2198 potior,
743 2126 954 2194 Vitane,
981 2143 1048 2182 an
1078 2127 1247 2182 Vitae?
1272 2127 1387 2182 Non
1418 2127 1555 2182 hanc
1610 2143 1884 2184 moverem

289 2219 661 2292 quastionem,
704 2219 806 2273 nisi
833 2217 943 2288 jam
974 2217 1105 2272 olim
1137 2216 1206 2272 de
1231 2231 1294 2272 ea
1321 2217 1607 2284 quaesitum
1631 2220 1885 2290 legissem

285 2314 428 2383 apud
452 2312 762 2384 Gregorium
781 2311 1180 2367 Turonensem.
1221 2311 1324 2366 llle
1356 2312 1540 2383 igitur,
1574 2314 1886 2383 praefatione

291 2409 343 2462 in
385 2406 579 2462 librum
635 2421 793 2460 suum
834 2405 901 2459 de
939 2403 1062 2458 Vita
1090 2404 1331 2470 Patrum,
1367 2405 1460 2474 qui
1490 2405 1627 2460 liber
1662 2409 1772 2476 agit
1815 2407 1886 2463 de

289 2496 612 2568 quibusdam
643 2495 825 2551 saeculi
867 2493 948 2549 sui
989 2494 1186 2550 sanctis
1219 2494 1346 2549 viris
1378 2513 1389 2546 :
1424 2512 1446 2546 ι
1483 2494 1776 2565 Quzeritur,
1803 2497 1885 2552 in-

291 2599 482 2659 quit,a
510 2587 848 2660 quibusdam,
883 2595 1058 2642 utrum
1106 2586 1224 2642 Vita
1270 2594 1576 2642 sanctorum
1629 2602 1698 2642 an
1747 2588 1885 2644 Vitte

292 2683 475 2740 dicere
501 2683 816 2750 debeamus,
843 2681 1010 2736 Aulus
1036 2680 1240 2736 Gellius
1289 2690 1469 2736 autem
1501 2688 1554 2734 et
1584 2682 1886 2751 complures

291 2772 378 2829 alii
411 2771 893 2829 Grammaticorum
919 2772 1065 2827 Vitas
1093 2771 1272 2827 dicere
1294 2772 1604 2827 voluerunt.
1630 2771 1760 2827 Nam
1784 2773 1889 2828 Pli-

292 2867 416 2923 nius
464 2875 672 2930 auctor,
707 2865 760 2919 in
807 2864 965 2920 tertio
1012 2863 1156 2918 Artis
1203 2863 1568 2933 grammaticae
1592 2862 1730 2918 libro
1760 2864 1883 2918 ait:

297 2977 319 3011 ι
351 2958 504 3015 Vitas
526 2957 729 3028 antiqui
761 2956 1128 3025 cujuscunque
1173 2966 1414 3010 nostrum
1450 2954 1733 3018 dixerunt;
1785 2955 1882 3010 sed

293 3049 633 3122 grammatici
683 3047 943 3118 pluralem
993 3063 1099 3102 non
1148 3056 1335 3115 putant
1395 3046 1592 3101 habere
1621 3045 1820 3100 Vitam.
1861 3064 1882 3099 ι

296 3143 450 3200 Unde
506 3140 838 3198 manifestius
889 3140 1226 3208 est,rectius
1271 3140 1378 3195 dici
1431 3140 1602 3194 Vitam
1650 3139 1876 3194 Patrum

1991 1935 2140 1990 mitis
2167 1935 2251 1990 vel
2278 1935 2642 2005 usurpandum
2671 1937 2976 2008 promiscue
3016 1937 3099 1992 vel
3146 1937 3540 1994 admittendum
3559 1939 3586 1994 ἲ

1987 2025 2371 2097 Hieronymus,
2406 2027 2542 2082 libro
2565 2043 2600 2083 ιι
2627 2026 2679 2081 in
2705 2026 2860 2096 epist.
2891 2028 2957 2082 ad
2985 2028 3222 2092 Galatas,
3254 2030 3308 2085 in
3330 2032 3584 2101 explana-

1990 2117 2140 2172 tione
2169 2118 2452 2173 commatis
2479 2118 2635 2188 hujus
2655 2159 2672 2187 ,
2697 2118 2842 2174 Misit
2869 2119 3010 2175 Deus
3034 2122 3276 2185 spiritum
3305 2123 3400 2191 filii
3423 2125 3504 2177 sui
3529 2124 3588 2180 in

1993 2211 2153 2265 corda
2183 2219 2360 2264 nostra
2391 2212 2713 2277 clamantem,
2739 2212 2901 2279 Abba,
2935 2211 3094 2268 Pater
3117 2214 3263 2286 (Gal.
3291 2216 3390 2286 ιν),
3413 2216 3589 2273 credi-

1994 2312 2082 2358 tur
2109 2302 2449 2372 improbasse
2478 2306 2621 2373 piam
2670 2306 3063 2361 monachorum
3104 2307 3582 2375 consuetudinem,

1993 2399 2088 2470 qui
2134 2397 2424 2468 praefectos
2456 2412 2583 2454 suos
2623 2398 2842 2454 honoris
2879 2401 3046 2470 gratia
3083 2401 3302 2457 abbates
3327 2411 3382 2457 et
3411 2413 3592 2471 patres

1991 2489 2301 2560 appellant;
2352 2498 2550 2558 praeter
2592 2490 2692 2547 hoc
2734 2501 2911 2548 autem
2937 2534 2954 2562 ,
2985 2494 3150 2548 etiam
3177 2495 3465 2563 juramenti
3503 2495 3596 2565 jus

1992 2578 2318 2635 Christianis
2365 2580 2577 2636 videtur
2631 2581 2918 2638 ademisse.
2970 2583 3142 2640 Habet
3188 2585 3332 2640 enim
3380 2600 3446 2640 eo
3487 2585 3596 2644 loci

1997 2673 2166 2727 verba
2213 2670 2525 2742 hujusmodi
2559 2689 2572 2725 :
2612 2691 2632 2726 ι
2669 2674 2803 2728 Cum
2832 2686 3011 2731 autem
3052 2675 3237 2744 Abba,
3272 2676 3449 2746 Pater,
3482 2676 3590 2733 lle-

1993 2763 2146 2817 hraeo
2167 2761 2414 2834 Syroque
2443 2778 2694 2819 sermone
2723 2764 2957 2835 dicatur,
3008 2775 3064 2821 et
3103 2766 3361 2822 Dominus
3412 2775 3593 2824 noster

1994 2855 2054 2909 in
2106 2854 2404 2926 Evangelia
2452 2857 2730 2927 praecipiat
2776 2857 2984 2913 nullum
3032 2858 3246 2915 Patrem
3301 2860 3597 2916 vocandum

1997 2947 2102 3003 nisi
2133 2947 2300 3004 Deum
2334 2948 2553 3020 (Matth.
2586 2950 2736 3022 xxv),
2784 2952 2967 3007 nescio
3005 2967 3110 3024 qua
3157 2953 3368 3010 licentia
3399 2956 3450 3010 in
3481 2969 3598 3011 mo-

1998 3042 2251 3097 nasteriis
2292 3043 2376 3098 vel
2408 3056 2664 3099 vocemus
2710 3043 2812 3099 hoc
2849 3044 3066 3099 nomine
3102 3044 3270 3112 alios,
3303 3047 3388 3102 vel
3419 3048 3600 3106 vocari

1997 3150 2100 3190 nos
2130 3137 2563 3206 acquiescamus.
2596 3137 2663 3192 Et
2694 3146 2844 3192 certe
2870 3138 2986 3206 ipse
3017 3139 3274 3208 praecepit
3322 3139 3425 3195 hoc
3448 3180 3462 3205 ,
3507 3141 3601 3210 qui

296 3251 454 3307 quam
487 3236 655 3300 Vitas,
685 3233 808 3303 quia
855 3249 976 3289 cum
1005 3233 1075 3288 sit
1105 3233 1393 3289 diversitas
1435 3234 1749 3288 meritorum
1783 3234 1892 3287 vir—
1921 3225 1968 3286 C
1999 3229 2220 3282 dixerat
2243 3242 2352 3284 non
2383 3243 2504 3284 esse
2529 3229 2845 3297 iurandum.
2871 3228 2928 3283 Si
2960 3245 3065 3284 non
3091 3229 3370 3300 juramus,
3403 3247 3472 3288 ne
3500 3231 3602 3288 Pa~

302 3336 610 3396 tutumque,
638 3341 742 3379 una
789 3333 995 3379 tantum
1028 3339 1215 3378 omnes
1260 3324 1368 3378 vita
1413 3325 1655 3394 corporis
1705 3325 1801 3379 alit
1844 3325 1897 3380 in

300 3417 521 3473 mundo.
564 3435 581 3465 ι

367 3510 473 3566 Pro
493 3507 754 3575 Gregorio
775 3505 893 3575 quis
923 3505 1191 3560 adducere
1224 3505 1414 3575 possit,
1435 3506 1579 3576 quod
1603 3507 1766 3564 habet
1793 3507 1897 3564 So-

297 3607 504 3677 sipater
531 3601 828 3666 Charisius,
857 3601 948 3655 lib.
972 3615 1006 3655 n
1024 3599 1195 3654 lnstit.
1215 3614 1411 3670 gram.,
1437 3614 1556 3669 cap.
1584 3599 1654 3656 de
1676 3601 1900 3672 interje-

299 3698 520 3753 ctione:
559 3714 576 3746 ι
613 3692 730 3748 Vita
773 3693 937 3748 Deum
970 3691 1373 3746 immortalium.
1406 3690 1541 3746 Cato
1578 3706 1766 3748 senex.
1801 3693 1900 3749 Ubi

297 3791 542 3848 Statilius
585 3788 843 3843 Maximus
880 3805 892 3838 :
926 3790 1262 3861 Ἐκφὼνησις,
1297 3786 1506 3855 inquit,
1544 3788 1799 3861 ἀρχαῐκή,
1831 3790 1900 3848 ὡς

297 3886 359 3938 τὸ
412 3883 590 3938 ιιόποι.
656 3880 787 3935 Cum
862 3877 1004 3933 enim
1069 3877 1201 3933 Cato
1267 3877 1333 3932 de
1399 3876 1642 3946 pluribus
1717 3881 1902 3948 loque-

300 3984 475 4041 retur,
508 3974 624 4028 Vita
690 3973 866 4042 potius
919 3971 1056 4026 dixit
1105 3985 1262 4041 quam
1311 3969 1468 4025 Vitaz.
1503 3989 1521 4021 ι
1555 3969 1644 4025 Sic
1688 3970 1902 4026 Flavius

305 4070 568 4141 Vopiscus
615 4069 670 4123 in
717 4068 952 4124 Carino:
985 4085 1003 4120 ‹
1045 4067 1278 4122 Maxime
1335 4082 1458 4122 cum
1517 4068 1606 4121 vel
1651 4067 1903 4122 vivorum

302 4166 604 4238 principum
639 4163 756 4218 Vita
786 4178 892 4220 non
920 4163 1036 4217 sine
1070 4162 1497 4231 reprehensione
1525 4161 1764 4216 dicatur.
1803 4178 1823 4211 ι

376 4255 519 4311 Olim
542 4264 717 4311 tamen
742 4253 972 4308 obtinuit
997 4261 1103 4308 tam
1141 4253 1282 4321 apud
1304 4252 1583 4324 profanos,
1611 4267 1772 4323 quam
1806 4265 1900 4308 ec-

303 4348 639 4407 clesiasticos
667 4347 980 4416 scriptores,
1014 4354 1072 4400 ut
1102 4344 1238 4400 Vitae
1259 4345 1592 4401 dicerentur.
1630 4343 1817 4414 Virgil.
1850 4359 1904 4400 tv

305 4441 508 4509 Georg.
529 4456 543 4494 :

403 4533 664 4593 Quemque
686 4532 781 4581 sibi
806 4536 1007 4581 teneras
1030 4536 1314 4581 nascentem
1339 4542 1601 4582 arcessere
1627 4532 1771 4583 vitas.

308 4614 458 4672 Idem
484 4629 534 4668 vt
555 4611 803 4683 Eneid.,
827 4614 895 4669 de
925 4613 1098 4670 Minoe
1124 4633 1136 4666 :

1107 4704 1346 4768 Vitasque
1369 4713 1423 4757 et
1443 4707 1649 4758 crimina
1673 4707 1808 4759 dicit.

308 4777 374 4831 Et
402 4767 593 4826 eodem
619 4767 787 4824 libro:

411 4882 530 4932 inde
554 4882 796 4932 hominum
822 4885 1174 4946 pecudumque
1193 4892 1355 4946 genus
1373 4883 1590 4946 vitaeque
1615 4885 1882 4937 volantum.

309 4991 520 5045 Rursus
542 4988 677 5044 libro
699 4987 923 5044 eodem:

405 5101 469 5152 Et
491 5103 540 5150 ni
560 5100 700 5150 docta
724 5112 889 5162 comes
910 5099 1047 5150 tenui
1072 5100 1182 5150 sine
1214 5109 1424 5162 corpore
1448 5099 1574 5149 vitas

407 5166 682 5213 Admoueat
707 5161 928 5211 volitare.

309 5269 526 5333 Cicero,
550 5267 618 5322 de
647 5265 766 5321 Nat.
796 5265 954 5320 Deor.
979 5264 1113 5322 lib.t
1143 5282 1154 5318 :
1191 5282 1209 5316 ε
1262 5264 1406 5319 Deus
1444 5263 1721 5320 hominum
1760 5277 1905 5320 com-

311 5362 475 5417 moda
507 5360 748 5430 vitasque
779 5367 973 5414 tuetur.
1007 5376 1027 5410 ι
1060 5357 1203 5414 Idem
1261 5357 1329 5414 de
1357 5356 1574 5415 Amicit.
1606 5374 1618 5410 :
1653 5377 1672 5410 ‹
1720 5357 1900 5428 Serpit

316 5475 414 5530 per
442 5459 681 5514 omnium
702 5459 839 5511 vitas
861 5455 1110 5513 amicitia.
1145 5472 1163 5506 ι
1187 5453 1494 5521 Terentius,
1518 5453 1771 5525 Adelph.,
1788 5463 1896 5511 act.

312 5552 374 5619 5,
397 5565 548 5607 scen.
572 5549 605 5602 5
632 5568 643 5603 :

414 5666 670 5729 Inspicere
694 5671 925 5729 tauquam
945 5665 996 5729 in
1018 5662 1270 5727 speculum
1295 5664 1344 5713 in
1370 5664 1498 5729 vitas
1517 5663 1733 5729 omnium

418 5725 599 5789 Julieo,
627 5734 776 5789 atque
798 5725 864 5778 ex
887 5728 996 5779 allis
1017 5725 1217 5778 sumere
1239 5725 1523 5788 exemplum
1546 5726 1656 5774 sibi.

317 5833 656 5903 Capitolinus
687 5832 742 5888 in
798 5831 1070 5890 Macrino:
1103 5849 1121 5885 ‹
1153 5831 1289 5890 Vita:
1335 5830 1548 5889 illorum
1575 5829 1897 5902 principum,

2007 3328 2144 3373 trem
2169 3319 2390 3388 quidem
2421 3321 2726 3390 quempiam
2755 3322 3118 3378 nominemus.
3143 3324 3200 3379 Si
3231 3325 3303 3380 de
3328 3325 3489 3391 Patre
3511 3326 3600 3383 in-

2006 3412 2422 3479 terpretabimur
2467 3413 2642 3479 aliter,
2699 3423 2755 3471 et
2804 3414 2872 3470 de
2913 3415 3145 3484 jurando
3190 3417 3349 3474 aliter
3395 3420 3601 3477 sentire

2002 3517 2278 3575 cogemur.
2317 3525 2335 3558 ι
2371 3506 2497 3562 Haec
2523 3507 2634 3563 ille.

2080 3596 2186 3653 Sed
2216 3600 2508 3670 respondet
2538 3600 2721 3657 Sixtus
2749 3601 3031 3669 Senensis,
3064 3602 3158 3660 lib.
3177 3604 3602 3666 vtBibliotltecae

2005 3701 2229 3759 sanctae,
2252 3703 2492 3750 annotat.
2523 3696 2626 3750 279
2651 3713 2666 3753 :
2697 3715 2716 3748 ‹
2745 3698 3012 3767 Arbitror,
3041 3701 3134 3766 ait,
3159 3700 3298 3757 hanc
3319 3705 3605 3772 periodum

2007 3799 2038 3838 a
2067 3785 2384 3842 seditiosulo
2410 3788 2663 3859 quopiam
2697 3793 2962 3847 monacho
2990 3794 3044 3847 in
3073 3793 3251 3849 fronte
3281 3797 3488 3866 paginae
3509 3797 3604 3853 de-

2007 3878 2264 3945 scriptam
2293 3921 2309 3946 ,
2339 3890 2392 3936 et
2424 3881 2548 3937 inde
2579 3890 2763 3951 postea
2794 3884 2864 3939 ab
2892 3885 3246 3942 oscitantihus
3278 3887 3509 3944 librariis
3545 3891 3606 3948 in

2010 3981 2323 4029 contextum
2380 3975 2715 4033 translatam.
2773 3976 2883 4033 Nec
2939 3993 3028 4034 me
3075 3978 3229 4047 falli,
3285 3991 3607 4054 argumento

2009 4075 2136 4120 sunt
2164 4081 2283 4135 quae
2313 4065 2674 4138 Hieronymus
2722 4071 2991 4126 sententia
3027 4072 3186 4141 plane
3212 4077 3517 4139 contraria,
3551 4085 3609 4135 et

2009 4173 2075 4214 ex
2109 4159 2349 4228 professo
2389 4163 2607 4231 scripsit
2639 4163 2779 4220 libro
2807 4174 2998 4234 quarto
3038 4167 3092 4223 in
3141 4168 3480 4236 Matthaaum,
3516 4171 3608 4232 ubi

2011 4254 2287 4324 inquirens
2317 4256 2587 4325 quomodo
2613 4257 3021 4329 intelligendum
3046 4259 3116 4315 sit
3142 4259 3275 4316 illud
3301 4261 3608 4320 Servatoris

2010 4343 2354 4412 mandatum,
2383 4344 2560 4401 Nolite
2585 4348 2759 4401 vocari
2797 4349 3061 4419 magistri,
3106 4360 3155 4405 et
3204 4362 3402 4421 patrem
3451 4354 3608 4410 nolite

2010 4451 2193 4491 vocare
2218 4437 2354 4492 vobis
2382 4454 2537 4509 super
2576 4449 2767 4495 terram
2792 4481 2806 4506 ,
2845 4448 2952 4497 etc.
2989 4442 3206 4514 (Matth.
3249 4461 3380 4501 χχιιι
3401 4487 3418 4514 ,
3439 4448 3494 4514 8,
3526 4446 3607 4521 9),

2011 4527 2092 4582 sic
2121 4529 2195 4583 ait
2220 4546 2232 4581 :
2272 4547 2292 4581 ι
2327 4529 2597 4596 Quaeritur
2617 4546 2784 4602 quare
2822 4533 3082 4589 adversus
3113 4535 3213 4590 hoc
3244 4547 3609 4609 praeceptum,

1933 4619 2293 4680 Ddoctorem
2341 4623 2580 4693 gentium
2631 4625 2920 4694 Apostolus
2965 4641 3025 4682 se
3077 4642 3200 4685 esse
3251 4631 3476 4699 dixerit,
3511 4644 3608 4693 aut

2010 4713 2282 4782 quomodo
2311 4714 2530 4783 vulgato
2552 4729 2803 4771 sermone
2825 4757 2840 4782 ,
2879 4717 3109 4773 maxime
3138 4719 3192 4775 in
3217 4720 3507 4779 Palaestina
3548 4734 3608 4781 et

2013 4804 2233 4877 Egypti
2262 4806 2626 4875 monasteriis,
2647 4823 2706 4864 se
2729 4808 2957 4866 invicem
2993 4811 3179 4867 Patres
3207 4817 3437 4870 vocant?
3460 4817 3607 4885 quod

2011 4901 2092 4956 sic
2121 4901 2382 4955 solvitur:
2415 4901 2572 4958 Aliud
2601 4912 2685 4960 est
2726 4915 2914 4961 natura
2946 4921 3070 4964 esse
3101 4918 3309 4978 patrem
3354 4912 3438 4965 vel
3488 4925 3606 4966 ma-

2009 4991 2234 5063 gistrum
2257 5032 2272 5059 ,
2315 4993 2459 5049 aliud
2507 4993 2872 5065 indulgentia;
2904 5014 3002 5054 nos
3024 5000 3069 5055 si
3095 5001 3362 5056 hominem
3394 5009 3600 5070 patrem

2013 5095 2290 5147 vocamus,
2324 5084 2582 5141 honorem
2624 5088 2767 5142 aetati
2815 5087 3126 5159 deferimus,
3183 5106 3286 5145 non
3322 5102 3596 5153 auctorem

2014 5183 2214 5229 nostra:
2238 5176 2568 5232 ostendimus
2599 5179 2741 5234 vitae.
2773 5179 3027 5252 Magister
3057 5196 3269 5251 quoque
3297 5183 3492 5242 dicitur
3530 5202 3599 5244 ex

2012 5270 2285 5326 consortio
2306 5272 2417 5327 veri
2450 5273 2714 5344 magistri.
2742 5275 2806 5330 Et
2834 5291 2901 5331 ne
2928 5275 3131 5330 infinita
3163 5277 3441 5348 replicem,
3465 5297 3602 5352 quo-

2014 5366 2174 5420 modo
2196 5380 2332 5421 unus
2365 5381 2458 5436 per
2505 5378 2749 5424 naturam
2796 5369 2971 5434 Deus,
3015 5377 3071 5423 et
3112 5386 3247 5426 unus
3287 5372 3453 5430 Filius
3493 5391 3602 5433 non

2015 5459 2326 5528 praeiudicat
2352 5461 2585 5531 caeteris,
2621 5477 2688 5516 ne
2718 5476 2814 5531 per
2838 5459 3178 5530 adoptionem
3209 5464 3285 5520 dii
3318 5479 3599 5536 vocentur,

2014 5558 2066 5605 et
2097 5550 2224 5618 lilii;
2262 5551 2332 5606 ita
2362 5561 2418 5608 et
2442 5568 2579 5608 unus
2609 5562 2758 5623 pater
2780 5559 2834 5608 et
2856 5555 3110 5625 magister
3138 5572 3244 5614 non
3282 5561 3600 5632 prmjudieat

2013 5644 2170 5713 aliis,
2221 5655 2278 5701 ut
2317 5648 2539 5703 abusive
2583 5647 2919 5718 appellentur
2947 5658 3128 5720 patres
3171 5662 3224 5708 et
3265 5655 3526 5726 magistri.
3566 5675 3590 5712 ι

2014 5740 2281 5798 Hactenus
2312 5759 2377 5800 ex
2402 5742 2524 5797 divo
2550 5741 2873 5816 Hieronymo
2900 5745 3101 5804 Sixtus.

2085 5832 2142 5890 In
2174 5834 2420 5890 eamdem
2451 5849 2666 5908 quoque
2693 5837 3015 5900 sententiam
3057 5837 3211 5896 divus
3231 5839 3595 5911 Augustinus,
