4124 6350
467 490 531 547 I9
670 504 673 505 '
1387 476 1452 533 IN
1497 471 1696 531 Vl’l‘AS
1733 468 2016 528 PATRUM
2062 462 2570 523 PROLEGOMENA
2607 458 2797 517 XXVI.
3666 447 3739 508 ΞΟ

467 604 753 662 collatione
780 595 1189 669 Carthaginensi
1218 591 1408 658 tertia,
1437 590 1613 659 capite
1630 587 1778 643 24%:
1811 607 1829 639 ε
1866 587 2046 642 ΙΙοηο-
2075 586 2129 649 Α
2154 578 2273 654 quia
2309 580 2633 637 Humbertus
2657 577 2770 647 ipse
2802 570 3102 669 praefatur:
3133 570 3235 641 ipsi
3280 569 3738 669 ﬂammato-eum

468 698 745 756 riiicentiw
772 706 934 751 causa
965 702 1146 764 patres
1190 682 1525 761 appellamus
1567 698 1662 742 eos
1704 685 1795 753 qui
1828 694 1926 739 nes
1962 682 2049 739 vel

467 794 714 863 tempore
750 788 838 845 vel
885 785 1094 843 meritis
1137 787 1549 853 praecesserunt.
1589 777 1745 833 Aliud
1798 784 1883 832 est
1929 789 2049 829 cum

468 882 759 953 quaerimus
785 878 853 933 ad
899 876 1057 931 iidem
1107 882 1267 945 quem
1318 868 1612 925 habeamus
1655 875 1886 935 patrem.
1916 863 2051 921 Nam

469 976 603 1036 Illud
632 974 854 1031 honoris
895 980 1013 1038 est,
1059 973 1117 1023 ut
1158 964 1401 1037 quotidie
1433 962 1650 1018 senibus
1672 961 1931 1025 dicamus,
1963 970 2053 1028 pa-

469 1078 587 1138 tor;
613 1065 849 1139 quotidie
876 1066 1038 1120 etiam
1071 1058 1389 1133 quibusdam
1415 1070 1523 1112 non
1552 1055 1834 1111 nobiscum
1866 1054 1917 1108 in
1950 1067 2052 1108 una

470 1162 698 1222 ecclesia
724 1204 739 1230 ,
771 1172 869 1213 nec
897 1158 949 1213 in
980 1155 1171 1210 iisdem
1200 1150 1557 1208 sacramentis
1587 1146 1892 1203 constitutis
1922 1145 2056 1201 dici-

470 1266 615 1321 mus,
642 1252 828 1307 frater.
854 1247 991 1320 [vui]
1024 1245 1316 1304 Sodomitis
1346 1244 1506 1298 etiam
1536 1240 1671 1297 dixit
1710 1240 1844 1303 Lot,
1887 1238 2055 1295 frater

474 1348 633 1423 (Gen.
652 1348 763 1417 xix)
786 1361 798 1398 :
813 1345 1001 1414 utique
1029 1341 1094 1397 ad
1113 1338 1420 1397 leniendum
1435 1350 1621 1392 eorum
1635 1332 2054 1398 animositatem,

471 1452 579 1497 non
608 1440 675 1494 ad
704 1439 970 1508 cognitam
1004 1433 1419 1499 fraternitatem,
1449 1433 1503 1486 et
1524 1429 1675 1501 quasi
1704 1426 1863 1483 unius
1886 1425 2057 1481 inere-

472 1528 640 1589 ditate
663 1530 1010 1586 consortium.
1035 1527 1316 1582 Tollantur
1342 1538 1473 1595 ergo
1502 1522 1623 1577 ista.
1659 1520 2058 1591 Distinguamus

471 1625 753 1691 vocabula,
784 1636 903 1695 qua:
935 1618 1239 1676 hominibus
1279 1624 1498 1688 propter
1549 1616 1807 1670 honorem
1855 1610 2057 1668 deben-

473 1727 581 1785 tur,
631 1726 687 1772 et
732 1714 1050 1771 vocabulum
1088 1711 1232 1783 quod
1282 1718 1504 1781 pr0pter
1551 1709 1779 1763 salutem
1826 1704 2055 1776 requiri-

468 1824 611 1867 mus.
645 1826 665 1861 ι

549 1902 651 1958 Sed
681 1910 738 1959 et
780 1900 905 1956 alibi
954 1908 1174 1956 sanctus
1214 1896 1569 1968 Hieronymus
1615 1894 2056 1951 anachoretarum

472 1994 743 2065 principes
784 2004 959 2065 patres
990 2001 1145 2050 vocat
1185 1994 1346 2065 epist.
1387 1990 1494 2060 22,

442 2110 447 2113 Α
476 2100 500 2138 ι
538 2084 830 2152 Macarius,
859 2084 1081 2152 Pamho,
1113 2082 1380 2148 Isidorus,
1410 2092 1544 2154 quos
1572 2088 1754 2152 patres
1782 2084 2000 2135 vocant.
2033 2096 2052 2131 ι

473 2178 710 2249 Cyrillus
757 2180 917 2234 etiam
968 2178 1362 2234 Alexandrinus
1405 2173 1687 2245 epistolam
1725 2181 1885 2243 quam
1918 2170 2061 2226 misit

471 2270 539 2327 ad
591 2270 932 2342 presbyteros
976 2278 1032 2325 et
1071 2268 1359 2336 diaconos,
1390 2280 1509 2337 qum
1542 2264 1772 2321 habetur
1816 2263 1870 2317 iu
1910 2260 2060 2317 Actis

472 2361 663 2434 synodi
696 2362 1010 2431 Ephesium,
1042 2368 1196 2432 parte
1227 2370 1276 2426 l,
1306 2372 1425 2431 cap.
1449 2357 1518 2427 2,
1546 2356 1707 2414 simul
1757 2353 2058 2426 inscripsit,

470 2458 709 2532 Πατρὰσι
730 2463 1007 2525 μοναχῶς,
1040 2472 1059 2506 t
1097 2453 1343 2508 Patril‘tts
1371 2450 1664 2507 monachis.
1708 2454 1727 2503 δ

545 2546 759 2613 Qirteret
804 2547 964 2601 tertio
993 2544 1222 2600 fortasse
1251 2541 1561 2600 Curiosulus
1609 2538 1800 2611 aliquis
1834 2538 1974 2594 unde
2004 2537 2055 2594 in

472 2636 745 2707 plerisque
769 2637 921 2692 libris
948 2633 1107 2692 editis
1130 2637 1280 2707 quasi
1313 2642 1461 2691 recto
1495 2642 1624 2691 casu
1643 2675 1658 2699 ,
1691 2631 1777 2689 vel
1808 2632 2058 2707 ἀπτώτῳς

471 2697 570 2785 seu
626 2697 1077 2787 indeclinabililer
1113 2697 1262 2786 Vitas
1303 2729 1517 2784 Patrum
1576 2697 1934 2783 inscribaturl
1983 2697 2057 2781 ita

472 2822 692 2892 quidem
716 2823 878 2880 editio
900 2823 1123 2891 Veneta,
1150 2832 1290 2879 anno
1308 2822 1467 2888 1508,
1491 2820 1543 2876 in
1574 2821 1750 2877 fronte
1782 2835 1878 2891 pro
1904 2818 2058 2875 titulo

474 2914 711 2986 prmisrt.
743 2910 1084 2987 Respondeo,
1112 2916 1281 2972 videri
1312 2914 1483 2985 possit
1528 2922 1701 2968 Ortum
1750 2922 1820 2967 ex
1870 2909 2057 2982 primis

473 3008 794 3077 quibusdam
822 3007 1179 3070 editionibus.
1204 3008 1257 3062 ln
1290 3004 1479 3077 quibus
1506 3016 1628 3061 eum
1667 3000 1876 3058 nullum
1921 3000 2058 3058 libro

474 3099 866 3168 frontispicium
915 3100 1243 3170 prteﬂgatnr,
1289 3098 1381 3154 sed
1433 3095 1642 3152 initium
1682 3094 2057 3167 appellationis

468 3192 729 3260 ducatur;
760 3194 843 3249 vel
872 3202 901 3249 a
930 3195 1156 3264 prologo
1193 3193 1281 3264 qui
1312 3192 1364 3248 in
1398 3190 1830 3262 Norimbergensi
1859 3232 1874 3257 ,
1916 3204 2057 3244 anno

469 3281 635 3351 “78,
668 3287 745 3342 sic
781 3285 976 3343 habet:
1012 3285 1203 3359 Incipit
1250 3287 1495 3359 prologue
1540 3285 1704 3339 sancti
1750 3283 2058 3355 Hieronymi

2142 676 2383 731 'iortassc
2415 673 2602 729 tribuit
2625 668 3017 726 Theudoricus.
3061 664 3212 719 Nunc
3242 678 3399 732 vero,
3440 676 3561 717 cum
3588 660 3739 715 Vitas

2154 768 2250 822 itas
2275 765 2510 821 secundo
2533 761 2631 836 [is]
2664 761 2807 834 typis
2836 758 3119 823 submitte,
3152 756 3351 826 prodiit
3379 756 3422 809 is
3446 754 3578 809 liber
3604 751 3743 808 Dua-

2154 858 2203 916 εἰ
2226 854 2363 929 apud
2390 857 2757 911 Baltiiasarem
2791 852 3060 907 Bellorum
3092 850 3237 904 anno
3262 847 3417 901 ltili}.

2224 949 2491 1006 Jnrdanus
2520 954 2734 1016 quoque
2770 943 2838 999 de
2862 942 3091 998 Saxonis
3118 938 3320 995 ordinis
3350 936 3576 1021 fratrum
3622 950 3743 992 ere-

2155 1044 2403 1099 mitarum
2443 1040 2617 1096 sancti
2660 1038 2939 1110 Augustini
2988 1037 3181 1092 librum
3220 1035 3541 1104 composuit,
3586 1046 3745 1102 quem

2156 1136 2306 1191 Vitas
2338 1134 2581 1190 Fratrum
2611 1133 2902 1202 inscripsit,
2929 1132 3218 1199 editusque
3264 1137 3349 1184 est
3386 1129 3569 1183 Romae
3610 1142 3748 1183 anno

2158 1227 2320 1293 1587,
2348 1235 2568 1282 curante
2598 1224 2897 1298 Augustino
2938 1223 3231 1288 Fivizanio,
3277 1222 3519 1291 ejusdem
3547 1221 3748 1278 ordinis

2157 1319 2427 1386 religioso,
2455 1316 2735 1384 apostolici
2790 1315 2970 1387 palatii
3022 1315 3270 1378 sacrista.
3326 1326 3448 1369 cum
3508 1314 3645 1369 notis
3674 1314 3745 1370 Μ.

2160 1410 2377 1466 Antonii
2429 1408 2617 1464 Μειπωί
2682 1405 3029 1464 Salernitani.
3094 1404 3363 1473 Joseplius
3436 1404 3748 1473 Pamphilus

2159 1501 2443 1571 episcopus
2483 1501 2738 1571 Signinus
2769 1500 2822 1554 in
2858 1496 3128 1553 Chronico
3157 1495 3364 1551 ordinis
3394 1496 3743 1551 eremitarum

2158 1593 2328 1648 sancti
2358 1592 2638 1662 Augustini
2663 1592 2787 1647 citat
2815 1606 2884 1646 ex
2908 1589 3043 1644 Vitis
3072 1589 3179 1643 illis
3214 1587 3421 1642 initium
3445 1588 3749 1657 Spiritualis

2162 1684 2594 1756 pulchritudinis,
2622 1683 2765 1754 quod
2790 1683 2999 1738 initium
3029 1694 3169 1735 nunc
3192 1681 3245 1734 in
3287 1680 3445 1735 editis
3468 1696 3573 1736 non
3603 1695 3752 1736 com-

2162 1784 2333 1847 paret.
2362 1776 2521 1832 Forte
2541 1777 2668 1832 olim
2699 1791 2765 1831 eo
2790 1775 2941 1830 initio
2970 1771 3208 1842 prmiatiu
3232 1771 3331 1827 fuit
3353 1774 3591 1842 prclixa,
3621 1788 3741 1845 qua

2163 1884 2303 1925 nunc
2326 1869 2494 1925 deest.

1545 1990 1609 2044 ad
1658 1986 2008 2044 Eustochium
2039 2003 2054 2043 ε
2086 1988 2135 2050 Β
2232 1961 2449 2016 Accedit
2479 1960 2638 2016 etiam
2663 1967 2903 2014 vetustos
2928 1960 3183 2029 quosdam
3209 1961 3336 2016 Mss.
3367 1958 3579 2015 titulum
3605 1972 3748 2028 pra-

2163 2054 2305 2113 ferre
2334 2054 2477 2109 Vitas
2516 2053 2751 2109 Patrum.
2782 2052 2856 2108 ita
2889 2053 3023 2109 liber
3054 2054 3373 2109 Vedastinus
3401 2063 3525 2108 ante
3565 2067 3735 2109 annos

2163 2165 2319 2219 supra
2352 2165 2482 2205 nccc
2501 2149 2730 2218 scriptus
2756 2147 2967 2214 litteris,
3000 2157 3059 2202 ut
3082 2154 3296 2217 vocant,
3327 2147 3668 2218 capitalibus.

2234 2244 2337 2300 Sed
2370 2258 2467 2313 qua
2496 2241 2864 2313 grammatica,
2897 2242 2981 2297 vel
3014 2255 3116 2313 qua
3160 2244 3446 2298 occasione
3479 2242 3615 2297 liber
3659 2241 3747 2298 ille

2161 2334 2231 2391 ita
2260 2334 2585 2404 inscriptus?
2630 2334 2693 2389 ι).
2729 2333 2990 2404 Georgius
3017 2333 3385 2397 Colvenerius,
3418 2332 3485 2387 Μ.
3520 2330 3583 2388 Ν.
3612 2332 3748 2388 Aca-

2166 2429 2352 2486 demiae
2387 2430 2646 2485 Duacenaa
2691 2428 3062 2492 cancellarius,
3093 2427 3464 2491 existimabat,
3494 2428 3746 2481 vetustis-

2158 2523 2299 2578 simo
2328 2536 2475 2578 more
2504 2522 2570 2577 ad
2599 2522 2908 2576 Graecorum
2948 2519 3302 2575 imitationem
3336 2518 3532 2574 librum
3572 2519 3746 2589 primo

2159 2618 2357 2673 dictum
2383 2624 2437 2672 et
2463 2614 2795 2683 inscriptum,
2833 2613 2983 2669 Liber
3022 2613 3166 2669 Vitas
3192 2612 3434 2678 Patrum,
3470 2627 3566 2683 pro
3596 2612 3750 2667 Liber

2167 2707 2299 2762 Vitis
2328 2706 2564 2771 Patrum,
2596 2706 2648 2762 id
2697 2714 2796 2772 est,
2847 2702 2983 2761 liber
3013 2704 3100 2776 qui
3150 2706 3388 2760 continet
3416 2700 3591 2759 Vitam
3651 2704 3750 2760 Pa-

2159 2806 2330 2864 trum;
2375 2808 2435 2854 ut
2462 2798 2609 2854 Vitas
2654 2799 2725 2853 sit
2770 2797 3040 2868 genitivus
3071 2795 3375 2867 singularis,
3423 2804 3480 2851 ut
3520 2796 3746 2852 familias

2161 2890 2215 2945 in
2246 2888 2646 2960 paterfamilias.
2680 2890 2884 2946 Deinde
2929 2888 3081 2944 Liber
3120 2890 3382 2947 omissum
3417 2902 3558 2957 esse,
3617 2891 3749 2946 sim-

2159 2982 2473 3054 pliciterque
2493 2981 2693 3037 dictum
2724 2981 2867 3037 Vitas
2890 2981 3132 3037 Patrum.
3162 2982 3273 3054 Ego
3315 2994 3442 3039 vero
3472 2982 3653 3039 nescio
3679 2988 3748 3042 an

2156 3081 2424 3151 quispiam
2460 3082 2599 3137 hanc
2628 3081 2957 3151 antiquitatis
2990 3080 3216 3137 formam
3267 3080 3321 3137 in
3360 3081 3748 3151 posterioribus

2158 3172 2370 3228 saeculis
2394 3172 2462 3228 sit
2482 3172 2832 3229 admissurus.
2860 3172 3021 3231 Certe
3061 3170 3287 3230 loannes
3335 3171 3737 3245 Despauterlus,

2158 3264 2252 3320 lib.
2276 3278 2311 3320 ιι
2335 3265 2860 3321 Commentariorum
2881 3267 3367 3336 grammaticorum,
3389 3268 3441 3321 in
3464 3267 3627 3338 prima
3658 3267 3752 3325 de-

472 3378 756 3449 prssbgtsri
783 3379 837 3433 in
866 3379 1019 3433 libros
1064 3379 1209 3435 Vitas
1243 3378 1497 3445 Patrum;
1523 3374 1608 3433 vel
1637 3386 1667 3432 a
1706 3378 1964 3446 registro,
1996 3386 2055 3433 ut

2164 3359 2477 3425 clinatione,
2511 3361 2627 3415 ait:
2673 3360 2833 3416 Liber
2887 3360 3031 3416 Vitas
3075 3359 3290 3416 Patrum
3335 3360 3413 3418 sic
3458 3376 3566 3418 non
3619 3361 3756 3419 dici-

474 3466 530 3522 ln
571 3466 906 3524 Germanicis
935 3468 1124 3526 incerti
1161 3471 1307 3535 loci,
1351 3480 1492 3525 anno
1522 3462 1662 3527 i483
1692 3480 1745 3526 et
1774 3466 1912 3525 i485
1941 3489 1957 3525 :
1990 3468 2057 3527 1η

474 3564 802 3632 antiquorum
839 3561 1056 3616 Patrum
1100 3562 1278 3631 Vitas,
1320 3580 1351 3616 a
1391 3562 1535 3617 beato
1581 3558 1903 3631 Hieronymo
1933 3577 2058 3616 con-

472 3656 692 3726 scriptas
712 3657 1016 3725 regiarum;
1044 3650 1241 3711 factum
1271 3654 1483 3712 videtur
1512 3664 1569 3710 ut
1596 3656 1923 3726 posteriores
1945 3657 2060 3711 edi-

472 3755 639 3816 tores,
680 3749 827 3805 Vitas
852 3744 1070 3806 Patrum
1093 3791 1108 3817 ,
1136 3752 1425 3817 ἀπτώτως,
1453 3758 1548 3805 seu
1580 3746 1948 3805 inﬂexibiliter
1972 3760 2061 3804 ce-

470 3845 669 3916 perint.
694 3846 851 3901 Certe
874 3838 1045 3913 prima
1067 3844 1307 3899 omnium
1335 3844 1517 3909 editio,
1544 3844 1690 3900 nullo
1718 3854 1866 3901 certo
1896 3857 2058 3910 anno,

470 3938 615 4005 loco,
676 3939 1010 4010 typographo
1062 3940 1374 4011 consignata
1424 3939 1581 3995 aliter
1628 3926 2061 4008 liabetzlncipit

475 4030 715 4098 prwfatio
740 4029 877 4084 beati
909 4021 1213 4101 Hieronymi
1236 4029 1517 4101 presbyteri
1544 4030 1597 4085 in
1619 4032 1841 4102 primum
1872 4030 2063 4084 librum

474 4126 540 4179 de
576 4124 697 4180 Vita
717 4130 1013 4180 sant-rorata
1044 4122 1282 4180 Patrum.
1306 4123 1378 4181 Ut
1407 4132 1517 4180 non
1537 4123 1808 4181 immerito
1830 4122 2063 4180 Galenus

476 4214 889 4284 Westcapeilus,
922 4216 1191 4273 cltecltesl
1218 4215 1328 4272 225
1355 4222 1563 4273 asserat
1600 4226 1660 4273 se
1704 4217 1915 4273 nescire
1959 4216 2062 4288 qua

472 4308 825 4383 grammatica
854 4305 990 4366 liber
1018 4310 1102 4364 hic
1124 4306 1450 4366 inscﬁbat‘ti‘r
1470 4306 1621 4365 Vitas
1655 4306 1898 4365 Patrum.

549 4402 655 4458 Sed
681 4410 789 4459 non
821 4409 1097 4471 acceptam
1124 4404 1469 4459 occasionem
1499 4414 1565 4459 ex
1586 4401 1778 4472 primis
1812 4400 2069 4463 editionl-_

472 4493 580 4551 bus
608 4495 799 4552 librum
823 4500 944 4552 eum
970 4490 1197 4553 vocandi
1224 4505 1279 4552 et
1302 4492 1627 4551 inseribendi
1651 4493 1796 4550 Vitas
1820 4492 2062 4563 Patrum,

478 4589 561 4643 vel
592 4589 717 4645 inde
745 4596 912 4659 patet,
946 4589 1091 4660 quod
1115 4592 1328 4646 constet
1367 4587 1642 4660 antiquam
1689 4590 1854 4647 fuisse
1882 4588 2066 4662 appel-

476 4679 733 4736 lationem
777 4681 925 4737 Vitas
966 4683 1215 4749 Patrurn,
1258 4678 1421 4738 Ullam
1465 4692 1589 4739 ante
1630 4679 2060 4754 impressionem.

2167 3462 2273 3520 tur,
2313 3453 2407 3509 sed
2446 3451 2580 3508 Vita:
2609 3452 2867 3518 Patrum;
2897 3453 3001 3526 legi
3037 3452 3182 3509 Vitas
3212 3452 3451 3521 Patrum,
3482 3463 3587 3510 etc.

2240 3544 2538 3599 Hadrianus
2593 3544 2827 3600 Courten
2872 3552 3099 3611 noster,
3157 3544 3429 3616 Belgiiqne
3467 3545 3640 3601 nostri
3694 3546 3750 3602 in

2165 3638 2530 3709 grammatical
2575 3637 2821 3707 palaestra
2851 3637 2984 3694 alter
3011 3636 3305 3704 Palemon,
3349 3638 3622 3694 existimat
3651 3638 3756 3694 im-

2166 3732 2415 3804 peritiam
2441 3732 2718 3801 scriptoris
2764 3745 2829 3807 ex
2866 3732 2948 3787 his
3003 3730 3181 3787 verbis
3241 3731 3359 3787 Vita
3416 3732 3478 3789 S.
3538 3731 3756 3788 Patrum

2167 3819 2359 3879 fecisse
2394 3822 2542 3878 Vitas
2576 3821 2812 3891 Patrum,
2855 3820 3125 3892 probabili
3177 3822 3231 3879 in
3273 3824 3462 3897 primis
3510 3824 3757 3896 facilique

2166 3916 2495 3987 conjectura.

2241 4002 2365 4062 Mihi
2398 3991 2529 4063 vero
2557 4005 2878 4063 occurrebat
2898 4006 3061 4078 hujus
3087 4008 3465 4079 appellationis
3495 4006 3755 4078 originem

2166 4100 2489 4169 proﬂuxisse
2511 4113 2579 4155 ex
2610 4109 2850 4156 veterum
2890 4101 3171 4171 citatione,
3201 4099 3294 4173 qui
3320 4102 3392 4157 ita
3419 4098 3534 4157 iere
3564 4099 3758 4155 librum

2170 4193 2312 4249 hunc
2355 4193 2560 4261 citant,
2611 4194 2737 4249 licet
2781 4194 2950 4250 verbo
2999 4193 3220 4263 addito,
3272 4202 3329 4251 ut
3369 4202 3515 4265 patet
3565 4194 3651 4250 hic
3704 4195 3759 4249 iu

2167 4287 2340 4356 prima
2370 4287 2739 4355 conclusione,
2774 4287 2866 4343 ubi
2892 4287 3138 4345 Gelasius
3166 4286 3264 4353 ait,
3302 4306 3323 4341 ι
3358 4287 3506 4344 Vitas
3538 4284 3756 4343 Patrum

2164 4391 2288 4434 cum
2319 4380 2462 4434 omni
2490 4380 2692 4435 honore
2710 4378 3052 4450 suscipimus.
3074 4399 3094 4432 ο
3128 4378 3435 4434 Gennadius
3469 4398 3482 4433 :
3520 4397 3539 4433 ‹
3561 4379 3756 4437 Petro-

2172 4473 2294 4528 nius
2320 4474 2598 4543 scripsisse
2627 4482 2840 4543 putatur
2873 4473 3020 4528 Vitas
3052 4474 3294 4529 Patrum.
3335 4493 3354 4526 ι
3394 4472 3759 4530 Paschasius:

2177 4584 2197 4619 ι
2234 4566 2383 4621 Vitas
2420 4566 2635 4621 Palmm
2665 4565 2915 4636 iussusin
2946 4565 3198 4622 Latinum
3224 4566 3520 4623 transferre
3551 4580 3757 4623 sermo-

2170 4672 2315 4713 nem.
2352 4655 2746 4713 sGassiodorus
2775 4675 2790 4714 :
2817 4676 2836 4711 ι
2872 4656 3021 4715 Vitas
3050 4657 3267 4715 Patrum
3292 4656 3641 4730 proculdubio
3676 4668 3764 4714 re-

476 4772 694 4829 Clarum
726 4773 776 4828 id
804 4774 889 4828 est
920 4773 1066 4829 Vitas
1090 4744 1365 4841 Fratrum,
1398 4784 1623 4846 quarum
1663 4744 1911 4832 auctores
1942 4776 2066 4833 hinc
2094 4763 2148 4825 Ι)
2174 4749 2382 4857 genus
2416 4754 2437 4806 δ
2489 4745 3090 4857 53nc109_Bei§diclus
3117 4772 3182 4857 τοι
3246 4756 3413 4857 Legit
3439 4770 3585 4857 ιιιιυξ
3619 4755 3768 4810 Vitas

478 4872 639 4924 suum
691 4867 900 4922 titulum
928 4866 1179 4923 videntur
1208 4866 1455 4925 hausisse
1497 4870 1551 4925 et
1592 4864 1967 4925 adumbraSse.
2002 4860 2072 4925 Et

479 4962 696 5033 quidem
724 4961 970 5017 diversus
996 4974 1026 5016 a
1052 4961 1284 5017 diversis
1313 4976 1378 5018 eo
1400 4960 1557 5019 titulo
1586 4962 1721 5018 liber
1742 4971 1823 5019 est
1845 4963 2070 5034 insigni-

480 5062 591 5108 tas.
627 5052 948 5108 Humbertus
995 5053 1216 5123 quintus
1244 5055 1501 5124 magister
1544 5055 1819 5127 generalis
1863 5052 2071 5113 ordinis

484 5144 550 5198 D.
584 5144 869 5211 Dominici,
903 5144 1101 5201 dicitur
1125 5144 1273 5201 Vitas
1295 5142 1543 5202 Fratrum
1569 5146 1652 5202 sui
1675 5146 1881 5204 Ordinis
1922 5162 2070 5202 com-

482 5235 731 5306 posuisse
755 5275 771 5302 ,
796 5244 859 5291 ut
887 5235 1050 5293 habet
1102 5236 1268 5295 frater
1312 5237 1682 5295 Theodoricus
1723 5234 1790 5296 de
1844 5233 2069 5309 Apoldia

485 5327 715 5397 epistola
767 5330 1072 5399 prmiatoﬁa
1122 5338 1247 5387 ante
1276 5329 1453 5387 Vitam
1494 5332 1667 5387 sancti
1706 5330 2003 5399 Dominici,
2036 5332 2073 5389 5

482 5419 732 5490 Augusti.
765 5420 1011 5479 Nondum
1044 5423 1149 5478 vidi
1172 5422 1299 5479 cum
1346 5422 1545 5479 librum
1577 5423 1840 5494 prodiisse
1880 5438 1944 5479 eo
1973 5438 2072 5479 au-

484 5524 655 5571 ctore.
693 5512 872 5572 Habeo
916 5524 1080 5587 penes
1122 5524 1211 5572 me
1252 5514 1380 5571 Mss.
1414 5514 1565 5571 Vitas
1594 5513 1840 5571 Fratrum
1869 5512 2077 5574 ordinis

490 5607 554 5661 ι).
590 5606 892 5674 Dominicis
936 5617 1157 5665 auctore
1175 5608 1418 5665 Gerardo
1453 5609 1521 5664 de
1550 5606 1813 5665 Fracheto
1839 5602 2078 5666 Domini-

484 5711 648 5766 cauo,
670 5700 760 5769 qui
785 5712 908 5755 eum
937 5697 1132 5754 librum
1162 5700 1381 5769 scripsit
1405 5700 1559 5771 iussu
1593 5697 1869 5756 Humberti
1917 5712 2074 5771 gene‘

488 5788 616 5845 ralis
636 5791 806 5859 quinti
833 5804 978 5846 anno
1004 5788 1165 5846 1260.
1189 5790 1330 5846 Citat
1355 5800 1411 5847 et
1434 5805 1557 5849 eum
1581 5792 1843 5848 Antonius
1871 5790 2081 5849 Senen-

492 5882 568 5936 sis
599 5882 654 5936 in
681 5881 1010 5938 Bibliotheca
1036 5883 1358 5953 scriptorum
1389 5885 1470 5939 sui
1498 5883 1724 5940 ordinis.
1755 5882 1890 5952 Quia
1920 5883 2081 5956 igitur

494 5973 751 6038 auspiciis
782 5973 1059 6031 Humberti
1087 5989 1211 6033 eum
1234 5975 1431 6033 librum
1460 5977 1681 6048 scripsit
1702 5976 1997 6050 Gerardus,
2024 5984 2077 6035 et

2174 4843 2416 4900 Patrum.
2452 4864 2473 4899 ι
2523 4846 2812 4917 Gregorius
2856 4845 3185 4917 Turonensis
3220 4864 3232 4897 :
3294 4864 3313 4897 ι
3353 4846 3502 4901 Vitas
3549 4846 3769 4904 Patrum

2174 4934 2469 4994 abscedens
2498 4934 2566 4992 ab
2616 4916 2682 4993 eo
2731 4916 2924 4993 direxi.
2967 4956 2985 4991 ι
3023 4934 3157 4994 Hinc
3203 4936 3385 5009 igitur,
3437 4939 3560 5009 quia
3613 4940 3769 4997 toties

2174 5029 2313 5097 apud
2354 5038 2601 5085 auctores
2628 5029 2875 5098 legebant
2903 5028 3119 5100 quidam
3157 5027 3305 5085 Vitas
3354 5029 3592 5098 Patrum,
3634 5044 3753 5088 eam

2174 5119 2590 5189 appellationem
2632 5127 2886 5192 τιχνικῶς
2932 5119 3075 5176 libro
3100 5121 3370 5178 indidere.
3412 5121 3561 5180 Satis
3588 5133 3767 5180 autem

2175 5218 2387 5268 constat
2412 5226 2478 5267 ex
2508 5210 2787 5268 Gennadio
2816 5226 2979 5283 supra
3007 5214 3194 5282 citato,
3224 5214 3422 5270 librum
3455 5215 3596 5271 hunc
3640 5216 3769 5289 olim

2176 5314 2327 5361 recte
2360 5307 2414 5360 iu
2442 5313 2592 5361 recto
2622 5304 2940 5378 inscriptum
2974 5305 3107 5363 Vitae
3136 5304 3377 5363 Patrum.
3409 5308 3487 5365 ita
3510 5310 3652 5365 enim
3683 5308 3773 5365 ille

2178 5406 2301 5468 cap.
2336 5399 2423 5470 li,
2450 5398 2507 5454 in
2536 5398 2803 5470 Evagrio:
2843 5419 2862 5453 ι
2897 5398 3064 5471 Cujus
3091 5401 3252 5456 etiam
3286 5400 3442 5470 liber,
3476 5403 3565 5472 qui
3591 5403 3773 5458 attitu-

2182 5491 2323 5547 latur
2358 5486 2493 5546 Vita:
2520 5488 2759 5559 Patrum,
2792 5491 2937 5549 velut
2956 5490 3408 5550 continentissimi
3438 5503 3492 5550 et
3512 5492 3771 5551 eruditis-

2185 5583 2304 5639 simi
2334 5583 2433 5639 viri
2464 5585 2791 5640 mentionem
2814 5582 2962 5641 facit.
2998 5602 3018 5637 ι

2648 5696 3207 5757 PROLEGOMENON
3244 5694 3311 5755 Il.

2533 5788 2634 5859 Qui
2674 5790 2857 5846 horum
2897 5784 3143 5847 librorum
3183 5803 3435 5849 auctores.

2248 5880 2328 5955 [κ]
2353 5880 2448 5939 Hic
2469 5896 2598 5939 vero
2630 5883 2794 5939 cardo
2827 5886 2989 5940 latius
3024 5886 3101 5941 rei
3128 5881 3373 5942 vertitur.
3406 5884 3473 5941 Ut
3491 5882 3633 5940 enim
3658 5900 3775 5941 uio-

2177 5984 2315 6033 netar
2347 5992 2452 6036 non
2483 5984 2687 6033 tantum
2733 5993 2765 6032 a
2811 5979 3067 6049 pandere,
3118 5978 3212 6035 sed
3257 5985 3312 6035 et
3339 5977 3408 6033 ab
3436 5978 3614 6051 elligie
3641 5991 3774 6037 suus
