4124 6350
286 385 357 476 ῤ,
1617 402 2297 462 PROLEGOMENONIV.
3514 395 3589 455 se

296 543 382 590 est
431 530 600 596 valor,
633 527 703 582 ita
751 534 805 581 et
851 523 974 581 libri
1004 522 1236 595 pretium
1282 537 1387 579 non
1436 528 1642 577 tantum
1673 536 1703 574 a
1735 518 1896 585 mole,
1928 516 1984 580 Α
2005 518 2262 584 obstaret,
2287 517 2496 574 etiamsi
2517 511 2705 573 auctor
2725 503 3012 571 haereticus
3040 521 3202 581 esset,
3233 497 3405 568 Vitam
3435 510 3591 570 abeo

299 621 392 684 sed
423 641 477 684 et
507 625 576 680 ab
603 630 822 677 auctore
859 619 1179 674 aestimatur.

371 717 525 786 Quod
557 717 599 772 si
631 722 821 769 auctor
865 708 1186 781 quandoque
1215 708 1368 775 latet,
1401 718 1526 763 tunc
1569 703 1897 776 investigare

288 791 622 870 conabimur
653 807 1036 873 interpretem;
1081 803 1169 871 qui
1198 801 1242 856 si
1289 801 1562 872 antiquus,
1594 800 1637 854 si
1686 799 1894 864 doctus,

289 883 344 960 ﬁsi
376 904 597 974 probus,
630 915 736 954 non
770 893 1091 967 magnopere
1123 895 1189 950 de
1235 903 1455 949 auctore
1505 892 1896 949 laborabimus.

301 993 408 1050 Cor
437 994 580 1050 enim
616 989 1067 1061 quodjudiciosus
1095 988 1360 1057 interpres
1393 1003 1491 1041 suo
1508 986 1727 1057 dignum
1761 986 1900 1058 stylo

299 1083 872 1152 calamovejudicavit,
908 1095 1012 1134 non
1038 1081 1118 1135 vel
1152 1080 1316 1149 ipsius
1340 1079 1441 1134 lide
1466 1079 1829 1150 recipiamus?

373 1176 508 1245 Quia
541 1189 671 1229 vero
699 1173 848 1228 multi
881 1169 963 1226 hic
992 1171 1113 1226 libri
1147 1179 1292 1238 sunt,
1340 1183 1368 1225 a
1400 1169 1629 1228 diversis
1672 1171 1902 1226 auctori-

301 1267 402 1324 bus
431 1265 743 1335 conscripti,
792 1273 846 1320 et
899 1259 968 1319 de
1022 1262 1340 1332 quibusdam
1374 1259 1782 1333 perplexisslma
1816 1275 1903 1316 res

305 1368 410 1428 est,
445 1359 513 1416 de
556 1355 778 1428 singulis
806 1354 956 1411 libris
1000 1355 1268 1424 inquiram
1302 1353 1530 1426 singulis
1563 1353 1898 1425 prolegome-

304 1469 410 1509 Μ’
772 1518 1327 1576 PROLECOMENON
1371 1518 1455 1572 Ill.

739 1633 862 1700 Quis
903 1631 1055 1703 primi
1096 1631 1216 1684 libri
1255 1633 1479 1685 auctor?

382 1745 511 1801 Dico
541 1744 693 1814 primi
719 1745 840 1799 libri
872 1754 1118 1798 auctores
1147 1743 1279 1797 varii
1309 1753 1432 1797 sunt
1457 1758 1470 1795 :
1499 1737 1715 1810 quidam
1748 1741 1902 1807 certi,

301 1839 524 1910 quidam
552 1838 718 1899 dubii,
755 1836 972 1906 quidam
1004 1836 1212 1891 incerti.

381 1929 528 1984 Certi
578 1939 846 1991 auctores,
878 1941 1096 1982 suarum
1129 1925 1321 1994 smguli
1355 1925 1623 1991 Vitarmn,
1653 1933 1819 1980 sunt:
1852 1923 1904 1980 l.
1941 1925 1991 1986 Β

310 2021 476 2076 Divus
511 2021 884 2092 Hieronymus,
931 2033 1119 2072 attetor
1153 2018 1388 2072 Vitarum
1420 2018 1640 2088 aliquot,
1673 2027 1729 2071 ut
1757 2015 1908 2071 Pauli

311 2114 470 2184 primi
502 2113 761 2178 cremitze,
797 2111 1089 2165 llilarionis
1134 2111 1500 2175 anachoreta},
1553 2107 1742 2163 Malchi
1789 2122 1906 2163 mo-

313 2206 470 2262 nachi
493 2206 710 2275 captivi,
743 2205 992 2267 Fabiolae,
1025 2203 1200 2258 Paulae
1233 2203 1498 2257 Marcella:
1547 2203 1909 2256 Romanarum

313 2301 618 2354 viduarum.
666 2300 718 2352 ‘2.
749 2299 977 2352 Sanctus
1009 2296 1332 2351 Athanasius
1361 2297 1646 2364 episcopus
1676 2295 1913 2350 Alexan-

311 2397 521 2460 drinus,
556 2404 738 2448 auctor
769 2393 902 2447 Vita:
954 2392 1125 2447 sancti
1178 2391 1416 2447 Antonii.
1555 2391 1912 2460 Paphnutius,

313 2499 502 2544 auctor
531 2487 665 2542 Vita:
710 2487 880 2541 sancti
923 2485 1184 2554 Unuphrii
1251 2485 1516 2539 eremitae.
1566 2483 1621 2536 4.
1679 2481 1917 2539 Sanctus

315 2580 552 2650 Ephrem
582 2579 775 2650 Syrus,
816 2587 1004 2634 auctor
1027 2578 1163 2632 Vitae
1192 2576 1365 2632 sancti
1394 2575 1628 2632 Abrahae
1652 2576 1912 2640 eremitar,

312 2681 366 2728 et
418 2673 596 2728 Maria:
644 2672 761 2742 ejus
815 2672 1010 2741 neptis.
1063 2671 1118 2726 5.
1159 2669 1569 2739 Amphilochius
1626 2667 1917 2730 lcouiensis

315 2765 624 2836 episcopus,
649 2778 835 2820 auctor
871 2765 1003 2820 Vita:
1040 2763 1157 2818 Divi
1205 2764 1384 2818 Basilii
1411 2763 1677 2818 Caesarea:
1705 2760 1918 2831 Cappa-

313 2860 490 2916 docia:
511 2863 771 2931 episcopi.
806 2862 858 2914 li.
912 2859 1177 2915 Antonius
1227 2867 1416 2913 auctor
1446 2857 1581 2911 Vitzc
1628 2856 1799 2912 sancti
1831 2855 1919 2911 Si-

314 2953 524 3009 meonis
569 2953 796 3023 Stylittc.
823 2951 878 3004 7.
912 2950 1166 3006 Leontius
1196 2947 1447 3018 Neapolis
1485 2946 1808 3018 Cypriorum
1838 2947 1919 3002 in-

316 3043 452 3098 sulae
481 3043 786 3112 episc0pus,
820 3052 1008 3097 auctor
1040 3041 1171 3094 Vitae
1201 3042 1372 3096 sancti
1405 3039 1630 3094 Joannis
1671 3039 1918 3095 Eleemo-

317 3135 520 3204 synarii
548 3135 864 3203 patriarcha:
896 3131 1268 3188 Alexandrini.
1329 3132 1385 3188 8.
1435 3132 1672 3188 Joannes
1721 3132 1919 3187 Dama-

321 3243 516 3283 tcenus
547 3239 732 3284 auctor
765 3228 897 3282 Vita:
926 3238 1234 3282 sanctorum
1267 3227 1512 3281 Barlaam
1554 3237 1611 3282 et
1635 3227 1916 3296 Josaphat.

2003 611 2332 682 descriptam
2363 611 2626 666 sinceram
2657 607 2816 665 esse?
2845 605 3022 663 Facile
3039 605 3228 677 cuique
3255 611 3337 661 est
3363 605 3592 683 ἀερομα-

2005 727 2140 778 χειν.

2460 770 3014 831 PROLEGOMENON
3051 773 3138 830 IV.

2422 892 2547 958 Quis
2575 891 2786 946 secundi
2812 891 2928 945 libri
2955 899 3132 945 auctor
3150 888 3180 944 Γ

2078 1004 2154 1059 De
2200 1003 2301 1058 hoc
2345 1003 2681 1072 potissimum
2713 1005 2856 1059 libro
2899 1006 3124 1076 quaestio
3149 1012 3254 1062 est.
3300 1005 3399 1062 Hic
3448 1008 3594 1064 enim

2007 1100 2097 1155 ille
2126 1106 2210 1153 est
2252 1112 2411 1166 quem
2454 1107 2662 1152 veteres
2695 1099 2956 1168 plerique,
3003 1100 3126 1153 dum
3177 1099 3326 1156 Vitas
3372 1100 3591 1156 Patrum

2007 1192 2208 1258 citant,
2265 1191 2585 1262 intelligunt.
2620 1191 2771 1259 Quod
2813 1191 3064 1260 colligere
3093 1203 3174 1247 est
3207 1202 3314 1246 tum
3361 1209 3427 1248 ex
3470 1192 3596 1247 divo

2015 1286 2360 1355 Hieronymo,
2397 1284 2556 1354 epist.
2591 1286 2656 1339 ad
2703 1284 3102 1354 Ctesiphontem
3149 1287 3411 1341 adversus
3447 1285 3602 1340 Pela-v

2011 1364 2180 1450 gian.,
2209 1379 2295 1434 ubi
2319 1380 2415 1445 ait,
2447 1378 2708 1434 Joannem
2737 1378 2788 1432 in
2817 1380 2982 1448 ipsius
3013 1379 3133 1434 libri
3161 1379 3285 1446 poni
3315 1379 3598 1449 principio,

2013 1488 2171 1541 quem
2221 1471 2304 1525 hic
2337 1472 2564 1540 primum
2599 1473 2874 1540 reperies;
2924 1482 3036 1527 tum
3082 1487 3146 1526 ex
3192 1471 3490 1536 Gennadio,
3535 1471 3602 1525 de

2015 1563 2211 1618 illustr.
2251 1563 2425 1618 Eccle.
2469 1561 2691 1633 Script.,
2739 1579 2858 1633 cap.
2891 1565 2980 1626 40,
3015 1567 3103 1633 qui
3155 1565 3347 1619 asserit
3384 1565 3599 1626 librum.

2021 1674 2042 1707 ί
2072 1656 2160 1726 qui
2194 1656 2491 1710 attitulatur
2540 1654 2669 1710 Vita:
2700 1655 2941 1723 Patrum,
2975 1658 3119 1711 velut
3148 1659 3599 1712 continentissimi

2015 1757 2071 1801 et
2117 1746 2464 1802 eruditissimi
2514 1747 2612 1801 viri
2645 1748 2905 1820 (Evagrii)
2961 1751 3284 1805 mentionem
3326 1750 3542 1812 facere;
3577 1770 3595 1803 ι

2017 1841 2104 1909 qui
2134 1840 2255 1894 libri
2292 1841 2448 1909 hujus
2473 1855 2592 1910 cap.
2624 1840 2690 1893 27
2726 1841 2984 1896 occurrit.

2091 1934 2220 1988 'l‘am
2253 1935 2420 1989 variae
2470 1945 2874 2004 pugnautesque
2904 1935 2971 1990 de
3017 1944 3234 1990 auctore
3280 1936 3436 2003 hujus
3484 1918 3606 1992 libri

2016 2026 2143 2098 (nisi
2174 2027 2398 2081 velimus
2440 2041 2470 2079 a
2510 2028 2742 2096 singulis
2773 2015 3014 2082 diversos
3045 2028 3212 2083 libros
3262 2030 3490 2097 scriptos
3523 2030 3606 2083 vel

2019 2121 2397 2191 interpolatos)
2449 2120 2731 2175 sententiae
2781 2130 2926 2186 sunt,
2962 2131 3017 2176 ut
3061 2137 3237 2190 operae
3269 2121 3493 2191 pretium
3539 2122 3607 2176 sit

2019 2226 2114 2266 eas
2146 2213 2198 2265 in
2231 2210 2592 2281 paragraphos
2621 2213 2829 2280 partiri,
2860 2221 2917 2266 ut
2964 2213 3291 2282 singularum
3338 2224 3606 2268 momenta

2019 2315 2331 2375 appareant,
2371 2315 2425 2360 et
2451 2305 2592 2377 justa
2641 2305 2826 2374 judicii
2869 2308 3066 2360 trutina
3105 2305 3334 2375 expendi
3380 2306 3606 2374 possint.

2022 2398 2356 2467 Auspieabor
2383 2412 2410 2450 a
2439 2397 2660 2453 Grecis.

2027 2511 2128 2582 ξι.
2169 2511 2444 2565 Auctorem
2489 2511 2647 2566 rideri
2675 2511 3000 2636 timotheum
3040 2514 3336 2581 episcopum
3378 2512 3603 2566 Alexan-

2737 2599 2922 2636 riuum.

2737 2599 2922 2637 riuum.

2097 2685 2214 2758 [xu]
2248 2685 2600 2751 Sozomenus,
2633 2685 2728 2741 lib.
2755 2702 2829 2751 VI,
2853 2701 2970 2756 cap.
3004 2685 3074 2740 ‘29
3128 2685 3263 2740 Hist.
3292 2684 3464 2749 Eccl.,
3490 2699 3610 2739 cum

2023 2779 2094 2834 de
2115 2778 2398 2849 Apollone,
2431 2779 2518 2849 qui
2547 2779 2601 2833 in
2627 2778 2899 2834 Thebaide
2921 2780 3146 2842 vixerat,
3169 2779 3390 2846 egisset,
3419 2776 3568 2830 addit
3598 2794 3611 2829 :

2022 2869 2146 2927 ’Δ).).’
2191 2876 2275 2949 οἵᾳ
2304 2879 2393 2943 μὲν
2661 2873 2877 2953 ἕχρῆτο,
2920 2879 3004 2930 καὶ
3055 2875 3235 2934 ἡλίκων
3279 2872 3340 2935 ἦν
3365 2875 3507 2929 θείων
3537 2875 3618 2933 καί

2025 2965 2334 3042 παραδόξων
2356 2967 2680 3043 πραγμάτων
2707 2974 2940 3034 ποιητὴς,
2971 2968 3174 3042 ἱστορεῖ
3201 2967 3440 3038 Τιμόθεος
3473 2966 3494 3021 ἐ
3519 2975 3618 3022 τῶν

2026 3059 2405 3136 Ἀλεξανδρείων
2453 3063 2720 3120 ἐκκλησίαν
2759 3063 3137 3136 ἐπιτροπεύσας
3180 3056 3234 3115 εὖ
3267 3062 3423 3132 μάλα,
3458 3062 3619 3114 αὐτοῦ

2026 3159 2112 3210 καὶ
2142 3155 2335 3209 πολλῶν
2362 3153 2430 3209 ὧν
2452 3156 2788 3227 ἐπεμνήσθην,
2821 3155 2902 3208 καὶ
2927 3152 3085 3208 ἄλλων
3125 3151 3346 3223 δογίμων
3376 3158 3621 3222 μοναχῶν

2028 3251 2148 3308 τοὺς
2194 3248 2339 3318 βίους
2361 3246 2647 3317 suariam.
2688 3264 2706 3298 ι
2729 3245 2832 3300 Sed
2854 3259 3098 3314 quamam
3131 3243 3289 3298 luerit
3316 3242 3432 3312 ejus
3462 3242 3621 3297 disci-

322 3323 378 3379 9.
423 3323 656 3379 Jacobus
677 3324 935 3377 diaconus
979 3321 1310 3384 Edessenus,
1341 3330 1528 3376 auctor
1564 3321 1701 3376 Vitae
1723 3330 1925 3376 sancte
1956 3317 2003 3382 C
2037 3317 2203 3409 plina,
2227 3340 2386 3404 ratio,
2416 3347 2469 3392 ει
2497 3345 2698 3407 quanta
2737 3351 3003 3407 quamtu
3031 3334 3209 3389 divina
3241 3335 3428 3390 (θρενίι
3457 3336 3622 3389 mira-

325 3411 578 3484 Pelagiae.
634 3414 718 3468 lt).
761 3412 1127 3482 SOphrouius,
1187 3411 1484 3481 patriarcha
1516 3411 1922 3483 Jerosolymita-

325 3523 443 3571 nus,
483 3514 672 3560 auctor
700 3505 835 3559 Vita;
864 3517 1064 3560 sanetm
1096 3504 1278 3559 Marite
1315 3503 1666 3574 zEgypiiacae

401 3597 500 3670 [χιι
551 3599 750 3654 Dubius
808 3613 946 3652 unus
995 3605 1078 3652 est
1131 3597 1502 3666 TneOphilus,
1563 3607 1751 3652 auctor
1789 3596 1924 3652 Vita:

329 3689 544 3744 Macarii
579 3689 825 3744 Romani.
855 3689 989 3744 Nam
1011 3689 1150 3757 quod
1179 3688 1444 3743 Batonius
1486 3700 1594 3742 not.
1625 3690 1691 3744 ad
1729 3690 1926 3761 Marty-

328 3783 504 3853 rolog.
541 3782 698 3838 Rom.
728 3783 763 3836 ἓ
805 3781 1041 3838 Januarii
1073 3785 1164 3847 ait,
1202 3782 1416 3837 Macarii
1453 3782 1682 3839 Romani
1728 3783 1924 3850 Vitam,

331 3891 452 3945 qua:
481 3885 557 3930 est
593 3875 644 3929 in
683 3875 814 3931 Vitis
845 3875 1088 3939 Patrum,
1125 3877 1381 3944 scriptam
1418 3890 1512 3942 per
1539 3875 1925 3944 TheOphilum,

333 3968 517 4021 nescio
542 3983 608 4021 an
637 3969 709 4022 illi
741 3969 811 4022 sit
843 3971 1144 4022 tribuenda.
1195 3966 1434 4022 llabctur
1460 3966 1678 4037 quidem
1730 3983 1926 4024 nomen

333 4056 616 4126 Theophili
652 4058 806 4112 initio
848 4056 980 4111 Vitae
1030 4057 1269 4124 Macarii,
1319 4059 1410 4113 sed
1443 4069 1498 4114 et
1541 4059 1758 4114 nomina
1787 4059 1928 4114 due-

336 4164 456 4203 rum
509 4149 778 4203 sociorum
828 4148 1216 4218 adjunguntur,
1267 4148 1441 4219 Sergii
1492 4160 1545 4204 et
1591 4150 1805 4222 Hygini.
1864 4151 1932 4206 Et

333 4239 476 4312 quod
527 4252 797 4304 narratur,
846 4243 1083 4295 omnium
1127 4250 1372 4296 narratur
1421 4243 1658 4310 nomine,
1713 4251 1771 4298 ut
1822 4259 1930 4298 non

333 4331 570 4400 proclive
626 4331 694 4386 sit
755 4330 978 4386 deﬁnire
1031 4333 1152 4401 quis
1209 4347 1393 4388 eorum
1453 4334 1612 4389 trimn
1671 4335 1810 4391 hanc
1864 4336 1934 4391 de

336 4419 570 4477 Macario
602 4423 965 4479 narrationem
995 4421 1049 4477 in
1082 4423 1279 4494 scripta
1312 4425 1574 4481 retulerit.

431 4531 523 4571 mo
568 4516 891 4582 Gratianus,
944 4517 996 4572 in
1043 4517 1261 4574 decreto
1307 4519 1398 4586 ΞΠ,
1437 4536 1491 4591 q.
1540 4518 1605 4585 2,
1665 4535 1783 4590 cap.
1827 4518 1931 4588 26,

338 4608 651 4680 llierouynti
688 4610 920 4676 nomine,
954 4609 1168 4666 Macarii
1219 4627 1251 4667 e
1289 4612 1526 4667 thalamo
1560 4615 1736 4685 fugam
1779 4614 1932 4682 citat,

2035 3433 2197 3496 cula,
2258 3429 2575 3484 Timotheus
2636 3429 2889 3484 Ecclesiae
2965 3427 3340 3483 Alexandrinae
3398 3429 3621 3484 antistes

2035 3531 2285 3580 accurate
2324 3532 2547 3578 narrat:
2584 3524 2670 3592 qui
2702 3539 2808 3577 non
2856 3521 2997 3577 illius
3027 3522 3204 3588 modo,
3257 3521 3352 3577 sed
3398 3523 3626 3577 aliorum

2035 3617 2197 3673 etiam
2224 3615 2602 3686 complurium,
2630 3615 2696 3670 de
2720 3614 2914 3685 quibus
2945 3613 3078 3668 facta
3109 3623 3192 3668 est
3215 3631 3246 3668 a
3277 3629 3364 3667 me
3395 3613 3622 3675 mentio,

2037 3710 2189 3766 Vitas
2233 3711 2427 3766 litteris
2478 3719 2788 3778 persecutus
2818 3717 2919 3763 est.
2955 3727 2972 3759 ι
3002 3708 3160 3777 Atqui
3208 3707 3383 3777 capite
3429 3721 3628 3776 praece-

2037 3802 2188 3857 denti
2220 3802 2419 3856 mentio
2441 3802 2585 3857 facta
2613 3800 2995 3855 monachorum
3028 3798 3269 3866 Joannis,
3302 3799 3397 3863 0r,
3427 3798 3624 3863 Amen,
3687 3840 3704 3858 ,

2041 3896 2191 3959 Beni,
2219 3893 2481 3964 Theonae,
2509 3894 2693 3963 Copri,
2743 3891 2919 3958 Helle,
2972 3890 3124 3959 Eliae,
3159 3891 3382 3960 Apellis,
3415 3891 3624 3955 lsidori,

2038 3988 2392 4059 Serapionis,
2446 3986 2685 4043 Dioscori
2724 3995 2779 4041 et
2820 3983 3066 4055 Eulogii,
3111 4000 3338 4055 quorum
3387 3983 3629 4038 omnium

2041 4079 2179 4134 Vitae
2228 4081 2283 4135 in
2330 4080 2433 4135 hoc
2491 4078 2732 4135 secundo
2789 4077 3032 4134 Vitarum
3087 4077 3304 4133 Patrum
3352 4077 3487 4132 libro
3537 4077 3629 4130 ha-

2041 4172 2254 4228 bentur.

2119 4263 2406 4334 Equidem,
2458 4263 2546 4332 qui
2592 4262 2932 4317 Timotheum
2982 4262 3101 4318 libri
3159 4261 3315 4333 hujus
3356 4269 3629 4319 auctorem

2041 4358 2268 4424 faceret,
2316 4355 2550 4410 nondum
2597 4354 2739 4427 legi;
2789 4356 2963 4411 visum
3012 4366 3189 4411 tamen
3243 4355 3370 4411 mihi
3423 4354 3521 4410 fuit
3575 4354 3632 4411 id

2041 4450 2188 4520 quod
2218 4450 2287 4506 de
2310 4464 2376 4505 eo
2409 4449 2567 4504 habet
2589 4448 2920 4504 Sozomenus
2946 4447 2997 4502 in
3035 4448 3268 4504 medium
3311 4447 3629 4517 producere,

2044 4554 2102 4598 ut
2143 4545 2444 4599 .doctiorum
2496 4542 2703 4612 judicio
2750 4540 3006 4611 perpendi
3055 4541 3246 4611 possit.
3299 4539 3434 4616 Mihi
3481 4547 3633 4594 certe

2045 4637 2262 4691 omnino
2296 4651 2425 4692 vero
2451 4634 2624 4688 simile
2652 4634 2712 4688 ﬁt
2741 4635 3025 4704 plerasque
3054 4633 3173 4689 libri
3203 4633 3359 4702 hujus
3387 4633 3538 4688 Vitas
3565 4648 3632 4688 ex

337 4705 480 4774 quod
521 4720 625 4759 non
661 4703 874 4759 aliunde
906 4719 1062 4774 quam
1094 4720 1163 4759 ex
1199 4706 1296 4760 hac
1325 4707 1536 4762 Macarii
1569 4707 1690 4764 Vita
1722 4708 1934 4763 videtur
1963 4713 2017 4773 1)
2044 4731 2331 4785 Timotheo
2377 4703 2750 4784 adumbratas;
2780 4727 3059 4798 Apollonis
3104 4743 3235 4784 sane
3289 4728 3427 4796 Vim,
3467 4743 3629 4798 quam

339 4799 601 4856 hausisse.

409 4891 564 4962 Quod
594 4908 723 4948 vero
754 4891 1064 4964 llierOnymi
1113 4893 1328 4948 nomine
1353 4891 1620 4953 citaverit,
1653 4892 1704 4946 id
1746 4906 1931 4948 errore

337 4985 607 5044 communi
659 4987 879 5054 laetum,
928 5002 1034 5057 quo
1074 4985 1205 5040 \‘itce
1258 4987 1470 5039 Patrum
1539 5000 1728 5040 omnes
1772 4985 1931 5055 vulgo

338 5077 668 5150 Hieronymo
696 5078 843 5133 luere
890 5080 1099 5134 tributa:
1126 5095 1140 5144 ;
1176 5079 1330 5147 cujus
1358 5078 1560 5133 erroris
1591 5077 1930 5133 occasionem

340 5180 392 5227 et
421 5172 681 5241 originem
736 5171 855 5227 vide
882 5171 1048 5238 infra,
1085 5171 1380 5241 prolegom.
1411 5169 1464 5238 4,
1495 5170 1521 5242 §
1548 5171 1602 5226 8.
1871 5154 1877 5160 ’

413 5262 606 5317 Incerti
657 5272 906 5319 auctores
953 5273 1078 5318 sunt
1128 5265 1450 5333 reliquarum
1502 5263 1771 5331 Vitarum,
1816 5281 1935 5336 quas

344 5355 520 5424 primo
549 5353 686 5409 libro
716 5356 1079 5410 continentur.

417 5443 522 5500 Sed
555 5446 862 5517 interpellat
885 5447 969 5502 hic
1001 5447 1062 5501 D.
1094 5445 1478 5502 Constantinus
1505 5445 1813 5520 Cajetanus,
1845 5452 1937 5522 qui

346 5535 398 5592 in
432 5537 689 5608 ApoIOgia
720 5552 814 5593 sua
846 5553 942 5608 pro
968 5538 1175 5594 Joanne
1199 5538 1426 5606 Gersen,
1455 5548 1656 5595 sanctae
1689 5541 1932 5612 Euphro-

347 5643 496 5701 synae
529 5629 663 5685 Vita:
693 5642 898 5686 certum
929 5631 1140 5686 videtur
1167 5633 1301 5687 Velle
1333 5632 1609 5704 assignare
1638 5645 1936 5704 auctorem,

349 5731 404 5778 et
432 5723 648 5794 quidem
674 5723 1010 5782 haereticum.
1045 5725 1196 5794 Quod
1231 5727 1478 5796 equidem
1514 5728 1654 5784 unde
1700 5731 1939 5786 hauserit

352 5820 555 5883 nescio,
587 5832 732 5876 eerte
760 5820 953 5876 nullius
981 5837 1175 5878 nomen
1208 5823 1383 5891 prodit
1411 5826 1670 5879 auctoris.
1703 5823 1807 5892 Qui
1850 5823 1939 5879 ubi

356 5910 597 5972 Droditus
627 5908 812 5981 fuerit,
841 5915 1236 5972 examinabitur
1268 5916 1385 5986 ejus
1427 5918 1688 5975 conditio.
1719 5919 1786 5974 Et
1813 5919 1938 5988 quid

2041 4822 2354 4877 Timouieus
2399 4821 2598 4876 dicitur
2629 4817 2684 4876 εὖ
2713 4823 2874 4892 μάλα,
2906 4836 3000 4876 seu
3034 4832 3281 4877 accurate
3323 4822 3625 4890 scripsisse,

2045 4915 2144 4971 hoc
2171 4914 2332 4979 libro,
2362 4928 2482 4983 cap.
2517 4914 2573 4980 7,
2609 4922 2857 4970 accurate
2888 4915 3236 4982 perseriptam
3266 4911 3428 4967 habes
3459 4913 3626 4981 Apol-

2045 5008 2172 5064 lonii
2228 5007 2463 5062 nomine.
2526 5006 2713 5060 Exstat
2762 5005 2976 5076 quidem
3029 5008 3218 5060 eodem
3271 5001 3431 5058 modo
3485 5003 3628 5071 apttd

2043 5099 2335 5154 Palladium
2379 5098 2621 5154 Lausiac.
2658 5098 2793 5153 Ilist.
2823 5112 2940 5167 cap.
2975 5097 3065 5163 5‘2,
3109 5098 3199 5152 sed
3232 5095 3453 5149 omnino
3494 5097 3632 5152 alter

2048 5195 2114 5248 ab
2156 5194 2328 5250 altero
2376 5193 2556 5259 habet,
2590 5194 2860 5249 recentior
2887 5193 3030 5248 ferte
3059 5191 3430 5256 avetnStiore;
3459 5207 3632 5262 quan-

2043 5301 2200 5356 quam
2228 5294 2386 5340 :etate
2419 5285 2594 5354 potius
2623 5301 2881 5356 suppares
2911 5293 3051 5339 sunt.

2049 5378 2079 5449 ᾗ
2113 5377 2174 5433 ll.
2219 5380 2490 5434 Auctorem
2520 5377 2679 5431 videri
2720 5376 3019 5449 Palladium
3045 5372 3288 5428 Galatum
3339 5375 3633 5446 Helenopo-

2610 5449 2713 5503 leos
2751 5448 3068 5516 episcopum.

2120 5543 2352 5599 Galenus
2380 5541 2818 5610 Westcapellius,
2869 5540 3080 5597 catech.
3126 5540 3256 5604 215,
3306 5542 3391 5596 ubi
3435 5541 3634 5600 refutat

2049 5636 2382 5693 historiolam
2411 5638 2478 5691 de
2503 5635 2752 5701 Macario,
2777 5635 2864 5703 qui
2897 5634 3093 5692 dicitur
3120 5651 3150 5692 e
3179 5637 3380 5708 nuptiis
3408 5638 3631 5706 fugisse,

2050 5729 2346 5785 Palladium
2381 5727 2537 5798 hujus
2591 5727 2708 5780 libri
2743 5739 3014 5784 auctorem
3063 5728 3274 5782 videtur
3305 5729 3499 5784 facere.
3545 5728 3632 5784 Ait

2049 5823 2191 5880 enim
2221 5840 2232 5875 :
2268 5841 2286 5873 ι
2318 5821 2394 5875 Ne
2425 5820 2474 5873 iu
2526 5819 2617 5874 illo
2646 5821 2861 5889 quidem
2897 5821 3084 5876 lictitio
3117 5820 3272 5883 libro,
3306 5820 3395 5888 qui
3441 5820 3630 5874 inscri-

2050 5918 2214 5981 bitur,
2247 5915 2428 5971 nescio
2455 5930 2559 5987 qua
2600 5916 2968 5988 grammatica,
3016 5914 3164 5972 Vitas
3193 5914 3436 5979 l’atrum,
3471 5913 3627 5984 quid-
