4124 6350
484 332 545 390 2:5
1409 327 1476 385 IN
1516 327 1719 386 VITAS
1762 328 2048 387 PATRUM
2089 329 2611 393 PROLEGOMENA
2649 336 2841 395 XXVI.
3688 352 3758 410 24

483 455 640 523 quam
681 449 1047 520 deprehendi;
1098 448 1188 505 ubi
1236 447 1524 513 Palladius,
1572 449 1784 519 utrique
1829 447 2134 513 MacarioA
2167 452 2478 524 prmfatioue
2507 453 2572 509 ad
2623 461 2918 512 lectorem:
2975 476 2994 511 ι
3044 459 3123 516 Ex
3165 474 3329 532 opere
3379 462 3494 534 ipso
3539 466 3754 537 agnosci

481 543 811 600 familiariter
842 551 1023 609 notus,
1055 542 1210 612 longe
1236 542 1338 595 alia
1369 538 1557 595 refert.
1590 557 1609 590 ι

552 640 814 710 Equidem
845 639 986 709 quod
1018 637 1309 703 Palladius,
1339 636 1426 691 vel
1470 635 1713 706 quisquis
1757 634 1876 690 libri
1905 635 2064 706 hujus

483 743 568 791 est
594 743 804 800 auctor,
835 733 1050 802 utrique
1081 731 1312 786 Macario
1343 730 1674 786 familiariter
1701 740 1857 786 notus
1882 731 2058 800 fuerit,

487 827 542 881 in
575 825 679 882 hoc
715 827 874 893 libro,
907 840 1002 881 seu
1035 825 1170 880 Vitis
1201 824 1414 878 Patrum
1467 837 1570 877 non
1612 823 1835 890 dicitur;
1883 824 1975 881 sed
2008 826 2063 880 in

478 921 592 990 ipsa
624 920 842 975 Palladii
873 920 1132 975 Lausiaca
1179 919 1409 972 Historia
1441 917 1719 987 profitetur
1769 917 2059 985 Palladius,

478 1031 538 1072 se
570 1016 803 1071 Macario
835 1013 1201 1070 Alexandrino
1225 1012 1548 1067 convixisse.

547 1107 654 1164 Sed
683 1117 740 1162 ut
773 1105 1031 1162 Galenum
1078 1119 1268 1161 errore
1296 1104 1543 1169 liberem,
1575 1117 1680 1157 non
1723 1100 1788 1156 de
1832 1101 2064 1156 Macario

477 1203 737 1274 Egyptio
762 1203 845 1256 vel
878 1199 1243 1256 Alexandrino
1274 1197 1355 1270 (ut
1384 1199 1617 1252 Galenus
1645 1196 1856 1249 videtur
1877 1195 2063 1249 existi-

475 1293 676 1364 masse)
714 1303 962 1348 narratur
1006 1307 1069 1348 ea
1118 1292 1413 1356 historiola,
1446 1291 1540 1346 sed
1570 1290 1637 1344 de
1687 1288 1917 1344 Macario
1960 1288 2065 1341 Ro-

475 1401 656 1453 mano,
683 1386 835 1456 cujus
867 1385 1040 1440 Vitam
1072 1385 1242 1454 primo
1292 1384 1428 1438 libro
1461 1383 1546 1437 hic
1578 1382 1816 1450 reperies
1846 1398 1858 1446 ;
1890 1380 2061 1435 habe-

474 1489 564 1535 tur
604 1495 819 1550 quoque
865 1494 929 1535 ea
960 1479 1028 1534 de
1071 1478 1283 1533 Macarii
1333 1492 1364 1531 e
1396 1477 1630 1530 thalamo
1662 1475 1781 1544 fuga
1827 1473 2063 1529 narratio

474 1571 531 1626 in
561 1571 777 1627 decreto
806 1569 899 1635 27,
930 1586 983 1640 q.
1015 1570 1072 1635 2,
1104 1584 1222 1638 cap.
1253 1566 1347 1636 26,
1381 1567 1616 1636 Scripsit.

547 1662 682 1729 Quia
702 1670 878 1716 tamen
903 1668 956 1716 et
980 1661 1033 1716 in
1063 1661 1164 1715 hoc
1187 1659 1346 1726 libro,
1366 1668 1420 1714 et
1448 1660 1499 1714 in
1528 1659 1780 1714 Lausiaca
1811 1658 2060 1723 Historia,

477 1754 665 1810 eadem
696 1754 809 1810 fere
839 1753 982 1826 [xui]
1013 1768 1118 1807 non
1165 1761 1370 1807 tantum
1413 1751 1481 1804 de
1527 1759 1755 1820 utroque
1809 1749 2061 1815 Mat-ario,

2171 556 2344 614 potest
2388 548 2528 619 quod
2577 550 2987 619 Alexandrinus,
3020 554 3163 623 quod
3215 555 3413 613 Christi
3467 571 3756 615 succensus

2168 627 2385 709 amare,
2417 641 2555 696 inter
2609 643 2817 699 deserta
2865 655 2921 701 et
2965 657 3114 702 antra
3165 649 3396 705 ferarum
3447 650 3755 722 pauperiem

2166 743 2419 796 secutus;
2455 735 2594 802 quod
2621 735 2882 808 Bithyniae
2914 739 2934 811 (
2959 738 3075 808 ipso
3101 741 3316 811 quidem
3348 743 3516 798 invito
3562 759 3624 801 ac
3670 760 3758 803 re-

2166 825 2469 895 clamante)
2505 827 2669 882 totius
2697 829 2875 898 populi
2906 831 3158 903 sull'ragio
3188 834 3240 889 in
3293 836 3598 905 episcorutm
3647 837 3757 893 suf-

2167 917 2360 974 fectus.
2399 939 2415 972 ι
2459 919 2592 976 Vide
2619 922 2769 991 plura
2798 925 2866 980 de
2894 940 2961 981 eo
2991 929 3129 997 apud
3159 928 3400 998 Petrum,
3425 932 3477 986 iu
3505 931 3758 1004 Catalogo

2165 1012 2287 1081 SS.,
2317 1014 2454 1070 libro
2475 1031 2551 1081 XI,
2577 1030 2697 1084 cap.
2731 1017 2821 1072 87.

2238 1128 2517 1197 Baronius,
2539 1131 2718 1186 annali
2744 1130 2846 1187 588
2869 1133 3162 1192 Heraclidis
3175 1136 3487 1194 Paradisutn
3507 1141 3756 1200 eumdem

2164 1217 2286 1273 facit
2343 1236 2465 1276 cum
2513 1223 2772 1279 Lausiaca
2824 1224 3053 1281 Historia
3101 1226 3343 1285 Palladii.
3387 1230 3528 1288 Sane
3568 1233 3754 1290 eadem

2165 1311 2448 1382 utrobique
2475 1315 2731 1384 reperias.
2767 1315 2898 1388 [xiv]
2933 1318 3008 1374 De
3037 1329 3262 1391 utroque
3293 1323 3453 1394 igitur
3479 1325 3616 1382 idem
3639 1337 3756 1384 esto

2160 1404 2445 1475 judicium,
2480 1412 2655 1480 quoad
2685 1411 2808 1468 libri
2843 1413 3000 1483 hujus
3029 1427 3324 1476 auctorem.

2235 1525 2378 1581 idem
2408 1536 2533 1583 ante
2568 1529 2855 1587 Baronium
2885 1544 3129 1590 senserat
3158 1537 3406 1608 Aloysius
3428 1538 3756 1610 Lipomanus

2165 1619 2446 1687 episcopus
2480 1620 2823 1688 Veronensis,
2856 1634 3003 1681 tomo
3035 1626 3096 1682 ΙΙΙ
3126 1628 3195 1685 de
3243 1629 3378 1686 Vitis
3425 1646 3753 1708 sanctorum,

2165 1713 2254 1782 qui
2304 1712 2591 1769 editionem
2651 1716 2987 1784 Heraclidis,
3019 1721 3274 1776 nonnulla
3344 1725 3755 1796 interpolatione

475 1809 668 1904 sedet
699 1809 768 1901 die
791 1809 799 1810 ί
820 1809 939 1899 θιΙὶἰε
965 1809 1266 1915 Jplerisque
1316 1843 1566 1898 omnibus
1617 1809 1900 1909 habentur,
1952 1809 2058 1897 non
2091 1847 2137 1906 Β
2167 1809 2402 1915 Ῡδωδίίθ
2571 1826 2673 1915 (tua
2696 1813 2818 1868 Vide
2848 1815 3228 1915 ητωθὲοπηθηο
3252 1819 3338 1915 με
3363 1821 3659 1915 ῖιγῢῑγθεὶιυτ
3687 1825 3755 1883 de

475 1937 652 1991 inanis
682 1934 907 1990 omnino
935 1935 1172 2004 suspicio
1199 1943 1300 2000 est,
1335 1935 1421 1990 vel
1443 1943 1716 1988 auctorem
1750 1935 1908 2002 hujus
1936 1934 2058 1989 libri

480 2043 512 2080 a
539 2025 798 2091 Palladio,
830 2026 912 2080 vel
945 2025 1087 2080 hunc
1117 2025 1184 2080 ab
1214 2025 1325 2093 illo,
1381 2026 1463 2080 vel
1502 2033 1789 2095 utrumque
1842 2042 1869 2079 a
1903 2025 2060 2081 tertio

471 2117 745 2188 quopiam,
773 2117 961 2172 ordine
1003 2125 1208 2171 tantum
1253 2125 1487 2186 mutato,
1534 2118 1854 2186 quibusdam
1881 2117 2056 2174 detra-

470 2207 572 2264 clis
601 2209 685 2264 vel
713 2208 928 2274 additis,
963 2223 1059 2263 sua
1087 2219 1377 2263 mutuatos.

539 2300 630 2354 Est
656 2299 871 2371 quidem
909 2300 1163 2354 nonnulla
1193 2301 1245 2354 in
1274 2301 1580 2355 narratione
1622 2300 1931 2367 diversitas,
1963 2302 2060 2358 sed

469 2409 529 2451 ea
561 2409 843 2464 perparva.
876 2394 1006 2448 Nam
1037 2394 1089 2447 in
1119 2395 1216 2447 hoc
1250 2393 1386 2448 libro
1416 2410 1536 2464 cap.
1564 2396 1617 2463 1,
1643 2394 1784 2464 quod
1807 2395 1875 2451 de
1898 2395 2063 2450 Joan-

469 2503 538 2544 ne
565 2497 667 2554 est,
696 2498 877 2542 narrat
906 2498 1091 2544 auctor
1111 2503 1171 2544 se
1193 2503 1315 2543 cum
1343 2498 1548 2559 septem
1599 2490 1850 2546 fratribus
1896 2491 2060 2546 Joan-

467 2594 590 2636 nem
623 2580 950 2646 accessisse;
987 2581 1042 2633 in
1072 2579 1327 2634 Lausiaca
1370 2590 1548 2635 autem
1598 2581 1828 2637 Historia
1881 2591 2062 2638 narrat

469 2680 655 2726 auctor
681 2669 824 2740 quod
851 2669 999 2725 solus
1023 2669 1284 2725 Joannem
1315 2673 1655 2739 convenerit,
1689 2683 1742 2728 et
1790 2683 1911 2741 post
1957 2675 2063 2728 fra-

467 2761 640 2817 tribus
669 2763 782 2816 suis
812 2761 971 2817 sociis
1002 2761 1070 2816 de
1116 2776 1181 2816 eo
1232 2762 1566 2829 indicaverit,
1612 2765 1701 2834 qui
1749 2765 1942 2820 deinde
1993 2765 2062 2820 ad

471 2871 594 2912 eum
631 2855 852 2925 profecti
883 2863 1032 2923 sunt,
1064 2870 1130 2910 ex
1160 2871 1389 2927 quorum
1423 2865 1604 2910 narrat
1647 2871 1743 2914 ore
1771 2872 1890 2927 qua:
1919 2873 2059 2926 prae-

470 2957 552 3003 ter
583 2963 646 3002 ca
676 2963 834 3018 quam
862 2949 976 3017 ipse
1002 2947 1212 3004 viderat
1234 2948 1304 3004 de
1326 2949 1533 3004 Joanne
1573 2949 1758 3005 refert.
1810 2950 2062 3020 Prolego-

470 3059 629 3100 meno
658 3043 745 3108 14,
779 3043 830 3097 in
856 3043 1149 3112 interprete
1173 3041 1298 3099 libri
1327 3059 1437 3099 vtu.

540 3156 803 3228 Equidem
841 3157 893 3211 in
944 3157 1313 3214 vetustissimo
1362 3158 1593 3230 quodam
1641 3160 1820 3215 libello
1869 3176 2060 3217 manu-

468 3250 667 3320 scripto
689 3249 898 3320 collegii
923 3251 1091 3306 nostri
1116 3252 1420 3319 Brugensis,
1446 3268 1552 3322 quo
1573 3254 1732 3307 varire
1751 3266 2062 3310 sanctorum

468 3342 602 3397 Vitae
631 3342 986 3408 continentur,
1022 3351 1183 3413 atque
1210 3343 1352 3398 inter
1390 3355 1613 3401 caeteras
1659 3347 1892 3401 Abrahae
1942 3362 2065 3403 ere-

467 3435 635 3503 mila},
662 3436 1001 3506 praemittitur
1028 3437 1078 3489 ei
1106 3436 1240 3490 Vita:
1265 3437 1524 3504 praelatio,
1556 3439 1873 3494 Benedictus
1903 3441 2062 3509 Deus,

467 3541 522 3587 et
552 3546 672 3584 cum
705 3532 805 3584 hoc
835 3531 987 3584 titulo
1022 3548 1034 3583 :
1079 3526 1272 3602 Incipit
1300 3529 1541 3602 prologus
1575 3529 1803 3586 Palladii
1847 3534 1943 3588 t'iri
1972 3534 2063 3588 do-

461 3622 680 3678 ctissimi
709 3623 770 3676 de
824 3621 957 3676 Vitis
1004 3621 1374 3695 ngyptiorum
1425 3623 1662 3689 Patrum,
1699 3640 1816 3694 quae
1849 3627 2062 3695 quidem

469 3716 712 3785 praefatio
755 3716 841 3771 hic
867 3716 990 3772 huic
1012 3717 1253 3774 secundo
1283 3717 1419 3773 libro
1448 3720 1760 3788 praetigitur.

469 3847 605 3920 §lll.
635 3850 910 3906 Auctorem
933 3851 1093 3905 videri
1111 3850 1438 3907 Heraclidem
1462 3851 1721 3923 Bithynice
1744 3854 2060 3924 episwpum.

540 3983 641 4049 Qui
674 3983 774 4038 hoc
794 3985 996 4040 diserte
1021 3995 1309 4054 assereret,
1338 3995 1532 4055 praeter
1558 3987 1858 4044 Gesnerum
1884 3991 2062 4048 iuveni

468 4077 763 4132 nemiuem.
797 4077 871 4132 lta
901 4079 1041 4133 enim
1071 4079 1163 4136 ille
1190 4081 1534 4136 Bibliothecre
1564 4097 1672 4136 suac
1697 4094 1827 4138 tom.
1859 4085 1943 4150 HI,
1975 4088 2058 4141 tit.

466 4183 564 4235 vt'.,
589 4184 641 4238 p.
679 4171 704 4225 1
741 4187 755 4224 :
794 4188 813 4222 ι
845 4169 1139 4226 Heraclidis
1168 4171 1392 4227 historia
1411 4187 1516 4228 non
1539 4175 1639 4229 alia
1660 4187 1788 4245 puto
1809 4192 1965 4246 quam
1995 4178 2063 4234 de

465 4256 604 4314 Vitis
635 4259 872 4315 Patrum.
924 4281 943 4315 ι

548 4354 897 4421 'l'rithemius,
915 4356 1082 4411 Catal.
1101 4356 1244 4412 Eccl.
1272 4357 1705 4428 Script.,'asseril
1727 4361 2057 4419 Heraclidem

466 4447 786 4501 monachum
818 4447 884 4502 de
921 4449 1038 4502 Vita
1067 4461 1122 4503 et
1163 4453 1575 4506 conversatione
1620 4464 1926 4510 sanctorum
1959 4456 2060 4512 Pa-

467 4544 606 4591 trum
635 4538 914 4607 scripsisse
947 4557 959 4592 :
998 4559 1016 4591 ‹
1050 4539 1377 4606 Heraclides,
1408 4541 1599 4611 inquit,
1633 4546 1948 4613 monachus,
1976 4549 2060 4603 vir

2168 1904 2459 1973 interprete
2487 1904 2606 1959 libri
2637 1921 2726 1960 vm
2749 1947 2762 1969 ,
2792 1906 2944 1974 cujus
2973 1918 3161 1965 auctor
3189 1922 3268 1966 est
3299 1913 3600 1984 Palladius)
3633 1917 3756 1974 Pal-

2167 1995 2289 2051 ladii
2319 1998 2533 2052 nomine
2563 2008 2708 2053 tumo
2735 1997 2810 2053 illi
2846 1999 2910 2054 Ill
2941 2001 3184 2058 inseruit.
3217 2003 3318 2072 Qui
3367 2020 3525 2075 porro
3573 2009 3754 2065 discu-

2166 2087 2401 2143 tiendum
2453 2088 2553 2142 sibi
2600 2105 2776 2156 opertc
2825 2092 3052 2158 pretium
3102 2094 3396 2150 arbitratus
3450 2109 3570 2164 est,
3618 2102 3756 2158 unde

2164 2178 2362 2234 factum
2381 2181 2448 2235 sit
2466 2189 2522 2236 ut
2542 2183 2800 2237 ementita
2821 2198 2952 2239 vero
2976 2184 3134 2255 hujus
3159 2185 3274 2241 libri
3299 2200 3518 2246 auctore
3539 2191 3619 2263 (ut
3644 2194 3758 2262 ipse

2165 2271 2466 2342 existimat)
2501 2274 2598 2328 sub
2649 2275 2802 2330 titulo
2848 2276 3084 2331 Paradisi
3141 2278 3438 2338 Heraclidis
3484 2282 3535 2339 in
3585 2284 3756 2343 lucem

2167 2371 2472 2425 emerserit.

2237 2462 2400 2533 quue
2443 2465 2693 2533 primum,
2727 2468 2918 2537 inquit,
2953 2470 3118 2525 menti
3163 2473 3416 2540 occurrit,
3445 2474 3749 2536 Parisinum

2167 2559 2557 2627 typographum
2609 2561 2762 2615 istius
2810 2564 3099 2618 commenti
3143 2575 3418 2633 parentem
3465 2569 3755 2630 exstitisse.

2161 2647 2298 2703 Cum
2346 2651 2489 2727 enim
2544 2653 2761 2722 legisset
2805 2655 2850 2709 is
2901 2671 2996 2723 per
3040 2657 3221 2712 divum
3275 2659 3652 2731 Hieronymum
3700 2666 3757 2722 in

2164 2743 2430 2812 prommio
2457 2743 2800 2815 Dialogorum
2831 2757 3018 2804 contra
3049 2748 3366 2820 Pelagianos
3416 2753 3580 2810 fuisse
3624 2759 3757 2815 scri-

2166 2843 2336 2903 ptum,
2367 2853 2386 2887 ‹
2422 2835 2740 2905 Palladium,
2776 2840 2983 2894 servilis
3011 2843 3263 2912 nequitia;
3292 2845 3481 2909 virum,
3509 2846 3756 2918 Origenis

2164 2927 2413 2985 hzeresim
2447 2930 2743 2986 instaurare
2765 2975 2779 2999 ,
2815 2951 2834 2985 ι
2870 2934 3049 2988 divum
3079 2951 3292 3008 quoque
3319 2938 3671 3009 Epiphanium
3701 2942 3756 2999 in

2164 3022 2388 3091 epistola
2441 3024 2506 3078 ad
2559 3023 2820 3079 Joannem
2885 3026 3192 3098 episcopum
3247 3029 3754 3103 Jerosolymitanum

2164 3123 2515 3181 asserentem,
2544 3135 2562 3167 ‹
2591 3114 2885 3172 Palladium
2909 3119 3175 3189 Galatam,
3202 3122 3290 3190 qui
3317 3124 3444 3178 olim
3462 3125 3562 3181 sibi
3582 3127 3754 3186 fuerat

2094 3212 2140 3276 ο
2169 3205 2397 3275 charos,
2445 3207 2690 3277 Origenis
2737 3211 2983 3267 haeresim
3034 3216 3325 3282 prmdicarc
3373 3225 3426 3270 ct
3477 3217 3690 3288 docere,
3730 3241 3751 3275 ι

2174 3301 2375 3356 veritus
2404 3312 2483 3357 est
2506 3303 2679 3358 bonus
2705 3304 3016 3375 impressor,
3046 3323 3131 3374 ne,
3166 3309 3208 3362 si
3240 3309 3430 3363 librum
3463 3312 3561 3365 sub
3585 3324 3754 3370 aucto-

2173 3393 2248 3448 ris
2272 3395 2492 3449 nomine
2516 3397 2807 3466 evulgaret,
2840 3400 2884 3453 is
2908 3401 3087 3455 statim
3115 3401 3182 3456 ab
3211 3403 3380 3470 initio,
3409 3414 3466 3460 ut
3490 3409 3556 3462 ab
3586 3409 3754 3468 haere-

2175 3487 2278 3540 tico
2348 3485 2565 3542 homine
2631 3492 2993 3561 conscriptus,
3037 3495 3442 3564 exploderetur.
3494 3500 3754 3574 Cogitavit

2172 3577 2334 3649 igitur
2363 3578 2524 3652 (meo
2550 3579 2752 3651 judicio
2779 3584 2796 3652 )
2825 3584 3098 3656 stropham
3131 3588 3298 3657 illam,
3321 3601 3380 3649 ut
3404 3593 3472 3650 de
3515 3597 3754 3654 Palladio

2172 3672 2480 3727 Paradisutn
2504 3672 2726 3741 faceret,
2741 3677 2893 3747 cujus
2919 3681 3182 3749 perfacilis
3202 3685 3431 3742 inversio
3455 3689 3752 3760 videbatur,

2171 3773 2224 3820 et
2253 3773 2506 3835 tanquam
2537 3768 2606 3824 ab
2632 3768 2738 3823 alio
2764 3775 3119 3841 compositum
3152 3780 3402 3835 volumen
3431 3783 3616 3848 edidit.
3647 3801 3756 3856 quo

2169 3859 2355 3914 doctos
2383 3860 2525 3914 viros
2570 3860 2635 3915 ad
2658 3861 2775 3932 ejus
2818 3868 3138 3933 emptionem
3181 3870 3384 3927 facilius
3412 3876 3689 3932 animaret.
3729 3896 3751 3932 ι

2171 3953 2246 4008 lta
2269 3954 2483 4021 quidem
2510 3955 2782 4028 Aloysius.

2240 4070 2404 4141 Cujus
2428 4088 2558 4130 sane
2619 4075 2722 4131 viri
2772 4075 3066 4134 doctissimi
3118 4081 3350 4138 studium
3399 4094 3556 4155 atque
3601 4086 3752 4145 indu-

2169 4166 2356 4220 striam
2387 4168 2616 4225 obseura
2642 4185 2908 4241 quemque
2939 4175 3329 4245 pervestigandi
3354 4180 3428 4234 uti
3451 4180 3752 4250 laudamus,

2167 4258 2240 4314 ita
2272 4263 2358 4316 hic
2386 4263 2710 4332 conjecturre
2737 4265 3045 4320 felicitatem
3070 4269 3300 4337 probare
3324 4287 3428 4327 non
3449 4287 3748 4340 possumus.

2169 4351 2312 4410 Vere
2341 4357 2483 4409 enim
2516 4358 2878 4428 lypOgraphus
2908 4359 3100 4414 librum
3132 4375 3254 4416 eum
3306 4363 3599 4421 Heraclidis
3651 4382 3752 4424 no-

2169 4447 2313 4502 mine
2340 4456 2692 4516 praznotatum
2724 4449 2950 4517 invenit,
2973 4463 3026 4508 et
3057 4452 3210 4506 titulo
3241 4453 3478 4512 Paradisi
3525 4461 3752 4533 insigni-

2169 4547 2298 4594 tum.
2333 4539 2407 4593 lta
2432 4540 2575 4594 enim
2605 4541 2705 4597 Ms.
2739 4543 2953 4610 praefert
2976 4560 3131 4615 quem
3160 4547 3467 4619 inspexi,et
3490 4553 3598 4623 jam
3624 4555 3752 4613 olim

467 4627 705 4680 moribus
732 4636 970 4696 sanctus,
1001 4639 1056 4684 et
1098 4631 1399 4686 divinarum
1454 4633 1847 4703 Scripturarum
1881 4640 2058 4695 erudi-

2169 4644 2198 4684 a
2231 4631 2512 4686 Vincentio
2559 4632 2866 4690 Belvacensi
2916 4637 2971 4691 in
3022 4637 3250 4709 Speculo
3300 4641 3580 4710 historiali,
3614 4645 3751 4704 libro

463 4719 613 4774 tione
641 4721 884 4796 insignis,
913 4734 1218 4778 sanctorum
1254 4724 1466 4780 Patrum
1498 4727 1968 4796 anachoretarum,
1991 4748 2056 4788 ac

466 4792 856 4867 monachorum
892 4814 1336 4884 diligentissimus
1367 4817 1649 4889 inquisitor
1694 4833 1746 4878 et
1796 4824 2052 4896 imitator,

463 4905 555 4974 qui
584 4903 730 4959 velut
757 4914 1133 4974 argumentosa
1159 4909 1272 4977 apis
1303 4908 1370 4963 de
1399 4909 1728 4980 singulorum
1765 4929 2056 4972 conversa-

460 4996 608 5051 tione
634 4995 794 5051 llores
821 4997 1074 5052 virtutum
1099 4997 1150 5052 in
1176 4998 1440 5054 alveolum
1464 5001 1699 5070 pectoris
1743 5003 1822 5057 sui
1869 5005 2053 5060 confe-

456 5103 614 5153 rens,
650 5089 754 5143 mcl
806 5089 1059 5158 spiritalis
1107 5085 1402 5148 dulcedinis
1455 5097 1786 5165 procreavit,
1838 5099 2053 5168 scripsit

456 5178 600 5234 inter
627 5181 730 5234 alia
764 5181 828 5236 ad
859 5181 1272 5238 aedificationem
1300 5184 1587 5256 legentium
1637 5201 1769 5256 opus
1815 5189 2045 5258 insigne,

459 5270 528 5325 de
551 5269 667 5324 Vita
688 5280 743 5327 et
764 5273 1173 5330 conversatione
1195 5285 1500 5332 sanctorum
1526 5277 1739 5333 Patrum
1763 5279 1814 5334 iu
1839 5294 2044 5349 eremo,

455 5359 542 5414 vel
575 5360 626 5414 in
653 5362 915 5418 cmuobiis
945 5363 1267 5437 degentium
1297 5368 1397 5421 sub
1419 5368 1620 5437 regula,
1653 5368 1806 5438 cujus
1858 5371 2046 5428 titulus

453 5457 557 5516 est,
591 5447 900 5519 Paradisus,
933 5455 1126 5511 librum
1151 5475 1188 5512 ι.
1222 5456 1425 5513 Claruit
1452 5460 1777 5527 temporibus
1801 5460 2040 5519 Gratiani

449 5541 792 5610 imperatoris
819 5561 960 5604 anno
984 5549 1195 5605 Domini
1221 5550 1346 5606 380.
1379 5569 1398 5602 ι

525 5637 730 5695 Prodiit
759 5639 847 5695 hic
875 5641 1010 5699 liber
1037 5643 1276 5710 Parisiis,
1306 5660 1370 5699 ex
1419 5644 1632 5700 ofﬁcina
1684 5647 2038 5706 Bellovisiana
2097 5669 2101 5678 ε

453 5731 594 5800 apud
623 5732 882 5791 Joannem
933 5735 1181 5803 Parvum,
1233 5754 1373 5795 anno
1425 5739 1632 5796 Domini
1683 5739 1853 5810 1504,
1911 5759 2035 5801 cura

448 5821 634 5880 Jacobi
661 5824 819 5883 Fabri
844 5826 1198 5897 Stapulensis,
1233 5830 1320 5900 qui
1376 5830 1490 5886 haec
1538 5832 1608 5892 de
1659 5848 1724 5890 eo
1770 5833 1932 5892 habet
1981 5839 2034 5894 in

2164 4739 2293 4789 xvu,
2323 4739 2351 4777 a
2377 4725 2555 4795 capite
2584 4725 2675 4794 Bal,
2708 4728 2950 4801 adusque
2980 4731 3070 4798 99,
3101 4743 3154 4789 et
3190 4734 3350 4791 Petro
3402 4751 3431 4790 a
3477 4737 3751 4798 Natalibns

2164 4818 2221 4872 in
2251 4817 2503 4888 Catalogo
2530 4829 2858 4890 sanctorum,
2890 4822 3027 4879 libro
3054 4841 3126 4890 χι,
3158 4839 3277 4894 cap.
3309 4828 3397 4894 87,
3429 4844 3494 4884 eo
3523 4833 3744 4888 nomine

2162 4909 2421 4978 tituloque
2461 4911 2721 4966 adductus
2751 4923 2850 4967 est.
2893 4914 3028 4982 Quin
3076 4925 3132 4971 et
3161 4919 3434 4976 veteribus
3461 4920 3748 4983 Paradisus

2160 5010 2318 5056 notus
2346 5004 2461 5056 fuit.
2493 5002 2714 5058 Photius
2745 5006 2887 5060 enim
2913 5009 3256 5066 Bibliotheca:
3285 5029 3396 5069 sure
3420 5014 3618 5074 Codice
3645 5017 3746 5074 l98

2160 5095 2280 5149 libri
2310 5098 2554 5151 meminit
2579 5098 2666 5169 qui
2697 5099 2982 5172 inscriptus
3032 5113 3116 5160 est
3156 5108 3279 5162 Νέον
3308 5107 3663 5186 Παραδείσιον,
3692 5112 3746 5168 id

2156 5197 2258 5254 est,
2295 5189 2474 5244 Novus
2507 5192 2814 5261 Paradisus,
2843 5197 2985 5266 quod
3006 5198 3071 5252 de
3101 5199 3428 5266 Limonario,
3460 5217 3552 5258 seu
3579 5204 3737 5261 Prato

2154 5282 2414 5352 spirituali
2432 5283 2652 5340 Joannis
2678 5287 2879 5343 Moschi
2907 5289 3150 5360 intelligi,
3168 5292 3469 5350 declaratur
3490 5298 3736 5366 sequenti

2151 5373 2349 5431 Codice
2381 5376 2502 5430 1‘39.
2535 5377 2688 5433 Unde
2717 5380 2872 5435 facile
2901 5382 3151 5451 colligere
3194 5393 3297 5451 est,
3320 5386 3362 5440 si
3412 5386 3592 5444 Novus
3639 5391 3742 5446 ali-

2151 5465 2267 5534 quis
2299 5467 2585 5524 Paradisus
2606 5481 2708 5540 est,
2738 5480 2792 5526 et
2824 5471 3069 5528 Veterem
3096 5473 3326 5542 aliquem
3352 5475 3536 5544 fuisse,
3578 5497 3738 5551 quem

2149 5574 2252 5614 non
2284 5561 2445 5614 alium
2480 5561 2549 5617 ab
2575 5562 2677 5618 hoc
2703 5573 2887 5618 nostro
2919 5564 3082 5620 fuisse
3109 5566 3268 5621 liceat
3293 5569 3621 5628 existimare.

2219 5653 2528 5710 Heraclides
2571 5672 2820 5728 quoque,
2867 5659 3164 5714 monachus
3216 5662 3433 5732 quidam
3494 5675 3735 5732 tempore

2145 5745 2497 5804 Macariorum
2527 5755 2685 5804 notus
2711 5747 2828 5815 fuit,
2867 5760 2924 5805 ut
2950 5762 3159 5808 constat
3181 5769 3246 5810 ex
3277 5754 3598 5828 Nicephoro,
3634 5760 3729 5816 lib.

2142 5853 2222 5909 lx,
2257 5855 2374 5912 cap.
2412 5841 2498 5899 Η.
2549 5841 2688 5913 Quin
2735 5850 2788 5897 et
2834 5842 3072 5918 synodus
3100 5845 3165 5901 ad
3195 5833 3474 5927 'Quercum
3523 5849 3730 5924 habita,
