4124 6350
280 317 350 379 25

1555 330 2110 392 PROLEGOMENON
2151 336 2240 392 IV.
3509 352 3578 408 26

285 440 426 512 apud
443 439 926 513 Phottum,Comce
953 444 1021 502 5'9
1046 444 1288 504 de‘causa
1312 447 1531 506 Joannis
1549 449 1870 521 Chrysosto-
1897 455 1949 514 Α
1976 452 2124 523 grius
2169 454 2258 510 ille
2299 455 2665 518 Antiochenus
2705 463 2788 537 (ut
2824 466 2890 522 ad
2922 464 3092 522 Vitam
3138 478 3308 525 sancti
3352 472 3572 530 Antonii

282 535 376 600 ιιιὶ,
409 535 704 592 Heraclidis
734 537 1014 609 cujusdam
1047 541 1288 596 meminit
1319 560 1329 594 :
1367 542 1452 596 ubi
1490 552 1606 610 post
1641 544 1874 613 primum

279 635 335 683 et
360 627 656 683 secundum
690 631 1092 686 accusationum
1123 650 1152 686 :t
1179 633 1385 689 Joanne
1407 635 1635 692 diacono
1678 653 1874 708 propo-

278 719 505 776 sitarum
537 731 698 789 caput
723 722 852 795 [xv]
882 727 1240 780 examinatum
1274 726 1519 782 subditur
1549 749 1562 784 :
1601 748 1619 780 ι
1662 729 1873 788 Deinde

273 823 556 882 coeperunt
582 814 648 870 de
673 814 958 872 Heraclide
985 827 1036 872 et
1069 818 1306 872 Palladio
1370 820 1714 891 Ηοιριιοιιοιίε
1762 823 1876 894 epi-

273 910 452 978 scopis
479 925 658 981 agere.
709 929 729 964 ι
762 910 1074 983 Diciturque
1126 913 1431 970 Heraclides
1480 914 1646 972 fuisse
1690 917 1875 990 Orige-

271 1000 434 1069 nista,
469 1011 525 1057 et
550 1017 581 1058 a
609 1002 999 1075 Chrysostomo
1033 1005 1386 1076 Ephesiorum
1416 1008 1701 1077 episcopus
1731 1011 1874 1066 ordi-

271 1101 453 1148 natus.
485 1093 648 1150 Iidem
678 1095 1076 1166 conjunguntur
1105 1098 1331 1152 articulo
1352 1100 1592 1154 secundo
1615 1101 1665 1154 in
1695 1102 1872 1159 libello

272 1184 340 1240 ab
370 1184 570 1240 Acacio
600 1187 777 1243 cidem
809 1190 1016 1260 synodo
1041 1200 1224 1245 contra
1250 1189 1693 1260 Cbrysostomum
1716 1196 1869 1250 obla-

273 1281 349 1328 to.
383 1273 577 1331 Fusius
624 1275 690 1330 de
740 1290 805 1331 eo
856 1277 909 1331 in
967 1278 1082 1334 Vita
1133 1280 1304 1335 sancti
1350 1279 1717 1351 Chrysostomi
1777 1302 1870 1355 per

272 1363 560 1436 Georgium
592 1367 1032 1435 Alexandrinum.
1066 1371 1153 1442 qui
1180 1373 1256 1428 ait
1299 1387 1420 1428 eum
1475 1376 1524 1429 in
1577 1377 1869 1435 solitudine

269 1456 484 1527 degisse
513 1460 830 1518 solitarium.

341 1550 510 1608 Valde
530 1555 777 1623 suspicor
806 1555 1125 1626 Palladium,
1157 1568 1214 1614 ut
1238 1563 1398 1616 tertio
1421 1577 1484 1617 ex
1515 1563 1728 1619 llerveti
1751 1579 1868 1619 ver-

266 1645 421 1702 sione
449 1649 658 1703 auctior
686 1650 903 1719 prodiit,
934 1665 1000 1706 ex
1032 1654 1192 1708 variis
1221 1657 1528 1712 auctoribus
1570 1671 1689 1712 esse
1737 1672 1867 1712 cou—

265 1737 569 1794 cinnatum.
600 1741 734 1796 Nam
760 1743 805 1797 si
837 1743 1055 1801 Palladii
1087 1749 1312 1816 primam
1360 1750 1650 1807 editionem
1699 1751 1866 1822 inspi-

1981 546 2240 621 dicemus)
2278 550 2518 609 deduxit.
2553 555 2684 623 Quia
2735 561 2896 629 igitur
2939 561 3196 633 Evagrius
3224 563 3384 634 hujus
3418 566 3572 634 Vitae,

1977 657 2096 713 quae
2113 647 2327 701 creteris
2353 646 2572 704 Patrum
2596 650 2729 709 Vitis
2759 653 3084 724 adjungitur,
3121 667 3174 711 et
3197 655 3334 713 forte
3361 658 3415 712 in
3443 674 3578 715 non-

1979 736 2139 792 nullis
2170 738 2297 793 Mss.
2334 743 2697 809 praemittitur,
2732 745 2995 816 interpres
3037 747 3155 815 fuit,
3187 751 3578 809 existimaverit

1980 828 2310 887 Trithemius
2335 843 2496 903 atque
2525 835 2726 904 Sixtus,
2787 840 2949 894 etiam
2975 843 3304 912 reliquarum
3334 843 3574 902 Vitarum

1979 922 2062 977 vel
2097 922 2444 992 interpretem
2477 929 2559 983 vel
2588 939 2863 986 auctorem
2895 947 3036 989 esse.

2048 1015 2267 1070 Labitur
2288 1032 2450 1088 porro
2474 1021 2659 1077 Sixtus
2684 1038 2804 1078 cum
2829 1025 3145 1093 Trithemio,
3164 1027 3290 1084 dum
3317 1030 3576 1101 Evagrios

1973 1105 2110 1162 duos
2140 1107 2193 1162 in
2224 1125 2385 1165 unum
2416 1114 2670 1169 conﬂant.
2704 1115 2998 1173 Distinctus
3024 1121 3165 1174 enim
3197 1131 3278 1175 est
3309 1121 3569 1192 Evagrius

1976 1197 2278 1271 Episcopus
2305 1203 2674 1263 Antiochenus
2715 1208 2782 1263 ab
2817 1209 3045 1281 Evagrio
3075 1213 3342 1269 monacho
3371 1225 3425 1271 et
3452 1216 3568 1271 dis-

1971 1290 2147 1360 cipulo
2177 1293 2347 1350 sancti
2382 1295 2596 1352 Macarii
2629 1298 2891 1370 Egyptii.

2045 1391 2254 1446 Delrius
2283 1401 2487 1459 noster,
2519 1403 2668 1464 parte
2690 1397 2848 1453 tertia
2871 1398 3090 1470 Synlag.
3130 1400 3289 1470 Trag.
3322 1401 3372 1455 in
3403 1401 3568 1458 Octa—

1970 1480 2110 1537 viam
2144 1484 2387 1549 Senecas.
2415 1497 2537 1543 actu
2565 1488 2598 1541 4
2628 1505 2746 1560 pag.
2781 1491 2887 1544 552
2916 1494 3200 1550 occasione
3233 1494 3364 1550 Vita;
3394 1497 3568 1553 sancti

1972 1577 2187 1632 Antonii
2211 1578 2277 1632 ab
2303 1579 2527 1650 Evagrio
2559 1580 2660 1635 hoc
2692 1583 3030 1640 Antiocheno
3060 1586 3111 1640 in
3141 1587 3346 1642 Latium
3378 1589 3564 1644 tradu-

1968 1679 2089 1734 ctae,
2129 1670 2182 1724 in
2216 1686 2316 1740 qua
2365 1673 2540 1727 locum
2573 1677 2856 1744 quemdam
2892 1677 3146 1743 restituit,
3175 1682 3284 1751 agit
3314 1696 3474 1749 porro
3498 1683 3568 1738 de

1967 1763 2073 1818 alio
2095 1761 2254 1833 hujus
2276 1778 2463 1834 opere,
2489 1766 2748 1833 nondum,
2776 1776 2834 1822 ut
2852 1770 3211 1836 existimabat,
3231 1773 3396 1838 edito,
3420 1775 3561 1844 quod

265 1832 399 1897 cias,
429 1835 519 1887 vix
558 1835 768 1890 tertiam
799 1852 986 1893 eorum
1021 1850 1225 1908 partem
1257 1843 1307 1896 in
1360 1858 1418 1899 ea
1460 1843 1701 1900 invenias
1743 1861 1863 1917 qum
1895 1850 1943 1911 B
1972 1853 2058 1908 hic
2087 1832 2484 1910 exeutiendum.
2518 1874 2538 1908 ι
2573 1858 2854 1929 Evagrius,
2887 1863 3079 1932 inquit,
3104 1863 3361 1919 diaconus
3381 1865 3562 1921 Theo-

263 1920 320 1978 in
352 1934 626 1993 postrema
657 1925 939 1984 habentur.
984 1930 1110 1985 lnde
1138 1933 1337 2000 prodiit
1386 1934 1680 1992 Heraclidis
1707 1939 1861 1992 titulo

267 2014 579 2070 instructior
599 2016 875 2088 aliquanto
901 2018 1073 2089 prima
1103 2022 1192 2077 illa
1215 2023 1451 2081 editione
1482 2026 1729 2093 Palladii,
1765 2031 1865 2082 mi-

265 2120 367 2162 nus
394 2117 574 2164 tamen
605 2109 847 2179 locuples
868 2127 1027 2182 quam
1052 2125 1343 2184 postrema.
1378 2119 1708 2188 Suspicionis
1728 2137 1863 2178 mean

263 2198 465 2254 fundus
490 2209 590 2263 est,
617 2200 816 2272 duplex
845 2203 1086 2273 praefatio
1111 2207 1251 2278 apud
1274 2208 1590 2277 Palladium,
1621 2227 1721 2266 una
1752 2214 1860 2269 He-

267 2292 510 2362 raclidis,
540 2295 707 2351 altera
733 2297 902 2367 ipsius
930 2298 1189 2367 Palladii;
1224 2312 1279 2358 ut
1306 2302 1464 2359 facile
1487 2305 1602 2360 fieri
1635 2308 1863 2376 potuerit

259 2383 492 2439 alterum
534 2384 755 2441 alterius
783 2387 976 2442 librum
1008 2403 1107 2444 suo
1139 2389 1534 2448 interseruisse.
1593 2395 1734 2451 Sane
1774 2398 1861 2452 di-

251 2487 406 2533 etum
431 2478 575 2548 quod
608 2479 834 2536 habetur
877 2481 967 2535 lib.
999 2497 1032 2536 v
1061 2482 1128 2537 de
1163 2482 1294 2538 Vitis
1322 2484 1564 2551 Patrum,
1599 2487 1779 2544 libello
1804 2506 1857 2555 κ,

259 2567 293 2641 ς
322 2569 415 2637 67,
448 2571 664 2628 nomine
693 2569 938 2638 Palladii,
970 2571 1109 2630 idem
1149 2573 1376 2631 habetur
1419 2578 1468 2631 in
1499 2579 1724 2648 epistola
1755 2581 1861 2637 lle-

253 2662 479 2720 raclidis
498 2663 852 2734 Cappadociae
871 2665 1108 2736 episcopi
1135 2666 1203 2723 ad
1224 2667 1456 2725 Lausum
1481 2673 1854 2742 praepositum,

250 2755 428 2826 ipsius
463 2756 764 2813 Heraclidis
794 2759 1029 2826 nomine,
1061 2775 1181 2830 qua:
1207 2763 1433 2831 epistola
1464 2764 1739 2821 Lausiaca:
1766 2767 1856 2822 lli-

245 2849 434 2905 κονίει
479 2852 836 2919 praemittitur.
893 2855 968 2910 De
1006 2855 1152 2910 varia
1201 2857 1423 2912 Palladii
1467 2860 1701 2916 editione
1733 2861 1854 2918 vide

245 2942 635 3012 prolegomeno
660 2944 748 3012 14,
781 2945 869 3000 ubi
897 2947 964 3002 de
991 2948 1292 3019 interprete
1320 2949 1439 3006 libri
1465 2965 1558 3006 vtu
1585 2953 1778 3022 agitur.

321 3034 434 3090 Nec
468 3035 661 3092 mirum
697 3036 785 3093 hic
814 3038 981 3095 videri
1013 3040 1196 3107 debet,
1251 3056 1282 3096 a
1331 3041 1558 3099 diversis
1580 3084 1596 3110 ,
1645 3053 1852 3100 mutato

245 3127 501 3184 nonnihil
521 3131 732 3197 ordine,
757 3147 898 3186 nunc
918 3133 1219 3198 imminuta,
1243 3149 1384 3190 nunc
1403 3138 1640 3192 auctiora
1661 3139 1850 3194 eadem

1966 1944 2102 2000 dosii
2133 1945 2363 2001 senioris
2404 1958 2644 2018 tempore
2671 1950 2825 2020 vixit,
2867 1962 2922 2007 et
2966 1963 3074 2010 tres
3120 1956 3282 2011 Ilbl‘OS
3325 1958 3392 2012 de
3443 1959 3564 2016 Vita

1968 2048 2278 2094 sanctorum
2311 2041 2715 2110 monachorum,
2747 2059 2882 2114 quos
2913 2045 2967 2101 in
2991 2047 3225 2119 ngypto
3249 2051 3400 2118 vidit,
3433 2067 3566 2108 con-

1964 2131 2205 2200 scripsit,
2239 2148 2374 2202 quos
2406 2133 2515 2190 vidi
2545 2136 2856 2208 Burdegalze
2882 2141 2935 2195 in
2990 2141 3319 2199 Bibliotheca
3351 2145 3563 2217 collegii

1962 2225 2236 2282 societatis
2276 2226 2426 2295 Jesu,
2479 2232 2808 2303 perantiquis
2848 2234 3270 2304 characteribus,
3305 2239 3357 2293 in
3392 2256 3564 2296 mem~

1963 2315 2147 2372 branis
2171 2318 2504 2390 descriptos;
2537 2325 2670 2378 satis
2700 2327 2951 2396 eleganti,
2983 2329 3108 2385 licet
3140 2331 3280 2397 rudi,
3314 2335 3472 2404 stylo.
3505 2335 3561 2392 ln

1963 2424 2192 2478 quorum
2225 2411 2361 2466 libro
2383 2428 2440 2468 ιιι
2481 2429 2542 2469 se
2564 2430 2592 2468 a
2615 2415 2866 2473 Narbona
2892 2419 2945 2474 in
2969 2420 3253 2493 Egyptum
3285 2427 3559 2497 navigasse

1963 2502 2172 2569 scribit,
2199 2515 2255 2559 et
2271 2504 2602 2562 Bethlehemi
2619 2508 2800 2565 divum
2818 2511 3201 2586 Hieronymum
3219 2521 3562 2578 convenisse.

1967 2594 2172 2666 Dignus
2203 2597 2453 2667 scriptor,
2485 2602 2574 2670 qui
2613 2601 2782 2658 lucem
2823 2604 3109 2674 aliquando
3140 2609 3385 2678 aspiciat,
3426 2612 3562 2671 alius

1964 2687 2034 2744 ab
2061 2687 2162 2746 illo
2185 2691 2341 2762 cujus
2372 2694 2616 2750 feruntur
2643 2711 2672 2749 a
2705 2699 2976 2754 nonnullis
3018 2701 3233 2757 Patrum
3267 2704 3422 2760 Viue.
3461 2725 3481 2758 ι

2033 2780 2139 2836 Sed
2173 2782 2328 2838 facile
2373 2786 2651 2855 imponere
2679 2793 2850 2860 potuit
2880 2792 3061 2849 Delrio
3105 2795 3290 2852 titulus
3319 2798 3553 2870 Evagrii,

1960 2883 2018 2928 ut
2059 2875 2384 2933 existimarit
2427 2881 2588 2935 alium
2639 2883 2776 2937 hunc
2803 2884 2995 2940 librum
3028 2902 3150 2943 esse
3178 2889 3244 2944 ab
3272 2890 3429 2946 editis
3455 2893 3557 2946 Pa-

1958 2975 2097 3021 trum
2132 2967 2290 3035 Vitis,
2321 2987 2439 3041 qute
2467 2973 2646 3030 divum
2679 2975 3060 3048 Hieronymum
3107 2980 3160 3034 in
3202 2980 3376 3038 fronte
3407 2999 3552 3053 prae-

1959 3058 2160 3115 ferunt.
2186 3061 2338 3129 Quod
2369 3065 2412 3118 si
2441 3066 2781 3124 membranas
2804 3083 2895 3125 eas
2921 3085 3043 3126 cum
3072 3071 3231 3128 editis
3252 3074 3401 3130 libris
3424 3092 3553 3133 con-

1961 3153 2188 3220 tulisset,
2221 3155 2666 3225 deprehendisset
2690 3163 2871 3218 statim
2903 3180 3008 3218 non
3031 3165 3162 3220 alias
3187 3166 3254 3222 iis
3275 3165 3547 3240 historias,

243 3219 534 3292 Ρωάίίεεθ,
575 3237 697 3277 nam
728 3233 784 3279 el
812 3225 865 3278 in
900 3224 1022 3280 aliis
1073 3227 1161 3282 llic
1203 3227 1469 3297 adjunCliS
1516 3229 1666 3322 libris
1710 3231 1852 3287 idem
1878 3244 1926 3305 C
1959 3245 2054 3298 sed
2083 3219 2338 3315 easipsas
2359 3248 2578 3305 Patrum
2603 3251 2751 3307 Vitas
2778 3255 3068 3322 contineri,
3090 3271 3188 3311 nec
3211 3265 3270 3312 ut
3296 3259 3489 3315 librum
3519 3219 3554 3315 ti

242 3312 548 3370 factitatum
567 3317 827 3385 reperies.
849 3317 980 3386 ρυω
1001 3318 1143 3372 enim
1167 3317 1306 3374 libro
1322 3335 1379 3373 ut
1402 3329 1453 3374 et
1470 3336 1542 3374 vn
1560 3321 1846 3388 habentur,

241 3408 438 3465 eadem
467 3408 584 3464 fere
618 3410 800 3465 omnia
842 3409 977 3465 libro
1001 3425 1038 3465 v
1065 3418 1122 3466 et
1151 3426 1204 3466 vt
1235 3413 1501 3481 reperies;
1545 3416 1635 3484 qui
1669 3425 1847 3470 tamen

244 3503 370 3560 libri
394 3503 618 3576 singuli,
644 3511 702 3558 ut
723 3503 1045 3574 singularem
1066 3520 1220 3560 suum
1248 3505 1448 3562 habent
1473 3508 1843 3578 interpretem,

244 3597 322 3654 ita
349 3607 404 3653 et
433 3598 734 3665 singulares
757 3608 1005 3656 auctores
1028 3598 1279 3656 habuisse
1303 3599 1526 3656 omnino
1557 3601 1684 3655 mihi
1727 3618 1849 3671 per-

241 3693 473 3759 suadeo,
501 3693 686 3763 quinto
710 3702 766 3748 et
790 3703 944 3749 sexto
968 3694 1192 3750 fortasse
1210 3695 1474 3763 exceptis,
1501 3695 1593 3765 qui
1617 3705 1844 3766 uterque

245 3785 507 3843 eumdem
535 3784 782 3840 Gnaeum
812 3795 1085 3842 auctorem
1114 3787 1326 3842 videtur
1350 3785 1621 3854 habuisse,
1655 3797 1712 3842 ut
1732 3789 1845 3843 col-

240 3880 433 3951 ligitur
451 3894 519 3934 ex
539 3879 763 3947 Pcthio;
791 3881 1028 3948 atquein
1063 3880 1162 3934 hac
1187 3877 1424 3936 editione
1454 3889 1657 3935 tantum
1688 3881 1844 3937 divisi

239 3985 375 4030 sunt
407 3971 478 4026 ob
503 3971 743 4026 diversos
772 3973 1117 4042 interpretes.
1147 3971 1282 4027 Vide
1313 3971 1737 4042 Prolegomenon
1766 3974 1846 4029 ul-

240 4067 461 4128 timum,
491 4062 966 4120 Animadversione
987 4062 1041 4118 4.

244 4176 276 4250 §
319 4175 415 4232 ιν.
456 4175 730 4231 Auctorem
777 4175 1269 4302 videriehlf’tjzgium
1319 4177 1616 4247 episwpum
1666 4177 1843 4232 Antia-

315 4361 1150 4433 Trithemius,CatalogoScript.
1177 4361 1408 4430 Eccles.,
1437 4363 1843 4434 Evagriumepi-

239 4470 469 4526 scopum
499 4455 890 4511 Antiochenam
910 4454 1045 4510 Vita:
1066 4455 1282 4510 Patrum
1310 4456 1537 4525 primum
1569 4467 1840 4512 auctorem

241 4553 419 4608 facit:
467 4569 487 4603 ι
525 4551 804 4621 Evagrius,
866 4551 1055 4622 inquit,
1102 4550 1397 4605 monachus
1442 4559 1496 4606 et
1545 4550 1840 4622 discipulus

239 4643 416 4700 sancti
447 4642 661 4698 Macarii
698 4641 960 4713 Egyptii,
993 4648 1050 4698 et
1076 4650 1264 4712 postea
1309 4641 1594 4712 episcopus
1648 4643 1837 4699 Antio-
1865 4628 1919 4689 Ῑ)

239 4737 472 4799 chenus,
504 4735 586 4790 vir
622 4734 974 4806 undecunque
1000 4735 1362 4800 doctissimus,
1395 4746 1450 4791 et
1476 4745 1582 4791 tam
1611 4737 1836 4792 sarcula-

239 4829 390 4886 ribus
419 4843 578 4898 quam
610 4828 803 4883 divinis
831 4827 1126 4898 Scripturis
1150 4828 1414 4893 eruditus,
1440 4827 1633 4884 Graeco
1657 4839 1711 4883 et
1738 4829 1840 4883 La-

239 4919 355 4975 tino
403 4919 605 4990 peritus
658 4920 906 4990 eloquio,
963 4920 1123 4975 etiam
1191 4920 1243 4975 in
1289 4919 1598 4991 episcopatu
1646 4921 1839 4991 prioris

239 5013 364 5069 vine
403 5014 774 5069 austeritatem
804 5015 1137 5082 custodiens,
1170 5024 1331 5071 tantae
1353 5016 1691 5072 abstinentia:
1714 5017 1836 5083 fuit,

237 5117 299 5162 ut
327 5107 589 5163 miraculo
617 5106 927 5164 haberetur.
960 5108 1058 5164 llic
1087 5109 1288 5177 primus
1321 5108 1495 5163 Vitam
1523 5119 1834 5166 sanctorum

239 5202 458 5260 Patrum
489 5202 704 5273 scriptis
733 5201 1149 5258 commendavit.
1191 5220 1210 5254 ι
1268 5202 1399 5270 Quae
1426 5200 1614 5258 eadem
1642 5202 1831 5258 iisdem

241 5308 377 5364 pene
407 5292 585 5350 verbis
614 5294 808 5364 repetit
829 5294 1012 5352 Sixtus
1044 5292 1303 5350 Senensis
1336 5293 1679 5349 Bibliotheca:
1709 5309 1833 5349 san-

240 5394 338 5440 cta:
368 5384 507 5441 libro
532 5399 609 5440 tv.

201 5518 211 5538 ι
310 5478 462 5547 Quod
491 5494 624 5534 sane
655 5478 798 5536 unde
829 5479 1122 5546 hauserint,
1153 5478 1416 5550 suspicari
1451 5494 1559 5534 non
1589 5493 1827 5550 possum,

241 5584 360 5626 cum
382 5571 565 5628 nullus
590 5582 858 5640 veterum,
903 5587 1019 5628 mea
1049 5571 1264 5642 quidem
1306 5572 1554 5640 scientia,
1590 5571 1710 5627 huic
1738 5587 1833 5626 au-

237 5664 368 5719 ctori
398 5679 490 5721 eas
506 5663 657 5720 Vitas
679 5673 909 5719 asserat.
941 5663 1078 5720 Fors
1100 5660 1591 5736 iisimposuit[xvt]
1623 5661 1832 5730 Evagrii

241 5767 457 5823 nomen,
488 5755 632 5827 quod
664 5754 800 5811 Vita:
827 5755 998 5811 sancti
1023 5753 1240 5810 Antonii
1269 5752 1582 5826 praefigitur,
1614 5768 1772 5823 quam
1800 5767 1831 5808 e

247 5844 430 5911 Graeco
455 5848 573 5907 divi
600 5850 882 5908 Athanasii
908 5849 1074 5918 fonte,
1103 5849 1156 5906 in
1178 5848 1476 5907 Romanum
1498 5847 1672 5908 solum
1695 5846 1833 5906 Eva-

1954 3337 2115 3405 libro,
2151 3340 2224 3393 ita
2253 3352 2534 3399 auctorem
2564 3344 2631 3401 ab
2660 3355 2879 3402 auctore
2901 3347 3253 3406 distinxisset.
3284 3352 3446 3422 Hujus
3472 3353 3552 3410 rei

1953 3429 2206 3486 indit-ium
2235 3434 2464 3503 primum
2487 3439 2603 3508 cepi
2632 3454 2699 3494 ex
2732 3441 2860 3511 ipsis
2881 3442 3046 3498 Delrii
3067 3445 3264 3514 verbis,
3294 3461 3413 3502 cum
3436 3449 3548 3507 ait:

1957 3538 1976 3574 ο
2011 3521 2069 3578 ln
2090 3538 2314 3594 quorum
2343 3527 2480 3582 libro
2509 3545 2568 3584 ιιι
2596 3546 2657 3586 se
2681 3546 2712 3585 a
2735 3532 2980 3590 Narbona
3012 3535 3064 3590 in
3088 3535 3378 3608 [Egyptum
3401 3541 3551 3596 navi-

1947 3630 2107 3686 gasse
2131 3618 2340 3685 scribit,
2363 3628 2419 3675 et
2441 3621 2776 3680 Bethlebemi
2802 3626 2982 3682 divum
3008 3629 3388 3703 Hieronymum
3414 3650 3544 3692 con-

1948 3711 2186 3768 venisse.
2218 3731 2236 3765 ι
2274 3714 2404 3782 Qua,-
2432 3714 2700 3786 ipsissima
2728 3721 2964 3775 narratio
2989 3716 3217 3779 habetur
3247 3726 3302 3780 in
3319 3727 3546 3797 vulgatis

1947 3802 2168 3861 Patrum
2186 3806 2320 3862 Vitis
2337 3825 2352 3874 ;
2369 3823 2596 3880 qumque
2623 3811 2708 3867 hic
2724 3815 3111 3883 reperieslibro
3134 3833 3206 3883 tv,
3226 3833 3345 3886 cap.
3367 3819 3390 3872 l
3418 3821 3537 3887 et2,

1948 3899 2335 3972 desumptaque
2364 3915 2490 3960 sunt
2517 3920 2582 3961 ex
2607 3905 2807 3963 Severo
2829 3909 3084 3979 Sulpicio,
3113 3911 3250 3966 Dial.
3281 3914 3332 3978 l,
3360 3928 3480 3983 cap.
3503 3915 3538 3968 2

1947 4000 2002 4046 ct
2032 3991 2086 4046 5.
2121 3985 2343 4050 Aecedit
2370 3998 2596 4054 monitio
2635 3999 2913 4058 Possevini
2962 4005 3130 4059 nostri
3170 4005 3222 4060 in
3263 4007 3538 4076 Apparatu

1946 4097 2123 4150 sacro,
2155 4087 2244 4153 qui
2273 4088 2325 4142 in
2353 4087 2449 4143 Ms.
2485 4090 2574 4145 illo
2596 4091 2976 4164 Burdegalensi
3005 4095 3191 4153 haberi
3213 4100 3287 4153 ait
3332 4098 3536 4166 omnia,

1945 4174 2402 4239 quemadmodum
2420 4179 2472 4234 in
2490 4181 2732 4239 editione
2752 4184 2990 4241 Vitarum
3012 4187 3251 4254 Patrum,
3279 4206 3400 4260 qua:
3417 4195 3541 4249 divo

1951 4264 2282 4337 Hieronymo
2313 4269 2646 4339 tribuuntur,
2678 4276 2924 4347 Lugduni
2951 4281 3092 4349 apud
3122 4283 3378 4340 Jacobum
3423 4285 3532 4341 Hu-

1944 4366 2218 4427 gatanum,
2250 4376 2393 4418 anno
2421 4363 2632 4422 Domini
2661 4369 2822 4436 l5l5’,
2854 4380 3017 4441 atque
3054 4374 3110 4429 in
3136 4377 3377 4432 eamdem
3409 4393 3537 4433 sen-

1947 4452 2165 4505 tentiam
2187 4453 2254 4507 ad
2285 4470 2372 4511 me
2393 4459 2710 4528 perscripsit
2730 4471 2913 4517 noster
2932 4463 3133 4520 Fronto
3155 4465 3376 4524 Ducteus
3398 4469 3534 4527 Bur-

1953 4541 2268 4614 ‘egalensis,
2297 4547 2572 4611 αὐτόπτης.

2090 4696 2117 4761 5
2154 4691 2219 4747 V.
2261 4694 2536 4749 Auctorem
2575 4696 2735 4751 videri
2775 4697 3055 4770 Evagrium
3091 4701 3385 4761 Ponticum.

2017 4825 2311 4891 (iesnerus,
2343 4827 2396 4882 in
2423 4827 2755 4887 Bibliotheca
2782 4847 2899 4902 sua,
2950 4845 3002 4891 et
3048 4837 3311 4912 Georgius
3350 4841 3533 4898 Wice-

1943 4917 2068 4983 lius,
2120 4921 2345 4990 epistola
2378 4927 2761 4993 nuncupatoria
2793 4940 2916 4985 ante
2943 4929 3228 4988 Historiam
3258 4950 3409 4990 suam
3443 4936 3536 4990 Di-

1944 5027 2154 5076 vorum,
2188 5022 2242 5068 et
2268 5013 2504 5071 Joannes
2535 5017 2798 5086 Molanus,
2831 5036 2949 5092 cap.
2984 5024 3072 5090 l5,
3104 5025 3159 5080 in
3193 5035 3416 5080 tractatu
3465 5024 3535 5082 de

1945 5104 2360 5176 Martyrologiis,
2385 5116 2439 5163 et
2461 5109 2659 5177 passim
2679 5110 2730 5164 in
2753 5123 2993 5168 annotat.
3013 5114 3080 5170 ad
3098 5115 3532 5185 Martyrologium

1945 5198 2205 5270 Usuardi,
2263 5213 2526 5256 censuere
2585 5202 2865 5273 Evagrium
2921 5205 3197 5260 Ponticum
3255 5215 3528 5263 auctorem

1942 5291 2097 5366 [xvii]
2122 5307 2241 5348 esse
2272 5291 2512 5348 Vitarum
2544 5293 2782 5351 Patrum.
2824 5297 2988 5366 Cujus
3017 5298 3295 5354 sententia:
3322 5315 3535 5372 quoque

1938 5384 2150 5440 videtur
2171 5383 2341 5441 fuisse
2364 5385 2640 5454 Erasmus,
2666 5402 2787 5443 cum
2812 5397 2981 5442 notat.
3013 5389 3080 5442 ad
3110 5389 3389 5456 epistolam
3418 5394 3529 5449 divi

1941 5476 2246 5549 Hieronymi
2273 5477 2336 5532 ad
2358 5479 2780 5549 Ctesiphontem,
2815 5478 3084 5536 Ruflintzm
3118 5481 3238 5539 iibri
3268 5485 3532 5556 hujusin-

1933 5578 2220 5641 terpretem
2242 5572 2449 5638 statuit,
2472 5588 2630 5642 quem
2657 5571 2873 5641 Evagrii
2900 5572 3153 5645 pleraque
3174 5591 3337 5647 opera
3357 5578 3529 5636 inter-

1935 5671 2199 5734 pretatum
2227 5677 2350 5719 esse
2369 5666 2561 5718 asserit
2586 5663 2742 5718 divus
2773 5663 3149 5740 Hieronymus.

2003 5754 2143 5822 Quin
2189 5763 2244 5810 et
2288 5755 2466 5809 Caesar
2511 5753 2791 5824 Baronius,
2835 5767 3003 5814 notat.
3049 5761 3112 5815 ad
3163 5760 3528 5832 Martyrolog.

1937 5847 2120 5916 Rom.,
2149 5847 2217 5906 17
2247 5846 2518 5915 Januarii,
2551 5846 2641 5905 ubi
2685 5848 2752 5908 de
2781 5863 2968 5910 sancto
2998 5854 3255 5924 Antonio,
3288 5866 3407 5925 post
3437 5871 3528 5913 re-
