4124 6350
572 376 639 447 ἱτ
1508 383 1577 441 iN
1614 380 1820 439 VITAS
1860 377 2141 437 PATRUM
2181 374 2704 435 PROLEGOMENA
2746 377 2927 435 XXVI.
3787 373 3856 435 28

574 501 678 560 lata
706 502 867 559 verba
893 500 1090 558 Gelasii
1117 511 1183 556 ex
1212 499 1451 565 decreto,
1473 498 1529 554 d.
1557 498 1624 553 15
1650 517 1662 555 :
1694 517 1711 552 ι
1748 498 1893 555 Vitas
1922 499 2158 558 Patrum,
2188 491 2237 553 Δ
2266 489 2453 546 Graeca
2497 491 2707 565 Evagrii
2754 492 2806 547 in
2854 492 3098 548 Latinum
3142 507 3445 550 sermonem
3498 494 3851 551 transtulisse.

572 595 758 662 Pauli,
790 595 1005 650 Antonii
1027 636 1042 660 ,
1077 592 1387 658 Hilarionis,
1414 600 1468 647 et
1496 592 1739 647 omnium
1776 591 2152 660 eremitarum,

574 702 713 760 quas
742 696 921 743 tamen
951 688 1033 742 vir
1062 685 1400 741 beatissimus
1446 683 1731 753 descripsit
1773 683 2155 754 Hieronymus,

569 794 692 836 eum
716 780 861 835 omni
890 780 1093 834 honore
1112 776 1468 846 suscipimus;
1497 794 1516 829 s
1546 775 1663 831 haec
1682 775 1901 831 subdit:
1933 795 1951 828 ι
1977 777 2052 829 Ea
2074 786 2158 831 est

574 886 702 930 usus
722 872 927 929 cautela
960 869 1225 939 Gelasius,
1253 870 1504 941 quoniam
1535 878 1589 925 et
1618 868 1878 938 Evagrius
1902 867 2157 925 Ponticus

571 965 789 1035 scripsit
824 964 966 1019 Vitas
1011 963 1259 1030 Patrum,
1301 970 1357 1018 et
1400 962 1618 1017 miscuit
1656 962 1994 1032 Origenistas
2024 977 2158 1017 non-

573 1058 779 1122 nullos,
828 1070 963 1126 quos
1010 1054 1151 1110 idem
1208 1054 1562 1127 Hieronymus
1607 1063 1758 1111 notat
1806 1055 2048 1111 scribens
2091 1056 2160 1111 ad

571 1151 998 1221 Ctesiphontem.
1029 1169 1047 1202 ι
1080 1149 1145 1203 Et
1175 1148 1373 1219 passim
1404 1147 1623 1220 Evagrii
1652 1151 1869 1205 nomine
1894 1163 1986 1204 eas
2012 1148 2160 1205 Vitas

573 1244 699 1297 citat
726 1250 835 1295 tum
863 1244 917 1294 in
945 1238 1343 1313 Martyrologio,
1371 1251 1482 1296 tum
1512 1240 1565 1296 in
1592 1241 1909 1297 Annalibus.
1937 1242 1993 1297 in
2023 1242 2162 1298 Mar-

571 1332 836 1404 tyrologio
862 1330 1077 1401 quidem
1104 1331 1173 1386 i5
1191 1330 1456 1398 Januarii,
1483 1332 1756 1387 notatione
1772 1333 1839 1387 ad
1866 1333 2156 1399 lsidorum;

577 1435 633 1481 et
657 1427 720 1481 i7
763 1423 1036 1487 Januarii,
1069 1433 1238 1478 notat.
1267 1424 1333 1479 ad
1365 1432 1609 1479 sanctum
1641 1424 1960 1492 Antonium;
2006 1437 2062 1482 et
2088 1425 2159 1481 27

574 1516 781 1582 Martii,
813 1524 979 1571 notat.
1004 1515 1071 1569 ad
1116 1515 1377 1570 Joannem
1424 1515 1727 1572 eremitam.
1762 1516 1818 1571 in
1863 1517 2162 1573 Annalibus

572 1623 701 1664 vero
723 1622 865 1664 anno
884 1607 1077 1664 Christi
1107 1609 1158 1673 i,
1175 1617 1230 1664 et
1256 1622 1399 1663 anno
1420 1607 1549 1675 595,
1565 1618 1621 1666 et
1650 1624 1791 1664 anno
1814 1609 1939 1677 594,
1964 1619 2019 1666 et
2042 1611 2160 1665 aliis

564 1698 721 1759 locis.

642 1793 972 1849 Possevinus
991 1809 1205 1865 quoque
1232 1795 1285 1850 in
1316 1797 1591 1865 Apparatu
1618 1809 1796 1863 sacro,
1820 1796 1874 1851 in
1905 1796 2157 1867 Evagrio,

2261 582 2377 638 Non
2398 584 2694 639 absimilem
2718 584 2941 640 Honorii
2981 585 3063 640 vel
3085 600 3321 641 errorem
3354 586 3435 641 vel
3456 588 3849 656 corruptionem

2262 677 2383 733 vide
2413 678 2563 734 initio
2593 678 2713 736 libri
2743 694 2810 746 tt,
2846 680 3119 735 notatione
3146 679 3212 734 ad
3250 689 3491 736 veterum
3520 679 3587 735 de
3636 680 3848 737 Ruiiino

2260 772 2455 843 elogia.
2936 830 2939 831 ν

2334 868 2535 923 Omitto
2556 867 2697 935 quod
2725 868 2778 922 in
2810 866 2911 923 hoc
2930 867 3166 922 secundo
3194 868 3329 922 libro
3354 867 3422 922 de
3448 866 3580 923 Vitis
3602 866 3817 922 Patrum
3834 909 3849 934 ,

2261 978 2380 1035 cap.
2409 963 2501 1026 27,
2526 970 2700 1019 exstet
2732 962 2846 1018 Vita
2894 962 3138 1032 Evagrii,
3178 979 3196 1013 t
3225 971 3474 1031 tanquam
3501 955 3853 1016 continentis-

2261 1064 2382 1119 simi
2412 1071 2465 1117 et
2496 1060 2843 1117 eruditissimi
2878 1059 3011 1125 viri,
3037 1078 3056 1111 ι
3093 1068 3150 1113 ut
3178 1073 3294 1113 eam
3328 1057 3400 1113 ibi
3432 1058 3619 1113 haberi
3661 1055 3856 1110 asserit

2264 1154 2593 1211 Gennadius.
2616 1152 2749 1207 Nam
2772 1151 2890 1222 ejus
2913 1151 3055 1206 eoin
3078 1150 3214 1204 libro
3241 1167 3259 1201 t
3283 1148 3641 1217 spiritualium
3674 1162 3853 1201 rerum

2264 1248 2513 1314 scientia,
2548 1255 2602 1300 et
2641 1242 2972 1299 incredibilis
3010 1242 3330 1297 abstinentia
3365 1260 3383 1293 ι
3420 1240 3855 1305 commendatur,

2263 1355 2421 1411 quam
2470 1354 2576 1394 non
2608 1348 2691 1394 est
2734 1338 2913 1393 simile
2954 1351 3081 1392 vero
3135 1336 3421 1406 Evagrium
3469 1336 3643 1404 ipsum
3684 1334 3754 1390 de
3799 1348 3861 1390 se

2266 1430 2541 1485 historiam
2580 1428 2835 1483 texuisse.

2337 1522 2390 1576 3.
2436 1518 2589 1587 Quod
2640 1519 2683 1572 si
2733 1516 3081 1586 manuscripti
3128 1516 3344 1585 quidam
3398 1515 3516 1569 libri
3570 1514 3859 1585 Evagritttn

2267 1612 2591 1683 praeferunt,
2631 1619 2687 1665 ut
2734 1610 2846 1674 ille,
2876 1608 2945 1663 de
2990 1622 3096 1677 quo
3124 1608 3381 1671 diximus,
3418 1606 3861 1675 Burdegalensis,

2265 1711 2323 1759 et
2351 1704 2563 1773 qualetn
2593 1715 2713 1756 esse
2744 1699 2906 1755 audio
2937 1698 3154 1753 Parisiis
3199 1697 3338 1767 apud
3387 1696 3745 1751 clarissimum
3776 1698 3861 1751 vi-

2269 1814 2387 1853 rum
2419 1796 2694 1851 Nicolaum
2733 1794 2995 1859 Fabrtun,
3030 1808 3138 1847 non
3167 1806 3491 1862 magnopere
3524 1805 3737 1846 movere
3765 1791 3863 1847 dea

570 1885 649 1941 ait
692 1886 986 1941 existimari
1017 1903 1138 1941 eum
1176 1887 1320 1943 Vitas
1371 1888 1587 1944 Patrum
1632 1891 2021 1960 composuisse,
2058 1892 2160 1950 hoc
2191 1887 2239 1949 B
2272 1890 2381 1946 bet.
2414 1888 2617 1958 Duplici
2648 1888 2790 1941 enim
2824 1886 2926 1942 hoc
2950 1899 3112 1940 causa
3146 1885 3261 1939 ﬁeri
3295 1884 3483 1953 pctuit,
3514 1892 3621 1936 tum
3648 1899 3709 1937 ex
3742 1883 3862 1937 Vita

572 1986 689 2041 est,
726 1978 949 2047 primam
993 1991 1177 2033 earum
1227 1987 1434 2048 partem
1481 1980 1632 2049 (citat
1661 1995 1727 2034 ex
1766 1981 2159 2051 vulgatissima,

562 2086 733 2141 quam
779 2072 1069 2126 secundam
1103 2087 1254 2138 voco,
1289 2073 1549 2145 editione)
1598 2074 1667 2130 ab
1710 2075 1859 2130 initio
1904 2078 2109 2147 prologi
2143 2096 2157 2132 :

571 2163 877 2220 Benedictus
924 2166 1063 2221 Deus
1108 2169 1196 2238 qui
1232 2171 1339 2222 vult
1382 2184 1589 2234 omnes,
1635 2186 1803 2241 usque
1843 2171 1911 2226 ad
1957 2182 2157 2242 caput:

576 2260 653 2315 De
691 2261 933 2332 periculis
973 2262 1025 2316 in
1066 2277 1255 2330 eremo,
1286 2263 1426 2333 quod
1472 2264 1729 2333 prmcedit
1773 2265 1944 2321 Vitam
1989 2267 2162 2323 sancti

570 2350 744 2411 Pauli.

642 2443 749 2501 Sed
778 2453 833 2500 et
864 2444 1114 2516 Aloysius
1146 2445 1489 2515 Ltpomanus,
1522 2448 1834 2516 praefatione
1861 2462 1986 2508 ante
2035 2451 2160 2507 Pal-

570 2532 805 2599 ladium,
836 2549 994 2603 quem
1027 2546 1379 2604 repraesentat
1411 2546 1556 2593 tomo
1587 2539 1652 2594 Ill
1684 2541 1751 2597 tle
1785 2541 1917 2598 Vitis
1944 2552 2162 2598 sancto-

572 2643 689 2685 rum
711 2670 727 2696 ,
759 2629 880 2685 loco
909 2630 1002 2685 illo
1032 2631 1144 2687 divi
1176 2630 1483 2703 Hieronymi
1530 2633 1805 2703 inductus,
1835 2635 2162 2691 existimavit

571 2721 641 2778 ab
689 2722 915 2793 Evagrio
947 2722 1140 2777 librum
1173 2725 1323 2792 quasi
1352 2723 1420 2779 de
1452 2724 1731 2780 monachis
1760 2726 2123 2794 conscriptum
2142 2763 2159 2793 ,

572 2813 660 2884 qui
683 2824 861 2870 tamen
887 2829 995 2870 non
1021 2816 1273 2885 exprimit
1298 2831 1367 2871 an
1398 2816 1558 2887 hujus
1585 2831 1708 2873 eum
1736 2818 1859 2874 libri
1889 2828 2160 2875 auctorem

572 2918 815 2975 censeat;
867 2908 976 2965 imo
1022 2910 1224 2967 sentire
1270 2911 1483 2967 videtur
1529 2927 1652 2968 eum
1705 2912 1918 2985 Evagrii
1965 2914 2159 2970 librum

572 2999 678 3071 jam
707 3014 816 3055 non
842 3010 1085 3058 exstare.

651 3092 934 3149 Videamus
966 3109 1110 3151 nunc
1148 3096 1345 3165 quibus
1391 3095 1508 3152 hac
1546 3099 1836 3167 sententia,
1866 3115 1987 3170 quae
2027 3103 2165 3157 Eva-

572 3185 747 3254 gcium
789 3186 1072 3243 Ponticum
1124 3187 1249 3243 libri
1297 3188 1455 3259 hujus
1502 3199 1776 3247 auctorem
1818 3190 1971 3260 facit,
2004 3210 2163 3265 argu-

573 3278 766 3334 mentis
794 3279 889 3334 niti
921 3280 1107 3349 possit.

649 3388 700 3442 1.
735 3389 850 3443 Non
878 3390 1021 3445 aliud
1051 3391 1263 3447 videtur
1305 3392 1568 3449 Baronius
1610 3399 1896 3453 sententiae
1938 3382 2048 3454 suae
2074 3414 2163 3454 ar-

571 3492 884 3553 gumentum
915 3483 1169 3539 habuisse
1195 3499 1354 3555 quam
1385 3488 1529 3541 illam
1567 3488 1675 3543 divi
1708 3488 2018 3562 Hieronymi
2049 3495 2161 3561 epi-

571 3575 766 3629 stolam
793 3574 860 3630 ad
900 3576 1334 3646 Ctesiphontem,
1365 3578 1621 3635 adversus
1672 3582 2010 3653 Pelagianos,
2040 3599 2161 3655 qua:

573 3665 696 3722 libri
723 3668 1000 3737 cujusdam
1029 3668 1098 3724 de
1130 3669 1402 3726 Monacbis
1432 3687 1526 3727 seu
1560 3671 1776 3729 Patrum
1826 3676 1960 3732 Vitis
2003 3692 2157 3734 men-

574 3760 774 3815 tionem
805 3760 949 3816 iacit.
982 3760 1305 3835 Respondes
1333 3779 1350 3821 :
1382 3762 1496 3819 Non
1532 3767 1634 3822 rite
1671 3781 1790 3822 eam
1836 3768 2159 3826 intellectam

569 3870 600 3910 a
635 3854 864 3910 Baronio
893 3870 1015 3910 mox
1047 3857 1360 3924 ostendam,
1391 3859 1478 3915 ubi
1519 3859 1791 3917 Bullinum
1822 3862 2036 3919 illarum
2067 3864 2159 3919 Vi-

574 3957 748 4002 tarum
776 3955 1053 4003 auctorem
1085 3950 1193 4021 (vel
1223 3960 1377 4006 certe
1420 3952 1797 4023 interpretem)
1832 3971 1896 4009 ex
1930 3956 2162 4025 ipsomet

572 4037 685 4093 divi
712 4037 1021 4109 Hieronymi
1054 4038 1172 4094 loco
1202 4041 1497 4098 clarissime
1525 4045 1783 4112 probabo.

631 4129 688 4184 2.
724 4128 830 4185 Pro
859 4130 1127 4186 seusemia
1156 4131 1371 4187 Baronii
1397 4133 1664 4190 adducere
1686 4136 1809 4204 quis
1836 4147 2021 4207 posset
2053 4139 2164 4194 Ho-

571 4222 819 4291 norium,
844 4222 917 4279 de
959 4222 1259 4280 illustribus
1304 4226 1559 4281 Ecclesiae
1602 4225 1991 4297 Seriptoribus,
2038 4246 2160 4303 cap.

569 4312 663 4379 40,
697 4313 789 4368 ubi
818 4313 893 4367 ita
935 4313 1098 4368 habet
1124 4332 1138 4369 :
1174 4333 1195 4366 ι
1227 4314 1492 4387 Evagrius
1517 4319 1834 4387 monachus,
1862 4324 2163 4393 supradicti

571 4405 789 4463 Macarii
811 4404 1103 4479 (Egyptii)
1130 4407 1411 4464 familiaris
1430 4408 1745 4481 discipulus,
1770 4412 1951 4469 divina
1982 4424 2035 4470 et
2062 4416 2162 4472 hu-

572 4511 730 4550 mana
792 4497 1095 4552 litteratura
1134 4498 1382 4569 insignis,
1413 4502 1630 4572 scripsit
1658 4504 1831 4560 multa
1857 4510 2159 4565 necessaria

568 4592 868 4659 monachis,
900 4594 1109 4650 scilicet
1137 4594 1314 4650 Vitam
1350 4596 1591 4663 Patrum,
1623 4609 1681 4653 et
1702 4599 2000 4658 Adversum
2032 4614 2164 4662 octo

2266 1988 2437 2041 sancti
2472 1982 2725 2046 Antonii,
2769 1995 2887 2051 quin
2929 1979 3145 2034 Patrum
3197 1978 3328 2033 Vitis
3361 1978 3674 2047 plerumque
3721 1991 3865 2045 pra:-

2267 2079 2515 2143 tnittitur,
2537 2076 2625 2130 cui
2660 2074 2872 2144 Evagrii
2900 2084 3153 2145 tanquam
3177 2071 3485 2142 interpretis
3517 2070 3699 2124 titulus
3731 2083 3866 2139 prte-

2266 2172 2463 2241 ﬁgitur,
2489 2172 2578 2239 qui
2608 2179 2663 2224 et
2692 2170 2813 2223 aliis
2838 2164 3185 2237 sequentibus
3217 2172 3334 2234 post
3361 2162 3619 2229 adhaesit;
3650 2171 3757 2215 tum
3790 2174 3865 2217 ex

2263 2263 2372 2318 divi
2413 2260 2723 2333 Hieronymi
2764 2260 2831 2314 ad
2871 2256 3279 2327 Ctesiphontem
3321 2253 3545 2322 epistola
3600 2254 3739 2308 male
3779 2254 3867 2307 in.

2268 2357 2500 2423 tellecta,
2535 2356 2603 2411 de
2628 2370 2733 2427 qua
2764 2352 2927 2423 paulo
2958 2359 3076 2422 post
3105 2351 3158 2405 in
3182 2350 3394 2405 ltuiiino
3422 2348 3683 2403 dicemus.

2335 2452 2389 2506 4.
2434 2451 2634 2506 Locum
2682 2446 2903 2502 invenio
2947 2445 3002 2499 in
3047 2444 3290 2509 Socrate,
3333 2441 3426 2497 lib.
3480 2457 3557 2505 tv,
3601 2457 3719 2510 cap.
3763 2440 3865 2509 25,

2265 2544 2398 2601 edit.
2424 2542 2546 2607 Cr.,
2573 2549 2629 2597 et
2668 2555 2717 2597 c.
2755 2540 2842 2606 18,
2870 2540 3003 2595 edit.
3047 2538 3191 2603 [ιῑιι.9
3223 2537 3312 2608 qui
3362 2538 3415 2590 in
3464 2536 3600 2589 hanc
3646 2544 3868 2591 senten-

2266 2638 2393 2693 tiam
2438 2635 2613 2691 atl’erri
2659 2642 2863 2703 posset.
2894 2633 2968 2687 Ita
2995 2632 3137 2688 enim
3166 2632 3356 2701 capitis
3399 2632 3579 2686 titulus
3622 2631 3871 2703 concipi.

2267 2738 2399 2784 lttr:
2440 2733 2560 2807 Περὶ
2605 2736 2696 2786 τοῦ
2740 2729 2890 2802 ἁγίου
2940 2729 3244 2799 μονάζοντος
3292 2726 3507 2799 ’Δμμοῦ,
3558 2731 3637 2781 καὶ
3682 2727 3872 2800 ἐτέρωι

2266 2826 2422 2897 ἁγίων
2447 2823 2641 2899 ἀνδρῶν
2683 2825 2965 2896 κατάλογος
2995 2825 3052 2877 ἑκ
3091 2830 3183 2883 τῆς
3218 2822 3470 2896 Εὐαγρίου
3514 2830 3815 2897 συγγραφῆς
3855 2839 3873 2878 :

2266 2916 2347 2972 De
2375 2928 2550 2972 sancto
2582 2919 2801 2972 Ammun
2830 2917 3101 2981 monacho,
3129 2926 3175 2969 et
3198 2916 3315 2970 aliis
3349 2916 3471 2969 viris
3511 2917 3697 2970 sanctis
3723 2925 3876 2971 εαιαο

2266 3010 2435 3082 Iogus,
2460 3027 2523 3064 ex
2550 3007 2765 3081 Evagrii
2790 3009 2940 3063 libro.
2972 3008 3165 3062 Verum
3195 3008 3246 3062 in
3281 3008 3383 3061 hoc
3404 3008 3578 3075 capite
3609 3015 3876 3062 tractatur

2267 3102 2338 3157 de
2368 3105 2653 3167 Ammone,
2684 3102 2935 3172 Didytno,
2973 3100 3153 3165 Piore,
3183 3097 3413 3164 isidoro,
3445 3098 3735 3164 Patnbone,
3765 3098 3876 3165 Pe-

2272 3196 2396 3261 tiro,
2432 3195 2676 3251 Macariis
2707 3193 2938 3259 duobus,
2966 3193 3034 3247 de
3060 3192 3256 3262 quibus
3274 3192 3442 3273 etiam
3476 3192 3649 3261 agitur
3676 3191 3728 3246 in
3762 3192 3873 3251 hoc

2188 3283 2238 3349 Ο
2265 3289 2505 3347 secundo
2529 3290 2599 3346 de
2630 3288 2767 3344 Vitis
2809 3288 3029 3344 Patrum
3070 3286 3231 3343 libro.
3277 3285 3336 3343 Si
3384 3287 3546 3358 igitur
3590 3287 3680 3342 illa
3721 3289 3872 3359 apud

2268 3383 2547 3439 Socratem
2587 3382 2866 3453 desumpta
2896 3388 3112 3435 suntex
3144 3379 3280 3433 libro
3312 3379 3563 3451 Evagrii,
3596 3389 3650 3434 ut
3679 3380 3873 3449 titulus

2267 3476 2464 3546 capitis
2495 3472 2743 3543 praefert,
2772 3473 3023 3528 videntur
3053 3478 3109 3528 et
3140 3471 3252 3526 haec
3292 3472 3344 3526 in
3381 3471 3514 3527 Vitis
3546 3470 3765 3528 Patrum
3794 3488 3872 3536 ex

2268 3570 2386 3638 ejus
2429 3568 2569 3623 libro
2608 3566 2910 3634 desumpta.
2965 3564 3325 3634 Respondeo:
3360 3564 3499 3619 [laesi
3551 3564 3636 3619 hic
3680 3567 3870 3636 primo

2265 3659 2463 3730 gradu,
2496 3672 2594 3714 nec
2642 3656 2890 3712 videbam
2921 3658 3010 3727 qui
3041 3671 3127 3712 me
3167 3657 3236 3711 ab
3276 3658 3374 3711 hac
3416 3657 3599 3726 pedica
3640 3659 3875 3728 expedia

2266 3762 2415 3815 rem;
2448 3750 2537 3805 ubi
2584 3757 2763 3805 tamen
2790 3758 2951 3820 caput
2988 3756 3161 3805 totum
3201 3749 3422 3819 perlegi,
3459 3763 3490 3804 e
3519 3751 3741 3822 vestigio
3763 3766 3875 3807 ex-

2265 3842 2480 3915 peditus
2509 3841 2604 3897 iui.

2340 3946 2476 4002 Nam
2506 3945 2759 4001 Socrates
2803 3943 2958 3999 initio
2996 3944 3188 4011 capitis
3229 3944 3338 4013 agit
3380 3942 3593 4013 quidem
3634 3942 3705 3998 de
3746 3942 3876 3999 istis

2267 4038 2539 4104 Patribus,
2570 4036 2666 4092 sed
2698 4035 2899 4090 nullam
2931 4039 2985 4090 in
3017 4045 3162 4090 textu
3193 4036 3522 4092 mentionem
3555 4036 3683 4089 fat-it
3720 4037 3875 4094 unde

2267 4146 2331 4187 ea
2361 4128 2745 4199 desumpserit.
2778 4128 2904 4183 Post
2934 4128 3166 4183 medium
3194 4130 3388 4198 capitis
3414 4128 3688 4198 subjungit
3715 4145 3879 4200 qua:-

2267 4222 2389 4277 datn
2416 4221 2484 4275 de
2514 4220 2633 4276 Vita
2666 4219 2883 4291 Evagrii
2911 4228 2966 4274 et
2994 4218 3118 4288 ejus
3157 4221 3393 4289 scriptis,
3422 4221 3559 4274 inter
3586 4237 3702 4289 qum
3744 4223 3877 4275 ιιιησ

2266 4318 2377 4373 lum
2400 4327 2709 4372 numeratur
2722 4315 2869 4385 quod
2886 4315 3091 4370 diserte
3109 4315 3257 4370 Vitas
3281 4315 3495 4371 Patrum
3517 4317 3871 4385 complexum

2267 4409 2446 4465 fuerit.
2480 4408 2607 4463 Intle
2635 4408 2709 4462 ait
2736 4415 3094 4476 opportunum
3124 4421 3246 4462 esse
3275 4415 3508 4476 tempus,
3546 4424 3563 4457 t
3598 4422 3760 4477 pauca
3789 4421 3869 4463 ex

2265 4500 2374 4557 illis
2410 4514 2531 4570 quae
2575 4506 2705 4553 sunt
2747 4498 2813 4552 ab
2860 4511 2926 4551 eo
2975 4496 3043 4551 de
3083 4499 3362 4553 monachis
3407 4505 3868 4568 commemorata,

2269 4593 2405 4667 [xix]
2439 4594 2562 4648 huic
2601 4591 2841 4648 sermoni
2873 4591 3175 4647 attexentli.
3210 4612 3228 4643 ι
3274 4592 3538 4648 Recenset
3576 4600 3753 4648 autem
3784 4591 3872 4650 ibi

569 4682 946 4755 principalium
986 4684 1237 4741 vitiorum
1284 4691 1676 4759 suggestiones.
1713 4712 1730 4745 ι
1786 4692 2108 4766 Respondes
2138 4716 2151 4753 ε
2186 4677 2511 4757 unacdam
2563 4684 2838 4740 Didactica
2892 4700 2957 4740 ex
3010 4684 3147 4740 libro
3190 4685 3277 4755 qui
3321 4683 3606 4739 Monachus
3646 4700 3740 4740 seu
3782 4681 3877 4741 De

567 4775 802 4831 Omnino
832 4790 1025 4832 vereor
1055 4794 1124 4834 ae
1155 4778 1269 4833 lini
1298 4780 1501 4851 aliquid
1526 4786 1863 4841 contraxeris
1898 4788 1989 4844 hic
2015 4791 2160 4845 rivu-

567 4866 671 4933 lus,
700 4867 879 4943 [svtttl
917 4869 1006 4940 qui
1042 4871 1099 4924 in
1138 4869 1284 4926 fecsse
1328 4887 1430 4928 suo
1476 4873 1593 4929 his
1639 4878 1841 4945 purius.
1888 4880 1966 4935 ita
2014 4885 2158 4940 enim

567 4960 878 5016 Gennadius
903 4975 1023 5031 cap.
1054 4960 1141 5028 il,
1167 4978 1237 5017 ex
1266 4979 1377 5034 quo
1416 4978 1513 5020 sua
1538 4966 1814 5025 conisa-te
1858 4972 2053 5028 solitus
2077 4984 2161 5029 est

569 5053 877 5109 Honorius:
915 5071 934 5106 t
966 5054 1225 5122 Evagrius
1252 5058 1572 5124 monachus,
1602 5062 1897 5131 supradicti
1943 5065 2159 5123 Macarii

568 5145 869 5219 (Egnatii)
883 5146 1389 5216 diseipolus,diviua
1409 5159 1573 5222 atque
1599 5153 1829 5211 botuaaa
1856 5158 2155 5217 litteratura

567 5241 813 5313 insignis,
855 5244 1012 5313 cujus
1056 5243 1219 5297 etiam
1261 5243 1405 5299 liber
1426 5245 1516 5316 qui
1547 5248 1851 5306 attitulatur
1886 5251 2016 5307 Viue
2044 5252 2154 5307 Pa-

570 5342 737 5397 trum,
767 5334 916 5388 velut
942 5335 1388 5392 continentissimi
1413 5348 1465 5391 et
1494 5340 1846 5399 eruditissimi
1871 5343 1969 5398 viri
2003 5361 2156 5401 men-

566 5424 773 5481 tionem:
798 5422 955 5492 facit,
985 5427 1201 5498 scripsit
1223 5429 1389 5485 multa
1420 5434 1702 5490 monachis
1732 5438 2057 5503 necessaria,
2088 5446 2155 5495 ex

566 5519 763 5590 quibus
790 5518 890 5573 ista
914 5528 1040 5574 sunt
1065 5537 1081 5575 :
1114 5522 1369 5579 Adversus
1390 5534 1504 5581 octo
1531 5528 1893 5599 principalium
1918 5531 2157 5589 vitiorum

567 5612 936 5684 suggestion“.
964 5629 993 5665 se

640 5703 753 5759 Nec
796 5703 1051 5759 existimo
1082 5720 1405 5777 quemun
1438 5711 1524 5767 hic
1566 5711 1716 5768 facile
1753 5712 2148 5787 dubitaturum,

572 5798 820 5869 potiente
848 5796 1126 5865 Getiuadio
1151 5815 1225 5857 an
1257 5804 1491 5862 Honorio
1538 5806 1673 5862 fides
1716 5809 1787 5863 sit
1824 5808 2151 5881 adhibenda,

570 5903 696 5948 mm
748 5892 863 5961 ipse
916 5895 1223 5953 Gennadius
1276 5899 1470 5956 ibidem
1523 5915 1730 5959 asserat
1780 5921 1838 5963 se
1902 5908 2155 5982 pleraque

2264 4781 2370 4833 vita
2408 4778 2461 4831 in
2499 4776 2696 4831 actione
2735 4777 2903 4844 posita
2943 4776 3286 4842 inscribitur;
3336 4777 3462 4831 item
3505 4774 3751 4845 quaedam
3788 4791 3869 4835 ex

2266 4872 2424 4942 libro,
2451 4872 2541 4942 qui
2569 4870 2843 4927 Gnosticus
2875 4888 2967 4927 seu
2997 4872 3225 4927 Scientia
3258 4871 3505 4940 prtvdittts
3539 4868 3758 4924 dicitur.
3794 4866 3883 4928 Et.

2266 4964 2399 5019 nihil
2438 4978 2623 5019 eorum
2668 4962 2721 5016 in
2771 4962 2871 5016 hoc
2904 4962 3041 5017 libro
3070 4962 3137 5017 de
3166 4961 3324 5031 cujus
3374 4969 3594 5018 auctore
3642 4970 3872 5015 contro-

2264 5052 2524 5108 vertimus
2550 5050 2837 5121 reperitur.
2874 5050 3201 5121 Niccplmrus
3231 5066 3463 5123 quoque,
3499 5050 3592 5105 lib.
3623 5065 3672 5103 χι
3692 5090 3706 5113 ,
3734 5063 3870 5121 cap.

2263 5142 2367 5211 42,
2408 5152 2689 5198 enumerat
2726 5144 2920 5213 scripta
2968 5143 3213 5215 Evagrii,
3247 5151 3303 5200 et
3346 5140 3477 5198 nihil
3523 5140 3591 5198 de
3638 5139 3874 5199 Patrum

2270 5236 2404 5292 Vitis
2447 5236 2637 5301 habet;
2668 5246 2722 5292 et
2767 5252 2887 5307 cap.
2916 5239 3016 5303 45,
3048 5237 3177 5293 citat
3213 5236 3455 5309 quaedam
3497 5250 3566 5291 ex
3616 5233 3752 5290 libro
3791 5235 3875 5294 de

2268 5330 2542 5386 Monachis
2565 5338 2619 5384 et
2647 5328 2937 5398 Gnosticis,
2966 5331 3060 5386 sed
3093 5330 3222 5386 nihil
3264 5342 3449 5386 eorum
3492 5329 3541 5383 in
3588 5327 3689 5384 hoc
3721 5327 3872 5383 libro

2252 5432 2558 5494 comparet.

2337 5536 2514 5605 Quare
2538 5534 2681 5606 quod
2713 5535 2895 5591 titulus
2921 5534 3111 5603 capitis
3140 5534 3332 5601 habet,
3362 5551 3425 5591 ea:
3455 5532 3669 5607 Evagrii
3701 5533 3866 5599 libro,

2263 5631 2607 5689 referendum
2638 5641 2717 5687 est
2754 5646 2858 5687 non
2902 5631 2968 5685 ad
3000 5641 3164 5685 totum
3198 5641 3388 5701 caput,
3420 5633 3513 5688 sed
3545 5633 3609 5687 ad
3643 5645 3707 5686 ea
3737 5645 3873 5698 qum

2265 5734 2441 5783 textus
2484 5726 2756 5796 expressis
2794 5725 2974 5780 verbis
3003 5734 3189 5781 monet
3227 5742 3292 5782 ex
3340 5726 3551 5797 Evagrii
3597 5727 3731 5782 libro
3762 5726 3875 5780 de.

2264 5826 2513 5883 sculpta,
2561 5816 2822 5872 Iouecbo
2869 5815 3073 5872 scilicet
3111 5828 3169 5871 et
3215 5817 3491 5874 Gnostico’.
3529 5820 3592 5872 Et
3642 5818 3899 5889 θυῖεν-τι..

2265 5915 2369 5984 ptie
2397 5914 2629 5983 capitum
2659 5924 2802 5980 swpe
2828 5923 2939 5966 non
2981 5910 3132 5969 valde
3162 5912 3432 5980 distincta,
3460 5913 3582 5983 quia
3616 5914 3868 5983 plerum-
