4124 6350
269 444 341 504 29
1159 411 1162 419 ’
1540 439 1863 498 raouzco:

1968 438 2088 495 sua
2127 440 2216 496 tv.
3489 441 3557 499 50

267 580 374 638 que
402 577 513 620 non
551 562 620 616 ab
645 567 884 626 auctore,
911 559 1003 616 sed
1037 574 1068 614 a
1097 557 1320 615 librario
1360 559 1540 630 aliquo
1572 562 1860 615 concinna-
1886 559 1940 621 Δ
1963 557 2245 612 confusum
2270 556 2374 612 vidi
2394 598 2408 624 ,
2433 557 2624 626 partim
2652 557 3139 628 reinterpretando,
3163 567 3361 629 parum
3381 573 3557 618 emeno

270 669 378 715 tur.
403 657 494 714 Sic
525 657 717 712 Petrus
757 655 946 711 Gillius
975 653 1240 738 Bosphorl
1271 653 1479 708 Thracii
1513 653 1604 707 lib.
1633 667 1666 707 ιι
1689 696 1702 720 ,
1737 668 1854 723 cap.

272 752 360 816 t0,
387 753 534 806 ctare
559 749 914 819 deprehendit
945 748 1198 804 elenchos
1230 749 1460 817 capitum
1491 749 1728 802 historiae
1760 749 1859 804 So-

269 843 485 900 zomeni
510 844 578 897 ab
607 840 802 897 inscito
835 841 1051 896 homine
1085 841 1273 895 iactos.
1304 839 1433 894 Nam
1463 841 1605 909 quod
1633 843 1777 894 clare
1809 842 1860 894 in

267 945 424 992 textu
453 945 536 990 est
565 934 658 990 lib.
685 949 743 997 tt.
775 948 896 1003 cap.
920 936 974 998 '5,
1002 934 1070 989 de
1100 929 1406 1002 Michaelio,
1437 933 1565 988 illud
1594 934 1644 988 in
1665 933 1856 990 Hestiis

265 1042 392 1084 esse
441 1028 532 1082 ille
559 1029 888 1102 ἕλιγχοποιός
931 1027 1060 1081 dicit
1106 1041 1232 1082 esse
1274 1028 1325 1080 in
1375 1026 1682 1094 Sosthenio,
1718 1026 1860 1096 quod

270 1120 464 1176 Gillius
485 1122 562 1176 ait
583 1123 812 1190 amplius
835 1121 1197 1192 duodeviginti
1218 1122 1406 1177 stadiis
1426 1121 1550 1176 inde
1574 1132 1860 1177 remotum.

273 1212 376 1268 Pro
402 1211 691 1268 Sosthenio
713 1213 849 1283 apud
877 1213 1207 1283 Stephanum
1226 1255 1241 1279 ,
1265 1214 1333 1270 de
1360 1214 1580 1270 urbibus
1609 1214 1658 1269 in
1686 1227 1864 1271 Γυναι-

263 1307 473 1367 κὸπολις
499 1315 582 1360 est
610 1307 947 1364 Λεωσθέιεισν.

339 1397 418 1454 Ne
441 1399 562 1468 quis
582 1413 742 1468 porro
769 1400 987 1456 lcetoris
1011 1401 1190 1455 animo
1212 1400 1494 1471 scrupulus
1521 1399 1753 1456 insideat
1779 1397 1861 1454 vel

267 1491 339 1546 ob
371 1491 588 1545 Baronii
608 1532 623 1558 ,
654 1492 740 1547 vel
768 1493 996 1546 aliorum
1028 1493 1400 1548 auctoritatem
1421 1535 1435 1556 ,
1472 1491 1620 1547 Vitas
1651 1493 1865 1547 Patrum

271 1584 505 1654 Evagrio
531 1586 752 1641 Pontico
773 1588 1129 1642 asserentium
1150 1630 1163 1651 ,
1192 1587 1472 1650 subiiciam
1500 1585 1586 1641 hic
1612 1585 1865 1641 librorum

270 1678 483 1748 Evagrii
534 1677 882 1748 Catalogum,
933 1689 988 1732 ut
1035 1679 1079 1733 is
1132 1687 1304 1732 exstat
1358 1679 1498 1748 apud
1551 1678 1865 1746 Socratem,

271 1771 494 1828 Suidam
513 1813 526 1834 ,
556 1769 909 1839 Nicephorum
929 1813 941 1834 ,
969 1771 1320 1826 Gennadium.

350 1861 424 1916 lta
470 1861 632 1931 igitur
658 1861 906 1917 Socrates
940 1876 1101 1933 supra
1130 1880 1143 1917 ε
1173 1861 1349 1932 Τούτῳ
1398 1867 1484 1918 καὶ
1527 1865 1699 1935 βιϐλία
1739 1859 1867 1934 ἄγαν

1964 654 2165 719 dando,
2192 655 2428 709 auctoris
2459 653 2672 710 veritati
2705 657 2935 711 restitui.

2044 765 2064 799 ι
2102 747 2416 815 Composuit
2457 759 2509 801 et
2548 749 2834 804 cmuobltis
2869 761 2922 805 et
2963 749 3224 821 synoditis
3259 749 3556 807 doctrinam

1963 850 2138 911 aptam
2172 843 2292 897 vitae
2315 843 2638 897 communis.

2043 951 2060 985 α
2101 937 2162 986 lit
2203 935 2267 988 ad
2303 935 2538 1003 virgines
2573 936 2683 991 Deo
2711 945 2949 991 sacratas
2978 937 3213 992 libellum
3247 945 3558 1008 competen-

1965 1033 2070 1081 tem
2105 1027 2347 1099 religioni
2374 1036 2426 1082 et
2454 1029 2624 1081 sexui.

2046 1139 2064 1170 ε
2108 1120 2286 1175 Edidit
2325 1130 2378 1175 et
2411 1135 2603 1190 paucas
2632 1120 3001 1183 sententiolas,
3038 1121 3190 1175 valde
3221 1120 3476 1176 obscuras
3505 1127 3558 1178 et

1966 1214 2048 1284 (ut
2075 1213 2190 1282 ipse
2220 1211 2272 1266 in
2306 1210 2389 1265 his
2431 1212 2529 1279 ait)
2579 1211 2708 1265 solis
2751 1211 3132 1266 monachorum
3177 1213 3424 1267 cordibus
3468 1228 3558 1268 co-

1966 1305 2308 1377 gnoscihiles.
2340 1307 2483 1372 Quas
2504 1307 2751 1361 similiter
2773 1321 2870 1375 ego
2901 1306 3098 1359 Latinis
3125 1306 3290 1360 edidi.
3318 1325 3338 1358 ι

2039 1399 2155 1452 Non
2188 1399 2271 1453 hic
2313 1399 2508 1454 atierro
2556 1414 2676 1468 quae
2723 1399 2790 1453 de
2841 1399 3029 1452 eodem
3084 1397 3242 1450 habet
3294 1398 3558 1454 Honorius

1970 1491 2222 1561 Catalogo
2253 1507 2352 1545 suo
2383 1491 2449 1546 de
2479 1491 2676 1546 illustr.
2709 1491 2959 1544 Ecclesiae
2987 1491 3274 1559 Scriptor.,
3305 1492 3390 1558 qui
3421 1488 3559 1544 Gen-

1971 1585 2188 1640 nadium
2220 1585 2528 1638 exscribere
2577 1583 2786 1646 solitus,
2821 1581 2980 1652 idque
3026 1583 3252 1638 subinde
3295 1584 3558 1652 mutilate,

1972 1688 2030 1733 ut
2057 1679 2238 1732 monui
2273 1678 2358 1733 hic
2383 1688 2696 1748 argumento
2722 1678 2976 1731 secundo.

2046 1773 2104 1829 Si
2137 1774 2392 1843 Evagrius
2435 1773 2629 1828 alicubi
2665 1781 2944 1827 tractasset
2985 1771 3048 1825 de
3089 1770 3222 1825 Vitis
3262 1771 3476 1825 Patrum
3507 1772 3559 1828 in

1973 1866 2152 1938 aliquo
2195 1867 2451 1922 librorum
2484 1868 2547 1919 ad
2582 1867 2889 1921 auctoribus
2921 1866 3097 1921 citatis
3135 1864 3558 1934 assignatorum,

274 1952 543 2008 σπουδαῖα
573 1958 980 2031 συγγέγραπται.
1014 1953 1104 2009 Ὠν
1148 1956 1205 2010 τὸ
1245 1959 1334 2026 μὲν
1383 1956 1651 2026 Μοναχὸς,
1683 1956 1712 2015 ἦ
1752 1959 1863 2030 περὶ

1974 1960 2128 2014 valde
2170 1959 2343 2014 simile
2374 1975 2499 2014 vero
2536 1969 2617 2012 est
2657 1957 2798 2027 quod
2830 1962 2931 2012 hoc
2963 1958 3297 2026 praestitisset
3342 1957 3393 2010 in
3426 1957 3558 2011 libro

271 2055 564 2112 πρακτικῆς
582 2048 972 2122 ἐπιγέγραπται,
996 2050 1052 2103 τὸ
1076 2047 1128 2102 δέ
1161 2049 1438 2110 Γνωστικὸς
1459 2048 1488 2108 ἧ
1512 2049 1593 2105 τὸν
1623 2051 1867 2114 καταξιω·

267 2137 414 2190 θέντα
439 2139 834 2209 primam-(lege
854 2153 918 2193 ex
943 2139 1123 2203 Suida,
1149 2139 1176 2199 ἦ
1201 2144 1320 2214 περὲ
1343 2148 1440 2194 τῶν
1463 2144 1866 2205 καταξιωθέντων

268 2230 554 2301 γνώσεως),
585 2232 823 2303 κεφάλαια
846 2231 899 2286 δὲ
929 2235 1088 2288 αὐτοῦ
1112 2238 1443 2292 πεντήκοντα.
1478 2241 1543 2288 Τὸ
1571 2233 1645 2298 δέ,
1675 2238 1865 2306 Ἀντιρο

270 2323 472 2400 ρητικὸς
500 2323 599 2377 ὰπὸ
642 2330 740 2378 τῶν
772 2325 911 2377 θείων
945 2332 1149 2401 γραφῶν
1191 2327 1321 2400 πρὸς
1363 2327 1478 2386 τοὺς
1531 2331 1866 2400 πειράζοντας

267 2412 534 2486 δαίμονας,
570 2417 618 2468 ἐν
651 2417 779 2470 ὀκτὼ
809 2413 1100 2489 διῃρημένον
1131 2419 1330 2490 μέρεσι,
1364 2419 1493 2470 κατὰ
1535 2417 1621 2470 τὸν
1660 2419 1866 2491 epicum

271 2515 372 2562 τῶν
423 2510 553 2562 ὀκτὼ
603 2508 876 2580 λογισμῶν.
925 2513 1015 2565 Καὶ
1057 2511 1293 2574 ἑξακόσια
1337 2513 1698 2586 προγνωστικὰ
1739 2533 1866 2586 προ-

271 2602 505 2672 ϐλήματα
541 2619 553 2634 ⁸
575 2601 648 2657 ὅτι
675 2609 770 2674 μὴν
800 2608 884 2657 καὶ
906 2606 1136 2681 στιχηρά
1167 2603 1279 2668 δύο,
1314 2602 1362 2657 ἓν
1386 2607 1514 2680 πρὸς
1538 2608 1656 2665 τοὺς
1683 2607 1731 2658 ἐν
1763 2628 1866 2660 κοι-

265 2695 454 2754 vagiat;
480 2694 509 2754 ἦ
551 2697 602 2750 ἐν
637 2695 890 2757 (mundiore;
933 2699 1217 2768 μοιαχούς⁶
1250 2701 1334 2751 καὶ
1365 2696 1413 2750 ἓν
1446 2699 1572 2774 πρὸς
1611 2705 1698 2758 τὴν
1727 2721 1862 2771 παρ·

263 2788 448 2843 “vos;
487 2803 504 2836 ε
537 2785 676 2842 Libri
726 2789 792 2840 ah
833 2789 919 2842 illo
969 2799 1218 2844 accurate
1262 2789 1584 2858 conscripti,
1635 2806 1861 2860 quorum

265 2893 410 2934 unus
465 2879 784 2947 Monachus,
831 2881 946 2936 sive
994 2882 1059 2934 de
1108 2883 1315 2936 vivendi
1371 2883 1580 2938 ratione
1632 2899 1751 2952 qua:
1811 2887 1863 2940 in

263 2971 477 3042 agendo
505 2973 772 3039 cernitur;
802 2974 940 3029 alter
973 2973 1277 3039 Gnosticus,
1311 2975 1426 3030 sive
1467 2978 1689 3031 scicntia
1722 2992 1860 3047 prm-

261 3064 416 3120 ditus
444 3066 700 3121 dicendus
729 3067 831 3131 sit,
863 3068 915 3122 in
945 3083 1048 3137 quo
1085 3079 1208 3123 sunt
1236 3069 1408 3139 capita
1448 3069 1860 3143 quinquaginta;

262 3157 410 3214 alter
442 3160 854 3226 Antirrheticus,
889 3161 939 3214 id
982 3171 1092 3228 est,
1135 3161 1390 3216 adversus
1431 3163 1703 3219 dzemones
1744 3175 1861 3219 ten-

264 3260 446 3308 tantes
493 3255 805 3318 confutatio,
846 3270 910 3308 ex
954 3257 1118 3309 sacris
1161 3255 1376 3310 Litteris
1422 3257 1668 3324 collecta,
1701 3257 1860 3326 inque

1970 2057 2036 2110 de
2081 2052 2384 2118 Monacliis;
2429 2069 2549 2107 nam
2583 2054 2764 2107 titulus
2806 2051 2896 2106 ille
2927 2052 2975 2105 in
3008 2066 3124 2106 eam
3169 2067 3280 2105 rem
3329 2051 3559 2107 maxime

1967 2144 2219 2215 quadrat;
2246 2142 2432 2208 reliqui
2455 2144 2598 2196 enim
2622 2141 2762 2197 aliud
2791 2142 3100 2208 promittere
3125 2140 3371 2195 videntur
3393 2155 3550 2210 quam

1968 2237 2117 2291 Vitas
2170 2236 2416 2297 Patrum,
2449 2235 2695 2289 videlicet
2744 2234 3003 2287 didactica
3046 2233 3322 2302 qmedam,
3356 2243 3407 2287 et
3438 2247 3558 2287 sen-

1970 2326 2304 2382 tentias.Sed
2331 2325 2461 2379 nihil
2487 2325 2724 2378 Vitarum
2745 2325 2795 2376 iu
2823 2323 2962 2377 libro
2981 2322 3048 2376 de
3076 2323 3350 2377 Monarhis
3375 2322 3556 2384 fuisse,

1967 2418 2141 2489 colligi
2176 2428 2350 2486 potest
2374 2432 2439 2471 ex
2468 2417 2706 2486 reliquiis
2734 2417 2870 2486 apud
2903 2416 3178 2471 Socratem
3209 2425 3261 2470 et
3294 2414 3558 2483 Nicepho-

1967 2528 2118 2574 rum,
2149 2527 2268 2580 qum
2310 2520 2512 2565 tantum
2547 2510 2777 2565 murales
2807 2508 3062 2579 quasdam
3091 2509 3471 2564 instructiones
3499 2515 3556 2564 et

1967 2607 2260 2662 sententias
2309 2608 2615 2670 continent,
2647 2616 2777 2672 quas
2824 2615 2923 2656 suo
2970 2603 3088 2658 loco
3123 2602 3298 2656 verbis
3348 2599 3555 2669 Evagrii

1966 2699 2234 2761 dabimus,
2271 2695 2355 2750 ubi
2385 2695 2585 2749 ezedem
2617 2694 2720 2748 illa:
2752 2695 3034 2750 sententia:
3063 2692 3201 2760 apud
3241 2691 3465 2746 aliorum
3502 2690 3556 2745 li-

1966 2790 2182 2845 brorum
2212 2789 2277 2843 de
2309 2789 2442 2843 Vitis
2475 2789 2688 2843 Patrum
2720 2789 3065 2857 interpretem
3119 2787 3332 2857 Evagrii
3363 2801 3422 2842 se
3451 2801 3552 2841 tto-

1966 2884 2114 2938 miue
2144 2883 2384 2953 prodent.

2003 2997 2030 3069 ᾗ
2068 2996 2151 3052 Vl.
2209 2998 2476 3050 Auctorem
2523 2995 2682 3078 videri
2728 2991 2982 3048 Joannem
3029 2984 3524 3061 Jerosolymitanum

2597 3081 2914 3136 episcopum.

2041 3170 2302 3227 Henricus
2341 3169 2589 3236 Gravius,
2636 3167 2776 3222 notis
2803 3167 2867 3221 ad
2900 3165 3185 3235 epistolam
3233 3162 3337 3217 divi
3370 3162 3557 3218 lliero-

1967 3264 2111 3334 nymi
2143 3263 2208 3316 ad
2238 3260 2678 3329 Ctesiphontem,
2711 3273 2831 3312 cum
2862 3257 2991 3310 dicit
3036 3255 3175 3308 hunc
3219 3254 3408 3307 librum
3453 3269 3556 3308 non

262 3355 391 3401 0010
422 3355 602 3414 panes
632 3347 822 3411 divisa.
853 3361 1076 3401 "umero
1099 3355 1220 3402 οεῑο
1248 3349 1634 3418 οεδεῑιθιὶοηυπι
1666 3351 1860 3404 mentis
1888 3340 1937 3403 (ἶ
1968 3368 2091 3410 esse
2121 3355 2428 3424 llieronymi
2462 3353 2542 3407 vel
2575 3349 2799 3406 Joannis
2842 3347 3275 3420 Jerosolymitaui
3299 3390 3311 3413 ,
3347 3347 3557 3402 vndetur

270 3446 477 3493 nostras
507 3450 632 3508 apte
675 3438 1075 3507 respondentia.
1116 3438 1386 3494 Sexcenta
1435 3450 1690 3509 praeterea
1743 3456 1866 3510 pro-

265 3529 502 3586 blemata
531 3529 598 3584 de
626 3541 805 3584 rerum
838 3530 1208 3598 praesensione
1239 3529 1558 3585 futurarum.
1591 3532 1682 3586 His
1712 3548 1864 3588 acce-

266 3622 402 3678 dunt
428 3623 536 3677 duo
574 3623 871 3677 carminum
905 3623 1024 3677 libri
1051 3641 1063 3676 :
1096 3639 1234 3677 unus
1264 3623 1330 3677 ad
1363 3623 1656 3678 monachos
1685 3625 1776 3692 qui
1809 3626 1861 3679 in

263 3717 534 3773 manubiis
578 3723 631 3770 et
675 3717 1029 3771 conventibus
1076 3723 1288 3770 aetatem
1337 3717 1570 3787 degunt,
1613 3717 1750 3773 alter
1796 3717 1861 3771 ad

264 3809 557 3881 virginem.
591 3828 608 3862 ι
660 3809 792 3878 Quae
849 3808 1035 3864 eadem
1093 3809 1157 3864 ad
1213 3808 1432 3864 verbum
1495 3809 1664 3864 habes
1725 3810 1864 3879 apud

264 3904 487 3960 Suidam
529 3905 582 3958 iu
623 3907 904 3978 Μακάριος,
935 3910 990 3959 et
1033 3903 1170 3971 apud
1211 3903 1612 3974 Nicephorum,
1648 3904 1739 3958 lib.
1774 3919 1861 3968 ιι,

263 3995 505 4067 εερ.42.

342 4107 651 4163 Gennadius
703 4123 832 4163 vero
871 4107 937 4163 de
982 4106 1276 4163 illustribus
1327 4107 1584 4163 Ecclesiae
1627 4109 1865 4178 Scripto-

268 4201 440 4266 ribus,
468 4217 588 4271 cap.
618 4203 675 4257 ll
709 4221 720 4254 :
761 4221 777 4253 ‹
813 4201 1071 4272 Evagrius
1108 4199 1401 4256 monachus
1434 4200 1724 4269 supradicti
1758 4200 1864 4253 Ma-

267 4295 403 4352 earii
451 4293 745 4366 (Egyptii)
793 4293 1068 4349 familiaris
1107 4291 1432 4363 discipulus,
1478 4293 1661 4348 divina
1706 4302 1866 4364 atque

268 4386 505 4444 humana
554 4387 851 4441 litteratura
900 4387 1142 4457 insignis.
1169 4383 1334 4456 Cujus
1380 4385 1545 4440 etiam
1593 4383 1731 4439 liber
1775 4385 1865 4454 qui

269 4481 574 4536 attitulatur
630 4477 760 4533 Viue
810 4477 1064 4543 Patrum,
1115 4477 1264 4532 velut
1317 4475 1765 4532 continentissimi
1813 4483 1867 4532 et

271 4572 624 4629 eruditissimi
653 4570 751 4625 viri
786 4568 899 4641 [xx]
928 4569 1253 4626 mentionem
1283 4567 1429 4634 facit,
1458 4568 1671 4639 scripsit
1697 4569 1864 4624 multa

271 4665 555 4725 monachis
586 4665 911 4729 necessaria,
941 4679 1008 4718 ex
1041 4662 1231 4733 quibus
1262 4663 1360 4716 ista
1392 4670 1513 4716 sunt
1541 4679 1553 4715 :

352 4800 370 4832 ι
408 4779 707 4835 Adversum
736 4786 860 4832 octo
894 4776 1264 4846 principalium
1296 4775 1542 4829 vitiorum
1571 4775 1866 4846 suggeStio-

272 4887 394 4937 nes,
425 4886 556 4940 quas
585 4880 674 4925 aut
705 4869 908 4939 primus
938 4866 1196 4933 advertit,
1231 4873 1322 4920 aut
1351 4866 1491 4920 inter
1536 4865 1738 4935 primos
1781 4866 1865 4919 di-

273 4964 437 5035 dicit,
469 4979 533 5020 ex
565 4963 666 5021 SS.
703 4961 1098 5032 Seripturarum
1138 4961 1458 5016 teetimoniis
1504 4960 1760 5030 opposuit
1805 4960 1865 5014 li—

275 5059 434 5126 bras;
463 5057 530 5114 ad
576 5055 978 5112 similitudinem
1009 5054 1261 5110 videlicet
1290 5053 1536 5121 Domini,
1569 5055 1662 5124 qui
1696 5063 1863 5109 tenta-

277 5155 379 5210 tori
415 5165 515 5207 suo
556 5164 768 5221 semper
799 5148 1195 5215 Scripturarum
1235 5147 1555 5204 testimoniis
1596 5147 1864 5214 obviavit,

278 5245 352 5302 ita
393 5254 452 5300 ut
501 5258 833 5315 unaqumque
879 5244 1088 5313 species
1138 5243 1219 5297 vel
1269 5239 1500 5306 diaboli,
1547 5242 1627 5297 vel
1671 5243 1870 5297 vitiatae

279 5351 485 5397 naturae
525 5339 927 5411 suggestionum
957 5346 1142 5392 contra
1185 5352 1242 5392 se
1274 5337 1500 5394 haberet
1541 5337 1868 5394 testimonia.

280 5423 431 5502 Quod
460 5445 595 5502 opus
622 5431 808 5487 eadem
838 5429 1199 5500 simplicitate,
1233 5445 1336 5500 qua
1364 5430 1414 5484 in
1447 5429 1637 5485 Graeco
1666 5429 1865 5496 inveni,

277 5525 460 5597 jussus
487 5525 539 5579 in
571 5523 816 5579 Latinum
848 5523 1118 5578 transtuli.

362 5637 377 5670 ι
409 5615 726 5686 Composuit
757 5612 809 5670 et
841 5611 1179 5669 anachoretis
1218 5611 1536 5683 simpliciter
1567 5611 1872 5668 viventibus

280 5707 477 5767 librum
506 5713 722 5764 centum
753 5703 1137 5762 sententiarum
1161 5749 1174 5772 ,
1206 5721 1302 5776 per
1324 5706 1554 5774 capitula
1582 5706 1870 5777 digestum.

363 5821 381 5855 ι
422 5803 490 5856 Et
520 5799 746 5857 eruditis
788 5813 848 5855 ac
879 5798 1135 5855 studiosis
1167 5799 1547 5870 quinquaginta
1590 5803 1874 5855 sententia-

285 5905 408 5950 rum
431 5937 446 5959 ,
479 5907 634 5963 quem
669 5906 767 5961 ego
800 5889 1043 5944 Latinum
1085 5891 1286 5959 primus
1318 5889 1438 5945 feci.
1473 5883 1601 5945 Nam
1631 5892 1873 5961 superio-

283 6000 401 6044 rem
447 5986 574 6042 olim
619 5983 965 6054 translatum,
998 5981 1120 6054 quia
1161 5985 1406 6038 vitiatum
1455 5999 1549 6053 per
1580 5993 1789 6056 tempus
1817 5993 1873 6041 ct

1967 3447 2190 3503 innucre
2222 3447 2386 3501 fuisse
2434 3445 2641 3516 aliquos
2675 3444 2726 3498 in
2759 3458 2823 3499 ea
2861 3443 3150 3507 sententia,
3182 3448 3241 3494 ut
3280 3440 3555 3495 existima-

1967 3541 2142 3596 verint
2189 3539 2454 3594 Joannem
2503 3536 3016 3608 Jerosnlymitanum
3075 3533 3261 3587 harum
3320 3531 3558 3588 Vitarum

1968 3646 2088 3688 esse
2115 3643 2333 3686 auctore
2344 3645 2417 3684 m.

2039 3725 2138 3791 Qui
2192 3725 2293 3777 hoc
2331 3720 2594 3776 sentirent
2635 3733 2740 3773 non
2786 3717 2919 3788 legi,
2965 3730 3130 3787 quare
3178 3729 3278 3769 nec
3322 3715 3559 3768 rationes

1969 3829 2156 3872 eorum
2184 3814 2424 3869 divinare
2454 3825 2692 3881 possum.
2725 3809 2859 3865 Fors
2902 3808 3104 3864 inducti
3152 3807 3302 3861 fuere
3339 3807 3392 3860 in
3442 3821 3559 3860 eam

1969 3909 2276 3978 opinionem
2307 3905 2375 3959 de
2402 3902 2629 3968 Joanne,
2661 3903 2783 3973 quia
2819 3903 2904 3954 hic
2932 3900 3067 3954 libro
3098 3913 3173 3962 tv,
3203 3914 3320 3966 cap.
3353 3896 3441 3962 55,
3472 3912 3561 3952 au~

1969 4008 2084 4055 ctor
2112 3998 2179 4053 de
2220 3995 2506 4051 Theodoro
2551 3993 2741 4048 abbate
2784 3992 2951 4048 dicit:
2990 4009 3008 4042 ε
3040 3990 3265 4060 Meoque
3305 4005 3390 4044 me
3427 3986 3562 4060 [xxi]

1969 4093 2211 4148 vocitans
2255 4089 2471 4145 nomine
2517 4085 2689 4144 dixit:
2722 4085 2951 4154 Quanti,
3000 4083 3205 4152 inquit,
3237 4098 3268 4136 ο
3309 4082 3562 4147 Joannes,

1969 4187 2039 4243 de
2081 4187 2190 4241 Deo
2220 4181 2550 4254 loquuntur?
2578 4200 2597 4234 ι
2633 4196 2800 4252 quare
2830 4193 2952 4234 eum
2981 4174 3249 4232 Joannem
3283 4175 3562 4229 existima-

1969 4279 2141 4334 verint
2173 4275 2526 4348 quorumdam
2559 4273 2816 4329 librorum
2849 4271 2916 4326 de
2949 4270 3080 4325 Vitis
3114 4269 3326 4322 Patrum
3373 4275 3560 4320 aucto-

1970 4385 2108 4424 rem.
2137 4367 2291 4436 Quod
2324 4376 2502 4421 autem
2536 4363 3045 4435 Jerosolymitanum
3078 4361 3163 4415 hic
3204 4359 3378 4430 potius
3406 4373 3564 4429 quam

1970 4463 2213 4535 quemvis
2242 4463 2406 4517 alium
2451 4459 2840 4523 intellexerint,
2872 4471 2934 4513 ea
2979 4469 3138 4510 causa
3184 4467 3305 4508 esse
3359 4456 3565 4521 potuit,

1971 4558 2112 4629 quod
2142 4557 2282 4612 liber
2307 4553 2521 4624 quidam
2549 4551 2616 4608 de
2639 4551 2883 4607 asceticis
2906 4547 3311 4605 circumferatur
3333 4543 3567 4602 Joannis

1942 4649 2404 4721 'Jerosolymitani
2440 4645 2680 4711 nomine,
2711 4644 2800 4714 qui
2832 4642 2909 4697 eis
2937 4640 3297 4710 suspicionem
3344 4639 3563 4710 ingene-

1896 4729 2096 4797 Drare
2137 4740 2311 4810 potuit
2361 4737 2615 4793 eumdem
2645 4749 2767 4790 esse
2815 4747 2938 4789 cum
2977 4745 3044 4788 eo
3091 4731 3242 4802 cujus
3291 4730 3429 4786 libro
3479 4730 3572 4786 illo

1976 4839 2169 4901 quarto
2200 4830 2258 4884 (lt
2287 4828 2507 4884 mentio.

2046 4922 2150 4978 Sed
2182 4937 2282 4978 nec
2309 4921 2430 4976 libri
2462 4919 2602 4975 illius
2631 4916 2825 4988 quarti,
2858 4933 2957 4972 nec
2999 4916 3154 4984 huius
3198 4914 3420 4971 secundi
3454 4927 3552 4965 au.

1973 5026 2092 5073 ctor
2122 5027 2205 5071 est
2231 5015 2467 5070 Joannes
2496 5011 3004 5081 Jerosolymitanus.
3029 5011 3161 5078 Quae
3193 5011 3335 5064 enim
3368 5005 3570 5060 haben-

1980 5121 2067 5165 tur
2089 5110 2228 5164 libro
2259 5123 2335 5170 tv,
2369 5123 2488 5178 cap.
2522 5105 2612 5172 55,
2645 5105 2928 5173 desumpta
2955 5110 3172 5157 suntex
3200 5101 3406 5155 Joanne
3436 5094 3570 5151 Cas-

1978 5204 2152 5264 siano.
2185 5201 2281 5256 lib.
2309 5216 2338 5252 v
2366 5200 2631 5262 lnstitut.,
2662 5212 2780 5266 cap.
2807 5195 2898 5261 55,
2921 5210 2989 5249 ex
3019 5207 3124 5262 quo
3145 5201 3197 5245 et
3218 5190 3418 5244 Severo
3445 5187 3570 5243 Sul-

1979 5294 2122 5368 picio
2161 5303 2305 5349 totus
2329 5293 2416 5347 ille
2445 5291 2579 5347 liber
2602 5299 2887 5345 contextus
2910 5295 3014 5347 est,
3048 5291 3107 5336 ut
3151 5281 3223 5335 ibi
3267 5281 3570 5335 ostendam.

1982 5388 2134 5445 Unde
2165 5397 2218 5442 et
2249 5387 2347 5442 Ms.
2393 5385 2672 5440 Ltetiensis
2703 5380 2876 5450 major
2917 5385 3106 5447 quarto
3143 5375 3282 5430 libro
3311 5374 3569 5431 Joannem

1978 5480 2299 5538 Cassianum
2334 5477 2584 5549 praeﬁgit.

1979 5593 2011 5666 ᾗ
2039 5593 2144 5650 Vll.
2187 5593 2458 5647 Auctorem
2481 5588 2643 5644 videri
2666 5583 2967 5639 Petronium
2983 5579 3232 5638 Bononia
3252 5584 3570 5653 episcopum.

2052 5707 2357 5764 Gennadius
2390 5706 2518 5774 (non
2569 5701 2960 5767 Hieronymus,
2995 5706 3051 5753 ut
3101 5714 3204 5752 non
3254 5707 3398 5751 recte
3429 5695 3570 5766 apud

1979 5795 2333 5859 Antoninum,
2366 5805 2501 5865 part.
2534 5790 2590 5857 2,
2627 5790 2708 5845 tit.
2744 5789 2833 5859 ll,
2865 5803 2985 5860 cap.
3018 5788 3103 5846 ll.
3139 5787 3244 5858 §5)
3279 5787 3344 5840 de
3372 5786 3571 5843 illustr.

1979 5889 2234 5948 Ecclesia:
2265 5888 2551 5954 Scriptura,
2576 5899 2693 5953 cap.
2719 5885 2778 5940 il
2797 5927 2812 5950 ,
2839 5881 3147 5939 Petronium
3183 5881 3434 5934 Bononia:
3459 5881 3574 5948 cpi-

1981 5998 2205 6055 scopum
2233 5980 2355 6036 libri
2386 5980 2546 6052 hujus
2574 5989 2847 6035 auctorem
2880 5991 2977 6031 suo
3011 5981 3252 6042 tempore
3293 5971 3572 6026 existima-
