4124 6350
547 329 608 387 si
910 280 947 287 ﬂ
1469 328 1534 385 IN
1573 328 1778 385 vms
1821 326 2105 384 PATRUM
2145 325 2659 387 musmonem
2699 327 2889 387 xxvr.
3762 337 3832 396 δε

545 432 658 478 tum
706 422 878 480 refert
906 438 923 479 :
961 440 983 478 ‹
1014 422 1333 493 Petronius,
1365 420 1460 488 ait,
1495 422 1846 478 Bononiensis
1880 420 2137 477 Ecclesiae
2166 425 2217 479 Α
2249 432 2494 495 lrumqne
2544 424 2693 481 Vitas
2723 426 3011 497 insignium
3040 427 3387 484 veracissimo
3415 426 3631 500 eloquio
3656 434 3832 489 texuit

547 517 852 588 episcopus,
903 517 986 574 vir
1015 529 1215 574 sancta:
1246 518 1400 583 vine,
1450 523 1505 571 et
1531 518 1916 572 monachorum
1947 514 2138 570 studiis

548 611 615 667 ab
643 610 1007 667 adolescentia
1038 611 1395 677 exercitatus,
1421 611 1708 680 scripsisse
1749 618 1963 680 putatur
1992 610 2140 665 Vitas

547 703 765 760 Patrum
799 705 1186 760 monachorum
1228 703 1479 775 Egypti,
1512 718 1645 773 quas
1685 704 1834 758 velut
1862 704 2138 772 speculum

548 810 614 850 ac
632 812 875 852 normam
898 797 1247 867 professionis
1266 811 1378 852 suae
1402 796 1651 853 monachi
1668 797 2089 866 amplectuntur.
2113 813 2134 847 ι

548 886 759 945 Similia
793 890 955 945 habet
984 890 1253 944 Honorius
1281 889 1792 961 Augustodunensis
1819 890 2136 960 episcopus;

554 979 867 1037 Vincentius
891 982 1250 1048 Belvacensis,
1283 982 1333 1036 in
1357 982 1586 1052 Speculo
1610 982 1906 1047 Ilistoriali,
1928 981 2021 1037 lib.
2048 998 2135 1048 xx,

548 1090 667 1147 cap.
695 1075 794 1142 95;
826 1075 1173 1138 Mombritius,
1200 1084 1330 1130 tom.
1368 1074 1411 1129 ll
1441 1076 1510 1130 de
1538 1076 1673 1131 Vitis
1703 1085 2035 1139 sanctorum,
2084 1084 2141 1130 et

552 1169 874 1226 Tritbemius
895 1170 949 1225 in
974 1170 1231 1241 Catalogo
1262 1170 1458 1225 illustr.
1495 1171 1752 1226 Ecclesia)
1778 1170 2136 1240 Scriptorum.

623 1266 734 1321 Nec
762 1267 979 1322 aliunde
1008 1281 1165 1334 quam
1200 1281 1264 1321 ex
1300 1264 1578 1321 Gennadio
1603 1264 1857 1320 existimo
1888 1265 2142 1333 deprom-

551 1367 641 1428 pta
690 1374 807 1428 qua:
837 1346 1101 1413 habentur
1132 1359 1182 1412 in
1206 1358 1326 1414 Vita
1355 1357 1527 1413 sancti
1551 1358 1810 1424 Petronii,
1839 1356 1875 1409 4
1895 1358 2139 1425 0ctobr.,

554 1449 700 1505 Petri
760 1450 1013 1507 Galesinii
1044 1450 1305 1505 industria
1334 1451 1673 1514 concinnata,
1694 1458 1765 1505 'ut
1796 1450 1912 1518 ipse
1944 1448 2142 1505 fatetur

550 1541 911 1596 natationibus
952 1542 1063 1596 suis
1112 1540 1179 1595 ad
1226 1540 1700 1611 Martyrologium,
1757 1540 1887 1601 lic-'t
1934 1540 2142 1610 Sigonii

551 1631 769 1685 nomine
819 1630 958 1700 apud
1015 1629 1229 1685 Surium
1288 1639 1434 1685 torno
1478 1628 1516 1683 V
1551 1638 1767 1685 exstet:
1801 1650 1819 1682 ι
1856 1630 2043 1701 ltaque
2087 1632 2139 1686 in

548 1719 843 1791 Egyptum
874 1721 1038 1787 venit,
1070 1722 1159 1776 ubi
1196 1722 1248 1776 in
1281 1721 1522 1775 intimam
1556 1737 1797 1777 eremum
1831 1732 2137 1792 penetrans,

2248 514 2517 572 historiis.
2540 536 2560 569 ι
2596 518 2919 588 Respondeo
2967 518 3237 575 Gelasium
3270 529 3472 576 tantum
3495 537 3739 578 asserere
3773 538 3831 580 se

2232 606 2386 662 omni
2415 624 2535 664 cum
2582 610 2786 665 honore
2813 609 3054 666 omnium
3099 611 3447 667 eremitarum
3478 611 3666 681 Vitas,
3700 628 3830 684 quas

2240 699 2459 768 scripsit
2485 700 2674 755 beatus
2704 692 3063 772 Hieronymus
3083 701 3386 771 suscipere,
3410 718 3520 759 non
3543 712 3724 762 tamen
3751 707 3832 762 in-

2241 789 2308 845 de
2329 792 2633 847 necessario
2654 792 2842 849 deduci
2868 803 3043 864 potest
3062 810 3187 851 eum
3210 797 3453 853 omnium
3477 802 3829 858 eremitarutn

2247 881 2393 938 Vitas
2422 884 2729 955 scripsisse.
2757 886 2985 956 Scripsit
3014 896 3210 958 praeter
3239 899 3581 947 ennmeratas
3612 892 3832 952 disertis

2242 976 2549 1032 nominibus
2566 977 2929 1049 (excepta‘illa
2951 980 3193 1046 Antonii,
3218 996 3337 1050 qua
3350 998 3413 1040 ex
3433 986 3676 1042 versione
3694 987 3834 1042 Eva-

2242 1067 2345 1139 grii
2374 1069 2695 1125 Antiocheni
2725 1079 2828 1137 est,
2864 1078 2921 1125 ut
2949 1070 3135 1127 videre
3173 1082 3257 1129 est
3288 1074 3341 1129 in
3372 1079 3740 1136 notationibns
3764 1081 3835 1137 ad

2243 1173 2362 1215 eam
2399 1160 2619 1229 Vitam),
2656 1160 2831 1217 Vitam
2870 1162 3063 1219 Malcbi
3093 1166 3288 1234 captivi
3317 1168 3601 1235 monachi,
3631 1174 3757 1230 fore
3778 1182 3835 1231 et

2245 1251 2469 1307 aliorum
2495 1254 2890 1325 quorumdam,
2925 1256 2992 1311 de
3040 1258 3238 1326 quibus
3283 1257 3426 1315 hunc
3476 1262 3675 1331 liquide
3724 1281 3833 1323 non

2244 1353 2473 1399 constat.
2504 1346 2679 1413 Quare
2709 1357 2856 1404 recte
2900 1349 2951 1404 in
2982 1350 3150 1405 veteri
3194 1351 3285 1406 illa
3322 1352 3437 1407 Vita
3466 1354 3663 1411 dicitur
3705 1358 3835 1413 scri‘

2245 1437 2417 1507 psisse
2452 1456 2471 1489 ι
2500 1437 2715 1493 Patrum
2748 1438 2901 1495 Vitas
2927 1440 3251 1513 insignium,
3281 1444 3455 1513 qualis
3485 1446 3701 1513 Paulus,
3737 1448 3835 1505 Hi-

2244 1526 2439 1593 larion,
2468 1528 2729 1599 Malchus,
2769 1551 2787 1583 ι
2825 1541 2931 1588 etc.

2316 1620 2450 1675 Fors
2470 1619 2765 1677 editoribus
2789 1637 2819 1676 a
2843 1622 3059 1680 Gelasio
3074 1624 3295 1682 data'est
3307 1630 3541 1695 occasio,
3576 1639 3635 1685 ut
3656 1631 3836 1691 hacte-

2247 1727 2348 1767 nus
2372 1713 2682 1784 llieronymi
2706 1715 3046 1784 potissimum
3070 1718 3278 1773 titulum
3305 1718 3438 1775 Vitis
3462 1722 3678 1779 Patrum
3699 1740 3837 1794 pre<

547 1812 875 1881 singulorum
934 1812 1203 1882 colloquio
1256 1814 1328 1867 uti
1372 1828 1478 1867 non
1514 1812 1758 1881 destitit,
1805 1815 1981 1883 quoad
2017 1816 2134 1885 pla.

2250 1802 2484 1859 ﬁxerint.
2513 1803 2612 1859 Cui
2643 1814 2697 1860 et
2720 1807 2809 1881 illa
2834 1807 3091 1865 accedere
3114 1810 3305 1878 potuit,
3330 1811 3473 1881 quod
3492 1812 3547 1868 in
3574 1813 3698 1869 Mss.
3717 1817 3839 1884 qui—

547 1919 618 1961 ne
646 1904 894 1973 cognovit
922 1913 1107 1960 sancta
1136 1920 1321 1960 eorum
1347 1906 1469 1960 vita:
1491 1905 1751 1961 instituta.
1777 1906 1903 1963 lude
1917 1907 2135 1963 domum

548 2009 798 2052 reversus
832 1995 978 2051 illam
1007 1996 1342 2066 disciplinam
1376 2007 1482 2052 tam
1537 2000 1882 2054 vehementer
1910 2000 2131 2066 amavit,

548 2096 607 2144 ut
646 2088 944 2143 litterarum
992 2088 1352 2145 monumentis
1407 2088 1689 2145 tradiderit
1744 2090 2132 2146 Monachorum

546 2182 726 2247 Vitas,
778 2198 911 2254 quas
960 2184 1207 2253 religiose
1228 2186 1560 2253 conscriptas
1587 2184 1852 2255 valdeque
1884 2186 2137 2253 probatas

546 2274 706 2331 iidem
753 2275 1009 2330 monachi
1059 2276 1295 2344 amplexi
1343 2285 1503 2345 sunt,
1550 2276 1703 2346 quasi
1754 2286 1929 2333 certas
1973 2293 2136 2348 quas-

543 2367 665 2423 dam
694 2368 904 2437 regulas
924 2408 939 2434 ,
971 2368 1025 2422 in
1056 2368 1251 2437 quibus
1280 2368 1515 2424 maxime
1562 2370 1804 2423 eluceret
1836 2371 2011 2424 omnis
2040 2384 2136 2440 op-

544 2460 669 2515 tima
693 2460 972 2517 monastici
1002 2461 1227 2516 instituti
1274 2463 1356 2516 sui
1386 2464 1545 2517 ratio.
1576 2482 1593 2512 ι
1633 2463 1689 2519 Si
1723 2472 1898 2518 tamen
1926 2463 2044 2519 haec
2070 2480 2137 2519 ex

546 2553 824 2609 veteribus
852 2555 1217 2610 monumentis
1242 2555 1558 2609 adumbrata
1589 2565 1737 2621 sunt,
1770 2572 1876 2611 non
1901 2573 1968 2611 ex
1997 2556 2137 2613 Gen-

544 2646 725 2713 nadio,
754 2648 856 2703 erit
888 2648 989 2702 hoc
1015 2646 1310 2703 secundum
1335 2663 1432 2718 pro
1463 2648 1563 2702 hac
1591 2649 1859 2703 sententia
1891 2650 2128 2704 testimo-

543 2740 712 2795 nium.

614 2828 747 2898 Quia
780 2838 955 2888 tamen
989 2831 1299 2887 Gennadius
1328 2832 1434 2899 ait,
1464 2841 1677 2903 putatur
1706 2834 1995 2905 scripsisse,
2030 2849 2136 2890 non

543 2922 766 2977 omnino
794 2931 1003 2979 certum
1033 2933 1115 2979 est
1144 2938 1266 2979 eum
1302 2924 1447 2981 Vitas
1478 2927 1693 2981 Patrum
1729 2928 2036 2998 scripsisse.
2073 2927 2141 2982 Et

543 3020 601 3068 ut
629 3013 839 3083 aliquas
863 3016 1173 3085 scripserit,
1207 3026 1359 3072 certe
1390 3022 1484 3074 has
1513 3019 1582 3073 ab
1626 3035 1691 3074 eo
1720 3036 1823 3075 non
1855 3037 1975 3077 esse
2004 3022 2139 3076 scri-

542 3117 684 3179 ptas,
715 3110 953 3167 evidenti
984 3111 1093 3165 divi
1128 3112 1440 3184 Hieronymi
1472 3114 1783 3170 testimonio
1811 3115 2011 3172 firmari
2043 3130 2139 3185 po-

544 3208 669 3267 test,
700 3202 793 3272 qui
823 3218 917 3258 eas
945 3202 1098 3258 alteri
1129 3204 1372 3270 ascribit,
1401 3206 1472 3260 uti
1497 3206 1702 3261 clarum
1736 3209 1826 3263 lict
1854 3208 1881 3277 §
1906 3208 1994 3263 10.

614 3294 681 3349 Ει
708 3296 923 3364 quidem
947 3296 1254 3365 Alphonsus
1276 3298 1490 3365 Ciacco,
1522 3308 1751 3355 trac1atu
1778 3302 1853 3356 De
1878 3301 1988 3356 divi
2012 3301 2137 3358 Hie-

542 3386 751 3453 ronymi
778 3386 1117 3443 cardinalitio
1148 3388 1331 3460 jxxtt]
1360 3391 1475 3445 haec
1517 3393 1647 3447 citat
1674 3410 1737 3447 ex
1772 3410 1873 3447 ms.
1910 3404 2137 3451 tractatu

542 3474 778 3533 Petronii
827 3476 896 3531 de
937 3478 1153 3532 selectis
1197 3478 1300 3535 SS.
1336 3480 1556 3536 Patrum
1610 3484 2134 3556 Apophthegmatis:

543 3578 572 3622 ὀ
604 3567 959 3638 Hieronymus
988 3569 1071 3623 vir
1116 3571 1169 3624 in
1204 3572 1352 3628 omni
1405 3576 1769 3649 doctrinarum
1800 3594 1997 3648 genere
2045 3580 2140 3635 ab-

545 3656 933 3725 solutissimus,
968 3657 1025 3715 S.
1058 3659 1124 3714 ll.
1155 3659 1216 3715 E.
1249 3663 1534 3734 presbyter
1575 3664 1885 3735 cardinalis,
1918 3684 2040 3724 cum
2073 3671 2136 3727 ab

543 3752 754 3807 aemulis
781 3754 896 3808 suis
921 3764 1287 3819 accusaretur,
1312 3770 1380 3811 ex
1407 3756 1769 3814 voluminibus
1789 3760 2038 3832 Origenis
2058 3763 2141 3817 in-

547 3858 771 3901 numera
822 3846 878 3899 in
921 3860 1017 3900 sua
1045 3847 1383 3902 transtulisse
1411 3862 1597 3917 opera,
1624 3848 1764 3906 dixit
1798 3866 1811 3905 :
1842 3852 1983 3907 Laus
2015 3870 2136 3924 quae

545 3936 709 3993 debet
739 3938 956 4009 Origeni
988 3939 1168 3994 ofl‘erri
1189 3981 1202 4006 ,
1237 3942 1470 3996 maxima
1498 3952 1610 4009 est;
1664 3954 1718 3999 et
1747 3959 1869 4001 cum
1904 3947 2048 4001 illum
2083 3947 2137 4004 in

545 4029 683 4083 meis
712 4030 966 4099 operibus
997 4031 1237 4087 imitatus
1264 4047 1405 4099 sum,
1443 4034 1595 4090 illum
1628 4035 1826 4092 imitari
1857 4041 2137 4110 proposui,

544 4135 702 4192 quem
734 4120 889 4177 nobis
914 4133 971 4177 et
995 4122 1245 4177 omnibus
1278 4125 1628 4193 prudentibus
1664 4128 1881 4197 placere
1914 4132 2136 4190 minime

544 4226 756 4267 vereor.
791 4231 810 4265 ι
848 4213 979 4282 Quae
1007 4214 1165 4271 verba
1192 4229 1316 4270 cum
1351 4217 1402 4271 in
1446 4217 1547 4274 hoc
1576 4219 1713 4275 libro
1746 4237 1851 4277 non
1883 4235 2137 4295 ex5tent,

546 4304 751 4359 certum
781 4314 866 4359 est
893 4305 1057 4360 alium
1086 4305 1321 4375 aliquem
1354 4307 1549 4363 librum
1582 4311 1649 4366 de
1684 4311 1817 4368 Vitis
1848 4327 1902 4369 et
1928 4317 2134 4386 apoph-

548 4394 913 4467 thegmatibus
952 4398 1166 4454 Patrum
1213 4401 1495 4472 scripsisse
1522 4413 1767 4461 sanctum
1801 4406 2136 4469 Petronium.

545 4486 716 4553 Quem
747 4489 908 4545 variis
936 4490 1126 4547 litteris
1151 4506 1216 4548 ex
1248 4494 1395 4550 Italia
1427 4505 1711 4554 evocatum
1740 4501 1979 4558 nondum
2004 4518 2137 4559 nan-

545 4578 677 4636 cisci
709 4583 875 4651 potui.

691 4693 719 4765 §
745 4693 877 4749 Vlll.
901 4695 1173 4751 Auctorem
1201 4698 1360 4755 uideri
1386 4701 1559 4756 divum
1587 4701 1986 4776 Hieronymum.

622 4789 693 4845 Ita
726 4789 943 4859 quidem
994 4791 1261 4849 editiones
1306 4795 1573 4866 pleraeque
1620 4813 1812 4855 omnes
1858 4802 1910 4856 in
1958 4800 2137 4859 fronte

550 4885 868 4957 prteferunt.
900 4886 967 4940 Et
996 4886 1165 4941 videri
1208 4897 1433 4956 possunt
1460 4890 1527 4945 iis
1559 4906 1658 4947 nec
1706 4903 1988 4960 auctores,
2034 4910 2136 4951 nec

543 4977 923 5046 astipulatores
953 4975 1211 5033 defuisse.

618 5072 672 5126 1.
714 5070 961 5126 Gelasius
1008 5069 1282 5126 Romanus
1318 5071 1554 5141 pontifex
1589 5073 1641 5128 in
1670 5078 1901 5133 concilio
1932 5080 2131 5137 Ruina-

547 5177 642 5228 no,
664 5164 731 5218 de
755 5180 862 5233 quo
883 5178 1069 5233 supra,
1090 5162 1390 5233 Prolegom.
1427 5164 1479 5230 1,
1512 5164 1731 5223 decreto
1760 5168 1827 5225 dc
1857 5171 2008 5227 libris
2033 5187 2134 5227 au-

547 5254 817 5321 thenticis,
842 5256 947 5311 ait:
969 5274 987 5308 t
1011 5255 1140 5311 Item
1167 5253 1314 5310 Vitas
1337 5254 1552 5311 Patrum
1578 5256 1748 5325 Pauli,
1779 5263 2019 5329 Antonii,
2047 5262 2137 5318 Hi-

547 5349 791 5416 larionis,
837 5363 891 5405 et
938 5352 1180 5406 omnium
1228 5351 1598 5419 eremitarum,
1645 5370 1778 5424 quas
1826 5366 2007 5412 tamen
2055 5358 2138 5413 vir

546 5443 736 5500 beatus
766 5444 979 5511 scripsit
1000 5444 1380 5517 Hieronymus,
1411 5461 1536 5501 cum
1557 5448 1704 5503 omni
1737 5448 1939 5506 honore
1961 5452 2137 5508 susci-

547 5538 745 5609 pimus.
782 5556 802 5591 ι
856 5536 1062 5605 Quibus
1107 5541 1322 5611 quidem
1368 5542 1547 5596 verbis
1598 5541 1873 5600 insinuare
1926 5545 2139 5603 videtur

549 5630 816 5701 Gelasius,
846 5632 1008 5687 etiam
1040 5632 1266 5689 aliorum
1300 5635 1504 5703 aliquot
1523 5633 1869 5690 eremitarnm
1902 5638 2048 5695 Vitas
2068 5640 2136 5695 ab

2246 1896 2469 1954 busdam
2503 1899 2782 1967 praemissa
2811 1898 2974 1955 fuerit
3008 1900 3123 1955 Vita
3153 1902 3399 1971 quaedam
3428 1915 3580 1960 certo
3611 1907 3680 1962 ab
3712 1909 3839 1965 Ilie-

2244 2007 2475 2064 ronymo
2504 1994 2808 2064 conscripta
2828 2034 2844 2061 ,
2882 2003 2937 2049 et
2967 2004 3087 2064 post
3127 1996 3269 2053 idem
3300 1998 3612 2071 Hieronymi
3638 2019 3841 2061 nomen

2241 2084 2465 2155 reliquis
2507 2086 2863 2156 sequentibus
2895 2087 3047 2145 libris
3075 2088 3451 2161 applicuerint,
3499 2102 3556 2147 ut
3599 2094 3668 2151 de
3698 2096 3840 2153 Eva-

2240 2176 2358 2245 grio
2380 2177 2719 2232 Antiocheno
2750 2177 2851 2233 hoc
2881 2178 2999 2248 ipso
3034 2179 3414 2250 prolegomeno
3444 2181 3505 2249 4,
3539 2184 3566 2257 §
3595 2184 3627 2239 4
3647 2227 3662 2252 ,
3695 2188 3841 2244 dixi-

2241 2283 2383 2323 mus.
2414 2269 2555 2324 Sane
2583 2268 2637 2325 in
2656 2269 2756 2325 Ms.
2787 2270 3036 2327 Laetiensi
3060 2273 3267 2329 minore
3295 2262 3471 2345 primo
3505 2279 3724 2346 ponitur
3748 2282 3842 2339 lli-

2240 2361 2462 2417 lari-mis
2515 2363 2631 2418 Vita
2682 2378 2777 2433 per
2824 2365 3008 2421 divum
3056 2366 3440 2439 Hieronymum
3494 2384 3838 2445 conscripta,

2242 2454 2365 2507 inde
2395 2453 2529 2509 Vita:
2553 2454 2793 2523 Patrum,
2827 2472 2922 2512 seu
2971 2458 3106 2513 liber
3127 2458 3214 2515 hic
3242 2461 3512 2520 secundus
3541 2480 3662 2521 cum
3696 2467 3840 2523 duo-

2242 2544 2343 2600 bus
2366 2548 2719 2615 sequentibus
2740 2548 3095 2606 subnecﬁtur.

2320 2636 2414 2692 Vel
2439 2647 2587 2693 certe
2620 2653 2726 2694 non
2779 2640 3042 2697 absonum
3069 2643 3172 2698 erit
3195 2644 3379 2702 dicere
3407 2645 3681 2704 Gelasium
3710 2664 3843 2707 cen-

2244 2734 2420 2788 suisse
2452 2732 2603 2789 Vitas
2636 2734 2851 2790 Patrum
2881 2737 2949 2792 ab
2976 2737 3303 2809 Hieronymo
3330 2743 3681 2809 compositas,
3712 2760 3842 2802 cum

2237 2826 2349 2898 jam
2379 2826 2509 2881 olim
2538 2843 2603 2882 ea
2632 2829 2813 2898 opinio
2842 2829 3089 2885 videatur
3118 2832 3433 2887 invaluisse.
3463 2831 3623 2889 Certe
3650 2834 3835 2892 Graeci

2246 2920 2389 2976 hunc
2402 2920 2702 2976 secundum
2720 2921 2911 2976 librum
2927 2936 2959 2977 e
2976 2921 3130 2977 Latio
3148 2923 3201 2977 in
3224 2922 3485 2979 Graeciam
3497 2924 3843 2984 deduxerunt

2245 3004 2422 3089 [xxtn]
2453 3012 2769 3085 Hieronymi
2795 3016 3033 3081 nomine,
3058 3015 3214 3086 cujus
3238 3025 3442 3085 partem
3469 3019 3710 3073 Graecam
3737 3035 3843 3076 nu-

2245 3118 2342 3174 per
2371 3104 2551 3175 accepi
2582 3102 2858 3169 Venetiis;
2887 3112 2943 3158 et
2969 3104 3019 3158 in
3050 3107 3357 3175 Augustana
3389 3122 3603 3176 quoque
3630 3109 3843 3166 Biblio-

2163 3200 2209 3264 C
2242 3198 2397 3255 theca
2422 3197 2693 3270 quoddam
2723 3200 3019 3270 Διηγόσεως
3060 3196 3129 3252 de
3162 3198 3296 3253 Vitis
3325 3198 3539 3255 Patrum
3567 3202 3840 3269 fragmen-

2244 3304 2354 3351 tum
2385 3302 2561 3350 exstat
2611 3292 2797 3349 Graace
2827 3292 3138 3363 Hieronymi
3167 3290 3343 3346 titulo.
3391 3292 3543 3359 Quod
3576 3309 3681 3350 non
3728 3297 3842 3355 alia

2242 3388 2451 3444 ratione
2501 3385 2791 3455 contigisse
2830 3384 3101 3453 existimo,
3153 3399 3311 3455 quam
3356 3385 3498 3454 quod
3550 3387 3670 3441 libri
3715 3387 3839 3459 ejus

2243 3492 2429 3539 auctor
2453 3482 2690 3537 incertus
2720 3487 2867 3536 esset
2911 3480 3249 3550 cuiquisque
3290 3494 3389 3550 pro
3418 3491 3577 3551 captu
3602 3497 3699 3538 suo
3740 3499 3841 3539 au-

2241 3574 2403 3631 ctoris
2432 3587 2628 3629 nomen
2660 3572 2907 3642 praefixit.

2254 3692 2255 3695 η
2316 3666 2374 3721 2.
2416 3666 2745 3730 Cassianus,
2774 3663 3092 3734 praefatione
3119 3662 3173 3718 in
3221 3663 3389 3721 libros
3437 3664 3837 3724 Institutionum

2254 3760 2321 3816 ad
2349 3759 2627 3816 Castorem
2656 3758 2993 3828 episcopum,
3044 3758 3183 3813 inter
3214 3759 3446 3829 reliquas
3476 3760 3841 3817 excusationis

2242 3870 2467 3920 causas,
2516 3856 2586 3909 ob
2615 3868 2748 3922 quas
2788 3852 2967 3907 minus
3000 3863 3249 3923 prompte
3289 3867 3351 3907 se
3397 3867 3534 3908 onus
3562 3853 3839 3911 scribendi

2245 3949 2633 4005 monachorum
2667 3945 2907 4001 instituta
2936 3944 3211 4014 suscipere
3242 3944 3482 4015 exponit,
3516 3945 3593 4000 ait
3622 3963 3633 3997 :
3665 3965 3683 3997 ο
3723 3946 3842 4003 Huc

2242 4040 2451 4097 accedit
2476 4039 2619 4109 quod
2643 4053 2805 4108 super
2828 4038 2928 4092 hac
2959 4053 3016 4092 rc
3039 4036 3139 4091 viri
3168 4046 3222 4092 et
3242 4036 3349 4092 vita
3380 4036 3607 4102 nobiles,
3634 4048 3688 4094 et
3716 4052 3837 4094 ser-

2245 4149 2407 4189 mone
2427 4131 2756 4199 scientiaque
2778 4129 3043 4201 prmclari,
3071 4129 3236 4183 multa
3256 4129 3367 4197 jam
3392 4129 3647 4199 opuscula
3674 4129 3839 4186 desu-

2243 4228 2458 4291 darunt,
2483 4233 2726 4280 sanctum
2757 4223 3012 4278 Basilium
3037 4230 3093 4279 et
3125 4223 3508 4295 Hieronymum
3534 4223 3654 4279 dico
3677 4224 3839 4279 alios-

2243 4336 2348 4392 que
2372 4320 2689 4384 nonnullos;
2724 4332 2952 4386 quorum
2976 4316 3215 4372 anterior
3235 4316 3636 4374 sciscitantibus
3660 4317 3840 4374 fratri-

2241 4412 2344 4469 bus
2375 4427 2542 4491 supe;
2568 4410 2798 4466 diversis
2846 4410 3103 4466 institutis
3136 4410 3223 4465 vel
3269 4411 3650 4478 qumstionibus
3671 4452 3685 4477 ,
3729 4428 3837 4470 non

2242 4508 2418 4567 solum
2440 4505 2691 4571 facundo,
2716 4518 2905 4560 verum
2924 4504 3086 4559 etiam
3108 4503 3409 4558 divinarum
3432 4504 3834 4574 Srriptnrarum

2168 4590 2214 4650 D
2243 4599 2566 4655 testimoniis
2608 4598 2830 4667 cepioso
2880 4610 3129 4653 sermone
3174 4594 3481 4665 respondit:
3536 4597 3673 4653 alius
3705 4613 3833 4655 vero

2243 4707 2350 4748 non
2404 4692 2575 4747 solum
2616 4706 2713 4747 suo
2751 4690 3093 4747 elucubratos
3142 4689 3355 4760 ingenio
3412 4690 3580 4745 edidit
3626 4692 3832 4760 libros,

2243 4803 2426 4843 verum
2450 4788 2610 4842 etiam
2645 4786 2833 4841 Graeca
2863 4785 3043 4856 lingua
3067 4784 3329 4854 digestos,
3364 4785 3419 4840 in
3443 4785 3687 4841 Latinum
3711 4804 3832 4843 ver-

2242 4880 2306 4936 tit
2358 4880 2650 4950 eloquium.
2685 4898 2703 4931 ›
2753 4879 2832 4933 Ex
2860 4879 3015 4947 cujus
3044 4876 3356 4933 testimonio
3402 4878 3615 4934 videtur
3656 4880 3833 4951 colligi

2242 4991 2403 5047 posse
2436 4975 2818 5045 Hieronymum
2851 4972 2918 5027 de
2952 4971 3086 5027 Vitis
3118 4970 3342 5028 Patrum
3373 4974 3674 5043 scripsisse.
3731 4976 3838 5030 He-

2242 5063 2519 5133 spondeo,
2566 5070 2712 5117 recte
2739 5061 2957 5131 quidem
3006 5076 3071 5117 ex
3123 5062 3381 5119 Cassiano
3424 5064 3601 5136 colligi
3646 5064 3831 5123 divum

2242 5155 2622 5227 Hieronymum
2651 5153 2896 5225 quaedam
2921 5155 3307 5211 monachorum
3333 5155 3571 5211 instituta
3597 5166 3652 5213 et
3676 5156 3831 5215 Vitas

2242 5249 2354 5304 suis
2395 5248 2608 5317 scriptis
2649 5249 2917 5319 attigisse,
2966 5262 3061 5304 seu
3108 5248 3280 5305 latino
3308 5263 3370 5305 ea
3398 5251 3540 5321 stylo
3589 5251 3831 5305 conscri-

2246 5342 2435 5413 pserit,
2466 5356 2561 5396 seu
2588 5355 2619 5394 e
2648 5339 2838 5396 Graeco
2885 5341 3145 5407 verterit;
3176 5340 3333 5412 hujus
3361 5351 3538 5396 tamen
3567 5340 3685 5396 libri
3710 5356 3836 5399 eum

2242 5446 2515 5494 auctorem
2536 5447 2659 5491 esse
2694 5434 2842 5491 nullo
2865 5435 3026 5490 modo
3052 5434 3229 5507 colligi
3255 5444 3449 5507 potest.

2312 5550 2365 5604 '5.
2407 5548 2790 5615 Cassiodorus,
2842 5548 3014 5606 lnstit.
3045 5549 3213 5606 divin.
3246 5551 3406 5617 lect.,
3453 5565 3575 5623 cap.
3600 5549 3708 5619 δὲ,
3755 5552 3835 5609 sic

2239 5643 2345 5698 ait:
2376 5660 2393 5695 ι
2430 5641 2582 5697 Vitas
2612 5642 2853 5707 Patrum,
2877 5642 3244 5698 confessiones
3266 5643 3529 5713 fidelium,
3555 5648 3831 5716 passiones

548 5706 877 5799 Hieronyme
927 5728 1098 5786 fuisse
1144 5728 1499 5799 conscriptas.
1536 5727 1702 5785 Vetus
1747 5744 1961 5801 quoque
2012 5733 2129 5789 Vita
2240 5746 2533 5808 martyrum
2581 5736 2743 5807 legite
2780 5744 3113 5801 constanter,
3145 5751 3279 5807 quas
3310 5740 3449 5794 inter
3477 5706 3664 5794 aliain
3711 5741 3825 5809 epi-

547 5820 655 5879 divi
714 5822 1246 5890 llicronymims.”
1279 5821 1600 5894 Plerumque
1646 5822 1989 5882 eremitarum
2036 5824 2136 5883 Pa-

2238 5830 2377 5888 stola
2407 5828 2720 5902 Hieronymi
2748 5827 2815 5884 ad
2844 5828 3210 5888 Chromatium
3241 5840 3296 5888 et
3338 5832 3688 5890 Heliodorum
3715 5835 3809 5892 de‘
