4124 6350
272 337 337 410 33
1205 285 1213 294 ,
1568 331 2126 393 PROLEGOMENON
2166 330 2254 389 IV.

3478 334 3551 391 54

277 461 458 517 stinata
489 451 673 528 procul
700 447 864 510 dubio
895 448 1144 522 reperitis
1166 492 1180 520 ,
1213 447 1302 521 qui
1332 465 1423 520 per
1454 457 1620 503 totum
1651 450 1844 505 orbem
1874 452 1926 514 Α
1953 461 2269 517 persuasum
2294 453 2377 501 est
2400 440 2577 501 Fabro
2600 487 2615 513 ,
2667 443 3054 515 Hieronymum
3077 460 3290 518 quoque
3329 447 3396 505 de
3431 450 3550 508 Vita

280 562 532 608 terrarum
558 549 819 613 floruere,
848 553 906 601 ut
937 554 1119 600 sancta
1153 542 1379 597 imitatio
1413 556 1508 596 vos
1541 554 1846 611 provocans

280 644 336 699 ad
366 642 608 698 ccelesua
648 655 808 710 regna
864 637 1141 708 perducat.
1174 654 1192 687 ›
1227 634 1548 704 Hespondeo
1571 675 1586 701 ,
1638 646 1854 687 exStare

280 753 387 795 eam
417 737 698 806 epistolam
727 733 1036 802 Hieronymi
1063 731 1277 786 nomine
1299 729 1451 784 initio
1479 725 1847 797 Martyrologii

283 829 542 895 Usuardi,
586 827 681 882 sed
714 825 860 881 nulla
888 825 959 880 ibi
992 825 1194 880 mentio
1218 822 1459 877 Vitarum
1495 822 1734 876 Patrum.
1787 816 1856 874 Ut

281 923 417 978 nullo
446 921 606 977 modo
634 920 756 975 inde
785 918 962 988 colligi
1015 920 1181 986 possit
1227 917 1609 986 Hieronymum
1641 913 1729 967 vel
1760 910 1857 965 ha-

283 1032 389 1072 rum
443 1015 679 1069 Vitarum
727 1012 813 1069 vel
842 1011 1067 1066 aliarum
1119 1018 1392 1065 auctorem
1437 1023 1576 1063 esse.
1627 1005 1854 1059 Tantum

285 1108 500 1180 epistola
533 1123 594 1163 ea
642 1105 860 1176 respicit
887 1104 1324 1174 Martyrologium
1367 1100 1506 1172 quod
1547 1099 1856 1169 Hieronymi

286 1200 495 1258 nomine
542 1207 661 1269 post
688 1197 967 1268 epistolam
998 1211 1114 1252 eam
1149 1206 1276 1250 tunc
1302 1194 1564 1248 exstabat.
1601 1190 1859 1260 Quodque

284 1307 413 1349 nunc
429 1306 621 1347 recens
641 1300 830 1345 nactus
854 1303 970 1344 sum
994 1303 1064 1344 ex
1090 1275 1421 1341 Bibliotheca
1449 1281 1857 1354 Epternacensi,

279 1400 396 1439 sane
428 1381 887 1446 vetustissimum,
920 1386 1047 1433 ante
1077 1391 1239 1433 acccc
1269 1391 1459 1441 annos,
1495 1376 1544 1429 id
1577 1384 1659 1428 est
1689 1372 1857 1427 sancti

277 1470 600 1533 Willibrordi
653 1483 922 1544 tempora,
957 1471 1234 1541 scriptum.
1271 1469 1414 1537 Quas
1447 1468 1609 1538 igitur
1638 1481 1703 1520 eo
1733 1466 1856 1520 loco

282 1585 377 1624 non
411 1568 585 1624 refert
618 1565 1042 1623 remotissimum
1074 1564 1224 1618 Vitas
1257 1563 1470 1616 Pati-um
1491 1603 1504 1627 ,
1537 1560 1630 1616 sed
1655 1569 1862 1614 tantum

279 1661 377 1718 duo
405 1662 723 1731 sequentia,
769 1658 1138 1715 confessiones
1185 1654 1453 1721 fidelium,
1490 1662 1546 1709 et
1589 1653 1864 1722 passiones

281 1765 569 1823 martyrum
611 1765 841 1821 quorum
893 1748 1209 1805 brevissima
1243 1747 1293 1800 in
1343 1745 1725 1816 Martyrologio
1769 1743 1862 1800 illo

279 1845 552 1912 memoria,
579 1859 674 1898 seu
704 1843 879 1913 potius
908 1837 1266 1896 nomenclatio
1288 1845 1485 1893 exstat.

339 1938 390 1991 4.
436 1937 762 2008 Gratianus,
815 1937 869 1990 in
939 1935 1193 2000 decreto,
1245 1941 1397 2002 parte
1447 1928 1508 1994 2,
1561 1944 1719 1984 causa
1767 1928 1860 1996 9.7,

277 2039 460 2102 quaest.
487 2028 542 2096 2,
592 2044 710 2099 cap.
757 2027 851 2094 26,
885 2034 1006 2097 post
1050 2027 1274 2081 recitata
1308 2022 1475 2079 verba
1523 2022 1724 2077 Nicolai
1753 2022 1769 2074 l
1798 2022 1864 2076 ad

276 2122 521 2176 Carolum
570 2134 772 2190 regem,
808 2107 1004 2188 quib'us
1050 2116 1291 2172 decernit
1337 2132 1355 2165 ι
1393 2124 1497 2168 non
1530 2113 1714 2178 licere,
1760 2113 1862 2168 nisi

279 2227 337 2268 ex
370 2226 641 2267 consensu
693 2210 970 2280 utriusque
1021 2209 1306 2279 conjugis,
1357 2215 1479 2261 vota
1525 2206 1866 2260 continentiae

279 2319 583 2375 suscrpere;
625 2322 643 2355 ι
671 2303 854 2358 subdit
874 2301 1107 2372 glossam
1127 2342 1141 2367 ,
1177 2319 1196 2352 ι
1227 2300 1409 2364 licere,
1431 2297 1644 2367 quando
1662 2305 1865 2350 tantum

280 2408 402 2452 sunt
421 2397 758 2466 desponsati.
789 2414 808 2446 ι
839 2395 1180 2462 Probatque:
1207 2411 1224 2444 ι
1247 2391 1316 2447 Ut
1336 2390 1477 2446 enim
1492 2387 1659 2444 refert
1682 2389 1867 2443 beatus

279 2489 655 2560 lieronymus,
686 2488 952 2543 Macarius
982 2489 1282 2558 praecipuus
1329 2486 1469 2540 inter
1513 2484 1720 2539 Christi
1749 2498 1871 2539 ere-

276 2584 453 2647 mitas,
505 2579 675 2655 [xxiv]
729 2581 1001 2636 celebrato
1052 2580 1357 2650 nuptiarum
1414 2578 1699 2644 convivio,
1745 2590 1868 2631 cum

276 2691 504 2746 veSpere
535 2676 832 2730 thalamum
878 2684 1024 2731 esset
1050 2675 1414 2743 ingressurus,
1461 2688 1525 2727 ex
1556 2670 1690 2726 urbe
1717 2685 1870 2741 egre-

277 2771 454 2837 diens,
492 2770 844 2824 transmarina
871 2767 1047 2837 petiit,
1098 2776 1151 2822 et
1179 2766 1347 2821 eremi
1394 2763 1737 2819 solitudinem
1767 2759 1871 2817 sibi

276 2864 460 2934 elegit.
505 2881 524 2915 ›
576 2863 728 2931 Quod
777 2863 831 2916 in
867 2862 984 2916 Vita
1031 2862 1252 2917 Macarii
1300 2859 1526 2914 Romani
1579 2857 1868 2923 invenitur,

276 2973 397 3027 qua:
423 2956 652 3012 habetur
690 2971 831 3010 nunc
872 2953 1091 3023 quidem
1125 2954 1265 3009 libro
1296 2953 1468 3022 primo
1511 2950 1578 3005 de
1606 2948 1742 3004 Vitis
1771 2947 1874 3002 Pa-

278 3062 441 3117 trum,
465 3052 592 3107 olim
612 3051 750 3107 forte
772 3051 910 3106 libro
928 3047 1164 3104 secundo
1184 3044 1528 3111 annexafuit,
1555 3044 1643 3099 ubi
1661 3043 1728 3097 de
1751 3041 1872 3096 aliis

275 3142 492 3198 duobus
507 3142 748 3197 Macariis
764 3141 957 3212 agitur.
983 3139 1306 3210 Respondeo
1330 3139 1644 3195 Gratianum
1672 3136 1870 3189 fortas-

1957 553 2012 596 et
2030 539 2272 595 moribus
2297 546 2610 594 sanctorum
2633 538 2847 594 Patrum
2894 539 3088 594 librum
3113 541 3397 611 scripsisse
3414 583 3431 610 ,
3461 543 3553 612 qui

1957 647 2099 688 nunc
2148 632 2518 698 desideretur;
2554 647 2652 687 nec
2683 633 2826 687 enim
2860 632 2983 687 inde
3031 634 3182 702 sequi
3214 634 3551 704 sustinebat,

1957 744 2080 783 eum
2111 728 2302 782 librum
2346 726 2434 796 qui
2468 727 2626 797 vulgo
2658 726 2810 781 titulo
2841 725 3079 781 Vitarum
3113 727 3328 782 Patrum
3371 730 3552 784 incre-

1961 822 2093 888 buit,
2112 823 2178 875 ab
2194 821 2523 891 Hieronymo
2534 821 2896 888 conscriptum
2914 834 3053 874 esse.
3070 818 3273 886 Primo,
3293 821 3413 891 quia
3429 821 3555 876 Hie-

1963 929 2224 985 ronymus
2257 914 2373 982 ipse
2415 913 2574 967 alium
2604 928 2791 967 earum
2826 923 3101 968 auctorem
3135 913 3556 969 evidentissimis

1962 1005 2175 1061 indiciis
2206 1005 2471 1075 designat,
2506 1002 2581 1058 uti
2617 1013 2740 1074 pust
2772 1003 3094 1059 videbimus.
3125 1005 3392 1073 Secundo,
3429 1008 3552 1076 quia

1965 1115 2028 1153 ex
2062 1097 2180 1151 Vita
2212 1097 2454 1165 Joannis,
2496 1113 2615 1168 quae
2641 1097 2816 1167 primu
2850 1097 2968 1154 loco
3011 1101 3249 1169 punitur,
3301 1101 3556 1158 discimu

1965 1204 2086 1244 eum
2119 1189 2208 1259 qui
2238 1189 2428 1244 librum
2458 1190 2803 1259 conscripsit,
2840 1193 3211 1262 presbyterum
3239 1210 3342 1248 non
3370 1194 3560 1264 fuisse,

1967 1281 2062 1336 sed
2092 1282 2266 1337 solum
2317 1282 2637 1349 diaconum;
2691 1297 2799 1338 non
2853 1298 3072 1350 senem,
3124 1286 3218 1340 sed
3265 1285 3557 1355 juvenem:

1967 1375 2352 1445 Hieronymum
2382 1386 2561 1429 autem
2586 1391 2708 1431 cum
2736 1376 2947 1432 deserta
2978 1378 3148 1445 petiit,
3183 1389 3242 1433 et
3273 1379 3558 1450 presbyte-

1965 1480 2087 1519 rum
2120 1466 2311 1532 fuisse,
2345 1474 2399 1520 et
2422 1474 2578 1521 aetate
2609 1480 2821 1535 senem,
2855 1467 3027 1522 nullus
3056 1466 3195 1523 forte
3227 1469 3452 1524 dubitat.
3485 1469 3561 1525 lta

1969 1558 2184 1629 quidem
2217 1559 2410 1614 Faber.

2044 1654 2149 1708 Sed
2198 1663 2253 1707 ut
2282 1661 2430 1708 recte
2464 1653 2609 1708 Vitas
2658 1653 2756 1708 has
2786 1652 2854 1708 ab
2897 1652 3228 1724 Hieronymo
3258 1668 3413 1725 negat
3441 1670 3562 1714 esse

1971 1745 2262 1815 profectas,
2280 1745 2356 1800 ita
2372 1761 2479 1801 non
2503 1746 2638 1800 satis
2660 1746 3050 1815 circumspecte
3071 1747 3233 1801 citato
3257 1749 3565 1804 testimonio

1894 1857 1942 1916 Β
1971 1837 2076 1893 sibi
2120 1852 2308 1908 passus
2338 1848 2422 1894 est
2471 1837 2818 1908 persuaderi,
2870 1838 2938 1893 ab
2985 1838 3314 1910 Hieronymo
3333 1855 3547 1912 quoque

1969 1926 2124 1984 Vitas
2149 1929 2394 1996 Patrum,
2421 1931 2522 1985 etsi
2582 1931 2714 1984 alias
2749 1945 2779 1984 a
2814 1930 3080 2001 vulgatis,
3117 1931 3280 1987 fuisse
3323 1934 3565 1989 conscri-

1972 2031 2120 2091 ptas;
2154 2038 2279 2079 cum
2309 2022 2529 2094 Regula:
2576 2023 2684 2078 illa:
2716 2022 3206 2079 sanctimonialium
3247 2040 3278 2078 a
3330 2026 3565 2095 pruden-

1970 2117 2199 2173 tioribus
2253 2119 2382 2174 viris
2441 2119 2510 2174 ab
2554 2133 2719 2189 opere
2768 2116 2922 2190 [xxv]
2978 2117 3398 2189 Hieronymiano
3444 2120 3555 2190 jam

1971 2210 2179 2280 pridem
2205 2213 2312 2265 sint
2341 2210 2625 2279 ablegatus;
2659 2217 2715 2266 et
2742 2208 2796 2264 in
2822 2209 3025 2266 calcem
3057 2211 3292 2280 rejectaa,
3325 2210 3558 2267 velutab

1970 2304 2284 2375 Hieronymi
2315 2306 2473 2373 genio
2497 2304 2711 2359 alienat.

2046 2398 2277 2468 Scripsit
2298 2397 2515 2468 quidem
2551 2397 2910 2467 Hieronymus
2937 2397 3218 2467 epistolam
3269 2397 3335 2452 ad
3363 2396 3562 2452 Eusto-

1976 2490 2186 2558 chium,
2223 2504 2345 2559 qua:
2375 2498 2456 2542 cst
2504 2487 2695 2542 ordine
2724 2486 2815 2556 εει,
2847 2487 2915 2542 de
2964 2487 3309 2543 custodienda
3354 2486 3571 2556 virgini-

1978 2594 2107 2651 tate,
2143 2587 2193 2637 in
2226 2598 2328 2654 qua
2363 2583 2610 2653 quaedam
2656 2581 2871 2651 attingit
2895 2582 2964 2638 de
2996 2583 3378 2638 monachorum
3410 2596 3571 2652 gene-

1974 2677 2148 2745 ribus,
2196 2687 2250 2732 et
2309 2689 2494 2731 eorum
2529 2676 2714 2745 regula
2739 2686 2900 2744 atque
2940 2676 3204 2731 instituto.
3232 2676 3337 2731 Sed
3368 2676 3572 2731 nullum

1976 2770 2102 2826 inde
2153 2767 2406 2824 indicium
2454 2768 2630 2836 colligi
2685 2775 2867 2836 potest
2920 2769 3062 2837 quod
3108 2767 3465 2839 Hieronymus
3490 2765 3573 2824 vel

1977 2862 2177 2933 regulae
2225 2862 2367 2916 illius
2397 2861 2627 2930 vulgata:
2654 2859 2705 2913 in
2738 2860 2905 2916 calice
2935 2875 3158 2930 operum
3187 2861 3304 2930 ejus
3336 2859 3572 2930 rejectae,

1975 2955 2062 3010 vel
2093 2954 2215 3010 libri
2249 2955 2406 3024 hujus
2428 2962 2616 3008 auctor
2645 2952 2732 3006 sit.

2051 3048 2190 3115 Quin
2243 3048 2352 3102 imo
2400 3046 2790 3117 Hieronymum
2823 3044 2985 3115 hujus
3012 3045 3134 3100 libri
3165 3053 3439 3100 auctorem
3471 3056 3576 3104 non

1980 3157 2121 3208 esse,
2181 3157 2248 3196 ex
2302 3142 2420 3210 ipso
2452 3140 2785 3212 Hieronymo
2834 3140 3116 3206 evincitur,
3142 3141 3249 3211 ut§
3281 3142 3346 3196 i0
3375 3143 3578 3199 videbi~

275 3237 348 3292 sis
363 3237 706 3292 occasionem
723 3236 1018 3303 sumpsisse
1037 3233 1212 3288 Vitam
1227 3231 1445 3287 Macarii
1464 3229 1735 3286 tribuendi
1758 3228 1876 3284 Hie—
1903 3237 1952 3301 (ζ
1981 3249 2125 3290 mus.
2160 3235 2262 3300 Qui
2315 3235 2462 3288 enim
2515 3234 2896 3304 Hieronymus,
2930 3249 3064 3300 quos
3094 3235 3209 3304 ipse
3237 3235 3437 3291 detexit
3462 3249 3582 3294 esse

279 3343 535 3400 ronymo,
588 3327 730 3397 quod
763 3327 1098 3382 existimaret
1145 3339 1335 3379 omnes
1365 3323 1515 3376 Vitas
1560 3322 1777 3374 Patrum
1808 3321 1876 3375 ab

275 3419 615 3491 Hieronymo
648 3419 996 3487 conscriptas,
1029 3416 1279 3471 inductus
1310 3414 1518 3469 duabus
1553 3410 1874 3482 rationibus,

277 3527 410 3582 quas
430 3512 545 3582 jam
581 3508 752 3579 primo
775 3517 1090 3580 argumento
1116 3507 1357 3577 proxime
1382 3505 1657 3560 dedimus.

347 3606 402 3657 5.
447 3605 490 3658 Τ
497 3603 778 3658 rithemius
807 3617 1053 3673 quoque,
1090 3601 1141 3656 in
1173 3598 1428 3668 Catalogo
1459 3598 1604 3652 Eccl.
1654 3597 1865 3666 Script.,

277 3693 433 3749 Vitas
474 3693 689 3748 Patrum
722 3691 1049 3762 Hieronymo
1098 3691 1304 3745 tribuit.
1337 3689 1401 3743 Et
1431 3704 1497 3743 ne
1525 3688 1643 3757 quis
1693 3687 1878 3742 existi-

277 3798 390 3843 met
442 3787 511 3842 de
558 3786 676 3841 aliis
707 3801 828 3841 eum
881 3785 1014 3839 Vitis
1045 3784 1190 3852 loqui
1240 3798 1398 3853 quam
1441 3781 1708 3851 vulgatis,
1758 3793 1879 3848 quin

278 3881 597 3952 Hieronymi
629 3881 855 3935 nomine
883 3877 1360 3943 circumferuntur,
1395 3891 1577 3932 earum
1606 3872 1878 3942 prmfatio-

284 3989 412 4029 nem
446 3975 701 4028 inchoare
721 3973 815 4036 ait,
848 3969 1154 4026 Benedictus
1182 3967 1342 4034 Deus,
1374 3983 1405 4022 a
1436 3983 1537 4038 qua
1571 3976 1624 4022 et
1655 3967 1879 4037 vulgatae

280 4067 391 4122 illa:
416 4065 625 4119 initium
649 4065 868 4119 ducunt.
898 4062 1220 4133 Bespondeo
1246 4080 1259 4115 :
1290 4061 1552 4131 Imposuit
1576 4059 1879 4115 Trithemio

280 4160 500 4230 vulgata
526 4157 723 4224 editio;
753 4173 875 4212 nam
900 4157 955 4212 in
979 4157 1105 4212 Mss.
1130 4156 1217 4211 alii
1245 4164 1492 4211 auctores
1514 4154 1877 4223 assignantur,

282 4251 362 4305 uti
387 4250 580 4320 partim
611 4250 864 4318 vidimus,
893 4251 1083 4320 partim
1116 4250 1280 4304 visuri
1309 4263 1517 4304 sumus.

353 4344 409 4398 6.
453 4343 683 4399 Jacobus
725 4344 898 4399 Faber
927 4343 1287 4413 Stapulensis,
1344 4344 1663 4414 praefatione
1692 4346 1759 4400 ad
1807 4346 1883 4401 le—

279 4447 527 4503 ctorem,
561 4453 718 4506 quam
750 4436 1050 4492 Heraclidis
1081 4436 1333 4492 Paradiso
1363 4436 1579 4493 Parisiis
1609 4440 1788 4506 edito,
1816 4439 1883 4496 de

281 4546 396 4602 quo
426 4546 611 4601 supra,
645 4531 672 4604 §
697 4530 748 4596 5,
778 4532 1027 4602 praefixit,
1060 4534 1254 4587 asserit
1276 4547 1336 4588 se
1357 4549 1384 4587 a
1407 4534 1637 4604 quodam
1661 4548 1879 4588 suorum

1988 3326 2295 3391 haereticos,
2324 3335 2380 3380 et
2409 3326 2603 3379 asserit
2632 3326 2683 3380 in
2703 3325 2931 3381 concilio
2959 3325 3335 3397 episcoporum
3362 3329 3582 3386 damna-

1985 3427 2089 3483 tos,
2124 3419 2176 3472 in
2204 3419 2413 3473 litteras
2441 3418 2702 3482 mitteret,
2757 3427 2814 3474 et
2861 3429 3112 3490 tanquam
3163 3431 3377 3479 sanctos
3429 3439 3582 3482 com-

1984 3510 2176 3568 menda
2187 3519 2265 3565 ret
2285 3511 2309 3563 ἵ

2055 3603 2166 3658 Nec
2215 3603 2306 3658 illa
2361 3603 2522 3658 Fabri
2565 3604 2795 3661 assertio
2835 3613 2918 3661 sat
2964 3606 3157 3672 solida,
3183 3623 3286 3678 qua
3316 3611 3583 3678 pertendit

1986 3697 2374 3769 Hieronymum
2404 3709 2458 3752 et
2488 3697 2864 3770 presbyterum
2910 3699 3074 3755 fuisse
3123 3709 3177 3755 et
3223 3716 3430 3771 senem,
3459 3716 3581 3756 cum

1985 3793 2051 3847 ad
2085 3792 2255 3863 Syria:
2297 3806 2359 3847 se
2407 3792 2609 3862 recepit
2659 3807 2921 3847 eremum.
2972 3792 3083 3847 lmo
3130 3808 3230 3847 nec
3276 3808 3438 3849 senex
3485 3807 3584 3849 nec

1985 3884 2266 3954 presbyter
2293 3893 2420 3937 tunc
2445 3891 2582 3937 erat.
2614 3881 2747 3938 Vide
2778 3881 2866 3938 hic
2898 3883 3049 3938 initio
3103 3884 3262 3954 primi
3305 3884 3423 3939 libri
3455 3885 3584 3942 Hie-

1985 3976 2200 4046 ronymi
2248 3975 2758 4046 peregrinationem,
2809 3985 2864 4032 et
2912 3991 3033 4046 qua:
3073 3976 3127 4031 in
3177 3977 3294 4049 lege
3324 3978 3582 4046 Talionis.

1988 4072 2166 4126 tabula
2192 4071 2245 4137 5,
2278 4086 2377 4141 pro
2400 4070 2631 4126 Baronio
2654 4079 2842 4126 contra
2889 4071 3265 4128 Casaubonum
3297 4074 3583 4145 disputavi.

2053 4162 2079 4234 §
2115 4162 2203 4216 IX.
2247 4163 2521 4216 Auctorem
2550 4163 2714 4218 videri
2763 4162 3167 4218 Postumianum
3196 4169 3522 4220 monachum.

2071 4257 2293 4312 Invenio
2315 4257 2368 4311 in
2391 4256 2715 4325 quibusdam
2741 4257 3140 4328 manuscriptis,
3156 4258 3232 4314 uti
3256 4260 3586 4330 Aquicincti-

1989 4363 2079 4415 no,
2110 4348 2361 4405 Lmtiensi
2387 4350 2612 4419 majore,
2645 4360 2699 4405 et
2728 4350 3175 4418 Camberonensi,
3227 4352 3367 4407 hunc
3390 4370 3586 4409 secun-

1992 4439 2118 4495 dum
2150 4439 2347 4494 librum
2374 4455 2476 4494 una
2502 4455 2622 4494 cum
2649 4449 2844 4511 quarto
2875 4440 3071 4495 ascribi
3105 4442 3450 4497 Postumiano
3472 4459 3589 4500 mo-

1993 4533 2191 4588 nacho.
2227 4532 2362 4587 Eum
2396 4532 2609 4587 titulum
2659 4535 2820 4588 etiam
2850 4533 3095 4604 quaedam
3125 4533 3289 4589 editio
3335 4543 3592 4606 praeterre

278 4627 548 4680 monitum
579 4626 718 4696 quod
756 4642 864 4680 non
890 4628 990 4681 rite
1020 4625 1071 4680 in
1106 4627 1329 4696 epistola
1361 4627 1691 4684 dedicatoria
1724 4627 1874 4684 Vitas
1907 4629 1964 4693 D
1988 4623 2204 4680 dicitur.
2262 4622 2405 4678 Nihil
2451 4623 2519 4678 de
2567 4637 2632 4678 eo
2662 4623 2766 4694 legi
2797 4624 2937 4694 quod
2969 4625 3104 4683 hanc
3132 4626 3443 4696 opinionem
3476 4640 3579 4687 sta-

279 4717 506 4771 Patrum
559 4717 887 4788 Hieronymo
915 4716 1313 4786 abjudicasset,
1362 4732 1494 4787 quas
1527 4719 1882 4790 Hieronymus

277 4809 400 4879 ipse
449 4824 478 4862 a
531 4823 592 4864 se
632 4810 860 4879 scriptas
909 4818 1260 4878 agnosceret;
1309 4824 1469 4878 quem
1523 4811 1664 4864 enim
1721 4811 1883 4865 alium

278 4906 578 4959 certiorem
604 4918 765 4972 quam
800 4902 974 4972 ipsum
1004 4910 1196 4957 testem
1229 4901 1634 4957 desideremus?
1661 4901 1793 4958 Nam
1826 4902 1880 4956 in

277 4997 469 5066 regula
492 4994 1006 5062 sanctimonialium,
1027 5009 1185 5066 quam
1210 4981 1424 5064 scripsit
1443 4994 1510 5049 ad
1535 4995 1882 5052 Eustochium

278 5096 340 5142 et
373 5086 612 5155 reliquas
637 5086 897 5157 virgines,
928 5100 1046 5156 cap.
1078 5087 1167 5152 lt),
1201 5087 1272 5140 ita
1306 5085 1531 5141 scribit:
1564 5104 1581 5137 ι
1616 5085 1749 5140 Dum
1783 5085 1878 5156 igi-

279 5189 372 5233 tur
402 5194 500 5248 per
523 5193 829 5233 eremorum
856 5187 1012 5233 antra
1035 5187 1242 5246 septem
1269 5178 1425 5232 annis
1448 5187 1663 5232 sanctos
1691 5178 1878 5234 Patres

281 5274 553 5345 degentes
583 5275 782 5330 ibidem
809 5273 865 5330 in
894 5274 1075 5334 terris,
1102 5271 1246 5328 velut
1277 5272 1327 5327 in
1356 5272 1510 5327 cmlis
1541 5270 1760 5339 angelos
1793 5287 1880 5327 as-

281 5370 549 5424 sistentes
580 5369 798 5425 assiduo
834 5369 1018 5424 labore
1049 5367 1256 5422 itineris
1280 5407 1294 5430 ,
1345 5365 1634 5436 arduisque
1663 5365 1881 5422 vivendi

279 5462 668 5526 incommodis.
693 5462 1009 5531 ueterisque
1036 5459 1333 5515 innumeris
1355 5457 1743 5513 calamitatibus
1766 5473 1886 5527 per-

279 5557 528 5625 agrando
559 5557 830 5612 visitarem
847 5597 863 5622 ,
896 5554 962 5610 de
985 5569 1208 5624 quorum
1239 5553 1348 5607 vita
1370 5553 1712 5622 moribusque
1734 5552 1888 5608 miri—

278 5651 420 5716 ficis,
457 5664 578 5720 quae
607 5649 902 5704 luculenter
925 5649 1038 5717 ipse
1063 5646 1329 5717 perspexi,
1358 5646 1593 5702 libellum
1622 5645 1882 5716 compegi,

275 5745 377 5814 qui
401 5744 557 5798 vobis
588 5743 658 5797 sit
689 5749 750 5798 ut
770 5741 987 5798 lucerna
1019 5741 1070 5796 in
1105 5740 1460 5807 candelabro,
1491 5739 1556 5795 ad
1589 5739 1889 5797 meditatio-

275 5850 408 5892 nem
463 5833 739 5906 religionis
789 5843 845 5890 et
894 5835 1088 5890 νὶιω.»
1139 5833 1257 5901 Quo
1305 5833 1519 5904 quidem
1577 5833 1886 5889 testimonio

1990 4717 2141 4773 bilire
2174 4717 2356 4785 possit.

2066 4811 2183 4866 Non
2218 4811 2431 4865 inanem
2456 4824 2675 4879 prorsus
2704 4810 3064 4881 suspicionem
3098 4815 3370 4882 existimo,
3391 4816 3435 4871 si
3468 4816 3586 4884 quis

1991 4903 2135 4959 dicat
2166 4912 2344 4959 ortum
2377 4905 2518 4959 hunc
2551 4904 2761 4960 titulum
2795 4921 2860 4961 ex
2890 4907 3094 4963 Severo
3120 4908 3382 4978 Sulpicio,
3416 4910 3503 4977 qui
3534 4909 3588 4964 in

1994 4993 2230 5066 Dialogis
2265 4996 2376 5051 suis
2408 4995 2815 5052 Postumianum
2846 5014 2913 5053 ex
2941 4998 3158 5055 Oriente
3205 5008 3324 5068 post
3351 4999 3589 5054 trienna-

1994 5089 2099 5145 lem
2134 5089 2622 5158 peregrinationem
2677 5089 2954 5158 reducem,
3007 5092 3172 5147 multa
3201 5090 3268 5144 de
3295 5090 3588 5148 monacho-

1991 5198 2110 5239 rum
2138 5192 2189 5238 et
2222 5184 2566 5238 eremitarum
2601 5184 2708 5239 vita
2756 5199 2818 5241 ac
2881 5185 3122 5241 instituto
3152 5192 3459 5239 narrantem
3494 5185 3582 5240 in-

1993 5274 2228 5330 troducit
2257 5292 2270 5328 :
2305 5295 2322 5328 ι
2354 5274 2752 5343 Postumianus,
2786 5297 2804 5330 ›
2835 5278 3006 5346 inquit
3027 5275 3180 5330 initio
3196 5275 3387 5347 dialogi
3407 5278 3588 5348 primi,

2003 5383 2021 5418 ι
2060 5367 2127 5421 ab
2174 5367 2414 5434 Oriente,
2447 5383 2553 5437 quo
2581 5383 2639 5423 se
2661 5377 2786 5423 ante
2835 5364 3124 5421 triennium
3173 5367 3394 5436 patriam
3429 5368 3592 5422 relin-

1997 5473 2172 5530 quens
2202 5459 2524 5526 contulerat,
2557 5474 2856 5530 regressus,
2882 5476 2900 5509 ι
2935 5469 3039 5511 etc.
3060 5458 3188 5514 Nam
3214 5476 3334 5529 quae
3363 5459 3447 5514 hic
3470 5458 3594 5514 libri

1999 5555 2175 5624 quarti
2207 5553 2475 5623 prioribus
2497 5553 2701 5621 aliquot
2723 5550 2987 5619 capitibus
3011 5550 3296 5620 habentur,
3325 5567 3387 5608 ea
3412 5551 3594 5608 omnia

1997 5647 2321 5715 compendio
2348 5647 2590 5702 sublecta
2616 5653 2835 5699 suntex
2871 5644 3045 5714 primo
3074 5645 3261 5703 Severi
3290 5645 3523 5716 dialogo,
3538 5644 3596 5701 iu

1997 5759 2106 5816 quo
2134 5744 2517 5800 Postumiauus
2549 5753 2794 5798 narrator
2816 5741 3198 5800 introducitur.

2909 5995 3041 6018 ita";
