4124 6350
542 292 611 354 35
1473 287 1537 344 IN
1575 285 1780 344 VITAS
1818 278 2103 341 PATRUM
2143 274 2654 335 PROLEGOMENA
2701 274 2895 334 XXVI.
3758 271 3833 345 35

546 412 575 485 ᾗ
609 408 676 467 Χ.
720 416 993 465 Auctorem
1037 420 1147 462 esse
1189 402 1449 475 Ruﬁinum
1493 399 1868 473 Aquileientem
1920 395 2133 470 presby-
2158 392 2209 454 Α
2236 393 2303 452 de
2329 393 2545 449 Rullino
2571 391 2789 459 dicitur,
2807 390 2898 463 qui
2924 388 3077 464 Xysti
3097 386 3435 463 Pythagorici
3457 388 3655 448 librum
3671 392 3835 453 titulo
3906 458 3907 461 η

1244 485 1423 530 terum.

620 598 853 662 Primus,
876 594 1018 669 quod
1047 594 1237 659 sciam,
1281 608 1311 647 e
1341 588 1731 647 recentioribus
1774 588 1965 643 librum
1996 584 2135 640 hunc

554 691 768 749 Rulllno
798 691 988 745 saltem
1015 698 1073 743 ut
1101 684 1377 755 interpreti
1425 685 1571 756 (nam
1610 682 1892 754 Evagrinm
1925 694 2137 751 quoque

551 787 710 858 hujus
734 785 855 840 libri
887 792 1157 837 auctorem
1182 779 1358 834 facere
1378 776 1613 846 videtur)
1663 774 1953 831 vindicavit
1981 774 2136 829 Jaco-

548 878 649 933 bus
682 876 851 931 Faber
869 870 1203 944 Stapulensls
1234 869 1547 940 praefatione
1597 869 1663 923 ad
1692 867 2003 924 Paradisum
2032 866 2138 921 He-

547 968 786 1035 raclidis,
847 965 1001 1021 nixus
1047 962 1155 1018 divi
1211 960 1522 1033 Hieronymi
1579 962 1919 1027 auctoritate,
1965 958 2053 1030 qui
2085 958 2137 1015 in

547 1063 770 1133 epistola
816 1059 884 1114 ad
910 1057 1309 1127 Ctesiphontem
1354 1064 1542 1110 contra
1573 1053 1911 1123 Pelagianos,
1958 1052 2027 1108 ita
2071 1051 2141 1105 de

556 1155 785 1224 Evagrio
809 1163 862 1207 et
893 1152 1108 1207 Rnflino
1136 1149 1323 1206 scribit
1356 1167 1369 1201 :
1406 1168 1425 1202 ι
1467 1150 1739 1217 Evagrius,
1778 1145 1967 1217 inquit,
2002 1146 2141 1201 Pon-

551 1248 691 1302 ticus
724 1244 1104 1319 Hyperborita,
1136 1243 1225 1313 qui
1258 1243 1531 1299 scribitad
1582 1243 1833 1310 virgines,
1865 1240 2047 1295 scribit
2074 1238 2142 1294 ad

556 1339 873 1402 monachos,
902 1337 1091 1391 scribit
1117 1335 1348 1401 adeam,
1400 1335 1553 1405 cujus
1602 1350 1796 1389 nomen
1851 1331 2141 1403 nigretlinis

558 1431 866 1501 (Melanium
899 1429 1070 1503 [xxvi]
1101 1430 1269 1483 innuit
1297 1428 1530 1483 nominis
1565 1426 1888 1498 significatu)
1920 1434 2144 1481 testatur

549 1529 605 1574 et
630 1520 864 1590 perlidize
890 1518 1158 1583 tenebras,
1183 1516 1349 1572 edidit
1388 1518 1579 1570 librum
1622 1527 1673 1569 ct
1704 1515 1998 1571 sententias
2024 1518 2144 1591 περὶ

550 1612 801 1670 ἀπαθείας
828 1610 1009 1679 (quam
1044 1624 1141 1662 nos
1165 1608 1645 1671 impassibilitatem
1666 1607 1752 1661 vel
1783 1606 2143 1675 imperturba-

550 1704 752 1757 tionem
787 1716 1068 1771 possumus
1110 1701 1312 1770 dicere)
1340 1745 1353 1768 ,
1390 1700 1602 1771 quando
1634 1716 1901 1770 nunquam
1935 1702 2143 1755 animus

2240 490 2376 548 Sixti
2404 493 2660 563 martyris
2691 490 2882 557 edidit,
2916 499 2973 544 ut
2998 490 3199 545 clarum
3222 498 3305 544 est
3334 503 3399 544 ex
3429 487 3547 555 aliis
3572 489 3678 553 divi
3705 488 3829 563 Hie-

2241 585 2454 658 ronymi
2484 583 2643 651 locis,
2666 592 2725 638 ut
2757 582 2809 639 in
2838 598 2947 638 xxii
2966 597 3082 652 cap.
3108 580 3333 651 Jetem.,
3360 581 3450 636 ubi
3477 596 3600 641 eum
3618 560 3839 642 nomine

2243 674 2466 732 Grunnii
2496 674 2828 747 perstringit,
2883 686 2937 729 et
2967 675 3017 728 in
3058 689 3179 745 cap.
3208 688 3336 729 xvni
3361 673 3584 742 Ezech.,
3611 674 3740 731 item
3767 690 3837 733 ex

2243 771 2543 839 Augustino
2588 768 2680 824 lib.
2733 784 2770 823 ll
2818 765 3137 835 Retractat.,
3172 780 3293 837 cap.
3314 765 3385 821 40
3414 766 3530 837 (qui
3578 767 3840 842 deceptus

2241 870 2367 918 ante
2393 862 2532 916 libro
2559 857 2754 935 [xxvu]
2784 860 2850 915 de
2869 858 2990 913 Nat.
3018 867 3071 914 et
3097 856 3273 923 Grat.,
3292 871 3413 931 cap.
3437 855 3680 925 6l,Sixti
3698 857 3839 914 Pon-

2241 956 2400 1011 tiﬁcis
2450 955 2666 1013 nomine
2697 952 2977 1027 allegarat)
3004 993 3019 1019 ,
3040 936 3100 1008 et
3131 966 3197 1008 ex
3230 952 3342 1023 ipsa
3376 949 3573 1007 Bullini
3604 951 3839 1020 epistola

2242 1051 2308 1107 ad
2338 1051 2907 1122 Apronianum,quam
2930 1049 3359 1122 interpretationi
3382 1048 3679 1119 Enchiridii
3701 1050 3838 1115 Sixti

2244 1142 2488 1215 praeﬁxit.

2316 1237 2371 1292 5.
2415 1235 2549 1303 Quia
2582 1236 2811 1293 similem
2846 1235 3088 1291 fraudem
3128 1226 3398 1291 subnectit
3427 1236 3510 1291 hic
3533 1236 3837 1297 divusllie-

2244 1346 2504 1402 ronymus
2529 1330 2596 1386 de
2622 1330 2921 1402 suppositio
2951 1329 3234 1402 Pamphilo
3283 1331 3335 1386 in
3367 1330 3682 1393 defensione
3714 1332 3838 1389 Ori-

2245 1423 2394 1493 genis
2422 1442 2434 1478 :
2475 1442 2494 1475 r
2534 1424 2780 1490 Fecerat,
2801 1424 2899 1491 ait,
2919 1422 3019 1478 hoc
3049 1434 3101 1476 et
3134 1424 3185 1477 in
3212 1423 3382 1479 sancti
3414 1420 3676 1493 Pamphili
3698 1439 3841 1489 m0!-

2250 1517 2382 1589 tyris
2414 1518 2649 1584 nomine,
2679 1526 2733 1571 ut
2765 1515 2957 1573 librum
2985 1516 3216 1587 primum
3240 1531 3333 1573 sex
3366 1515 3625 1575 librorum
3657 1516 3843 1573 defen-

2248 1610 2416 1664 sionis
2446 1607 2713 1680 Origenis,
2779 1608 2996 1664 Eusebii
3044 1605 3417 1677 Caesariensis,
3463 1623 3620 1681 quem
3678 1607 3842 1679 fuisse

2252 1701 2507 1757 Arianum
2561 1717 2718 1757 nemo
2766 1712 2849 1758 est
2895 1702 2987 1773 qui
3040 1699 3265 1771 nesciat,
3325 1703 3541 1761 nomine
3571 1701 3839 1771 Pamphili

553 1794 667 1850 ullo
696 1793 1118 1864 perturbationis
1141 1794 1278 1848 vitio
1313 1801 1713 1858 commovetur;
1742 1802 1815 1858 et,
1845 1802 1898 1846 ut
1936 1791 2144 1859 sinipli-
2173 1786 2223 1849 Β
2252 1796 2500 1864 martyris
2530 1805 2875 1865 prmnotaret.
2899 1814 2929 1873 5r
2955 1795 3113 1864 Atqui
3145 1809 3173 1849 a
3200 1792 3415 1851 Hufﬁno
3444 1808 3562 1851 eam
3597 1792 3840 1851 fraudem

554 1889 690 1944 clter
735 1889 935 1955 dicam,
970 1887 1055 1941 vel
1085 1902 1271 1941 saxum
1298 1886 1382 1941 vel
1417 1886 1557 1940 Deus
1605 1895 1707 1940 est.
1765 1886 1930 1955 Hujus
1982 1883 2143 1941 libros

560 1997 657 2053 per
680 1982 953 2038 Orientem
986 1980 1228 2049 Graecos,
1261 1980 1720 2051 etinterpretante
1749 1978 2008 2049 discipulo
2024 1978 2142 2051 ejus

565 2075 781 2133 Humno
812 2075 1048 2139 Latinos,
1075 2073 1312 2145 plerique
1344 2072 1395 2126 in
1424 2072 1711 2127 Occidente
1737 2071 1997 2125 lectitant.

634 2186 655 2221 ι
682 2169 785 2236 Qui
837 2168 1030 2222 librum
1081 2180 1293 2235 quoque
1322 2163 1536 2231 scripsit
1562 2164 1713 2233 quasi
1743 2163 1811 2217 de
1841 2161 2141 2229 monachis,

556 2262 864 2331 multosque
884 2262 935 2315 in
963 2275 1029 2315 eo
1052 2266 1356 2321 enumerat,
1386 2257 1473 2325 qui
1498 2270 1767 2327 nunquam
1801 2255 2043 2321 fuerunt;
2065 2264 2141 2322 et,

557 2372 695 2427 quos
724 2357 891 2411 luisse
912 2354 1118 2420 scribit,
1151 2352 1483 2424 Origenistas
1512 2352 1580 2408 ab
1626 2352 1891 2421 episcopis
1919 2350 2147 2404 damna—

555 2460 641 2507 tos
685 2465 810 2506 esse
856 2465 962 2504 non
1018 2448 1236 2503 dubium
1269 2456 1381 2513 est;
1416 2447 1756 2501 Ammonium
1788 2445 2058 2510 videlicet,
2091 2452 2147 2499 et

556 2542 870 2609 Eusebium,
925 2552 979 2595 et
1009 2542 1376 2613 Euthymium,
1422 2549 1476 2594 et
1515 2540 1689 2610 ipsum
1739 2538 2047 2609 Evagrium,
2073 2538 2147 2592 Or

555 2651 771 2708 quoque
822 2644 876 2691 et
908 2634 1195 2701 lsidorum,
1228 2644 1279 2690 et
1303 2634 1500 2687 multos
1550 2633 1707 2699 alios,
1739 2647 1873 2702 quos
1902 2632 2147 2687 dinume-

557 2741 682 2784 rare
708 2727 921 2783 ttedium
947 2736 1051 2795 est,
1077 2738 1129 2781 et
1154 2726 1304 2796 juxta
1329 2725 1456 2780 illud
1490 2724 1721 2779 Lucretii
1756 2740 1770 2779 :

682 2842 749 2891 Ac.
773 2840 929 2891 veluti
953 2843 1140 2902 pueris,
1164 2838 1402 2888 absinthia
1430 2843 1555 2887 tetra
1589 2839 1866 2902 medentes,

683 2904 802 2952 Cum
825 2900 1225 2961 darc'conantur,
1254 2905 1385 2962 prius
1400 2913 1511 2949 oras
1536 2900 1702 2961 pocula
1728 2902 1905 2949 circum

675 2965 975 3026 Cautinguizt
997 2963 1124 3012 dulci
1153 2964 1312 3013 mellis
1333 2964 1559 3025 ﬂavoque
1584 2962 1799 3026 liquore;

554 3070 629 3128 ita
656 3070 743 3124 ille
770 3084 929 3123 unum
952 3067 1287 3123 Joannem’in
1312 3066 1482 3137 ipsius
1510 3066 1629 3121 libri
1653 3066 1825 3137 posuit
1856 3065 2139 3137 principio,

2246 1902 2547 1955 consutam,
2573 1890 2732 1946 nimis
2753 1905 2909 1962 quam
2939 1900 3146 1949 notum.
3167 1888 3409 1947 Meminit
3433 1887 3671 1965 ejusdem
3692 1888 3840 1942 trau-

2248 1983 2332 2039 dis
2350 1984 2508 2039 diVus
2536 1984 2896 2056 Hieronymus
2910 1998 2978 2054 ap
3017 1982 3054 2043 ι.
3084 1980 3109 2036 l
3136 1982 3397 2043 adversus
3414 1979 3639 2047 Rufum,
3666 1979 3759 2039 lib.
3778 1993 3838 2048 tt,

2248 2086 2304 2132 et
2351 2079 2510 2147 epist.
2556 2076 2645 2146 65,
2704 2077 2768 2130 ad
2826 2076 2898 2132 Pa
3033 2084 3090 2131 et
3132 2074 3356 2138 Ocean.,
3384 2082 3441 2130 et
3469 2074 3520 2131 in
3546 2087 3669 2143 cap.
3704 2086 3839 2137 xvm

2248 2169 2476 2239 Ezecli.,
2506 2178 2561 2224 et
2609 2170 2742 2224 dial.
2771 2169 2895 2224 adv.
2920 2167 3255 2241 Pelagianos,
3287 2184 3445 2243 quam
3474 2168 3709 2225 nondum
3739 2167 3837 2222 dei-

2248 2272 2458 2319 texerat
2505 2262 2662 2318 divus
2709 2261 3089 2334 Hieronymus,
3143 2277 3267 2319 cum
3314 2260 3576 2318 scriberet
3629 2259 3839 2315 Catale-

2244 2374 2370 2431 gmn
2419 2360 2617 2430 Script.
2674 2357 2909 2426 Eccles.,
2963 2366 3020 2414 ut
3063 2364 3207 2429 patet
3256 2354 3503 2427 ejusdem
3532 2368 3654 2429 cap.
3687 2352 3838 2411 75in

2238 2450 2548 2525 Pamphilo.

2325 2544 2494 2600 Unum
2532 2547 2634 2599 hoc
2659 2543 2766 2598 divi
2798 2541 3109 2617 Hieronymi
3168 2540 3532 2599 tcstimonium
3587 2535 3838 2599 sufficere

2245 2638 2453 2710 judicn,
2487 2649 2543 2693 ut
2571 2637 2704 2694 liber
2732 2636 2819 2692 hic
2850 2634 3061 2693 liullino
3094 2642 3386 2693 asseratur.
3419 2633 3621 2691 Omitto
3644 2630 3838 2691 sullra-

2245 2729 2361 2804 gari
2392 2731 2517 2785 Mss.
2550 2728 2880 2798 complures,
2928 2735 2985 2783 ut
3030 2725 3491 2787 Audomarenscm
3523 2732 3662 2779 nota:
3692 2722 3834 2793 Opti-

2247 2836 2371 2889 mae,
2392 2830 2448 2874 et
2470 2836 2497 2874 a
2529 2827 2740 2875 vetusta
2767 2833 2952 2887 manu,
2979 2832 3085 2888 quo
3114 2819 3380 2887 prmcipue
3410 2819 3462 2874 in
3492 2813 3835 2885 recensendis

2248 2912 2337 2968 his
2366 2912 2513 2967 libris
2539 2928 2666 2968 usus
2694 2926 2845 2976 sum;
2881 2920 2937 2965 ut
2965 2910 3100 2965 alios
3127 2924 3262 2981 quos
3303 2909 3502 2967 vidisse
3539 2922 3601 2965 se
3642 2908 3836 2967 asserit

2245 3006 2508 3065 Henricus
2536 3006 2785 3073 Gravius,
2821 3003 2961 3061 netis
3000 3004 3064 3057 ad
3096 3002 3255 3074 epist.
3287 3001 3397 3063 divi
3428 2999 3734 3072 Hieronymi
3767 2997 3835 3063 ad

2246 3100 2672 3169 Ctesiphontem,
2702 3099 2767 3155 de
2790 3115 2892 3171 qua
2919 3100 3027 3169 jam
3055 3104 3253 3155 actum.

553 3180 714 3236 ⁸³⁸³³
746 3178 798 3220 el
824 3163 1170 3261 ε²ἓ¹ξ9¹ί⁶⁰¹¹¹ο
1224 3172 1281 3261 9⁸
1308 3172 1552 3217 smmum
1591 3160 1757 3217 fuisse
1784 3176 1888 3216 non
1917 3159 2137 3216 dubium
2168 3164 2217 3230 θ
2320 3159 2514 3252 Nescio
2551 3210 2615 3248 an
2656 3159 2711 3249 et
2758 3159 3004 3248 Bullinus
3031 3191 3145 3261 ipse
3166 3188 3330 3245 videri
3366 3188 3531 3258 possit
3561 3187 3835 3249 insinuare

556 3268 665 3328 eet,
688 3266 746 3315 ut
773 3274 867 3328 per
896 3257 1036 3313 illius
1062 3257 1400 3319 occasionem
1429 3264 1680 3321 caeteros,
1700 3270 1833 3325 quos
1865 3264 2139 3324 posuerat,

558 3351 843 3411 haereticos
866 3352 1121 3408 Ecclesia?
1146 3350 1531 3405 introduceret.
1570 3368 1590 3401 ι

633 3445 842 3501 Audisti
873 3445 1055 3499 divum
1089 3444 1493 3513 Hieronymum,
1525 3444 1722 3506 lector;
1752 3442 1879 3512 quid
1911 3455 2053 3496 nunc
2074 3442 2144 3495 de

560 3536 721 3608 hujus
746 3537 865 3593 libri
898 3546 1118 3592 auctore
1143 3550 1354 3602 censes,
1392 3537 1444 3589 in
1476 3549 1583 3605 quo
1625 3535 1862 3588 omnium
1918 3533 2143 3588 istorum

558 3630 649 3703 qui
674 3638 1057 3685 enumerantur
1080 3630 1141 3683 lit
1160 3627 1394 3683 mentio?

637 3724 772 3783 Vide
792 3723 954 3794 igitur
984 3738 1111 3778 num
1145 3720 1237 3777 alii
1258 3735 1378 3777 cum
1410 3720 1639 3779 Baronio
1659 3721 1766 3777 sint
1816 3721 1972 3791 lapsi,
2002 3720 2145 3790 quod

558 3819 912 3878 existimarint
940 3818 1056 3874 haec
1081 3817 1266 3886 verba,
1294 3835 1315 3869 ‹
1343 3818 1433 3888 qui
1465 3816 1659 3872 librum
1688 3830 1900 3884 quoque
1930 3813 2148 3883 scripsit

558 3914 711 3981 quasi
732 3913 800 3967 de
829 3911 1126 3977 monachis,
1160 3930 1180 3964 ι
1212 3910 1277 3964 de
1302 3908 1530 3981 Evagrio
1561 3908 1927 3978 intelligenda.
1952 3907 2056 3962 Sed
2079 3906 2147 3963 de

561 4005 775 4063 Bulllno
814 4004 1038 4074 intelligi
1074 4004 1290 4069 debere,
1321 4004 1475 4074 cujus
1504 4017 1698 4058 nomen
1731 4001 1974 4072 proxime
2006 4015 2145 4072 prae-

560 4098 742 4165 cessit,
773 4097 1119 4153 manifestum
1141 4106 1225 4152 est
1244 4100 1569 4167 argumentis
1592 4096 1963 4165 sequentibus.

635 4214 689 4267 l.
729 4214 864 4281 Quia
912 4212 1091 4267 subdit
1140 4212 1293 4266 divus
1343 4210 1701 4282 Hieronymus
1750 4209 1890 4279 quod
1939 4208 2030 4263 ille
2056 4210 2146 4277 qui

566 4307 762 4364 librum
784 4308 851 4363 de
871 4305 1148 4362 monachis
1178 4306 1383 4374 scripsit
1398 4348 1412 4372 ,
1437 4306 1489 4361 in
1514 4321 1579 4361 eo
1603 4313 1879 4360 enumerat
1900 4314 1953 4360 et
1975 4305 2144 4373 ipsum

562 4400 880 4473 Evagrium;
940 4399 1193 4455 videlicet
1221 4398 1372 4469 cujus
1412 4399 1521 4469 jam
1569 4410 1693 4454 ante
1741 4399 1940 4453 mentio
1987 4398 2144 4451 facta.

556 4493 671 4552 Nec
702 4495 880 4551 simile
908 4509 1059 4559 vero,
1094 4502 1153 4549 ut
1175 4493 1285 4562 jam
1317 4509 1499 4565 supra,
1528 4493 1555 4565 ἕ
1590 4492 1643 4562 5,
1692 4493 1823 4558 dixi,
1855 4501 2064 4547 suomet
2087 4506 2145 4545 se

2248 3304 2307 3346 se
2339 3287 2494 3358 lmjus
2530 3286 2653 3341 libri
2701 3292 2978 3340 auctorem
3010 3283 3093 3337 Vel
3126 3282 3456 3351 iuterpreten
3525 3293 3663 3334 esse.
3697 3277 3833 3343 Nam

2247 3396 2368 3450 cap.
2396 3379 2465 3435 29
2492 3378 2613 3435 libri
2644 3376 2805 3449 hujus
2833 3374 3077 3437 secundi,
3105 3370 3194 3427 ubi
3224 3371 3293 3431 de
3334 3371 3568 3433 Macario
3606 3370 3836 3427 Alexans

2247 3474 2409 3528 drino
2436 3470 2565 3541 agit,
2600 3468 2746 3524 addit
2779 3486 2791 3521 :
2830 3485 2851 3519 ι
2890 3467 2996 3522 Sed
3027 3476 3082 3521 et
3108 3466 3290 3535 multa,
3342 3475 3401 3518 ut
3450 3464 3699 3529 diximus,
3729 3463 3834 3519 alia

2249 3569 2318 3629 de
2347 3567 2601 3638 operibus
2629 3563 2800 3619 sancti
2827 3562 3041 3617 Macarii
3078 3558 3426 3617 Alexandrini
3469 3558 3727 3617 mirabilia
3759 3557 3833 3612 l‘c-

2249 3670 2457 3726 ruutur,
2480 3674 2545 3715 ex
2571 3656 2765 3730 quibus
2793 3656 3045 3713 nonnulla
3080 3654 3131 3710 in
3184 3655 3323 3715 libro
3366 3670 3417 3710 xl
3456 3654 3663 3713 Ecclus.
3691 3651 3832 3708 Hist.

2248 3755 2450 3814 inserta
2476 3752 2566 3823 qui
2597 3751 2825 3822 requirit
2849 3750 3104 3805 inveniet.
3139 3770 3159 3803 ι
3189 3749 3247 3811 lu
3277 3764 3382 3820 quo
3418 3748 3558 3805 libro
3580 3763 3651 3815 xt,
3688 3748 3834 3803 vidc-

2248 3848 2373 3905 licet
2402 3846 2703 3917 posteriore
2749 3860 2812 3900 ex
2856 3843 3086 3915 duobus,
3118 3842 3187 3898 ab
3234 3842 3464 3911 ipsemet
3514 3840 3725 3907 ltulﬁuo
3764 3839 3835 3896 ad

2249 3939 2466 3999 Eusebii
2513 3937 2947 3995 Ecclesiasticatu
3003 3934 3290 3991 Historiam
3350 3933 3532 4007 (quam
3570 3947 3604 3989 e
3647 3930 3836 3989 Graeco

2249 4036 2506 4107 verterat)
2544 4034 2759 4105 additis,
2792 4050 2913 4104 cap.
2941 4038 2996 4101 4,
3024 4033 3287 4093 habentur
3313 4031 3555 4103 quaedam
3576 4029 3643 4085 de
3663 4027 3835 4085 Maia-

2251 4130 2331 4185 rio
2363 4126 2751 4195 Alexandrino,
2771 4142 2891 4199 qua:
2920 4128 3022 4185 hoc
3053 4126 3193 4187 libro
3220 4124 3457 4182 secundo
3477 4124 3545 4179 de
3576 4121 3709 4179 Vitis
3736 4120 3834 4177 Pa-

2252 4230 2389 4276 trum
2416 4221 2645 4287 desunt;
2675 4235 2901 4291 quorum
2933 4220 3164 4291 primum
3215 4228 3298 4274 est
3344 4217 3413 4277 de
3436 4230 3581 4273 caeco
3610 4214 3833 4275 relumi.

2250 4324 2397 4377 nato,
2420 4314 2509 4384 qui
2541 4315 2758 4383 pulvere
2784 4328 2848 4367 ex
2892 4312 3027 4367 cella
3069 4311 3289 4369 Macarii
3336 4311 3569 4376 deterso,
3618 4319 3671 4366 et
3702 4323 3835 4377 aqua

2252 4407 2393 4476 putei
2458 4420 2565 4474 quo
2626 4405 2809 4463 bibere
2863 4406 3052 4463 solitus
3106 4413 3223 4461 erat
3279 4413 3588 4467 macerato,
3650 4402 3837 4459 oculos

2252 4497 2493 4562 inunxit;
2519 4498 2814 4553 secundum
2851 4512 2983 4552 vero
3005 4497 3070 4555 de
3097 4498 3277 4555 lemne
3305 4497 3494 4555 catulis
3519 4496 3641 4552 visu
3669 4496 3837 4553 dona-

559 4603 785 4643 ornasse
818 4592 1085 4658 praeconio
1111 4562 1416 4659 Evagrium,
1442 4599 1497 4645 et
1523 4562 1674 4645 suam
1694 4603 1903 4659 quoque
1918 4587 2144 4643 aliorum
2173 4562 2229 4625 D
2257 4590 2344 4655 tis,
2371 4591 2435 4645 ad
2464 4605 2579 4659 qua:
2612 4590 2723 4657 ipsa
2757 4590 3023 4647 mirabilia
3053 4592 3229 4659 capite
3259 4590 3350 4651 illo
3372 4588 3442 4649 29
3471 4590 3591 4648 libri
3614 4588 3838 4651 secundi

562 4676 699 4734 Vitis
721 4680 1094 4737 immiscuisse.
1124 4682 1273 4749 Quod
1305 4683 1445 4738 forte
1488 4682 1918 4737 animadvertcns
1950 4680 2143 4736 Maria-

560 4785 663 4828 nus
692 4770 956 4829 Victorius
985 4774 1299 4846 Hieronymi
1330 4775 1666 4841 scholiastes,
1715 4773 2041 4830 existimavit
2062 4788 2144 4829 se-

563 4865 743 4921 cundo
769 4867 870 4920 hoc
899 4866 1017 4921 loco
1043 4867 1265 4922 alterius
1285 4868 1491 4939 Evagrii
1520 4869 1826 4925 distinctam
1845 4867 1912 4922 ab
1938 4866 2144 4939 Hyper-

560 4957 733 5015 borita
756 4963 1085 5018 mentionem
1113 4962 1248 5019 ﬁeri.
1284 4962 1388 5028 Sed
1429 4964 1497 5019 de
1528 4964 1881 5037 Hyperborita
1909 4963 2146 5019 secundo

559 5068 773 5124 quoque
790 5055 910 5111 loco
931 5054 1336 5127 intelligendum
1354 5056 1535 5111 divum
1557 5057 1964 5127 Hieronymum,
1982 5058 2142 5113 nimis

555 5157 714 5216 quam
741 5147 1082 5203 manifestum
1112 5163 1231 5203 esse
1255 5149 1480 5219 quisque
1512 5148 1897 5221 deprehendet.

624 5235 683 5290 2.
713 5237 846 5304 Quia
880 5241 1185 5298 immediate
1226 5251 1344 5311 post
1370 5242 1530 5297 verba
1560 5242 1647 5297 hic
1694 5259 1756 5297 ex
1799 5244 1922 5297 divo
1952 5243 2143 5299 Hiero-

556 5341 722 5398 nymo
763 5333 966 5388 reddita
1023 5334 1291 5406 subjungit
1346 5335 1487 5389 idem
1529 5335 1683 5391 divus
1725 5336 2080 5411 Hieronymth
2124 5356 2137 5391 :

563 5441 594 5475 ι(
622 5422 770 5479 illam
797 5438 973 5481 autem
1006 5429 1379 5493 temeritatem,
1423 5428 1530 5483 imo
1580 5430 1840 5485 insaniam
1872 5431 1989 5501 ejus
2019 5432 2138 5500 quis

558 5516 723 5588 digno
756 5517 922 5587 possit
949 5518 1218 5587 explicare
1246 5536 1519 5587 sermone,
1567 5521 1705 5592 quod
1756 5522 1947 5577 librum
1989 5523 2145 5592 Xysti

558 5608 923 5682 Pythagorei,
959 5610 1189 5665 hominis
1226 5614 1427 5687 absque
1456 5614 1670 5670 Christo
1718 5624 1877 5687 atque
1920 5617 2141 5686 ethnici,

559 5703 840 5759 lnnnntato
867 5704 1101 5771 neruine,
1125 5703 1257 5761 Sixti
1280 5711 1553 5782 martyris,
1583 5719 1637 5766 et
1669 5710 1925 5768 Retuante
1953 5714 2145 5775 Eccle-

559 5797 659 5858 sic
687 5799 921 5870 episcopi
958 5803 1310 5871 praenotavit?
1333 5821 1355 5856 ι
1374 5806 1515 5874 quod
1543 5821 1650 5864 non
1677 5805 1746 5864 de
1776 5807 2028 5880 Evagrio,
2046 5809 2143 5868 sed

2250 4684 2317 4743 de
2352 4684 2483 4739 Vitis
2507 4683 2724 4743 Patrum
2750 4684 2959 4741 videtur
2980 4685 3230 4747 lectorem
3254 4685 3549 4743 remittere.

2323 4779 2583 4851 Equidem
2617 4776 2760 4834 Vitas
2798 4778 3011 4834 Patrum
3058 4778 3284 4847 scriptas
3326 4792 3451 4834 esse
3508 4786 3623 4846 post
3669 4774 3835 4835 libros

2250 4873 2373 4935 illos
2397 4874 2634 4930 historiae
2664 4872 3363 4938 Ecclesiastiemaltuitiuo,
3382 4872 3577 4942 partim
3608 4869 3839 4926 transla-

2253 4976 2355 5035 tos,
2390 4966 2577 5038 partim
2607 4967 2961 5033 compositos,
2994 4964 3111 5035 ipse
3143 4962 3383 5035 ejusdem
3434 4963 3554 5023 libri
3607 4978 3682 5028 xi,
3712 4976 3834 5035 cap.

2246 5059 2354 5130 jam
2386 5059 2551 5123 dicto,
2585 5057 2866 5114 inatiileste
2902 5057 3169 5125 declarat;
3222 5056 3403 5121 subdit
3448 5057 3593 5123 enim
3625 5073 3641 5113 :
3674 5073 3695 5109 ι
3732 5054 3841 5112 Ve-

2250 5165 2368 5206 rum
2399 5150 2443 5204 si
2471 5150 2799 5222 singulorum
2844 5148 3168 5209 mirabilith
3213 5161 3364 5221 geste
3411 5150 3663 5220 νοεοηυί
3708 5147 3839 5205 veli-

2248 5259 2389 5310 mus,
2422 5244 2759 5301 excludimur
2782 5258 2813 5309 β
2839 5245 3109 5316 proposita
3140 5244 3420 5313 brevitate,
3442 5242 3679 5305 maxime
3706 5257 3831 5298 eum

2249 5339 2614 5397 narrationem
2637 5337 2836 5410 proprii
2861 5338 3037 5409 operis
3065 5342 3398 5399 mereantur.
3432 5356 3453 5401 ρ
3486 5336 3638 5406 Quod
3657 5338 3851 5405 ipsum.

2255 5443 2439 5503 postea
2468 5432 2803 5505 praestitisse,
2834 5433 3026 5493 librum
3054 5431 3195 5491 bane
3238 5446 3270 5489 e
3308 5432 3501 5491 Graeco
3530 5440 3681 5487 textu
3706 5444 3839 5487 eon-

2254 5528 2546 5599 cinnando,
2581 5526 2693 5585 divi
2721 5527 3031 5601 Hieronymi
3054 5526 3435 5589 teatiﬁutioue
3462 5527 3771 5585 didicimus.

2325 5622 2545 5689 Quaeres
2569 5638 2584 5675 :
2611 5621 2749 5679 unde
2781 5633 2886 5680 tam
2918 5622 3177 5689 incertus,
3198 5621 3360 5676 etiam
3378 5621 3488 5692 jam
3503 5620 3661 5688 olim,
3681 5621 3840 5689 hujus

2254 5714 2373 5771 libri
2428 5726 2613 5773 auctor
2649 5714 2783 5770 fuit?
2830 5714 3149 5784 Respourleo
3177 5733 3189 5768 :
3221 5715 3358 5784 Quia
3407 5725 3597 5777 ιωαυτ
3642 5730 3838 5773 nomen

2251 5823 2407 5871 suum
2424 5796 2747 5881 Suppressit,
2760 5808 2835 5871 uti
2857 5817 2913 5865 et
2928 5808 3218 5881 interpres,
3234 5810 3451 5884 [xxnnj
3470 5810 3839 5881 cuiuspiam»
