4124 6350
280 289 346 346 37
1583 287 2138 350 PHOLEGOMENON
2179 293 2238 352 V.
3486 293 3558 352 58

283 425 388 466 non
419 409 522 465 nisi
550 407 660 465 divi
692 406 1001 482 Hieronymi
1027 418 1085 467 et
1141 423 1428 482 paucorum
1482 409 1610 466 Mss.
1665 409 1863 464 indicio
1890 411 1939 471 Α
1968 407 2236 476 quoddam
2279 388 2527 462 volumen
2583 403 2825 462 Gothicis
2866 405 3059 462 litteris
3087 407 3367 476 scriptum,
3397 408 3552 478 cujus

281 502 542 560 novimus.

350 599 460 651 (Zur
509 605 686 650 autem
735 595 979 649 Rufiinus
1027 610 1225 651 nomen
1273 610 1426 651 suum
1484 594 1864 664 suppresserit,

281 691 534 745 existimo
559 689 688 744 duas
716 688 952 744 rationes
980 689 1239 760 assignari
1277 704 1455 759 posse.
1495 688 1672 744 Primo
1701 706 1712 740 :
1743 703 1864 742 cu-n

281 786 449 846 enim,
482 782 752 839 referente
786 783 1113 856 Hieronymo
1144 784 1301 853 epist.
1332 784 1396 838 ad
1438 783 1863 852 Ctesiphontem,

283 886 500 931 constet
531 875 821 930 nonnullos
845 874 1177 944 Origenistas
1204 877 1289 931 hic
1319 873 1599 939 immistos,
1643 891 1745 931 non
1773 890 1867 929 au-.

281 982 366 1021 sus
395 966 492 1020 fult
525 981 647 1020 eum
679 967 871 1020 librum
914 967 1128 1020 nomine
1157 981 1254 1020 suo
1299 967 1584 1022 extrudere
1604 977 1657 1022 et
1681 967 1867 1022 vendi-

279 1067 392 1112 tare
423 1057 694 1124 Rufiinus,
713 1057 857 1127 quod
890 1058 1004 1126 ipse
1028 1058 1094 1112 de
1116 1057 1309 1113 haeresi
1335 1073 1395 1113 ca
1425 1067 1703 1128 suspectus
1726 1068 1860 1112 erat.

280 1149 350 1206 Ut
376 1151 536 1220 igitur
559 1151 689 1206 liber
717 1151 801 1205 hic
820 1152 936 1206 sine
967 1151 1078 1206 ullo
1111 1152 1167 1206 in
1210 1152 1393 1207 liuiine
1423 1151 1751 1206 oﬂendiculo
1774 1165 1866 1206 re-

276 1243 567 1311 ciperetur,
596 1241 966 1312 praefationem
998 1241 1215 1311 quidem
1267 1242 1517 1311 prteilttit,
1544 1242 1637 1297 sed
1669 1256 1866 1296 nomen

277 1333 554 1388 subticuit.
604 1333 804 1388 Eodem
849 1335 1011 1388 modo
1062 1351 1256 1390 nomen
1305 1350 1458 1389 suum
1489 1338 1782 1407 suppressit
1815 1338 1865 1391 iu

274 1428 510 1484 editione
539 1429 903 1484 translationis
936 1431 1187 1485 librorum
1219 1431 1462 1500 Origenis
1500 1437 1619 1508 περὶ
1661 1435 1864 1507 ἀρχῶν,

273 1522 412 1591 quod
469 1523 825 1593 Hieronymus
877 1521 1075 1578 iudicat
1122 1525 1280 1593 epist.
1333 1524 1401 1577 66
1452 1525 1518 1578 ad
1553 1525 1865 1579 Hufiinum:

279 1633 298 1668 α
338 1616 748 1672 Prmfatiuncula
784 1618 1038 1673 librorum
1068 1622 1188 1691 mp!
1237 1622 1419 1696 ἀρχῶν
1469 1621 1534 1674 ad
1590 1637 1675 1676 me
1703 1622 1866 1676 missa

273 1719 372 1775 est,
401 1726 561 1778 quam
590 1725 652 1765 ex
679 1713 815 1780 stylo
850 1711 1085 1766 intellexi
1111 1707 1253 1766 tuam
1294 1728 1437 1768 esse.
1471 1733 1488 1765 ›

1976 500 2159 554 titulus
2189 509 2323 566 erat,
2365 499 2492 556 Vita:
2527 497 2739 553 Patrum
2774 500 3133 567 Orientalium,
3165 502 3282 557 sine
3311 511 3552 559 auctore.

1972 593 2124 662 Quod
2158 603 2333 650 tamen
2365 594 2541 648 inveni
2577 595 2629 647 in
2661 592 2973 663 pm-fatione
3004 595 3257 663 scriptum
3285 610 3315 648 a
3343 593 3562 651 Valerio

1974 687 2304 742 Asturicensi
2349 686 2835 756 archipresbytero,
2869 701 2974 740 asra
3002 686 3127 751 940,
3165 687 3265 740 hoc
3302 696 3384 741 est
3412 701 3555 743 anno

1947 781 2181 866 Domini
2213 781 2336 835 90:2.
2368 781 2756 836 Exordiebatur
2802 790 2978 836 autem
3010 797 3036 834 a
3063 782 3179 836 Vita
3206 781 3455 845 Joannis,
3482 782 3554 838 de

1971 891 2077 946 quo
2103 876 2238 932 liber
2270 875 2480 944 Evagrii
2511 875 2714 947 (verius
2733 875 2948 940 Rufhni,
2966 885 3020 929 ut
3039 877 3146 944 jam
3171 875 3433 945 probavi),
3459 872 3556 931 sed

1972 972 2140 1026 multo
2161 971 2419 1039 longiore.
2448 968 2648 1024 Deinde
2670 968 2900 1024 habebat
2919 971 3114 1024 multas
3136 969 3286 1024 Vitas
3307 970 3551 1036 Patrum,

1973 1063 2128 1129 longe
2155 1061 2488 1116 diversorum
2520 1060 2586 1114 ab
2638 1058 2702 1114 iis
2724 1058 2817 1128 qui
2854 1057 3158 1116 referuntur
3186 1058 3550 1115 communiter

1973 1153 2026 1208 in
2083 1152 2213 1208 Vitis
2271 1153 2523 1217 Patrum,
2576 1165 2737 1222 quam
2792 1151 2860 1206 ob
2931 1166 3045 1207 rem
3105 1165 3317 1206 omnem
3377 1166 3553 1208 meam

1975 1247 2338 1313 suspicionem
2368 1245 2564 1315 abjcci.
2605 1265 2624 1298 ι
2661 1245 2926 1301 Hactenus
2950 1245 3188 1302 Castrius
3213 1255 3412 1300 noster.

2041 1337 2273 1392 Omnino
2303 1337 2513 1392 occasio
2543 1337 2851 1405 suspicandi
2883 1347 3017 1400 erat,
3047 1352 3167 1393 cum
3199 1353 3394 1393 nomen
3425 1337 3554 1393 illud

1975 1432 2216 1500 praefatio
2242 1430 2539 1499 praeferret.
2566 1429 2669 1485 Sed
2687 1429 3048 1486 certissimum
3071 1429 3226 1484 nobis
3249 1430 3315 1483 de
3337 1442 3556 1485 auctore

1974 1522 2056 1576 vel
2089 1523 2381 1590 interprete
2411 1521 2569 1590 hujus
2592 1522 2809 1579 secundi
2838 1521 2956 1579 libri
2985 1537 3050 1578 ex
3083 1520 3206 1576 divo
3235 1521 3560 1592 Hieronymo

1973 1616 2210 1684 suppetit
2260 1616 2643 1672 testimonium.
2670 1615 2830 1682 Quin,
2865 1615 3006 1682 quod
3057 1615 3188 1672 liber
3225 1616 3314 1670 ille
3345 1616 3560 1675 Toleta-

1976 1720 2076 1762 uus
2107 1707 2316 1762 dicatur
2369 1707 2600 1775 scriptus
2647 1721 2675 1762 a
2710 1705 2943 1771 Valerio,
2973 1723 3078 1763 non
3125 1706 3302 1762 statim
3328 1707 3451 1762 inde
3478 1721 3560 1762 se-

344 1801 620 1866 Secundo,
649 1804 769 1872 quia
804 1803 1048 1858 Rutfinus
1078 1805 1236 1875 hujus
1259 1804 1376 1860 libri
1409 1821 1513 1860 non
1548 1816 1652 1859 tam
1683 1816 1870 1862 auctor
1898 1806 1947 1867 B
1973 1801 2154 1867 quitur
2181 1817 2303 1856 eum
2331 1801 2448 1868 ejus
2474 1802 2592 1857 libri
2619 1811 2888 1860 auctorum
2916 1816 3055 1858 esse.
3089 1799 3233 1856 Multi
3262 1801 3554 1871 scriptores

277 1896 485 1965 (utjam
517 1897 650 1966 dixi)
681 1913 838 1967 quam
864 1899 1131 1968 interpres
1154 1909 1266 1966 est;
1298 1900 1526 1969 ideoque
1557 1901 1725 1954 noluit
1747 1917 1868 1956 eum

271 2001 368 2040 suo
401 1988 602 2042 nomini
634 2004 906 2058 arrogarc.
939 1989 1072 2045 Cum
1098 1993 1241 2048 enim
1274 1991 1387 2048 fere
1413 1993 1588 2047 omnia
1619 2008 1738 2063 quae
1769 1993 1870 2049 hoc

271 2080 408 2136 libro
443 2092 728 2138 narrantur
757 2085 888 2156 (uno
931 2086 1108 2155 capite
1156 2090 1224 2143 de
1267 2088 1594 2160 Oxyryncho
1621 2089 1869 2160 excepto)

271 2171 569 2228 habeantur
601 2176 737 2244 apud
770 2176 1068 2233 Palladium
1095 2188 1148 2234 et
1181 2179 1541 2247 Heraclidem,
1574 2180 1869 2237 verisimile

271 2266 399 2320 mihi
436 2269 492 2320 tit
521 2267 815 2322 Palladium
848 2271 932 2324 vel
961 2269 1298 2326 Heraclidem
1328 2272 1413 2327 vel
1438 2273 1601 2327 alium
1634 2275 1740 2343 aliq
1767 2289 1868 2328 tem

271 2357 388 2414 hmc
413 2361 604 2417 Grtcce
632 2362 884 2428 edidisse,
918 2379 1207 2432 suppresso
1259 2368 1493 2435 nomine,
1528 2383 1644 2436 quae
1695 2367 1867 2422 Rufti-

271 2467 372 2507 nus
416 2456 597 2507 vertit.
632 2454 760 2520 Quae
817 2464 937 2519 post
984 2456 1253 2512 Palladius
1299 2459 1542 2512 auctiora
1577 2458 1743 2513 edidit
1771 2473 1869 2513 suo

269 2546 493 2599 nomine
526 2548 770 2615 prmilxo.
807 2555 862 2602 et
892 2547 1183 2603 Historiam
1233 2550 1538 2604 Lausiacam
1572 2553 1864 2620 inscripsit.

343 2636 470 2691 Hac
513 2653 653 2691 nunc
705 2638 974 2693 sufﬁciant
1021 2639 1090 2696 de
1136 2643 1432 2711 quaestione
1463 2644 1561 2696 hac
1593 2643 1862 2712 perplexa.

268 2726 336 2783 ﬂ.
403 2728 465 2783 P.
515 2729 778 2798 Georgius
828 2731 1121 2799 Garnelelt,
1177 2733 1478 2788 Carthusim
1528 2734 1867 2791 Coloniensis

266 2818 541 2882 alumnus,
593 2831 646 2874 et
699 2821 1162 2893 bibliothecarius,
1213 2827 1404 2880 studiis
1459 2827 1593 2881 meis
1627 2829 1868 2898 impense

268 2908 481 2976 favens,
504 2913 553 2965 in
584 2913 880 2980 appendice
909 2929 1003 2969 sua
1022 2916 1086 2970 ad
1111 2916 1505 2973 Elucidationes
1528 2933 1707 2974 sacras
1729 2921 1864 2975 ima-

267 3002 452 3071 ginum
487 3006 858 3073 eremitarum,
903 3022 1132 3077 operose
1178 3010 1399 3079 inquirit
1453 3015 1521 3066 de
1558 3012 1865 3069 auctoribus

269 3093 516 3151 Vitarutn
553 3098 998 3164 Patrum,volens
1031 3117 1118 3156 me
1150 3105 1448 3171 sublevare,
1479 3105 1563 3161 vel
1595 3115 1862 3161 errantem

1975 1907 2130 1947 suum
2164 1908 2356 1946 nomen
2420 1894 2702 1963 praefigunt
2732 1895 2813 1948 vel
2858 1903 3186 1962 postponunt
3219 1893 3369 1949 libris
3419 1909 3556 1964 quos

1973 1986 2392 2055 exscripserunt,
2417 1986 2522 2040 etsi
2566 2001 2670 2044 non
2701 1986 3116 2058 composuerint,
3145 1987 3282 2056 quod
3315 1986 3560 2055 ignorare

1975 2091 2081 2130 non
2111 2087 2287 2146 potest
2315 2075 2403 2146 qui
2428 2077 2512 2130 vel
2543 2092 2739 2147 paucos
2773 2077 2936 2132 libros
2960 2077 3083 2132 Mss.
3105 2078 3273 2132 oculis
3296 2077 3557 2131 lustravit.

1972 2168 2108 2223 Cum
2165 2178 2340 2223 autem
2400 2167 2534 2222 liber
2576 2168 2666 2223 ille
2711 2168 2996 2222 Toletanus
3043 2169 3248 2222 dicatur
3279 2168 3558 2221 continere

1978 2279 1997 2313 ι
2031 2261 2226 2315 multas
2259 2260 2404 2315 Vitas
2456 2261 2671 2315 Patrum
2730 2261 2885 2331 longe
2915 2261 3247 2315 diversorum
3281 2260 3348 2314 ab
3392 2261 3494 2324 his,
3533 2277 3555 2312 ι

1975 2355 2146 2422 potuit
2176 2353 2421 2408 Valerius
2453 2352 2540 2407 ille
2566 2368 2753 2407 novam
2782 2352 3151 2407 collectionem
3184 2349 3423 2405 Vit-arum
3454 2349 3558 2405 Pa-

1973 2454 2114 2500 trum
2147 2446 2460 2500 instituisse.

2375 2532 3056 2588 PROLEGOMENON
3099 2533 3168 2588 V.

2438 2627 2564 2693 Quis
2594 2629 2730 2680 tertii
2757 2627 2869 2681 libri
2891 2629 3108 2681 auctor?

2046 2719 2184 2774 Editi
2233 2718 2319 2774 hic
2351 2719 2469 2774 libri
2526 2729 2749 2789 pergunt
2793 2719 2992 2774 erroris
3022 2719 3202 2774 funem
3235 2732 3471 2786 nectere,
3498 2728 3555 2775 ct

1973 2813 2157 2868 Divum
2189 2812 2569 2884 Hieronymum
2593 2823 2870 2868 auctorem
2899 2813 3095 2868 faciunt
3121 2831 3135 2880 ;
3168 2815 3259 2868 sed
3283 2817 3452 2886 Stylus
3473 2831 3555 2869 sa<

1971 2908 2039 2960 tis
2089 2907 2263 2977 arguit
2311 2906 2428 2976 ejus
2455 2921 2559 2960 non
2590 2920 2731 2973 eSse,
2759 2906 2884 2961 licet
2918 2907 3012 2959 tria
3069 2907 3250 2960 ultima
3282 2908 3455 2976 capita
3488 2924 3556 2965 ex

1969 2997 2086 3067 ejus
2136 2997 2379 3066 epistolis
2419 2999 2697 3066 desumpta
2729 2998 2860 3063 sint,
2893 3014 3010 3067 qua:
3066 3011 3341 3055 auctorem
3400 3015 3556 3058 suum

1971 3104 2250 3151 venustate
2276 3095 2525 3150 dictionis
2553 3095 2800 3164 produnt.

267 3189 321 3244 in
352 3190 496 3244 viam
525 3191 806 3248 reducere.
840 3193 1128 3250 Contendit
1183 3198 1437 3266 maxime,
1480 3198 1863 3270 Hieronymum

2042 3186 2183 3241 Nihil
2239 3187 2462 3241 subsidii
2500 3187 2565 3239 ad
2619 3197 2890 3241 auctorem
2940 3187 3294 3257 indagandum
3348 3204 3375 3241 a
3431 3190 3557 3244 Mss.

266 3283 322 3338 in
350 3284 582 3354 epistola
609 3287 675 3339 ad
706 3283 1134 3355 Ctesiphontem,
1183 3303 1306 3343 cum
1351 3292 1446 3356 ait,
1481 3309 1498 3342 α
1534 3293 1623 3360 qui
1672 3293 1864 3348 iihrum

268 3389 488 3445 quoque
520 3376 740 3444 scripsit
770 3378 924 3445 quasi
969 3378 1037 3432 de
1084 3378 1377 3446 Monachis,
1411 3400 1429 3433 ι
1465 3381 1865 3453 intelligendum

267 3465 336 3521 de
366 3466 625 3536 Evagrio,
652 3482 758 3522 non
777 3467 844 3522 de
869 3467 1110 3524 Hufflno.
1143 3469 1285 3525 Nihil
1329 3471 1416 3527 hic
1443 3471 1602 3528 addo.
1633 3473 1865 3528 .ludicio-

267 3573 359 3614 sus
385 3560 560 3614 lector
612 3557 814 3616 texlum
847 3568 1050 3616 tantum
1095 3562 1369 3631 inspiciat,
1400 3580 1568 3634 quem
1612 3566 1699 3622 hic
1741 3577 1866 3624 ante

266 3653 421 3722 dedi,
451 3665 510 3712 et
529 3653 738 3723 judicet
769 3674 781 3707 :
821 3655 1057 3726 cujusvis
1095 3657 1297 3727 judicio
1323 3674 1546 3716 securus
1574 3664 1748 3718 stabo.
1799 3664 1866 3719 Et

269 3747 359 3815 qui
387 3746 700 3802 meminerit
727 3762 836 3802 non
862 3750 1030 3804 semel
1058 3765 1144 3805 me
1172 3751 1452 3822 scripsisse
1467 3751 1739 3809 Rufﬁnutn
1772 3770 1864 3826 po-

273 3840 384 3896 tius
417 3838 766 3908 interpretem
799 3855 959 3910 quam
1007 3854 1281 3898 auctorem
1331 3858 1472 3914 esse,
1529 3855 1771 3901 contorta
1798 3848 1866 3904 ab

269 3930 448 3985 amica
481 3945 643 3985 manu
672 3931 777 3987 tela
808 3933 1003 3988 evadet
1045 3935 1246 3990 omnia.
1285 3936 1420 3992 Nolo
1461 3937 1549 3992 hic
1578 3938 1864 3995 umbonem

272 4035 555 4090 apponere
577 4025 752 4079 amico
777 4024 1057 4092 benevolo,
1086 4027 1170 4082 vel
1190 4029 1291 4083 tela
1327 4030 1380 4084 in
1420 4031 1650 4087 amicum
1682 4042 1867 4103 pectus

270 4125 610 4186 retorquere.
640 4119 772 4173 Nam
821 4129 875 4176 et
922 4122 1040 4190 ipse
1069 4125 1286 4180 tandem
1318 4140 1438 4180 cum
1472 4129 1654 4181 omnia
1675 4143 1866 4184 excus-

271 4212 372 4274 sit,
408 4210 639 4281 Evagrio
683 4228 805 4268 eum
858 4214 1054 4271 librum
1105 4219 1346 4289 abrogat,
1380 4227 1432 4273 et
1459 4219 1720 4275 incertum
1747 4223 1866 4291 ejus

271 4311 552 4357 auctorem
605 4306 814 4359 statuit.
847 4306 999 4374 Quod
1033 4324 1062 4362 a
1088 4319 1270 4364 monte
1308 4325 1424 4365 mea
1456 4326 1560 4366 non
1591 4313 1863 4380 abhorret,

270 4407 398 4449 cum
434 4394 708 4454 Rufﬁnum
742 4398 934 4454 saltem
985 4399 1102 4470 ejus
1147 4402 1492 4471 interpretem
1523 4406 1865 4461 asseruerim.

271 4487 438 4543 Certe
488 4489 683 4545 Rufftni
738 4492 824 4548 hic
861 4508 1075 4548 manum
1138 4498 1452 4564 accessisse,
1483 4498 1574 4568 qui
1605 4513 1866 4568 perpensa

1973 3279 2120 3333 libris
2175 3280 2260 3333 hic
2289 3279 2478 3333 habeo.
2512 3279 2718 3333 Nullius
2750 3281 2891 3334 enim
2923 3281 3007 3334 hic
3031 3296 3223 3336 nomen
3247 3291 3557 3339 constanter

1971 3372 2285 3442 prmﬂgitur.
2323 3371 2417 3427 Vel
2448 3374 2588 3427 enim
2606 3373 2696 3443 qui
2728 3374 3053 3443 praecedenti
3082 3374 3216 3431 libro
3238 3384 3292 3430 et
3314 3375 3558 3447 sequenti

1971 3465 2257 3536 Evagrium
2302 3474 2392 3520 aut
2445 3465 2846 3524 Postumianum
2906 3469 3218 3538 inscribunt,
3250 3469 3391 3527 hunc
3443 3473 3560 3530 sine

1968 3557 2315 3628 inscriptione
2358 3560 2592 3614 medium
2627 3561 2854 3616 transire
2875 3563 3220 3634 permittunt;
3249 3565 3329 3619 vel
3361 3566 3406 3618 si
3434 3580 3559 3621 eos-

1969 3649 2089 3704 dem
2119 3659 2367 3706 auctores
2383 3652 2545 3706 etiam
2572 3652 2695 3706 huic
2717 3653 3045 3725 inscribunt,
3084 3670 3311 3712 erronee
3337 3657 3558 3726 faciunt,

1971 3753 2026 3798 ut
2054 3744 2120 3799 de
2145 3743 2482 3813 praecedente
2513 3745 2648 3801 libro
2683 3745 2794 3814 jam
2828 3746 3005 3801 docui.
3038 3749 3187 3815 Quod
3219 3748 3262 3803 si
3292 3765 3414 3804 eum
3464 3751 3557 3820 qui

1970 3837 2291 3905 praecedenti
2315 3837 2452 3891 libro
2482 3837 2809 3906 inscribitur,
2835 3839 2995 3893 etiam
3026 3839 3181 3909 hujus
3204 3849 3258 3895 et
3286 3845 3560 3911 sequentis

1967 3934 2091 3991 libri
2121 3943 2394 3990 auctorem
2448 3949 2570 3991 esse
2600 3935 2805 4000 volunt,
2838 3936 3038 3990 nullum
3067 3934 3154 4006 jus
3210 3937 3383 4005 potius
3420 3936 3562 3993 Eva-

1966 4031 2083 4099 grio
2112 4039 2165 4085 et
2193 4027 2559 4098 Postumanio,
2590 4043 2747 4098 (luam
2776 4025 3014 4099 Ruftino,
3044 4041 3163 4082 cum
3191 4039 3244 4083 et
3276 4029 3431 4100 hujus
3464 4043 3561 4084 no-

1968 4137 2090 4177 men
2142 4122 2193 4176 in
2244 4120 2368 4177 Mss.
2403 4121 2720 4192 quibusdam
2769 4121 3092 4192 praecedenti
3132 4120 3270 4176 libro
3321 4123 3559 4194 prazscrb

1969 4213 2141 4268 batur.

2040 4303 2175 4373 Quid
2229 4306 2421 4376 igitur?
2453 4305 2631 4362 nullus
2659 4322 2728 4361 ne
2768 4308 2853 4361 hic
2879 4315 3060 4363 certus
3109 4317 3294 4363 auctor
3324 4309 3561 4380 indagari

1969 4398 2200 4470 poterit?
2237 4399 2495 4469 Equidem
2523 4398 2670 4471 [xxx]
2703 4401 2879 4456 evenit
2904 4400 3052 4464 mihi,
3089 4399 3230 4470 quod
3253 4401 3381 4457 olim
3426 4403 3554 4461 divo

1969 4487 2294 4563 Hieronymo
2345 4493 2395 4546 in
2448 4508 2506 4547 re
2563 4507 2668 4546 non
2720 4491 2990 4557 absimili;
3033 4493 3117 4548 cui
3150 4509 3271 4547 cum
3315 4494 3557 4564 prmfatio

272 4581 590 4653 Hieronymi
618 4585 764 4640 illam
787 4587 854 4641 ad
878 4587 1287 4659 Ctesiphontem
1333 4590 1615 4660 epistolam
1660 4592 1864 4662 legerit,
1893 4589 1946 4652 D
1972 4582 2230 4640 librorum
2285 4589 2403 4660 περὶ
2451 4588 2632 4663 ἀρχῶν
2664 4584 2912 4655 Origenis
2939 4585 3225 4642 offerretur
3253 4589 3397 4643 nullo
3423 4605 3557 4660 pra:-

273 4674 527 4731 dubitare
557 4692 666 4732 non
699 4679 914 4748 poterit.

277 4791 305 4865 ᾗ
340 4792 431 4849 XI.
474 4795 747 4850 Auctorem
775 4795 935 4849 videri
992 4794 1261 4849 Valerium
1290 4795 1667 4850 Asturicensem
1697 4797 1868 4851 archi-

885 4867 1254 4938 presbyterum.

351 4958 530 5027 Atque
559 4958 629 5013 de
653 4959 963 5015 auctoribus
995 4958 1143 5015 hisce
1168 4960 1278 5029 jam
1321 4959 1389 5013 ita
1429 4957 1863 5028 disquisiveram,

275 5065 401 5105 cum
435 5066 562 5106 ecce
580 5067 643 5106 ex
664 5051 918 5119 Hispania
946 5051 1109 5107 mittit
1135 5052 1201 5106 ad
1225 5067 1311 5106 me
1334 5051 1677 5107 tractatulum
1709 5065 1864 5110 suum

276 5143 350 5198 de
379 5143 689 5200 auctoribus
717 5143 958 5212 Vjtarum
987 5142 1159 5216 [uix]
1194 5145 1406 5201 Patrum
1436 5143 1501 5200 R.
1540 5144 1597 5201 Ρ.
1621 5143 1864 5202 Christo-

277 5236 484 5304 phorus
508 5234 576 5290 de
597 5235 804 5302 Castro,
841 5251 1008 5294 sacrae
1032 5236 1325 5306 Scriptura:
1351 5237 1404 5294 in
1456 5236 1865 5294 Salmanticensi

276 5324 567 5380 Academia
603 5327 894 5395 professor,
928 5328 980 5384 in
1010 5343 1115 5397 quo
1139 5328 1282 5386 inter
1307 5328 1411 5384 alia
1440 5329 1631 5387 scribit
1673 5330 1726 5386 in
1751 5329 1867 5388 hac

273 5418 439 5471 verba
463 5434 479 5470 :
645 5421 649 5424 ’

361 5529 377 5562 ι
416 5510 543 5565 Mihi
572 5511 857 5580 aliquando
884 5513 1192 5569 iumentem
1227 5514 1472 5568 veniebat
1515 5522 1730 5569 essetne
1772 5527 1869 5567 au-

277 5613 397 5659 ctor
445 5604 566 5659 libri
614 5604 853 5660 Valerius
899 5607 1258 5664 Asturicensis
1305 5607 1762 5679 archipresbyter,
1808 5608 1863 5662 in

276 5703 436 5772 cujus
459 5702 657 5770 scripta
687 5717 813 5756 casu
845 5701 1003 5759 incidl
1023 5745 1036 5770 ,
1061 5719 1179 5758 cum
1213 5701 1266 5758 in
1318 5703 1636 5758 bibliotheca
1686 5703 1865 5758 eccle-

279 5807 376 5850 sta
407 5793 678 5850 Toletanae
705 5794 879 5866 aliqua
909 5795 1212 5854 evolverem
1241 5795 1367 5853 Mss.
1401 5793 1486 5852 ubi
1529 5794 1633 5852 vidi
1661 5795 1864 5867 justum

1972 4677 2078 4732 fixo
2126 4677 2319 4745 titulo,
2377 4693 2439 4732 ex
2489 4678 2629 4748 stylo
2680 4677 3033 4748 deprehendit
3063 4667 3255 4735 liufiini
3296 4697 3448 4747 esse,
3501 4691 3559 4739 ut

1972 4773 2088 4842 ipse
2146 4781 2371 4827 testatur
2423 4772 2578 4842 epist.
2627 4772 2799 4837 66,ad
2853 4772 3102 4828 eumdem
3150 4774 3446 4854 Bullinum.
3498 4776 3556 4831 Si

1972 4863 2113 4920 idem
2163 4864 2320 4920 hodie
2377 4864 2842 4932 mihi,obtusioris
2893 4866 3011 4922 licet
3062 4868 3237 4936 naris,
3269 4869 3558 4938 contigisse

1969 4955 2180 5022 dixero,
2216 4955 2440 5012 fortasse
2475 4973 2578 5012 non
2635 4957 2855 5014 omnino
2902 4973 3174 5015 erravero.
3205 4961 3308 5015 Sed
3336 4958 3558 5028 vestigia

1969 5048 2130 5120 hujus
2160 5049 2442 5122 indaginis,
2471 5059 2620 5108 certa
2647 5053 2796 5122 satis,
2824 5053 2927 5108 nisi
2956 5068 3042 5110 me
3071 5053 3220 5117 fallo;
3253 5067 3393 5108 nunc
3418 5054 3558 5108 assi-

1967 5145 2159 5215 gnabo.

2041 5239 2175 5294 Cum
2224 5247 2470 5295 accurate
2513 5239 2672 5310 hujus
2721 5252 2776 5296 et
2821 5239 3172 5311 praecedentis
3204 5239 3321 5293 libri
3369 5239 3557 5309 prmia-

1973 5329 2172 5401 tionem
2224 5329 2362 5383 inter
2403 5343 2462 5384 se
2511 5327 2814 5384 conferrem
2843 5370 2856 5393 ,
2887 5324 3218 5395 deprehendi
3273 5342 3379 5383 non
3434 5329 3558 5404 styli

1981 5431 2182 5477 tantum
2233 5423 2534 5490 paritatetu,
2563 5421 2658 5476 sed
2714 5419 2820 5474 duo
2873 5428 3156 5488 praeterea,
3184 5435 3306 5490 qua:
3335 5437 3422 5478 me
3465 5436 3553 5478 au-

1975 5516 2161 5585 ctoris,
2192 5518 2279 5570 vel
2307 5525 2453 5572 certe
2480 5513 2809 5584 interpretis,
2843 5512 3126 5569 certiorem
3151 5515 3412 5572 fecerunt.

2050 5615 2103 5668 i.
2133 5611 2375 5668 Hufﬁnus
2411 5653 2424 5677 ,
2466 5609 2778 5680 praefatione
2832 5608 2951 5664 libri
3015 5610 3368 5680 precedentis
3397 5652 3410 5677 ,
3442 5610 3558 5669 inec

1975 5704 2132 5762 habet
2161 5705 2214 5761 in
2247 5702 2762 5760 commendationem
2792 5707 3175 5760 monachorum
3202 5722 3217 5759 :
3247 5721 3266 5756 ι
3307 5703 3371 5759 Ut
3404 5703 3558 5760 dubi-

1975 5799 2073 5855 tari
2097 5814 2202 5855 non
2229 5797 2420 5855 debeat
2440 5809 2625 5853 eorum
2649 5796 2852 5853 meritis
2869 5796 3042 5853 adhuc
3062 5806 3207 5854 stare
3229 5793 3506 5852 mundum.
3530 5814 3552 5849 ι
