4124 6350
563 363 628 422 39
1487 365 1553 424 IN
1591 366 1794 425 VlTAS
1834 367 2119 427 PATRUM
2159 364 2673 427 PROLEGOMENA
2713 365 2901 426 XXVI.
3773 364 3844 428 ιο

559 479 640 536 Ad
685 492 841 550 quem
868 477 1116 537 eumdem
1167 480 1340 537 locum
1391 491 1580 538 auctor
1623 483 1938 552 respiciens,
1968 494 2022 541 et
2043 483 2145 540 sibi
2171 485 2224 544 Α
2250 481 2406 538 video
2429 497 2526 538 cur
2548 497 2656 538 non
2689 481 2857 554 possit
2889 480 3050 538 tribui
3074 479 3340 539 Eucherio
3367 480 3480 539 haec
3499 496 3570 540 ex
3588 479 3842 546 Cassiano

558 573 710 644 quasi
753 572 1212 643 epiphonematice
1268 574 1632 644 respondens,
1668 576 1950 646 prologum
1991 575 2150 646 hujus

557 667 775 723 secundi
817 668 934 723 libri
992 669 1065 723 ita
1113 669 1421 736 auspicatur
1451 687 1465 723 :
1496 687 1515 722 ί
1548 669 1687 725 Vere
1741 671 1997 727 mundum
2031 671 2148 745 quis

555 760 765 815 dubitet
794 761 997 816 meritis
1027 771 1172 816 stare
1195 763 1546 818 sanctorum?
1583 781 1601 815 ι

627 873 679 924 9..
711 871 973 938 Bullinus,
1001 872 1314 941 praefatione
1365 875 1552 931 eadem
1585 877 1944 946 praecedentis
2003 877 2147 944 libri,

557 962 798 1030 quazdam
827 963 1160 1017 adumbravit
1201 978 1269 1018 ex
1302 966 1563 1034 pI'OtBlnlO
1589 966 1808 1021 Palladii
1849 967 1900 1021 in
1930 966 2151 1022 Lausia-

560 1069 676 1107 cam
708 1055 1027 1120 Historiam;
1089 1058 1141 1111 in
1171 1058 1328 1126 lmjus
1360 1074 1490 1115 vero
1522 1059 1642 1115 libri
1675 1061 1897 1132 prologo
1933 1077 1998 1116 ex
2027 1061 2150 1116 Pal-

554 1144 679 1199 ladii
711 1146 936 1215 epiStola
982 1147 1046 1201 ad
1098 1148 1365 1216 Lausum,
1397 1165 1518 1219 quas
1571 1152 1836 1220 prommio
1881 1151 2151 1207 subnecti-

560 1247 667 1303 tur,
702 1239 1030 1308 transcribit,
1061 1255 1182 1310 qua:
1232 1241 1363 1298 locis
1407 1243 1518 1298 suis
1538 1243 1735 1300 collata
1776 1249 1830 1300 et
1858 1252 2040 1299 notata
2069 1243 2150 1298 in-

552 1334 756 1388 venies.

621 1426 797 1493 Quare
845 1441 967 1481 cum
1027 1442 1133 1483 una
1187 1427 1434 1498 praefatio
1487 1429 1714 1484 alteram
1776 1427 2029 1497 respiciat
2076 1426 2146 1482 ad

551 1532 774 1588 eamque
819 1519 1039 1586 alludat,
1067 1531 1121 1575 et
1175 1531 1404 1591 utraque
1449 1536 1514 1578 ex
1545 1522 1738 1578 eodem
1789 1521 1939 1576 fonte
1969 1531 2147 1576 ortum

550 1611 766 1681 habt-at,
793 1615 1016 1685 parique
1045 1615 1170 1686 styli
1210 1615 1462 1671 decurrat
1519 1617 1701 1684 alveo,
1729 1615 1982 1670 existimo
2019 1614 2150 1669 satis

548 1706 898 1774 probabiliter
950 1708 1228 1779 utriusque
1271 1709 1612 1778 praefationis
1642 1718 1697 1767 et
1742 1708 1868 1763 libri
1899 1707 2147 1763 eumdem

550 1808 825 1854 auctorem
845 1800 927 1854 vel
957 1802 1300 1870 interpretem
1314 1816 1474 1871 posse
1491 1801 1669 1857 statui.
1707 1798 1860 1858 Unde
1873 1809 1927 1857 et
1949 1798 2145 1855 librum

554 1887 698 1942 hunc
729 1888 942 1946 Rullino
971 1892 1237 1961 inscripsi.

936 1999 1609 2059 PROLEGOMENON
1658 2002 1743 2059 Vl.

979 2114 1110 2178 Quis
1138 2116 1308 2184 quarti
1344 2116 1463 2170 libri
1499 2119 1715 2171 auctor?

621 2222 782 2280 Dico:
817 2226 1047 2294 Quartus
1094 2229 1231 2285 liber
1261 2246 1328 2286 ex
1356 2232 1559 2289 Severo
1587 2233 1824 2304 Sulpicio
1861 2243 1915 2290 et
1938 2233 2144 2290 Joanne

544 2311 800 2371 Cassiano
825 2330 905 2374 est
929 2322 1296 2377 concinnatus.

616 2413 749 2466 Sunt
778 2415 919 2469 enim
977 2424 1178 2470 tantum
1212 2428 1466 2487 excerpta
1493 2418 1742 2489 quaedam
1768 2432 1834 2473 ex
1865 2433 2048 2473 eorum
2081 2418 2144 2473 li-

548 2503 682 2571 bris,
705 2505 882 2560 verbis
905 2521 1040 2574 pene
1077 2508 1301 2562 eisdem.
1333 2509 1472 2565 Loca
1501 2509 1732 2579 singula,
1760 2510 1903 2564 ttnde
1929 2509 2141 2564 desum-

542 2603 633 2664 pta
664 2606 807 2663 sunt,
838 2597 903 2652 ad
931 2599 1132 2668 singula
1157 2600 1332 2670 capita
1361 2602 1755 2656 annotavimus.

613 2688 742 2755 Quis
789 2700 969 2744 autem
1002 2706 1062 2745 ea
1117 2693 1543 2759 concinnaverit,
1598 2707 1705 2747 non
1756 2693 1929 2748 habeo
1987 2705 2142 2750 certo

543 2779 741 2836 dicere.
778 2782 1068 2839 Videamus
1112 2793 1288 2840 tamen
1338 2802 1406 2841 an
1457 2797 1510 2842 et
1569 2786 1658 2840 hic
1692 2787 1833 2840 felici
1892 2786 2143 2855 indagine

541 2877 812 2946 possimus
841 2879 907 2934 ad
937 2881 1331 2938 concinnatoris
1357 2885 1640 2952 pervenire
1667 2884 1888 2939 cubilia.
1908 2884 2063 2952 Quod
2092 2884 2138 2938 si

543 2984 650 3024 non
693 2972 912 3026 omnino
960 2976 1396 3044 pervenerimus,
1445 2977 1740 3046 jucundum
1795 2980 1983 3034 saltem
2042 2980 2144 3035 erit

542 3072 724 3130 pressa
749 3062 940 3131 legisse
973 3065 1214 3135 vestigia.

610 3153 736 3210 Scio
762 3154 1118 3224 Gennadium,
1149 3159 1218 3214 de
1239 3159 1438 3230 Script.
1467 3160 1780 3233 Eccl.,cap.
1808 3162 1898 3229 65,
1928 3164 2142 3220 tradere

2253 578 2614 633 concinnatio.

2322 671 2432 726 Nisi
2461 670 2687 726 fortasse
2735 671 2998 740 quispiam
3048 670 3263 726 obstare
3309 668 3598 740 velitquod
3629 670 3841 730 hocco-

2253 759 2374 817 dem
2419 761 2735 832 compendio
2768 776 2863 829 per
2910 761 3094 818 Severi
3119 761 3292 816 vineta
3329 762 3434 816 itur
3457 804 3472 827 ,
3499 777 3617 832 qua
3648 773 3703 818 et
3730 764 3840 834 ipsa

2254 853 2517 923 putatoria
2561 851 2838 907 creduntur
2891 852 3048 908 falce.
3077 850 3149 906 Ita
3203 851 3417 922 quidem
3463 850 3658 907 librum
3701 853 3841 908 hunc

2251 953 2498 1016 quartum
2526 956 2580 1001 et
2611 946 2749 1000 Editi
2781 956 2835 1001 ct
2865 945 2990 1000 Mss.
3019 960 3084 1002 ex
3111 945 3312 1000 Severo
3341 953 3395 999 et
3447 944 3729 1011 Cassiano,
3764 956 3843 1000 ta-

2252 1042 2375 1098 citis
2400 1049 2577 1097 tamen
2604 1041 2930 1107 nominibus,
2967 1041 3284 1096 adornatum
3307 1040 3581 1096 exhibent.
3613 1040 3726 1096 Non
3749 1041 3842 1097 de-

2253 1142 2380 1190 sunt
2399 1142 2575 1189 tamen
2602 1134 2756 1197 Mss.,
2788 1133 2867 1188 uti
2889 1131 3356 1199 Camberonensis,
3377 1133 3466 1201 qui
3491 1131 3681 1186 librum
3703 1132 3843 1190 hunc

2253 1237 2507 1299 quartum
2530 1243 2598 1284 ex
2628 1226 2744 1282 solo
2771 1225 3030 1282 Cassiano
3054 1225 3248 1281 habeat
3269 1225 3845 1296 expressum,otnissis

2251 1321 2358 1377 illis
2384 1337 2504 1392 quae
2521 1337 2591 1378 ex
2621 1320 2821 1378 Severo
2853 1321 3055 1389 passim
3099 1319 3510 1388 praemittuntur.
3543 1318 3718 1390 Atque
3770 1319 3845 1376 ita

2251 1410 2522 1470 Eucherio
2561 1413 2678 1468 haec
2704 1412 2941 1482 epitome
2981 1411 3140 1468 tribui
3172 1425 3332 1482 posse
3353 1411 3524 1468 videri
3547 1413 3731 1482 possit.

2322 1506 2546 1562 Accedit
2597 1506 2739 1563 Petri
2785 1505 3028 1560 Damiani
3061 1521 3169 1560 non
3191 1504 3411 1561 omnino
3429 1519 3557 1561 vero
3586 1504 3842 1563 absimile

2251 1597 2615 1653 testimonium
2647 1597 2738 1652 lib.
2759 1613 2812 1661 v,
2835 1599 2994 1667 epist.
3027 1596 3094 1652 19
3118 1614 3133 1651 :
3157 1614 3177 1649 ι
3205 1595 3357 1664 Quod
3386 1597 3432 1652 si
3453 1596 3603 1653 vobis
3620 1597 3844 1653 dubium

2254 1687 2487 1755 videtur,
2512 1690 2700 1746 saltem
2733 1697 3030 1745 vestrarum
3059 1689 3287 1759 partium
3319 1689 3631 1746 testimonio
3656 1704 3846 1747 aurem

2253 1788 2688 1850 accommodate;
2741 1784 2900 1855 legite
2930 1781 3261 1840 Collationes
3314 1782 3550 1849 Patrum,
3583 1798 3715 1853 quas
3735 1783 3847 1840 Eu-

2170 1867 2220 1930 B
2247 1874 2463 1932 cberius
2484 1875 2852 1944 Lugdunensis
2883 1877 3168 1946 episcopus
3214 1877 3432 1932 eliman
3453 1890 3710 1933 sermone
3748 1876 3848 1933 abc

2250 1967 2502 2024 breviare
2524 1969 2760 2033 studuit;
2790 1976 2845 2024 et
2870 1968 2914 2023 si
2945 1968 3102 2024 nobis
3137 1967 3361 2024 credere
3389 1984 3494 2024 non
3521 1969 3707 2038 vultis,
3738 1969 3848 2025 sal-

2249 2068 2357 2115 tem
2376 2060 2519 2115 illius
2550 2061 2746 2116 littera:
2775 2060 2998 2116 credite.
3034 2079 3054 2112 ι
3085 2060 3203 2132 Agit
3231 2060 3304 2115 ibi
3339 2060 3406 2117 de
3433 2061 3628 2117 vestitu
3659 2077 3848 2118 mona-

2247 2154 2474 2208 chorum
2508 2152 2818 2220 Damianus,
2843 2154 2911 2208 de
2937 2167 3045 2223 quo
3087 2153 3140 2208 in
3190 2151 3291 2209 hoc
3315 2151 3503 2210 Severi
3525 2163 3581 2210 et
3601 2150 3847 2210 Cassiani

2247 2246 2573 2316 compendio
2591 2246 2756 2302 habes
2777 2262 2894 2318 cap.
2929 2245 3015 2300 15.

2318 2336 2454 2406 Quia
2476 2346 2656 2393 tamen
2688 2338 2827 2394 Editi
2869 2354 3059 2396 omnes
3100 2348 3155 2397 et
3200 2340 3453 2411 plerique
3491 2340 3619 2396 Mss.
3647 2339 3850 2397 librum

2247 2430 2390 2486 hunc
2413 2446 2480 2486 ex
2510 2440 2741 2502 utroque
2767 2441 3102 2488 contractum
3123 2441 3533 2502 repraesentant,
3551 2432 3848 2489 videndum

2248 2542 2314 2582 an
2339 2527 2481 2594 quod
2509 2527 2669 2583 habet
2699 2526 3077 2599 Cassiodorus,
3107 2529 3290 2584 Divin.
3317 2528 3851 2600 instit.,cap.29,de

2249 2617 2463 2675 Victore
2489 2619 2722 2690 quodam
2752 2620 2909 2687 Afro,
2934 2621 3038 2676 huc
3067 2622 3242 2678 facere
3275 2621 3482 2692 possit:
3522 2642 3541 2675 ι
3576 2623 3851 2692 Cassiani,

2249 2709 2448 2779 inquit,
2478 2711 2620 2766 dicta
2651 2710 2830 2767 Victor
2879 2713 3262 2784 Martyritanus
3291 2717 3571 2786 episcopus
3599 2715 3714 2770 Afet
3747 2715 3851 2784 ita,

2249 2803 2479 2860 Domino
2500 2805 2743 2874 juvante,
2766 2809 3050 2878 purgavit,
3073 2817 3128 2865 et
3156 2825 3275 2880 qua:
3305 2810 3480 2864 minus
3509 2818 3660 2864 erant
3689 2808 3851 2864 addi-

2245 2896 2342 2965 dit,
2375 2907 2430 2952 ut
2479 2898 2528 2953 ei
2571 2914 2746 2954 rerum
2781 2899 3003 2954 istarum
3047 2901 3223 2971 palma
3268 2902 3461 2956 merito
3485 2900 3792 2955 conferatur
3823 2918 3836 2954 :

2245 3002 2404 3057 quem
2434 2988 2571 3044 inter
2600 2989 2705 3043 alia
2727 2989 2795 3044 de
2825 2989 3024 3045 Africae
3066 2990 3308 3060 partibus
3331 2988 3520 3062 [χχιιι]
3549 2989 3656 3044 cito
3683 2989 3848 3046 nobis

2247 3082 2514 3137 credimus
2543 3097 2664 3138 esse
2685 3082 3046 3154 dirigentium.
3078 3103 3096 3136 ι
3130 3083 3292 3140 Forte
3319 3087 3460 3139 enim
3487 3083 3689 3139 additio
3722 3083 3844 3140 hate

2247 3171 2469 3242 intelligi
2525 3183 2700 3244 potest
2733 3174 2800 3229 de
2831 3173 3019 3231 Severi
3047 3175 3302 3244 epitome,
3335 3190 3454 3244 qua:
3481 3174 3566 3230 hic
3595 3171 3845 3230 Cassiani

542 3245 869 3304 Eucherium
893 3250 1266 3321 Lugdunensis
1293 3253 1549 3309 Ecclesia:
1574 3257 1969 3327 presbyterum,
1996 3272 2142 3327 qure-
2172 3266 2217 3331 ρ
2249 3265 2500 3333 ερίιοηιω
2528 3265 2781 3336 adjuncta
2803 3273 2906 3322 est,
2939 3265 3051 3322 Nisi
3075 3266 3320 3334 quadam
3344 3266 3609 3321 addiderit
3636 3263 3700 3320 iis
3721 3281 3846 3337 qua,

543 3341 663 3396 dam
695 3342 933 3399 Cassiani
963 3346 1220 3414 opuscula
1250 3347 1358 3402 lato
1407 3356 1556 3403 tensa
1602 3363 1850 3404 sermone
1873 3391 1890 3417 ,
1913 3358 2147 3422 angusto

543 3434 690 3490 verbi
710 3435 996 3491 resolvisse
1025 3439 1260 3503 tramite,
1286 3447 1340 3492 et
1359 3439 1410 3492 in
1425 3455 1588 3494 unum
1608 3441 1864 3496 volumen
1875 3444 2136 3512 coegisse.

613 3526 739 3582 Scio
764 3528 1162 3595 Cassiodorum,
1185 3530 1361 3587 Instit.
1387 3531 1580 3602 divin.,
1603 3548 1722 3601 cap.
1751 3533 1843 3601 9.9,
1868 3535 2142 3592 alftrmare

543 3617 818 3677 Victorem
842 3623 1128 3690 quemdam
1157 3622 1781 3696 Al'rum,Martyritanum
1803 3626 2138 3695 episcopum,

544 3705 788 3767 Cassiani
840 3713 907 3768 de
955 3713 1288 3771 institutione
1335 3714 1507 3790 [xm]
1562 3717 1949 3774 monachorum
1997 3718 2139 3774 dicta

541 3818 822 3874 purgasse,
847 3817 900 3861 et
927 3822 1047 3878 qua:
1099 3807 1276 3864 minus
1308 3819 1504 3878 erant,
1533 3809 1828 3879 addidisse,
1871 3827 1978 3869 non
2023 3811 2140 3868 sine

545 3898 772 3968 palmari
805 3899 979 3956 laude.

612 3992 720 4046 Sed
748 4009 814 4047 an
874 3994 962 4047 hic
1016 3994 1167 4062 liber,
1201 4011 1360 4066 quem
1395 3995 1654 4053 habemus
1706 4013 1820 4066 pra:
1866 3999 2138 4066 manibus,

543 4083 628 4140 Vel
650 4084 770 4138 libri
797 4084 978 4154 aliqua
1015 4100 1163 4154 pars,
1197 4087 1348 4142 alteri
1383 4103 1572 4143 eorum
1596 4089 1876 4145 tribuenda
1909 4092 2000 4156 sit,
2033 4106 2142 4146 non

543 4173 713 4228 ausim
736 4172 1026 4230 affirmare.
1048 4176 1115 4230 At
1144 4187 1362 4246 praestat
1393 4180 1480 4234 hic
1503 4179 1615 4249 ipsa
1639 4180 1898 4236 Gennadii
1931 4180 2144 4238 Cassio-

544 4271 773 4342 dorique
824 4273 989 4328 verba
1049 4273 1396 4346 subjungere,
1428 4285 1486 4330 ut
1529 4276 1700 4332 lector
1740 4277 1992 4334 videatsi
2018 4278 2140 4347 quid

542 4365 674 4420 certi
707 4366 774 4422 de
794 4368 1178 4423 concinnatore
1207 4369 1308 4424 hoc
1337 4368 1650 4425 discernere
1678 4371 1864 4441 possit.

617 4455 924 4514 Gennadius
955 4458 1112 4530 igitur
1143 4459 1260 4514 haec
1291 4461 1356 4516 de
1379 4460 1680 4518 Eucherio:
1713 4482 1731 4515 ι
1757 4461 1863 4517 Sed
1887 4470 1940 4517 et
1968 4459 2142 4516 sancti

541 4549 777 4605 Cassiani
802 4553 1044 4622 quaidam
1074 4552 1352 4621 opuscula,
1372 4552 1482 4608 lato
1507 4563 1662 4609 tensa
1697 4569 1975 4620 sermone,
1995 4553 2140 4610 idem

540 4642 840 4699 Eucherius
870 4654 1098 4716 angusto
1131 4646 1277 4702 verbi
1309 4646 1585 4702 resolvens
1617 4648 1856 4711 tramite,
1891 4647 1944 4700 in
1972 4662 2136 4702 unum
2166 4657 2218 4720 υ

539 4735 716 4806 coegit
746 4737 1020 4794 volumen.
1062 4756 1080 4790 ›
1115 4739 1240 4794 llrec
1269 4738 1611 4806 Gennadius,
1641 4739 1834 4810 inquit,
1868 4739 2126 4796 Baronius

541 4828 701 4885 annal
713 4869 726 4883 .
742 4828 868 4892 455,
883 4828 1125 4900 ejusdem
1151 4829 1499 4904 (Pelagiana)
1517 4831 1700 4888 farinae
1719 4846 1837 4888 cum
1853 4831 2136 4900 Cassiano;

539 4923 630 4993 qui
662 4937 729 4978 ne
750 4922 954 4978 diceret
982 4923 1253 4979 erroribus
1275 4923 1562 4980 confutatis
1585 4923 1909 4982 Eucherium
1931 4942 1998 4983 ex
2009 4944 2135 4999 pur-

540 5016 721 5086 gando
774 5015 1110 5072 contraxisse
1137 5031 1301 5088 Opera
1331 5015 1607 5090 Cassiani,
1641 5019 1806 5075 latum
1830 5034 2135 5077 sermonem

541 5110 946 5166 circumcidisse
974 5111 1274 5180 praetexuit.
1312 5111 1387 5167 Ita
1414 5112 1523 5169 ille.

607 5215 760 5282 Quod
814 5216 862 5271 si
911 5216 1218 5272 Eucherius
1265 5216 1442 5287 hujus,
1469 5217 1613 5288 quod
1644 5219 1747 5276 hoc
1779 5219 1916 5277 libro
1942 5228 2136 5290 quarto

540 5307 752 5375 damus,
785 5309 1088 5379 compendii
1111 5319 1194 5364 est
1222 5319 1428 5375 auctor,
1454 5326 1578 5366 eum
1609 5321 1663 5367 et
1690 5313 1952 5380 scalpello
1982 5327 2136 5369 usum

542 5410 598 5456 et
620 5401 848 5470 forcipe,
871 5417 1015 5458 nunc
1045 5418 1232 5460 venam
1291 5404 1598 5471 incidendo,
1625 5406 1955 5474 noxiumque
2011 5420 2131 5460 san-

539 5495 757 5565 guinem
785 5496 1137 5563 extrahendo,
1165 5513 1306 5554 nunc
1356 5499 1632 5555 luxurians
1681 5499 1996 5569 capillitium
2023 5500 2135 5553 cir-

538 5588 932 5655 cumcidendo,
989 5591 1180 5647 merito
1228 5591 1447 5647 dixeris.
1507 5591 1638 5646 Nam
1688 5591 1758 5644 ita
1808 5606 2002 5657 sanus,
2061 5589 2131 5645 ita

539 5681 786 5735 concisus
814 5680 903 5736 hic
927 5681 1215 5738 Cassianus
1241 5691 1343 5748 est,
1375 5695 1434 5738 ut
1489 5684 1637 5738 nullo
1667 5681 1967 5751 Pelagiana:
1998 5697 2136 5752 prac-

537 5770 772 5827 ﬁdentia:
810 5772 974 5828 nimio
1009 5772 1219 5828 fervore
1249 5788 1382 5829 vena
1411 5774 1590 5840 micet,
1624 5773 1780 5828 nullis
1811 5770 2133 5842 prolixitatis

538 5862 799 5922 cincinnis
825 5866 1088 5925 exuberet
1115 5864 1392 5923 fastidiosa
1421 5864 1688 5951 facundia.
1714 5864 1974 5936 Equidem
2017 5879 2130 5924 non

2245 3359 2512 3428 purgavit,
2544 3357 2596 3413 id
2641 3367 2758 3424 est,
2809 3358 3106 3414 antidotum
3157 3367 3342 3414 contra
3386 3357 3572 3412 veneni
3629 3357 3846 3413 intima~

2245 3451 2466 3520 tionem,
2484 3451 2622 3521 quod
2639 3451 2855 3523 scriptis
2872 3453 2985 3509 suis
2997 3453 3227 3522 sparsim
3245 3450 3842 3518 inserebatCassianus,

2246 3545 2577 3616 apposuerit.

2319 3654 2582 3711 Baronius
2636 3670 2793 3726 supra
2843 3654 3116 3712 existimat
3146 3655 3531 3712 Cassiodorum
3582 3669 3677 3727 spe
3723 3657 3841 3711 frn-

2246 3757 2474 3804 stratum
2522 3763 2630 3803 non
2659 3748 2936 3819 accepisse
2980 3749 3120 3820 quod
3153 3765 3220 3806 ex
3251 3749 3428 3805 Africa
3471 3749 3837 3818 exspectabat.

2246 3839 2525 3912 Siquidem
2577 3840 2694 3896 Ado
2728 3841 3047 3897 Viennensis
3094 3842 3408 3912 episcopus,
3443 3840 3498 3896 in
3537 3840 3837 3908 Chronico,

2249 3949 2390 3990 anno
2413 3933 2544 3999 425,
2572 3934 2639 3991 ab
2665 3935 2784 4005 ipso
2809 3934 3130 3991 Cassiodoro
3151 3935 3204 3990 id
3225 3935 3424 4007 operis,
3451 3931 3838 3991 utCassianutn

2245 4027 2574 4100 corrigeret,
2611 4027 2948 4083 elaboratum
2976 4027 3245 4092 affirmat,
3293 4026 3420 4082 dum
3465 4026 3577 4081 ait:
3610 4045 3630 4078 ‹
3661 4026 3838 4096 Opera

2247 4123 2389 4178 illius
2431 4138 2460 4177 a
2492 4122 2773 4178 catholicis
2820 4122 3130 4178 cautissime
3182 4121 3437 4192 legenda,
3489 4120 3720 4174 maxime
3767 4119 3840 4175 do

2247 4215 2416 4272 libero
2445 4216 2673 4272 arbitrio
2700 4225 2755 4274 et
2778 4217 2980 4284 gratia;
3010 4215 3104 4271 sed
3136 4223 3194 4270 et
3217 4214 3609 4269 Encratitarum
3639 4211 3837 4268 haeresi

2248 4310 2516 4366 incautius
2549 4309 2701 4367 favit.
2729 4309 2958 4366 Errores
3000 4309 3138 4365 illius
3166 4307 3522 4364 Cassiodorus
3549 4308 3835 4364 Ravennae

2250 4411 2360 4458 tum
2393 4414 2610 4459 senator
2659 4419 2886 4474 purgare
2927 4402 3146 4470 volens,
3181 4417 3289 4458 non
3317 4401 3385 4457 ad
3433 4401 3645 4472 plenum
3688 4399 3834 4457 omni

2247 4511 2313 4554 ex
2347 4507 2498 4567 parte
2529 4497 2718 4567 potuit.
2750 4516 2771 4552 ο
3584 4511 3588 4514 ’

2321 4589 2452 4658 Quis
2475 4605 2613 4646 nunc
2631 4592 2821 4645 borum
2850 4598 3229 4658 excerptorum
3243 4597 3431 4643 auctor
3450 4586 3609 4642 statui
3639 4585 3830 4656 possit,

2246 4685 2388 4740 malo
2417 4686 2469 4741 in
2501 4684 2678 4742 medio
2707 4685 3040 4756 relinquere,
3083 4698 3242 4755 quam
3281 4691 3485 4739 temere
3520 4680 3648 4752 quid
3684 4693 3831 4737 asse-

2246 4793 2386 4835 rere.

2320 4870 2512 4928 Petrus
2528 4870 2864 4935 Ciacconius,
2887 4869 3201 4941 praefatione
3213 4869 3279 4926 ad
3297 4869 3552 4926 lectorem
3569 4864 3831 4936 Cassiani,

2245 4964 2412 5020 refert
2441 4965 2494 5018 in
2522 4963 2778 5017 Vaticana
2810 4961 3131 5016 bibliotheca
3155 4961 3505 5019 collectiones
3532 4961 3756 5032 aliquot,
3781 4967 3834 5016 et

2245 5067 2371 5113 octo
2396 5065 2700 5126 postremos
2720 5054 2888 5110 libros
2917 5051 3319 5111 lnstitutionum
3364 5057 3416 5110 in
3454 5054 3696 5110 Crmcam
3729 5053 3836 5108 lin-

2242 5167 2400 5223 guam
2425 5165 2717 5206 conversos
2747 5163 2869 5205 esse
2887 5189 2902 5216 ,
2931 5149 3026 5206 sed
3060 5151 3113 5206 in
3141 5149 3518 5220 compendium
3548 5147 3725 5219 pctius
3747 5159 3837 5202 re-

2242 5246 2455 5312 dactos,
2487 5259 2648 5314 quam
2678 5244 2884 5314 integre
2913 5258 3231 5312 conversos,
3263 5259 3424 5316 quem
3454 5257 3517 5299 ea
3544 5241 3612 5298 de
3643 5254 3702 5296 re
3722 5237 3834 5294 dis-

2241 5349 2505 5397 serentem
2538 5340 2714 5409 legere
2742 5338 2973 5410 quisque
3005 5348 3202 5409 potest.

2599 5451 3295 5510 PROLEGOMENON
3333 5451 3470 5506 Vll.

2680 5563 2806 5630 Quis
2837 5561 3002 5631 quinti
3033 5561 3152 5616 libri
3183 5561 3402 5614 auctor?

2317 5677 2481 5733 Dico:
2507 5676 2687 5744 Quinti
2721 5676 2839 5731 libri
2863 5686 3051 5730 auctor
3075 5675 3332 5728 incertus.

2316 5771 2365 5824 1.
2406 5771 2542 5837 Quia
2569 5770 2904 5840 Sigebertus,
2929 5768 2995 5822 de
3024 5766 3215 5822 illustr.
3250 5764 3510 5820 Ecclesia:
3541 5761 3826 5834 Scriptor.,

2237 5863 2294 5924 in
2339 5862 2579 5935 Pelagio,
2628 5877 2748 5935 cap.
2783 5861 2911 5932 116,
2944 5859 3139 5920 librum
3176 5874 3303 5919 eum
3351 5865 3507 5916 vocat
3533 5855 3612 5912 De
3653 5855 3756 5914 vita
3781 5862 3830 5910 et
