4124 6350
326 447 390 503 Η
1615 478 2172 541 PROLEGOMENON
2211 489 2348 548 Vlll.

324 559 552 616 doctrina
576 573 622 617 et
647 569 959 638 perfectione
981 574 1086 634 SS.
1123 578 1364 654 Patrum,
1397 601 1498 644 nec
1539 593 1775 649 auctoris
1808 608 1907 648 no-
1935 597 1986 656 Α
2012 604 2424 676 sententiarum,

323 669 447 709 metu
481 658 759 727 eXprimit.

388 745 443 800 2.
486 749 622 816 Quia
664 752 826 810 etiam
860 757 913 813 in
946 759 1122 819 Photii
1170 766 1535 840 Bibliotheca,
1583 776 1718 834 Cod.
1769 779 1907 847 198,

315 840 433 899 sine
454 847 686 904 auctoris
711 855 925 911 nomine
955 859 1146 915 citatur
1173 879 1185 915 :
1212 863 1517 940 Ἀνεγνὼσθη
1538 871 1732 949 ἀνδρῶν
1753 875 1908 947 ἁγίων

315 935 496 1005 βίϐλος
521 955 536 994 :
561 939 744 998 Lectus
769 955 842 1001 est
883 948 990 1006 SS.
1019 953 1249 1010 virorum
1286 935 1431 1017 liber.
1465 935 1725 1021 Eumdem
1761 935 1904 1025 enim

3535 532 3605 587 42

2453 625 2610 679 quem
2655 632 2755 690 ego
2795 622 3039 683 Latinum
3086 634 3288 701 primus
3318 637 3439 695 feci.
3471 642 3606 701 Nam

2015 697 2349 764 superiorem
2376 705 2505 762 olim
2541 716 2852 774 translatum
2884 741 2899 789 ;
2929 725 3051 795 quia
3083 729 3325 789 vitiatum
3353 753 3446 806 per
3470 751 3608 798 tem-

2013 802 2111 856 pus
2133 800 2187 846 et
2213 794 2496 856 confusum
2522 806 2647 874 vidi,
2668 813 2858 880 partim
2892 818 3380 898 reinterpretando,
3410 839 3602 902 partim

2011 888 2346 946 emendando
2374 901 2612 957 auctoris
2643 909 2855 965 veritati
2901 918 3132 973 restitui.
3176 941 3196 975 ι
3231 923 3354 980 Haec
3391 926 3605 986 Genna-

311 1026 558 1087 Grtecum
588 1049 740 1106 esse,
780 1054 901 1096 cum
948 1058 1014 1098 eo
1067 1063 1228 1117 quem
1261 1067 1359 1108 nos
1390 1053 1576 1112 Latine
1607 1057 1899 1130 habemus,

308 1136 374 1177 eo
397 1123 520 1180 loco
545 1127 916 1190 inanifestabo.

377 1217 714 1290 Margarinus
739 1227 806 1283 de
837 1229 883 1283 la
912 1230 1101 1303 Bigne,
1132 1240 1379 1313 catalogo
1409 1257 1506 1300 seu
1532 1246 1711 1304 indice
1739 1251 1899 1308 chro-

305 1313 556 1384 nologico
586 1317 638 1371 in
675 1318 1063 1382 Bibliothecam
1103 1329 1343 1402 Patrum,
1390 1340 1586 1396 steculo
1628 1358 1681 1412 v,
1714 1344 1898 1400 existi-

303 1415 414 1459 mat
445 1408 736 1478 Evagrium
767 1425 1039 1474 auctorem
1072 1438 1193 1481 esse
1222 1429 1401 1497 Operis
1424 1435 1566 1502 quod
1597 1437 1712 1506 ipse
1753 1447 1896 1496 tomo

302 1497 372 1553 1K
402 1505 658 1559 secundae
708 1507 959 1566 editionis
1003 1514 1172 1570 edidit
1221 1520 1322 1575 hoc
1353 1497 1506 1578 titulo
1536 1543 1547 1579 :
1581 1497 1689 1584 S-S.
1722 1529 1894 1602 Egy-

298 1594 525 1664 ptiorum
555 1599 988 1658 anachoretarum
1017 1608 1486 1683 apophthegmata,
1535 1633 1657 1688 qua}
1702 1624 1892 1679 eadem

296 1698 418 1743 sunt
469 1705 592 1746 cum
648 1692 785 1750 libro
841 1697 943 1753 hoc
973 1716 1025 1768 ν,
1080 1701 1298 1774 Pelagio
1351 1709 1682 1780 interprete,
1728 1726 1783 1772 et
1813 1735 1884 1787 vr,

294 1779 498 1838 Joanne
525 1792 842 1855 interprete.
878 1787 1036 1847 Ratio
1064 1793 1181 1864 ejus
1203 1807 1305 1864 est,
1338 1804 1480 1870 quod
1501 1779 1504 1780 7
1526 1804 1885 1880 Nicephorus,

294 1873 501 1930 Eccles.
544 1875 680 1933 HiSt.
714 1880 852 1937 libro
882 1900 954 1953 xi,
989 1901 1110 1957 cap.
1142 1890 1232 1956 45,
1266 1892 1396 1949 citet
1417 1911 1482 1951 ex
1515 1873 1728 1971 Evagrii
1755 1873 1884 1976 ope;

2009 977 2148 1037 dius.
2184 983 2445 1055 Equidem
2477 997 2581 1050 etsi
2615 999 2840 1058 velimus
2865 1011 3058 1067 multas
3084 1029 3203 1072 esse
3226 1026 3524 1081 sententias
3549 1028 3601 1081 in

2007 1067 2112 1127 hoc
2140 1089 2306 1144 opere
2348 1097 2412 1137 ex
2458 1086 2671 1159 Evagrii
2701 1095 3020 1158 collectione
3068 1119 3345 1179 acceptas,
3379 1123 3434 1168 at
3473 1126 3602 1172 sunt

2005 1161 2094 1220 hic
2139 1169 2260 1238 plus
2304 1189 2462 1245 quam
2520 1198 2604 1240 oc.
2654 1187 2868 1246 Etcum
2923 1194 3025 1252 hoc
3073 1216 3235 1271 opere
3270 1206 3364 1263 fiat
3397 1214 3602 1268 mentio

2004 1253 2291 1327 TheOphili
2348 1270 2734 1344 Alexandrini,
2788 1283 3013 1343 Joannis
3069 1253 3360 1364 Cbssiani,
3412 1301 3598 1374 Cyrilli

2011 1348 2248 1374 nu”,
2286 1357 2296 1367 .
2345 1361 2355 1370 .
2390 1361 2401 1372 .
2543 1365 2556 1374 .
2602 1371 2615 1374 -

2000 1348 2355 1414 Alexandrini
2381 1361 2493 1430 jam
2524 1365 2898 1432 defunctorum
2925 1420 2940 1444 ,
2972 1393 3176 1441 certum
3208 1400 3289 1444 est
3311 1392 3597 1462 Evagrium

2000 1438 2096 1462 n,._
2117 1445 2152 1462 ι’
2170 1461 2177 1462 κ
2578 1461 2586 1462 ί

2928 1438 2938 1444 ,
3213 1438 3596 1462 -,-...-,,.......

1999 1438 2316 1516 Ponticum,
2376 1461 2624 1530 tametsi,
2686 1473 2820 1523 teste
2870 1471 3181 1546 Gennadio,
3237 1482 3390 1555 longa
3439 1499 3597 1546 :etate

3167 1534 3181 1546 ,
3439 1534 3594 1546 ...ην

1997 1534 2226 1607 vixerit,
2261 1558 2366 1600 non
2401 1551 2645 1617 potuisse
2693 1571 2882 1618 sancto
2913 1565 3113 1637 Cyrillo
3162 1588 3284 1630 esse
3331 1583 3594 1647 supersti-

1996 1638 2099 1685 tem
2131 1650 2145 1686 :
2177 1636 2246 1690 ob
2274 1655 2431 1709 quam
2457 1647 2618 1704 etiam
2647 1655 2909 1714 rationem
2939 1663 3281 1732 exploratum
3335 1681 3418 1727 est
3469 1692 3592 1732 sau-

1992 1729 2134 1785 ctum
2155 1724 2536 1804 Hieronymum
2568 1757 2673 1797 non
2701 1760 2824 1802 esse
2847 1749 3037 1808 horum
3069 1759 3587 1833 apophthegmatnm

1990 1812 2359 1886 interpretem.
2376 1826 2730 1890 Nominantur
2747 1836 3072 1913 interpretes
3085 1812 3333 1921 Pelagius
3433 1857 3498 1912 ll.
3519 1860 3584 1915 E.

1988 1906 2268 1983 diaconus,
2303 1927 2358 1973 et
2386 1918 2619 1980 Joannes
2646 1906 2981 1998 ejusdem'S.
3016 1938 3077 1994 R.
3107 1941 3170 1996 Ε.
3197 1906 3580 2010 subdiaconus.

1632 1965 1656 1971 -
1790 1965 1808 1976 ·
2228 1965 2268 1983 *ι
2307 1965 2357 1973 ν-
2386 1965 2619 1980 “rm-vv
2646 1965 2889 1998 υιυουσιιι
2923 1965 2981 1992 ο.
3016 1965 3077 1994 ιι.
3107 1965 3170 1996 ιιι.
3197 1965 3580 2010 suootaconus.

292 1965 441 2022 ribus
473 1969 639 2024 multa
663 1970 729 2027 de
753 1972 968 2030 Patrum
992 1977 1171 2050 dictis,
1194 1999 1311 2053 quae
1333 2001 1619 2049 occurrunt
1641 1993 1695 2051 in
1718 2012 1881 2069 opere
1909 1987 1962 2051 Β
1988 2001 2064 2058 De
2097 2004 2303 2082 [xxxiv]
2332 2015 2526 2083 quibus
2555 2020 2663 2090 agit
2706 2023 3039 2101 Sigebertus,
3089 2036 3156 2092 de
3202 2038 3313 2095 Vir.
3361 2044 3584 2115 ίιιιιειι-Ἷ

292 2060 390 2113 isto
423 2060 530 2115 iam
559 2061 723 2115 dicto.
1990 2109 2076 2115 ,η
2143 2099 2158 2115 .
2307 2111 2316 2115 -
2361 2106 2374 2115 .
2398 2108 2456 2115 ._
2516 2109 2556 2115 -_

289 2060 390 2113 isto
415 2060 530 2130 jam
559 2061 723 2120 dicto.

359 2151 470 2208 Sed
502 2169 692 2212 vereor
723 2167 780 2213 ut
804 2160 1017 2218 labatur
1047 2167 1404 2242 Margarinus.

371 2244 424 2296 l.
468 2245 601 2311 Quia
629 2250 726 2306 etsi
751 2254 992 2320 qumdam
1025 2258 1078 2314 in
1106 2261 1191 2316 his
1220 2262 1369 2321 libris
1400 2273 1737 2338 reperiantur
1758 2292 1878 2347 quae

289 2337 628 2410 Nicephorus
655 2361 724 2400 ex
761 2345 972 2423 [xxxiii]
1017 2352 1228 2425 Evagrii
1275 2337 1525 2428 operibus
1571 2366 1717 2436 citat,
1770 2337 1876 2428 non

286 2433 630 2501 reperiuntur
672 2452 740 2492 eo
770 2441 951 2509 modo,
979 2446 1129 2514 quasi
1160 2447 1418 2522 Evagrius
1444 2469 1505 2509 ea
1537 2455 1652 2526 ipse
1678 2459 1876 2519 referat

285 2522 481 2580 librum
540 2527 682 2584 velut
735 2534 1116 2604 conscribcns,
1165 2540 1259 2596 sed
1314 2543 1490 2613 potius
1537 2563 1604 2604 ex
1643 2550 1874 2623 Evagrio

277 2615 532 2675 citantur.

348 2710 418 2768 Ut
439 2714 579 2783 quod
609 2715 941 2789 Nicephorus
963 2725 1096 2782 citat
1122 2741 1192 2782 ex
1223 2730 1359 2787 libro
1388 2732 1632 2792 Practico
1658 2738 1872 2812 Evagrii

275 2806 425 2862 senis
452 2807 733 2878 cujusdam
763 2815 956 2872 scitum
993 2818 1062 2876 de
1090 2821 1324 2880 aridiore
1365 2826 1522 2883 diaeta
1541 2870 1556 2894 ,
1589 2832 1755 2890 habes
1782 2834 1871 2893 hic

270 2892 454 2952 libello
500 2915 514 2952 ι
557 2901 776 2974 Pelagii,
829 2924 976 2965 num.
1021 2909 1075 2966 4.
1106 2931 1124 2965 ι
1164 2914 1305 2970 Dixit
1343 2920 1510 2977 abbas
1543 2892 1865 2996 iEvagrius:

269 2985 409 3055 Quia
454 2991 705 3049 dicebant
743 2999 963 3067 quidam
999 3000 1236 3062 Patrum.
1271 3027 1290 3061 ι
1327 3010 1480 3077 Quod
1524 3013 1569 3068 si
1607 2985 1867 3087 Evagrius

268 3079 430 3153 hujus
460 3084 624 3142 libelli
654 3100 842 3147 auctor
870 3105 1034 3166 esset,
1071 3115 1174 3156 non
1201 3102 1408 3161 diceret
1434 3124 1446 3159 :
1479 3126 1497 3160 ι
1527 3109 1673 3165 Dixit
1699 3113 1864 3172 abbas

269 3172 556 3247 Evagrius.
599 3200 614 3232 ι

340 3272 568 3344 ibidem,
595 3294 741 3333 num.
856 3282 1091 3340 «lterum
1122 3288 1254 3344 dixit
1285 3293 1514 3364 (scilicet
1544 3297 1855 3371 Evagrius):

1984 2109 2103 2166 cap.
2140 2099 2240 2156 “6
2270 2111 2323 2158 et
2355 2106 2478 2163 H7.
2513 2109 2782 2173 Hactenus
2814 2099 3073 2193 magister
3115 2132 3256 2188 sacri
3284 2099 3544 2204 palatii;

2053 2191 2152 2256 Qui
2185 2203 2241 2248 ut
2270 2207 2416 2254 recte
2448 2202 2544 2258 hos
2575 2206 2740 2263 libros
2767 2213 2998 2286 Evagrio
3047 2227 3252 2281 auctori
3302 2239 3356 2284 et
3385 2230 3576 2290 Hiero-

1981 2392 2103 2434 esse
2132 2382 2231 2449 ait,
2265 2384 2460 2442 librum
2490 2389 2640 2449 Vitas
2670 2396 2888 2458 Patrum
2913 2420 3032 2463 esse
3062 2410 3298 2484 Evagrii,
3329 2432 3450 2474 cum
3481 2437 3575 2491 po-

1980 2470 2085 2526 tius
2113 2484 2265 2530 certo
2295 2491 2509 2539 constet
2537 2486 2655 2557 ejus
2684 2507 2790 2549 non
2822 2494 2962 2556 esse.
2993 2501 3128 2562 Vide
3159 2470 3301 2567 dicta
3326 2470 3574 2588 prolego-

1976 2577 2135 2623 mena
2161 2566 2216 2638 4,
2255 2569 2282 2642 §
2309 2570 2362 2629 5.

2406 2689 2970 2763 PROLEGOMENON
3011 2709 3142 2768 Vlll.

2439 2809 2567 2879 Qui:
2594 2819 2722 2871 sexti
2750 2820 2869 2876 libri
2892 2831 3109 2883 auctor?

2046 2912 2179 2972 Dico
2205 2934 2219 2973 :
2251 2918 2406 2978 Sexti
2435 2924 2556 2982 libri
2586 2941 2776 2991 auctor
2804 2938 3060 2997 incertus.

2040 3004 2401 3083 Primo,quia
2430 3016 2738 3089 Sigebertus
2758 3069 2774 3094 ,
2807 3029 2874 3085 de
2904 3031 3100 3090 illustr.
3133 3038 3392 3098 Ecclesiae
3416 3045 3564 3103 Scri-

1966 3106 2130 3168 ptor.,
2166 3102 2218 3159 in
2238 3102 2463 3176 Joanne,
2495 3127 2616 3185 cap.
2635 3117 2760 3186 ‘ll7,
2786 3120 2979 3179 librum
3011 3143 3135 3184 eum
3158 3141 3313 3188 vocat
3337 3133 3414 3190 De
3444 3102 3565 3193 Vita

1965 3201 2014 3244 et
2038 3193 2273 3252 doctrina
2303 3199 2542 3272 Patrum,
2571 3222 2673 3265 nec
2693 3217 2931 3272 auctoris
2954 3235 3150 3278 nomen
3179 3229 3453 3296 exprimit.

2040 3287 2328 3361 Secundo,
2367 3299 2488 3367 quia
2522 3301 2744 3360 Photius
2774 3308 2825 3363 in
2858 3310 3218 3387 Bibliotheca,
3246 3287 3381 3377 cod.
3417 3324 3554 3393 198,

266 3363 521 3423 Nuntiata
563 3379 646 3425 est
691 3373 901 3428 cuidam
934 3380 1199 3434 monacho
1231 3397 1375 3436 mors
1423 3387 1622 3454 patris,
1661 3408 1680 3442 ι
1718 3392 1858 3461 quod

2385 3363 2398 3367 _
2875 3363 3218 3387 ,_,-__--_---_,
3249 3363 3381 3377 ψη..
3421 3363 3554 3393 .υυ,

1968 3395 2124 3450 quem
2177 3388 2422 3454 proximo
2471 3396 2854 3469 prolegomeno
2904 3405 3106 3478 citavi,
3166 3411 3308 3469 hunc
3360 3415 3555 3476 librum

265 3460 426 3514 etiam
454 3475 526 3515 ex
556 3461 788 3533 Evagrio
817 3465 946 3522 citat
973 3469 1308 3540 Nicephorus
1334 3490 1513 3544 supra.

335 3551 401 3607 Et
450 3553 637 3610 libello
677 3571 760 3622 vt,
807 3575 956 3618 num.
998 3563 1032 3619 5
1067 3581 1082 3619 :
1125 3584 1144 3617 ι
1185 3566 1326 3624 Dixit
1374 3569 1539 3627 abbas
1597 3573 1860 3647 Evagrius

263 3639 430 3698 fuisse
457 3645 742 3714 quemdam
777 3648 995 3708 fratrem
1020 3655 1111 3725 qui
1151 3659 1286 3714 nihil
1320 3659 1506 3719 habuit
1534 3665 1588 3720 in
1611 3639 1855 3725 substam

262 3734 331 3789 tia
375 3750 510 3804 sua,
553 3737 653 3795 nisi
687 3749 892 3798 tantum
948 3747 1326 3820 Evangelium;
1367 3772 1384 3805 ι
1422 3771 1541 3826 quae.
1583 3759 1744 3817 etiam
1788 3778 1856 3819 ex

259 3826 475 3900 Evagrii
503 3830 743 3890 Practico
767 3838 898 3893 citat
926 3839 1258 3911 Nicephorus
1287 3862 1470 3918 supra.

329 3920 383 3975 2.
415 3921 693 3993 Quaedam,
718 3944 838 3998 qua:
868 3930 996 3986 citat
1025 3933 1361 4007 Nicephorus
1414 3958 1485 3999 ex
1540 3947 1750 4016 Evagrii
1791 3951 1854 4005 li-

254 4009 402 4078 bris,
433 4012 520 4069 bic
567 4031 669 4070 non
717 4022 1080 4090 reperiuntur.
1119 4027 1223 4095 Ut,
1273 4033 1415 4102 quod
1462 4036 1590 4092 citat
1619 4054 1681 4094 ex
1716 4041 1852 4098 libro

254 4101 513 4161 Gnostico
541 4109 655 4178 ejus
681 4113 750 4168 de
780 4113 1040 4187 Gregorio
1061 4121 1209 4191 justo
1235 4165 1252 4192 ,
1284 4101 1352 4183 de
1380 4141 1612 4199 quatuor
1639 4137 1852 4194 virtuti-

251 4192 355 4252 bus
393 4197 786 4272 cardinalibus,
823 4206 891 4263 de
919 4208 1247 4286 Serapione,
1283 4218 1350 4275 de
1393 4192 1571 4280 mente
1619 4192 1849 4298 spiritali

247 4289 559 4358 cognitione
583 4292 806 4366 imbuta,
839 4299 908 4355 de
938 4302 1188 4376 Didymo,
1221 4309 1288 4367 de
1320 4289 1667 4374 Providentia
1689 4331 1741 4377 et
1762 4323 1849 4393 ju-

246 4378 410 4450 dicio,
443 4383 511 4439 de
544 4384 758 4456 Basilio,
792 4393 932 4462 quod
963 4397 1190 4455 scientia
1215 4404 1567 4467 meditatione
1596 4378 1844 4486 augetur,

241 4470 314 4528 de
343 4473 657 4546 Athanasio,
690 4481 756 4537 de
789 4499 971 4542 mensa
998 4490 1223 4563 Moysis.

316 4563 372 4620 3.
409 4568 543 4636 Quia
576 4574 710 4628 varii
753 4577 987 4636 citantur
1029 4594 1277 4644 auctores
1322 4590 1553 4665 Evagrio
1580 4602 1845 4668 posterio-

239 4670 350 4728 res,
382 4667 442 4714 ut
467 4660 701 4722 Joannes
730 4666 1041 4744 Cassianus,
1067 4675 1297 4748 Cyrillus
1330 4687 1755 4765 Alexandrinus,
1787 4706 1842 4754 ct

236 4750 334 4805 alii
364 4755 631 4822 nonnulli,
661 4774 796 4830 quos
827 4761 997 4820 lector
1027 4765 1141 4838 ipse
1173 4771 1564 4844 deprehendet.
1866 4772 1922 4834 D

306 4845 425 4901 Non
472 4849 660 4910 inutile
707 4856 810 4911 erit
860 4858 946 4916 hic
996 4861 1199 4922 addere
1251 4885 1370 4940 qua:
1397 4871 1500 4930 hac
1540 4877 1654 4948 ipse
1682 4880 1749 4938 de
1781 4900 1838 4940 re

231 4940 448 4994 notavit
475 4940 565 4996 Fr.
596 4941 826 5004 Joannes
855 4949 1016 5008 Maria
1051 4953 1497 5020 Brasichelleusis
1521 5011 1536 5035 ,
1565 4973 1708 5026 sacri
1743 4990 1836 5044 pa-

229 5029 348 5085 latii
393 5035 679 5103 apostolici
725 5043 1000 5112 magister,
1037 5047 1086 5102 iu
1122 5049 1297 5110 indice
1333 5056 1591 5118 librorum
1637 5081 1834 5137 expur-

225 5126 530 5194 gandorum
559 5175 574 5200 ,
608 5133 675 5189 ad
710 5144 912 5194 tomum
946 5140 1017 5196 IX
1056 5144 1404 5207 Bibliotheca:
1455 5156 1671 5215 Patrum
1696 5126 1830 5230 ubi

222 5219 406 5291 agitur
455 5223 524 5279 de
570 5229 1013 5291 anachoretarum
1064 5241 1560 5317 ap0phthegmatis,
1620 5255 1705 5310 ubi
1758 5258 1830 5314 ita

220 5326 660 5377 commentatur:
697 5343 712 5376 t
748 5321 822 5382 De
843 5338 1062 5387 auctore
1107 5344 1161 5389 et
1200 5337 1495 5410 interprete
1518 5347 1674 5417 hujus
1701 5366 1829 5422 ope-

219 5405 298 5462 ris
329 5410 482 5469 varie
512 5415 836 5488 ambigitur;
882 5435 1155 5483 auctorem
1187 5431 1439 5505 quidam,
1473 5446 1527 5494 et
1556 5442 1697 5498 inter
1732 5461 1828 5503 eos

215 5494 554 5575 Margarinus
600 5509 652 5565 in
699 5513 1078 5590 chronologico
1126 5536 1400 5583 auctorem
1437 5531 1591 5602 hujus
1625 5538 1825 5596 Biblio-

217 5592 395 5650 thecae
427 5599 622 5669 indice,
654 5608 963 5666 existimant
990 5612 1154 5672 fuisse
1181 5619 1466 5692 Evagriqu
1512 5627 1820 5706 Ponticum,

1293 5686 1318 5692 -
1613 5686 1619 5688 -
1655 5686 1660 5687 κ

217 5686 378 5754 cujus
407 5704 615 5749 certum
658 5709 740 5753 est
768 5715 888 5759 esse
920 5704 1112 5762 librum
1147 5709 1291 5767 Vitas
1320 5715 1539 5776 Patrum
1569 5764 1584 5788 ,
1612 5727 1697 5781 cui
1732 5729 1822 5786 hic

1967 3473 2133 3543 priori
2162 3482 2429 3548 annectit;
2460 3500 2626 3555 quare
2665 3490 2807 3549 idem
2836 3495 2906 3554 de
2945 3499 3048 3557 hoc
3079 3473 3360 3563 ferendum
3404 3473 3553 3580 judi;

1963 3567 2106 3625 eium
2135 3572 2277 3643 quod
2308 3574 2376 3632 de
2404 3578 2609 3649 priore.

2033 3681 2104 3738 At
2122 3699 2374 3746 occurres
2403 3707 2418 3749 :
2447 3692 2678 3756 Joannes
2694 3700 3079 3778 Damascenus,
3109 3712 3162 3766 in
3189 3713 3327 3772 libro
3354 3719 3447 3788 qui
3469 3721 3552 3776 in-

1960 3772 2231 3846 scribitur,
2260 3780 2338 3836 De
2363 3783 2429 3838 iis
2454 3788 2542 3856 qui
2571 3805 2687 3845 cum
2727 3795 2832 3862 ﬁde
2854 3772 3174 3857 excesserunt
3202 3823 3264 3861 ex
3289 3772 3387 3863 hat;
3412 3813 3548 3877 vita,

1959 3866 2125 3924 refert
2155 3872 2222 3927 de
2247 3872 2477 3933 Macario
2507 3881 2821 3959 historiam,
2852 3894 2944 3962 qui
2972 3909 3038 3951 ex
3067 3901 3266 3956 mortui
3314 3903 3551 3963 hominis

1959 3963 2142 4018 cranio
2171 3967 2476 4029 sciscitatus
2504 3984 2588 4032 est
2609 3977 2676 4034 de
2704 3980 2824 4052 ejus
2849 3995 2988 4042 statu
3016 4030 3032 4056 ,
3068 4008 3293 4066 eamque
3332 4001 3463 4053 citat
3487 4016 3554 4056 ex

1957 4051 2181 4111 Palladii
2210 4058 2464 4120 Lausiaca
2495 4051 2754 4127 Historia.
2786 4074 2948 4148 Atqui
2979 4051 3092 4138 hinc
3115 4051 3302 4142 eadem
3328 4089 3551 4148 historia

1958 4151 2230 4217 reperitur
2276 4155 2414 4212 libro
2456 4158 2556 4216 hoc
2598 4175 2794 4235 sexto,
2846 4169 3028 4228 libello
3084 4177 3245 4234 tertio
3285 4180 3547 4249 Joannis,

1955 4255 2104 4297 num.
2135 4243 2224 4312 16.
2250 4256 2308 4302 ιιι
2335 4258 2389 4306 et
2411 4253 2570 4322 hujus
2591 4256 2715 4314 libri
2742 4265 2880 4318 sexti
2905 4276 3092 4322 auctor
3116 4270 3362 4329 videatur
3383 4273 3553 4332 fuisse

1952 4331 2068 4403 ipse
2112 4337 2403 4399 Palladius.
2437 4344 2798 4418 Respondeo:
2833 4355 2908 4411 lta
2939 4359 3187 4429 quidem,
3241 4365 3342 4421 hoc
3389 4381 3550 4440 argu-

1951 4438 2132 4485 mento
2161 4441 2362 4501 motus,
2397 4441 2607 4496 censuit
2637 4443 2939 4502 Gentianus
2968 4450 3252 4524 Hervetus,
3279 4459 3330 4511 in
3355 4438 3547 4529 praefa-

1950 4522 2098 4580 tione
2126 4527 2387 4584 versionis
2431 4546 2546 4590 sua:
2594 4535 2948 4612 Palladianae,
2979 4547 3070 4615 qui
3097 4562 3217 4603 eam
3260 4552 3540 4614 historiam

1952 4613 2137 4672 haberi
2162 4619 2237 4674 ait
2268 4622 2405 4678 libro
2432 4641 2482 4680 ιν
2508 4671 2523 4696 ,
2556 4631 2645 4698 qui
2674 4631 2926 4690 Doctrina
2955 4613 3176 4696 Patrum
3207 4643 3542 4719 inscribitur,

1948 4722 2066 4778 cap.
2099 4709 2176 4766 De
2198 4716 2448 4787 exemplis
2473 4729 2519 4773 et
2553 4723 2790 4782 doctrina
2823 4731 2942 4785 vita:
2968 4737 3253 4803 spiritantia
3287 4742 3380 4812 (ita
3412 4760 3544 4802 con-

1945 4802 2141 4872 cipitur
2170 4816 2224 4862 et
2251 4808 2533 4881 inscriptio
2565 4826 2620 4871 et
2656 4829 2817 4891 caput
2850 4824 2900 4879 in
2929 4802 3168 4887 editione
3201 4830 3534 4905 Coloniensi,

1943 4911 2063 4968 qua:
2092 4897 2285 4957 librum
2329 4917 2541 4963 sextum
2573 4921 2628 4966 et
2655 4915 2904 4984 quintum
2946 4937 3052 4977 uno
3103 4925 3240 4983 libro
3288 4944 3540 5001 compre-

1942 4989 2183 5065 hendit);
2208 4999 2296 5067 qui
2323 4999 2460 5057 liber
2484 5002 2624 5061 idem
2649 5019 2731 5064 est
2757 5024 2878 5066 cum
2900 5013 3000 5069 hoc
3031 5029 3183 5074 sexto
3212 5022 3370 5077 libro.

2009 5086 2162 5154 Quod
2191 5089 2236 5144 si
2266 5091 2314 5144 id
2345 5092 2522 5150 minus
2556 5097 2814 5171 placeret,
2847 5107 3189 5166 existimabat
3214 5128 3331 5168 eam
3363 5115 3535 5173 histo-

1936 5179 2072 5234 riam
2101 5178 2268 5237 fuisse
2301 5187 2352 5240 in
2384 5185 2644 5246 Lausiaca
2673 5193 2906 5252 Historia
2932 5208 3170 5270 tempore
3191 5204 3532 5282 Damasceni,

1937 5282 1993 5328 et
2021 5286 2205 5345 postea
2255 5278 2324 5333 ab
2373 5280 2628 5342 haeretico
2682 5288 2863 5362 aliquo
2917 5294 3186 5351 malitiose
3239 5301 3526 5361 sublatam.

1935 5365 2090 5432 Quod
2118 5384 2240 5426 eum
2271 5371 2479 5430 dixisse
2500 5379 2687 5444 credo,
2714 5383 2854 5450 quod
2888 5381 3010 5438 huic
3038 5386 3313 5448 hominum
3341 5398 3528 5467 generi

1935 5473 2124 5518 omnes
2151 5465 2234 5518 hie
2264 5469 2547 5537 spirituum
2580 5475 2944 5543 apparitiones
2969 5496 3129 5537 merae
3156 5497 3281 5543 sunt
3312 5490 3525 5560 fabulae,

1933 5551 2132 5624 quique
2159 5572 2302 5628 aegre
2331 5561 2510 5619 ferunt
2551 5567 2630 5619 vel
2675 5565 2951 5625 minimam
3002 5576 3380 5650 suffragiorum
3429 5603 3523 5658 pro

1935 5645 2218 5703 animabus
2244 5651 2624 5710 defunctorum
2655 5660 2970 5719 memoriam
3003 5682 3237 5728 exStare.

2005 5738 2267 5809 Equidem
2302 5760 2406 5800 non
2437 5746 2693 5805 abhorret
2739 5754 2807 5810 ab
2855 5755 3110 5818 lueretico
3164 5767 3360 5836 genio,
3403 5787 3524 5826 cum

214 5780 734 5855 apOphthegmatum
773 5808 985 5866 semper
1031 5805 1356 5862 anticatitur.
1389 5809 1727 5888 Gennadius,
1765 5822 1819 5878 iu

221 5873 512 5944 catalogo,
546 5878 662 5936 hinc
707 5884 773 5940 de
795 5887 1045 5963 oEvagrio
1090 5893 1252 5955 habet
1286 5919 1298 5954 :
1337 5919 1356 5955 ι
1394 5873 1727 5980 Composuit,

217 5965 574 6028 anachoretis
622 5976 939 6050 simpliciter
988 5986 1289 6052 viventibus
1344 5996 1537 6058 librum
1596 6015 1812 6067 centum

501 6085 775 6154 PATROL.
810 6095 1096 6164 LXXI“.

1925 5826 2255 5889 Philisthieis
2297 5846 2485 5904 puteos
2528 5838 2689 5898 lsrael
2737 5845 3018 5908 obstruere
3049 5855 3203 5926 (Gen.
3236 5861 3382 5930 xxvr)
3409 5903 3422 5926 ,
3459 5879 3524 5917 nc

1921 5923 2138 5994 aliquod
2184 5926 2310 5983 inde
2351 5933 2666 5994 mortalibus
2703 5943 2924 5998 accedat
2971 5923 3330 6020 refrigerium.
3363 5923 3524 6008 Certe

1920 6031 2043 6074 cum
2076 6019 2341 6079 Palladius
2375 6027 2534 6085 tertio
2583 6035 2871 6103 prodierit,
2905 6047 2956 6094 et
2979 6057 3043 6095 cx
3083 6019 3350 6111 poStrema
3403 6047 3517 6102 edi-

3079 6157 3118 6214 9
