4124 6350
307 380 360 444 it
1566 362 2126 443 anoL‘EcoueNon
2174 386 2287 442 xu.
3509 382 3578 442 te

304 502 537 569 factaque
564 502 866 559 imitatione
893 502 1053 573 digna
1099 504 1335 573 colligit,
1367 504 1457 572 qui
1490 511 1608 571 post
1650 499 1876 556 insecuti
1908 498 1958 559 A
1987 504 2207 569 prorsus
2235 501 2470 556 Joannes
2501 501 2828 557 anachoreta
2859 471 2982 557 fuit.
3004 501 3059 559 ld
3088 502 3185 557 tibi
3215 514 3281 557 ex
3308 502 3486 571 capite
3504 501 3575 556 77

303 604 432 650 sunt.
466 594 613 649 Vitas
641 595 841 649 etenim
874 604 1059 650 narrat
1085 610 1272 651 eorum
1305 595 1395 664 qui
1423 594 1533 663 jam
1564 593 1689 649 inde
1711 607 1880 662 usque

301 686 354 740 ad
382 685 615 740 lleraclii
646 685 929 756 imperium
962 698 1015 743 et
1045 687 1298 758 deinceps
1327 687 1525 742 virtute
1567 687 1736 755 magis
1767 686 1882 739 cla-

302 785 532 833 ruerunt.
564 776 787 833 Pratum
816 788 991 835 autem
1026 781 1235 836 titulum
1285 780 1421 837 libro
1451 779 1645 836 indidit
1673 788 1882 843 auctor,

303 886 450 939 quam
479 878 535 927 et
566 869 882 927 Paradt'sum
923 888 1105 929 novum
1154 873 1370 945 quidam
1419 874 1715 944 appellant.
1739 873 1885 928 Scri-

303 973 408 1033 ptor
437 964 556 1033 ejus
580 964 815 1021 Joannes
841 966 1056 1035 quidam
1078 966 1279 1022 Moschi
1302 975 1682 1037 cognomento,
1714 965 1807 1036 qui
1831 965 1884 1019 in

300 1054 430 1111 beati
460 1055 749 1111 Theodosii
782 1059 1009 1126 primum
1058 1059 1390 1115 monasterio
1419 1059 1676 1114 saeculum
1706 1058 1886 1113 valere

297 1146 513 1217 iubens,
544 1163 664 1203 cum
714 1149 779 1204 iis
827 1149 1025 1207 deinde
1073 1152 1352 1209 monachis
1399 1152 1662 1217 convixit,
1693 1151 1785 1222 qui
1830 1151 1885 1207 in

299 1237 509 1295 deserto
538 1240 604 1296 ad
633 1240 923 1297 Jordanem
975 1245 1393 1310 exercebantur,
1426 1246 1623 1317 quique
1657 1259 1793 1299 nova
1833 1244 1886 1299 in

299 1330 466 1388 Laura
487 1333 663 1405 magni
684 1333 838 1389 Saba:
856 1336 1158 1393 certabant.
1186 1336 1337 1393 Unde
1364 1353 1575 1393 rursum
1598 1336 1663 1392 ad
1695 1336 1888 1392 Antio-

298 1424 429 1481 chia:
478 1426 726 1496 regiones
768 1438 822 1481 et
865 1428 1158 1483 Alexandri
1202 1430 1392 1485 urbem
1418 1472 1435 1499 ,
1480 1428 1891 1499 proximamque

297 1532 554 1585 eremum,
585 1518 651 1574 ad
678 1519 864 1575 Oasim
895 1536 1070 1591 usque
1096 1522 1331 1589 delatus,
1357 1522 1647 1577 multorum
1679 1535 1891 1590 magno-

298 1627 520 1684 rumque
567 1614 805 1668 virorum
862 1629 950 1670 res
1005 1616 1266 1685 praeclare
1314 1624 1496 1684 gestas
1544 1615 1891 1685 aggregavit,

296 1721 426 1777 quas
454 1708 645 1776 partim
671 1708 840 1762 oculis
864 1709 979 1773 ipse
1001 1709 1281 1779 spectavit,
1317 1709 1510 1777 partim
1535 1712 1742 1764 recenti
1766 1719 1893 1763 tunc

295 1802 569 1857 auditione
597 1802 808 1858 didicit.
846 1803 1049 1858 Eadem
1081 1819 1241 1873 porro
1272 1804 1340 1859 de
1367 1816 1530 1859 causa
1563 1817 1688 1858 cum
1727 1801 1888 1858 etiam

1991 594 2275 647 νοΙιιητίηἰς
2324 594 2487 662 ipsius
2540 595 2742 662 liquido
2789 604 3039 652 constare
3084 592 3302 666 poterit.
3353 595 3578 651 Photius

1993 700 2205 754 quoque
2232 686 2370 739 hunc
2393 684 2565 754 ipsum
2583 695 2857 742 auctorem
2881 686 3001 742 libri
3027 687 3287 743 Joannem
3306 686 3578 743 Moschum

1993 778 2232 850 (natione
2260 778 2510 849 fortasse)
2544 778 2712 836 fuisse
2739 781 2952 846 asserit,
2986 778 3140 851 cujus
3163 795 3461 853 cognomen
3491 780 3579 836 ln-

1993 876 2199 941 terpres
2227 873 2446 929 Latinus
2475 874 2651 929 forsan
2684 876 2955 931 Eviratnm
2984 875 3234 932 reddidit.
3272 895 3289 928 ι

2066 965 2263 1020 Verum
2295 966 2601 1035 Sophronia
2641 966 2723 1023 his
2769 970 2836 1024 de
2882 966 3059 1024 causis
3109 968 3459 1024 attribuitur:
3492 981 3576 1024 vei

1991 1056 2116 1127 quia
2149 1058 2215 1112 ad
2247 1058 2421 1128 ipsqu
2457 1075 2552 1127 per
2587 1058 2963 1116 charissimam
2998 1060 3200 1116 socium
3244 1060 3579 1129 inscribitur,

1993 1150 2443 1217 quemadmodum
2495 1158 2549 1206 et
2597 1151 2883 1206 Rhetorica
2927 1153 3206 1208 Ciceronis
3252 1152 3319 1207 ad
3376 1152 3581 1208 Heren-

1992 1243 2162 1310 nium,
2190 1253 2242 1298 et
2270 1244 2508 1315 ejusdem
2534 1246 2598 1300 ad
2624 1248 2851 1301 Atticum
2883 1247 3141 1316 eplswlaa,
3166 1248 3233 1301 ad
3258 1247 3584 1302 Herennium

1994 1347 2048 1393 et
2093 1337 2159 1391 ad
2189 1337 2421 1393 Atticum
2464 1339 2583 1394 libri
2616 1339 2983 1409 appellantur;
3014 1338 3092 1393 sic
3129 1337 3412 1409 Sophronii
3447 1337 3585 1392 iiber

1996 1432 2079 1485 hic
2108 1432 2334 1499 dicatur,
2369 1434 2489 1503 quia
2518 1433 2585 1488 ad
2617 1433 2976 1501 SOphI‘Onittm
3008 1432 3276 1503 dirigitur.
3305 1434 3479 1501 Atque
3506 1438 3575 1484 ea

1995 1538 2062 1580 eo
2108 1523 2372 1591 maxime,
2403 1524 2546 1594 quod
2576 1524 2640 1578 ad
2675 1540 2827 1581 usum
2856 1522 2999 1580 illius
3026 1525 3079 1579 in
3113 1522 3301 1593 primis
3343 1522 3587 1577 conscri-

1994 1629 2117 1689 ptus
2145 1628 2246 1675 est.
2276 1620 2518 1690 Namque
2546 1630 2736 1676 auctor
2766 1621 2881 1690 ipse
2908 1621 2960 1676 in
2993 1621 3217 1690 epistola
3247 1634 3411 1691 quam
3449 1620 3590 1677 libro

1997 1712 2300 1779 praemittit,
2336 1714 2533 1767 fatetur
2562 1726 2622 1769 se
2645 1727 2713 1768 ex
2754 1714 2856 1768 hoc
2887 1721 3037 1782 prato
3067 1726 3321 1768 coronam
3351 1711 3591 1782 Sophro-

1997 1806 2090 1858 nio
2114 1805 2479 1873 contexnisse,
2512 1820 2575 1860 ac
2601 1818 2696 1871 per
2722 1818 2845 1860 eum
2875 1804 2998 1859 aliis
3022 1805 3276 1872 deinceps
3302 1804 3586 1860 obtulisse.

296 1893 495 1949 insulas
541 1893 767 1949 Romam
812 1910 998 1951 versus
1050 1896 1306 1967 navigans
1357 1896 1682 1961 lustrasset,
1743 1896 1891 1952 hisce
1924 1902 1975 1972 Π
2067 1896 2175 1953 Seu
2200 1897 2323 1965 quia
2348 1897 2401 1950 in
2444 1896 2547 1951 hoc
2574 1896 2711 1950 libro
2735 1896 2876 1951 dicta
2906 1904 2961 1951 et
2988 1904 3134 1965 gesta
3166 1896 3331 1966 ipsius
3351 1895 3590 1965 Sophro-

295 1984 557 2040 similibns
588 1986 657 2041 ibi
687 2003 899 2057 quoque
931 1989 1244 2060 conquisitis
1272 1999 1328 2045 et
1352 1989 1605 2060 cognitis,
1632 1989 1732 2045 hoc
1758 2005 1895 2058 opus

293 2076 651 2149 conscripsit,
683 2079 824 2148 quod
857 2079 1071 2136 dedicat
1097 2080 1404 2151 Sophronio
1450 2098 1548 2139 seu
1593 2082 1895 2152 Sophrona

293 2168 557 2238 discipulo
587 2185 707 2235 suo,
739 2172 1025 2242 eidemque
1052 2175 1155 2228 hoc
1187 2175 1359 2242 ipsum
1391 2174 1551 2229 oll'ert
1574 2217 1590 2242 ,
1626 2189 1747 2231 cum
1776 2174 1891 2245 jam

292 2261 473 2314 animo
525 2261 846 2332 praeciperet
899 2264 1101 2320 instare
1148 2264 1270 2319 vita:
1320 2266 1476 2334 hujus
1518 2268 1570 2320 in
1612 2266 1890 2321 meliorem

291 2357 791 2412 commutationem.
821 2359 1090 2414 Cancrum
1115 2373 1180 2414 ex
1212 2359 1296 2413 his
1318 2361 1572 2414 omnibus
1600 2359 1893 2413 industrius

291 2446 518 2517 quisque
544 2461 598 2502 et
645 2448 738 2503 Dei
780 2463 995 2517 amans,
1034 2450 1265 2505 fructum
1317 2452 1571 2521 capiens,
1623 2466 1891 2522 nunquam

291 2542 455 2611 hujus
499 2542 685 2613 scripti
716 2545 935 2600 nimiam
988 2546 1347 2615 prolixitatem
1396 2547 1683 2603 accusarit.
1715 2566 1732 2601 ι
1764 2550 1893 2616 Qua:

294 2634 521 2690 Photius
575 2638 895 2706 compendio
949 2640 1223 2709 excerpsit
1267 2654 1334 2695 ex
1389 2641 1565 2710 elogio
1616 2643 1891 2710 auctoris,

293 2742 437 2782 nunc
473 2728 570 2783 hac
599 2731 835 2785 secunda
864 2729 1158 2787 Moretiana
1200 2732 1439 2789 editione
1466 2772 1482 2801 ,
1513 2734 1630 2802 ejus
1664 2735 1800 2788 libro
1826 2749 1891 2789 ex

292 2818 421 2874 Mss.
449 2819 657 2876 Grazcis
686 2823 929 2893 praefixo.

364 2915 418 2967 ὖ.
452 2914 700 2972 Secunda
732 2917 947 2973 Nicmna
997 2919 1274 2990 synodus,
1305 2935 1424 2991 quae
1454 2936 1524 2975 vn
1574 2930 1655 2975 est
1701 2920 1894 2974 ordine

302 3013 452 3070 inter
492 3018 801 3085 generales,
830 3018 1042 3073 actione
1069 3019 1103 3074 4
1143 3019 1215 3073 ita
1252 3018 1447 3073 habet:
1480 3024 1581 3073 Τοῦ
1631 3019 1681 3073 ἄν
1731 3017 1895 3089 ἁγίοις

291 3109 497 3180 πατρὸς
540 3111 678 3182 ἡμῶν
716 3114 995 3183 Σωφρωίου
1024 3112 1079 3167 ἔκ
1105 3118 1194 3167 τοῦ
1233 3115 1601 3185 Λιιμωναρὶου.
1632 3108 1829 3184 Ἔλεγεν
1868 3110 1893 3164 ὁ

291 3199 465 3260 esse;
490 3200 743 3281 Θεόδωρος
774 3203 797 3257 ὁ
823 3201 1087 3273 Δίλιὼτης,
1111 3202 1191 3259 ὅτι
1228 3201 1286 3263 ἦν
1325 3225 1402 3264 τις
1430 3202 1718 3277 ἴγκλιιστος
1740 3206 1811 3264 εἰς
1839 3204 1900 3259 τὸ

1999 1992 2073 2045 nii
2106 2004 2203 2060 pro
2226 1989 2413 2057 majori
2439 1998 2588 2059 parte
2616 1987 2982 2044 continentur.
3008 1987 3143 2044 Nam
3166 1989 3210 2043 is
3240 1988 3401 2043 totius
3431 1988 3592 2044 itine—
3650 2058 3657 2065 ο

1996 2083 2073 2138 ris
2118 2082 2240 2139 libri
2287 2082 2443 2153 hujus
2490 2085 2724 2138 auctoris
2771 2082 2869 2138 fuit
2918 2082 3225 2138 individuus
3269 2096 3484 2149 comes;
3532 2092 3592 2139 et

1997 2190 2329 2247 quaecunque
2357 2175 2621 2230 ambobus
2641 2175 3044 2231 ambulantibus
3074 2184 3466 2239 occurrerunt,
3500 2174 3585 2229 vel

1996 2269 2362 2337 quaerentibus
2413 2268 2724 2337 responderi
2757 2268 3015 2337 contigit,
3047 2265 3459 2337 diligentissime
3492 2265 3589 2320 de-

1997 2360 2197 2429 seripta
2215 2368 2359 2416 sunt.
2382 2361 2558 2426 Quare
2581 2358 2745 2414 etiam
2766 2358 2880 2414 haec
2892 2358 3059 2414 verba
3076 2357 3377 2427 sacpissime
3400 2358 3586 2411 iterata

1996 2452 2246 2508 videbis:
2288 2451 2529 2506 Venimus
2579 2467 2671 2524 ego
2708 2460 2756 2506 et
2798 2451 3037 2505 dominus
3077 2463 3217 2505 meus
3260 2449 3589 2516 Sophronias

1995 2546 2225 2615 sophista
2247 2546 2314 2599 ad
2337 2546 2572 2599 abbatem
2597 2544 2778 2610 talem,
2812 2552 2919 2598 etc.
2948 2542 3013 2598 Et
3040 2543 3162 2597 ideo
3183 2556 3397 2612 semper
3425 2541 3587 2597 etiam

1996 2639 2191 2711 plurali
2220 2639 2493 2694 locutione
2520 2638 2704 2701 utitur,
2733 2636 2922 2691 dicens
2945 2652 2957 2688 :
2983 2632 3345 2699 Perreximus,
3373 2633 3592 2687 necaui-

1994 2748 2144 2799 mua,
2170 2732 2423 2797 vidimus,
2458 2730 2686 2783 narravit
2732 2727 2875 2782 nobis
2924 2742 3079 2781 senex
3122 2725 3419 2779 monasterii
3458 2724 3588 2778 dux.

1997 2824 2097 2879 Per
2122 2839 2242 2893 qua
2271 2824 2449 2879 omnia
2478 2820 2717 2889 conspici
2742 2820 2923 2886 datur,
2954 2819 3276 2889 scriptorem
3308 2830 3588 2887 nunquant

1995 2917 2169 2971 solum
2200 2914 2363 2969 fuisse
2394 2915 2448 2969 in
2481 2913 2563 2969 his
2597 2928 2719 2983 qua:
2764 2920 2953 2967 narrat
2994 2909 3395 2982 perquirendis.
3440 2910 3593 2969 Sicut

1996 3024 2125 3079 ergo
2155 3009 2387 3063 Platonis
2421 3005 2696 3071 Phaedrus,
2729 3006 2973 3071 Times,
3004 3002 3249 3075 Gorgias,
3280 3011 3339 3058 et
3368 3002 3593 3060 Parme-

1996 3103 2163 3169 nides,
2191 3112 2243 3156 et
2284 3101 2444 3157 Tullii
2473 3100 2609 3156 liber
2630 3099 2698 3155 de
2728 3100 3018 3155 Senectute
3048 3098 3175 3152 Cato
3204 3096 3383 3170 Major
3406 3096 3596 3153 inscri-

2000 3196 2197 3249 buntur
2226 3210 2255 3248 a
2289 3191 2554 3264 personis,
2584 3190 2797 3264 [χχχιχ]
2845 3206 2966 3261 qua
3010 3188 3087 3244 ibi
3136 3188 3512 3259 colloquentes
3540 3198 3601 3248 et

292 3290 411 3370 ὅρος
439 3302 544 3350 τῶν
567 3296 789 3362 Ἐλαιῶν,
815 3300 1100 3368 ἀγωνιστής
1130 3298 1285 3359 πάνυ,
1315 3306 1418 3350 etc.
1459 3314 1478 3347 ι
1518 3295 1767 3365 Ejusdem
1798 3297 1897 3350 Pu-
1923 3317 1926 3340 τ

2006 3290 2338 3357 disputantes
2385 3286 2739 3352 inducuntur;
2782 3284 2910 3356 quid
2958 3283 3196 3341 obstabit
3251 3283 3374 3339 huic
3422 3284 3596 3350 libro,

293 3389 393 3443 tris
415 3392 589 3445 nostri
616 3388 910 3454 Sophronii
940 3405 1008 3444 ex
1056 3389 1194 3443 libro
1236 3389 1419 3443 Prato.
1458 3389 1683 3443 Dicebat
1734 3391 1902 3444 abbas

295 3482 623 3537 Theodorus
669 3480 870 3536 Elinta
929 3480 1051 3551 quia
1104 3480 1325 3551 quidam
1380 3480 1618 3535 inclusus
1674 3489 1790 3536 erat
1848 3482 1903 3537 in

294 3589 483 3633 monte
536 3578 845 3643 Olivarum,
899 3579 1056 3635 valde
1110 3589 1366 3649 certatur,
1404 3598 1423 3631 ι
1461 3589 1565 3635 etc.
1603 3580 1701 3636 Ubi
1734 3589 1902 3638 totum

294 3684 456 3742 caput
489 3672 587 3735 45,
622 3672 766 3743 quod
796 3674 850 3727 in
880 3672 981 3728 hoc
1010 3672 1147 3728 libro
1196 3674 1450 3746 habetur,
1494 3674 1684 3730 Graece
1727 3677 1895 3744 expri‘

296 3766 487 3821 mitur.
534 3766 686 3833 Quod
731 3767 869 3822 idem
923 3767 1182 3836 repetitur
1227 3769 1439 3823 actione
1471 3766 1537 3835 5,
1572 3768 1661 3823 ubi
1704 3777 1759 3823 et
1801 3768 1905 3823 alia

298 3858 411 3914 duo
441 3859 685 3928 exempla
716 3870 779 3914 ex
809 3859 1000 3915 eodem
1033 3858 1345 3915 Limonario
1376 3860 1632 3915 citantur.

377 3953 627 4027 [xxxvtu]
659 3955 712 4009 Δ.
745 3953 980 4010 Joannes
1012 3954 1295 4022 Diaconos,
1323 3955 1414 4011 lib.
1441 3966 1480 4021 r,
1506 3969 1625 4023 cap.
1650 3955 1742 4020 45,
1775 3954 1907 4008 Viro

309 4047 488 4101 sancti
536 4046 778 4117 Gregorii
810 4048 983 4120 Magni
1012 4066 1025 4100 :
1066 4066 1085 4100 ι
1124 4047 1483 4103 Nihilominus
1514 4062 1577 4102 ex
1612 4047 1750 4102 libro
1776 4087 1789 4111 ,
1818 4046 1906 4117 qui

302 4151 334 4192 a
371 4136 577 4193 Grzecis
605 4152 803 4212 Δειμων
843 4140 1058 4206 dicitur,
1106 4155 1133 4195 a
1180 4140 1383 4195 Latinis
1416 4155 1541 4195 vero
1588 4140 1909 4212 intelligitur

313 4232 547 4305 Campus
579 4234 660 4289 νει
692 4233 909 4289 Pratum
937 4275 953 4303 ,
988 4246 1286 4307 preceptor
1312 4252 1464 4292 meus
1495 4236 1633 4291 inter
1664 4236 1763 4290 alia
1800 4243 1910 4290 toto

308 4331 450 4387 orbe
472 4331 583 4400 jam
611 4330 881 4385 diffamat:
912 4332 1169 4385 miracula
1194 4332 1578 4399 interpretatus
1603 4339 1705 4384 est.
1740 4347 1760 4381 ι

381 4425 440 4478 5.
473 4422 1128 4489 JoannesDamascenus,
1159 4423 1209 4477 in
1241 4422 1345 4477 line
1377 4424 1531 4491 primi
1566 4422 1716 4487 libri,
1750 4436 1910 4491 quem

315 4530 421 4586 pro
463 4515 787 4583 imaginibus
828 4515 1087 4583 scripsit,
1127 4514 1492 4570 testimonium
1532 4529 1599 4568 ex
1633 4516 1733 4566 hoc
1776 4513 1914 4567 libro

310 4608 570 4671 adducit,
621 4607 721 4661 boc
771 4606 967 4661 titulo:
995 4617 1073 4662 Ἐκ
1096 4614 1190 4663 τοῦ
1227 4610 1579 4681 Λειμωναρίου
1622 4612 1719 4661 τοῦ
1766 4604 1912 4677 ἁγίου

308 4707 519 4779 πατρὸς
564 4705 706 4773 ἡμῶν
747 4701 1026 4778 Σωφρονίσυ
1066 4702 1479 4777 ἀρχιιπισκὸπου

318 4819 335 4851 t
378 4801 455 4853 Ex
488 4796 662 4853 Parvo
691 4797 849 4851 Prata
876 4795 1047 4851 sancti
1079 4795 1253 4850 Patris
1276 4794 1447 4849 nostri
1487 4793 1776 4863 Sophronii
1820 4808 1911 4846 ar-

310 4892 645 4961 chiepisc0pi
674 4890 1166 4960 Jerosolymorum.
1210 4907 1228 4940 ι

386 4982 443 5038 6.
476 4982 841 5051 Nicephorus,
873 4981 963 5035 ιιι).
993 4990 1125 5046 vui,
1158 4995 1277 5049 cap.
1302 4978 1369 5034 Η
1407 4996 1418 5030 :
1459 4996 1478 5030 ι
1520 4976 1740 5032 Multam
1777 4990 1911 5045 quo-

310 5097 420 5152 que
443 5090 499 5135 ct
528 5078 708 5133 utilem
740 5078 808 5131 de
840 5076 901 5131 iis
929 5073 1251 5148 (monachis)
1277 5073 1555 5128 historiam
1581 5072 1919 5142 Sophronius‘

312 5171 809 5243 Jerosolymitanus
841 5168 993 5224 nobis
1025 5167 1263 5236 reliquit,
1289 5163 1438 5219 Prati
1459 5173 1515 5220 et
1535 5165 1651 5219 noui
1670 5162 1915 5218 Paradisi

312 5268 497 5331 titulo,
533 5264 736 5335 scripto
766 5264 815 5318 ei
848 5261 1038 5317 indito.
1081 5280 1100 5313 ι

388 5362 637 5427 ριιίιξτεε.
672 5355 771 5423 Qui
804 5355 889 5410 lt‘ic
916 5355 1050 5409 liber
1083 5366 1225 5409 nunc
1252 5351 1563 5423 Sophronio
1604 5350 1922 5423 patriarchae

313 5452 787 5520 Jerosolymorum
838 5447 1184 5511 inseribatur,
1240 5446 1315 5501 uti
1366 5461 1395 5500 a
1442 5445 1676 5501 secunda
1704 5443 1921 5500 Nicaeua

313 5544 551 5617 synodo,
590 5554 644 5598 et
673 5542 880 5598 Joanne
915 5540 1267 5604 Damasceno,
1304 5554 1446 5595 nunc
1481 5538 1677 5594 Joanni
1706 5539 1929 5594 Moscho

313 5654 410 5694 seu
450 5638 675 5693 Evirato
704 5635 771 5690 ad
817 5632 1178 5703 Sephrunium
1227 5632 1561 5703 sophistam?
1612 5632 1925 5701 Respondet

318 5731 580 5801 Aloysius
615 5729 971 5797 Lipomanus,
1004 5724 1291 5795 episcopus
1317 5724 1667 5789 Verunen-is,
1696 5727 1785 5795 qui
1819 5725 1926 5789 pri-

321 5840 447 5880 tnos
480 5825 623 5876 hunc
655 5820 848 5875 librum
881 5817 967 5874 edi
997 5816 1239 5887 curavit,
1271 5832 1429 5888 quem
1476 5820 1783 5888 Apostolica
1829 5819 1927 5873 Bi-

323 5914 596 5973 M'uatbecat
639 5911 1000 5983 suppeditavit
1044 5925 1186 5969 anno
1229 5909 1373 5967 1558
1407 5927 1422 5981 ;
1460 5930 1477 5964 t
1517 5912 1761 5985 Scriptor
1800 5915 1926 5971 libri

2009 3382 2134 3453 quin
2160 3380 2443 3450 Saphronii
2474 3380 2706 3443 dicatur,
2737 3394 2860 3435 cum
2891 3380 2945 3434 in
2971 3392 3040 3435 eo
3067 3378 3114 3433 is
3139 3378 3444 3447 ambulans,
3468 3378 3601 3433 visi-

2009 3484 2147 3540 tans,
2179 3490 2428 3543 operans,
2458 3475 2794 3544 interrogans
2818 3483 2873 3528 et
2904 3472 3237 3542 respondens
3262 3472 3460 3543 ubique
3482 3472 3600 3530 lere

2008 3568 2315 3620 asscratur?

2079 3659 2185 3712 Aut
2226 3657 2445 3711 demum
2486 3672 2553 3710 ex
2604 3656 2688 3709 illa
2736 3670 2896 3711 causa
2938 3656 3239 3725 Sophronia
3287 3656 3599 3724 ascribitur,

2010 3754 2261 3821 quoniam
2312 3766 2413 3805 una
2455 3765 2576 3805 cum
2605 3749 2813 3805 Joanne
2857 3748 3115 3818 praedicto
3145 3750 3480 3819 conscriptor
3522 3750 3606 3820 (ut

2010 3844 2081 3897 ita
2113 3843 2315 3911 dicam)
2348 3841 2487 3896 forte
2516 3840 2755 3909 ejusdezu
2789 3841 2909 3895 libri
2941 3840 3058 3895 fuit.
3096 3840 3240 3910 Lege
3269 3840 3426 3911 hujus
3454 3840 3607 3896 volu-

2012 3934 2173 3989 minis
2203 3941 2363 4003 caput
2389 3933 2475 3997 τί,
2506 3940 2561 3986 ct
2589 3932 2642 3985 in
2670 3932 2787 4001 ejus
2820 3931 3082 4000 principio
3121 3933 3192 3987 ita
3233 3931 3489 4001 scriptum
3518 3946 3608 3987 ι’θο

2013 4031 2190 4100 pcries
2222 4046 2235 4083 :
2270 4046 2288 4079 ι
2327 4026 2441 4097 Ego
2485 4037 2540 4082 et
2584 4027 2832 4080 dominus
2864 4041 3015 4080 meus
3060 4027 3394 4097 Sophronius
3424 4041 3607 4097 perre-

2014 4125 2189 4178 ximus
2228 4123 2292 4175 ad
2327 4119 2633 4189 philosmphi
2662 4118 2919 4186 Stephani
2953 4119 3169 4173 domum
3202 4118 3460 4173 doctrinae
3488 4133 3610 4189 gra-

2016 4215 2107 4281 tia,
2148 4234 2167 4268 ›
2195 4224 2300 4270 etc.
2361 4212 2561 4268 Deinde
2591 4213 2643 4266 in
2683 4213 2789 4266 line
2818 4211 3065 4282 ejusdem
3095 4212 3289 4282 capitis
3318 4212 3421 4267 hoc
3450 4212 3612 4269 modo

2015 4306 2277 4376 scriptum
2305 4305 2496 4375 legitur
2529 4322 2539 4356 :
2574 4322 2591 4354 ί
2628 4302 2731 4358 ista
2763 4318 2883 4359 cum
2915 4302 3239 4369 audivimus,
3273 4304 3445 4358 innuit
3476 4303 3613 4359 mihi

2016 4400 2267 4456 dominus
2308 4413 2459 4453 lliBUS
2508 4396 2845 4467 Sophronius
2872 4436 2886 4461 ,
2915 4405 2968 4449 et
2998 4396 3349 4461 recessimus,
3383 4403 3438 4450 et
3481 4395 3615 4451 dixit

2018 4493 2151 4547 mihi
2183 4510 2196 4545 :
2234 4491 2395 4557 Vere,
2424 4489 2562 4544 abba
2587 4488 2846 4554 Joannes,
2879 4487 3037 4542 hodie
3069 4487 3197 4541 nihil
3230 4488 3368 4542 ultra
3398 4488 3615 4543 studea-

2020 4601 2173 4650 mus;
2205 4585 2340 4639 satis
2365 4585 2507 4640 enim
2549 4582 2807 4649 aedificati
2839 4595 3045 4635 sumus.
3079 4572 3203 4636 llaec
3234 4596 3364 4653 ergo
3393 4583 3616 4653 scripsi-

1531 4673 1910 4776 Ἰεροσολύμων,
1946 4693 2165 4752 putus,
2192 4688 2247 4733 ut
2279 4689 2333 4732 et
2368 4690 2461 4730 vos
2490 4676 2686 4743 pariter
2726 4673 3085 4727 aadiiicemini.
3124 4692 3142 4726 ι

2093 4768 2208 4825 Una
2253 4782 2382 4839 ergo
2431 4782 2495 4821 ex
2538 4765 2623 4820 his
2670 4765 2992 4834 rationibus,
3026 4780 3119 4821 seu
3153 4768 3327 4836 potius
3369 4768 3618 4823 omnibus

2020 4864 2178 4920 simul
2220 4862 2629 4930 accedentibus,
2674 4860 2796 4933 jure
2844 4862 3141 4933 meritoque
3194 4863 3329 4919 liber
3376 4864 3475 4917 iste
3514 4862 3616 4916 So-

2025 4969 2235 5041 phronii
2265 4967 2482 5024 nomine
2509 4965 2801 5035 inscriptus
2832 4965 3059 5020 videtur.

2097 5065 2252 5120 Dices
2278 5078 2292 5116 :
2331 5063 2386 5117 In
2414 5063 2516 5116 hoc
2548 5060 2685 5115 libro
2717 5052 3054 5130 Suphronius’
3082 5057 3165 5110 hic
3191 5072 3291 5109 non
3320 5055 3620 5122 appellatur

2024 5158 2485 5227 Jerosolymorum
2524 5154 2846 5225 patriarcha,
2876 5152 2975 5210 sed
3003 5151 3264 5221 sophista.
3313 5149 3620 5217 Respondet

2025 5252 2168 5308 idem
2200 5251 2453 5320 Aloysius
2481 5267 2492 5301 :
2529 5248 2857 5305 Vocabulum
2888 5246 2989 5301 hoc
3030 5252 3136 5298 non
3183 5244 3235 5296 in
3266 5243 3459 5297 naniam
3491 5244 3617 5297 olim

2030 5354 2258 5418 partem,
2291 5343 2430 5398 sicut
2458 5345 2514 5397 lit
2561 5342 2720 5397 modo
2763 5340 2984 5410 passim,
3025 5335 3117 5391 scd
3170 5336 3223 5390 in
3254 5337 3447 5392 bonam
3486 5338 3624 5391 acci-

2032 5438 2309 5509 piebatur;
2344 5450 2444 5491 nec
2484 5434 2631 5489 aliud
2669 5430 3006 5501 designabat,
3039 5441 3199 5499 quam
3239 5432 3541 5499 sapientem
3573 5439 3628 5484 et

2036 5531 2355 5602 prudentem
2382 5529 2677 5587 hominem.
2707 5523 2881 5593 qualis
2919 5519 3019 5577 fuit
3058 5532 3113 5579 et
3134 5523 3390 5578 Libanius
3420 5520 3533 5586 ille,
3558 5525 3635 5576 ad

2028 5642 2187 5700 quem
2216 5626 2396 5681 mu‘ltae
2430 5622 2603 5692 Magni
2634 5619 2812 5673 Basilii
2864 5619 3104 5686 epistola:
3132 5620 3354 5673 directa:
3393 5619 3627 5678 luerunt.

2031 5723 2205 5792 ipsum
2240 5719 2487 5775 maximis
2514 5726 2797 5783 praeconiis
2839 5711 3144 5768 cﬂ'ereutes.
3179 5710 3356 5766 Potuit
3387 5722 3515 5778 ergo
3548 5708 3631 5763 vir

2032 5818 2135 5871 iste
2160 5814 2307 5884 prius
2334 5820 2387 5866 et
2420 5806 2717 5863 monachus
2742 5821 2883 5871 esse,
2919 5815 2975 5862 et
3005 5804 3245 5877 sophista
3293 5799 3623 5868 nuncupari;

2034 5912 2158 5969 inde
2189 5924 2322 5965 vero
2346 5906 2413 5961 ad
2444 5912 2681 5963 sanctam
2706 5903 3164 5973 Jerosolymorum
3192 5900 3375 5954 St‘tlcm
3403 5893 3627 5958 assumi,
