4124 6350
493 389 555 443 47
1439 389 1505 445 ΙΝ
1544 388 1743 447 VITAS
1773 387 2053 445 PATRUM
2104 389 2615 449 PROLEGOMENA
2655 392 2839 450 XXVI.
3704 394 3771 449 48

492 517 562 557 ex
589 515 714 571 qua,
750 508 999 570 tauquam
1030 500 1257 573 d-igniori
1300 500 1442 571 loco,
1472 513 1657 572 postea
1683 501 2082 559 denominatio-
2107 505 2164 567 Α
2186 516 2363 565 ctores
2389 509 2535 565 solus
2559 520 2640 566 est
2667 510 2820 566 divus
2851 509 3232 583 Hieronymus,
3262 510 3353 582 qui
3386 510 3600 579 Latine,
3630 511 3770 582 quod

492 612 616 653 nem
646 595 933 665 acceperit.

567 689 724 745 Petes
751 707 763 742 :
792 689 908 756 Quo
933 698 1173 759 tempore
1203 689 1300 745 viri
1330 690 1381 745 lii
1405 691 1491 759 qui
1523 691 1717 746 librum
1744 691 2080 762 conscripse-

494 790 623 838 runt
644 782 970 839 claruerint?
1014 782 1325 852 BeSpondet
1356 783 1495 839 idem
1524 784 1614 855 qui
1645 799 1808 855 supra
1836 802 1849 838 :
1884 784 1940 839 ld
1982 798 2080 853 pro

491 884 643 930 certo
671 890 779 929 non
824 875 1067 931 habetur.
1104 874 1298 930 Verum
1331 890 1451 930 cum
1482 876 1655 947 Magni
1693 876 1937 947 Gregorii
1965 875 2078 931 Ro-

490 969 634 1025 mani
664 970 949 1039 pontificis,
996 968 1152 1039 hujus
1203 971 1438 1026 nominis
1479 972 1661 1042 primi,
1713 970 1908 1026 factum
1956 984 2083 1025 nar-

488 1070 629 1126 rent,
662 1071 717 1117 et
740 1064 1167 1134 syncbrouorum
1191 1062 1485 1133 Caesarum,
1516 1063 1769 1120 videlicet
1791 1064 2079 1133 Anastasii,

489 1157 727 1223 Tiberii,
757 1157 1013 1224 Mauritii,
1042 1166 1097 1213 et
1122 1158 1351 1214 Zenonis
1400 1158 1725 1214 mentionem
1777 1158 1996 1227 faciant,
2027 1167 2084 1214 et

489 1255 546 1304 tu
569 1259 721 1306 sexta
742 1251 948 1323 synodo
978 1252 1064 1306 hic
1090 1251 1226 1307 liber
1256 1252 1572 1319 adducatur,
1598 1252 1903 1324 conjectura
1934 1266 2082 1308 asse-

486 1345 580 1414 qui
622 1358 930 1413 possumus,
974 1346 1113 1399 circa
1162 1361 1360 1401 annum
1393 1345 1603 1401 Domini
1626 1344 2078 1403 sexcentesimum

487 1438 638 1496 illum
667 1440 832 1497 fuisse
858 1443 1242 1513 conscriptum.

559 1533 760 1599 Porro,
804 1534 871 1589 ad
910 1536 1433 1593 commendationem
1485 1537 1642 1607 hujus
1690 1536 1810 1592 libri
1865 1536 2080 1592 tandem

490 1631 741 1701 Aloysius
769 1631 1091 1700 Lipomanus
1123 1630 1375 1698 praefatur
1401 1650 1411 1683 :
1436 1650 1455 1684 ι
1486 1631 1649 1687 Liber
1676 1632 1780 1698 hic,
1810 1631 1980 1686 amice
2008 1630 2084 1685 le-

489 1731 625 1789 ctor,
656 1736 816 1793 quem
846 1722 942 1776 tibi
983 1721 1265 1793 legendum
1298 1723 1647 1789 exhibemus,
1673 1723 1888 1777 Pratum
1918 1721 2081 1791 spiri-

488 1816 628 1871 tuale
672 1816 1001 1881 nominatur,
1047 1832 1110 1870 ex
1147 1815 1334 1872 Grieco
1360 1817 1581 1872 Latinus
1630 1832 1725 1885 per
1753 1816 1972 1870 doctum
2004 1813 2081 1867 vi-

2184 599 2399 669 quidem
2428 610 2663 670 constet,
2691 602 2985 674 scripserit.

2255 693 2557 750 Secundum
2586 706 2638 752 et
2664 699 2877 752 tertium
2904 697 3159 766 scriptum
3188 710 3309 752 esse
3332 712 3360 753 a
3387 693 3624 763 Rufiino,
3651 710 3775 767 par-

2185 786 2277 840 tim
2321 802 2389 842 ex
2437 787 2561 844 divo
2587 788 2934 861 Hieronymo,
2971 790 3165 860 partim
3206 803 3271 846 ex
3304 789 3455 857 Mss.,
3488 790 3677 858 partim
3707 803 3769 843 ex

2184 879 2447 950 probabili
2472 880 2781 951 conjectura
2824 881 3169 937 asseruimus.

2254 970 2337 1026 An
2369 986 2497 1028 vero
2522 972 2569 1027 is
2598 988 2665 1028 ex
2691 972 2881 1029 Graeco
2914 974 3269 1041 transtulerit,
3303 974 3589 1029 incertum.
3614 971 3776 1026 Divus

2185 1062 2545 1135 Hieronymus
2579 1065 2786 1121 videtur
2828 1067 3054 1123 innuere
3099 1083 3129 1122 a
3162 1066 3379 1121 Roﬂitio
3411 1066 3527 1135 ipso
3556 1081 3777 1134 compo-

2184 1158 2371 1225 situm,
2396 1160 2620 1230 epistola
2651 1176 2815 1231 supra
2845 1162 3029 1217 citata.
3062 1161 3152 1216 Ait
3177 1161 3320 1217 enim
3353 1178 3366 1215 :
3399 1177 3417 1213 ι
3456 1160 3556 1229 Qui
3584 1160 3777 1216 librum

2188 1265 2400 1321 quoque
2438 1254 2655 1323 scripsit
2702 1256 2852 1323 quasi
2897 1255 2965 1309 de
3004 1254 3302 1319 monachis,
3342 1270 3362 1305 ι
3417 1254 3555 1324 quod
3598 1262 3776 1307 tamen

2183 1342 2252 1398 de
2281 1344 2418 1401 libro
2456 1346 2693 1403 secundo
2737 1354 2941 1401 tantum
2980 1346 3322 1417 capiendum,
3367 1354 3425 1398 ut
3467 1355 3680 1400 consmt
3709 1360 3776 1401 ex

2184 1434 2401 1494 Patrum
2454 1438 2781 1506 nominibus,
2828 1456 2949 1512 qua:
2997 1440 3151 1494 divus
3175 1440 3527 1511 Hieronymus
3575 1455 3638 1493 ex
3686 1438 3778 1494 illo

2185 1533 2384 1589 Bullini
2414 1532 2552 1588 libro
2581 1530 2861 1603 exprimit,
2892 1534 2981 1603 qui
3015 1548 3113 1587 suo
3147 1543 3386 1601 tempore
3434 1532 3777 1587 circumfere-

2185 1626 2365 1690 batur,
2409 1642 2638 1696 quorum
2670 1625 2804 1682 Vita:
2846 1626 2898 1682 in
2931 1627 3167 1681 secundo
3209 1637 3412 1681 tantum
3464 1626 3600 1681 libro
3628 1641 3779 1698 repe-

2186 1719 2417 1775 riuutur.

2259 1813 2493 1879 Quartus
2542 1813 2677 1868 liber
2720 1829 2842 1869 cum
2894 1830 2958 1869 ex
2989 1815 3193 1871 Severo
3225 1814 3453 1885 Sulpitio
3491 1824 3541 1869 et
3572 1813 3778 1869 Joanne

485 1924 604 1964 rum
635 1908 977 1964 Ambrosium
1005 1909 1473 1966 Camaldulensem
1526 1909 1845 1965 monachum
1898 1906 2078 1963 reddi-
2111 1899 2160 1960 B
2186 1906 2444 1962 Cassiano
2494 1908 2561 1961 sit
2592 1906 2966 1974 concinnatus,
3014 1924 3119 1964 non
3170 1923 3494 1978 magnopere
3532 1906 3778 1962 dubitan-

456 2074 463 2079 _
487 2014 592 2069 tus,
618 2019 775 2072 quem
809 2002 985 2060 adhuc
1011 2005 1149 2075 typis
1178 2019 1455 2072 excusum,
1486 2019 1592 2060 non
1634 2005 1735 2059 nisi
1764 2002 2072 2068 vernacula,

485 2108 647 2170 atque
674 2113 736 2153 ea
771 2098 950 2153 Italica
983 2100 1157 2168 lingua
1187 2098 1491 2154 habuimus.

562 2211 582 2245 ι
619 2193 789 2247 Tanta
819 2200 996 2247 autem
1029 2192 1367 2263 spritualium
1393 2192 1738 2249 ﬂosculorum
1770 2189 2079 2247 amoenitate

482 2285 714 2343 refertus
743 2293 845 2352 est,
876 2294 935 2339 ut
971 2286 1025 2339 in
1056 2286 1290 2355 paradisi
1317 2285 1526 2342 deliciis
1564 2294 1715 2341 ortus
1743 2299 1865 2341 esse
1897 2283 2079 2339 videa-

482 2384 591 2434 tur.
636 2378 694 2433 ln
742 2393 807 2433 eo
856 2378 1118 2448 siquidem
1168 2380 1508 2449 antiquorum
1558 2378 1971 2442 monachorum,
2022 2385 2080 2433 et

486 2469 716 2525 aliorum
743 2470 958 2525 Patrum
990 2470 1102 2526 Deo
1139 2486 1207 2527 ex
1242 2471 1443 2526 intimis
1474 2470 1789 2541 praecordiis
1838 2470 2077 2526 servien-

487 2564 618 2619 tium
651 2562 856 2619 redolet
891 2565 1013 2619 vitae
1044 2566 1321 2634 splendor,
1356 2566 1616 2635 regularis
1655 2564 1951 2635 disciplina:
1978 2563 2077 2619 ob-

485 2658 776 2725 servantia,
800 2656 1067 2728 pudicitiae
1089 2657 1201 2732 [xc]
1223 2668 1278 2714 et
1305 2657 1650 2713 continentia:
1672 2672 1883 2727 norma,
1907 2656 2080 2711 victus

481 2757 541 2805 et
591 2748 817 2804 vestitus
866 2749 1238 2817 parcimonia,
1296 2759 1480 2804 contra
1540 2748 1825 2804 haereticos
1882 2744 2078 2803 invicta

482 2841 804 2906 constantia,
836 2840 890 2895 in
914 2839 1154 2911 jejuniis,
1181 2838 1376 2911 vigiliis
1417 2849 1471 2895 et
1501 2840 1835 2895 orationibus
1862 2838 2078 2893 assidua

482 2933 902 3007 perseverantia,
932 2943 986 2987 et
1012 2948 1140 3003 erga
1166 2931 1455 2987 Dominum
1479 2932 1661 2988 Jesum
1684 2931 1952 2988 Christum
1977 2930 2079 2985 exi«

483 3028 623 3081 mius
653 3035 709 3082 et
739 3025 1126 3080 inaestimabilis
1155 3039 1342 3092 amor;
1387 3026 1513 3095 quin
1543 3026 1703 3079 etiam
1740 3024 2076 3080 admirabilia

481 3118 750 3190 quredain,
782 3133 846 3174 ac
875 3117 1078 3189 Spiritu
1108 3126 1296 3173 sancto
1341 3116 1498 3187 plena
1541 3132 1821 3188 responsa,
1848 3133 1968 3188 quae
1999 3117 2076 3173 le-

481 3216 718 3290 gentium
750 3225 959 3269 mentes
986 3211 1249 3284 spirituali
1276 3212 1507 3283 quadam
1537 3212 1823 3268 dulcedine
1853 3211 2077 3284 perfun-

2182 1998 2332 2064 dum,
2383 1999 2509 2069 quin
2558 2013 2587 2052 a
2630 1997 2823 2053 Latino
2869 1998 3003 2070 [xu]
3070 2010 3290 2056 auctore
3332 2014 3394 2055 ea
3439 1998 3778 2055 concinnatio

2184 2093 2322 2149 facta
2364 2094 2453 2161 sit,
2486 2093 2717 2150 maxime
2744 2108 2864 2149 cum
2897 2093 3076 2149 verbis
3109 2104 3386 2149 auctorum
3430 2092 3779 2150 concinnatur

2185 2189 2501 2260 plerumque
2528 2198 2725 2245 utatur.

2252 2280 2433 2348 Quinti
2462 2291 2517 2337 et
2544 2281 2685 2336 sexti
2727 2281 2847 2337 libri
2882 2281 3128 2337 Graecum
3168 2290 3441 2336 auctorem
3477 2293 3623 2347 esse,
3648 2293 3777 2333 con-

2182 2382 2290 2429 stat
2315 2389 2379 2428 ex
2406 2371 2581 2428 Photii
2613 2373 2968 2443 Bibliotheca,
3014 2373 3146 2429 Cod.
3174 2373 3299 2443 198,
3330 2373 3419 2443 qui
3458 2388 3552 2429 eos
3591 2370 3778 2429 Graece

2182 2466 2331 2537 legit,
2363 2474 2418 2521 et
2444 2466 2566 2537 styli
2598 2468 3035 2537 perspicuitatem
3070 2467 3357 2522 collaudat.

2253 2561 2478 2631 Septimi
2521 2561 2642 2617 libri
2664 2562 2911 2618 Graecum
2953 2572 3227 2618 auctorem
3256 2576 3397 2630 esse,
3431 2561 3627 2618 indicat
3660 2562 3775 2633 ipse

2183 2652 2448 2721 interpres
2485 2653 2823 2708 Paschasius.

2253 2747 2433 2801 Octavi
2478 2745 2601 2801 libri
2630 2744 2849 2801 Graecus
2891 2756 3077 2801 auctor
3122 2759 3203 2803 est
3233 2747 3525 2813 Palladius,
3556 2754 3614 2801 ut
3654 2747 3771 2802 cla-

2183 2854 2299 2893 rutn
2326 2847 2409 2894 est
2435 2853 2503 2895 ex
2526 2838 2769 2899 Socrate,
2803 2838 3184 2910 prolegomeno
3214 2839 3295 2896 l0.

2254 2930 2392 2985 Noni
2425 2930 2546 2987 libri
2593 2941 2782 2989 auctor
2827 2945 2909 2989 εει
2941 2932 3335 2998 Theodoretus,
3366 2945 3421 2990 ut
3452 2950 3610 3005 supra
3642 2933 3772 2989 vidi-

2181 3036 2321 3087 mus,
2352 3036 2511 3093 quem
2542 3023 2789 3079 Gratcum
2824 3025 2988 3080 fuisse
3016 3026 3173 3080 nimis
3197 3042 3352 3097 quam
3380 3036 3587 3080 notum.

2252 3113 2453 3170 Decimi
2496 3114 2617 3172 libri
2663 3126 2850 3171 auctor
2902 3126 2983 3173 est
3022 3117 3256 3174 Joannes
3301 3118 3567 3183 Moschus,
3613 3133 3771 3189 quem

2181 3207 2369 3264 Graece
2402 3208 2683 3279 scripsisse
2727 3218 2955 3266 testatur
2987 3211 3230 3278 Photius,
3264 3210 3605 3266 Bibfiothecae
3636 3212 3769 3266 (:od.

481 3307 650 3373 dunt;
698 3315 1006 3361 sanctarum
1054 3304 1287 3373 denique
1342 3303 1625 3359 mulierum
1674 3304 1872 3361 invicta
1919 3305 2155 3374 fldes,C
2188 3300 2313 3370 199,
2364 3302 2586 3374 haecque
2630 3303 2698 3359 de
2745 3304 2863 3374 ejus
2908 3306 3047 3376 stylo
3097 3306 3293 3359 habet:
3326 3315 3376 3358 Ἦ
3412 3303 3465 3359 δὲ
3494 3310 3583 3359 τοῦ
3622 3305 3771 3375 λόγου

481 3401 703 3455 castitas
750 3396 1208 3468 incomparabitis,
1240 3406 1295 3453 et
1322 3396 1451 3454 felix
1481 3411 1667 3454 earum
1720 3399 1775 3455 in
1808 3402 1914 3456 Deo
1945 3418 2076 3458 con-

480 3492 788 3547 summatio.

558 3602 576 3635 r
612 3582 657 3640 Ο
683 3583 729 3639 si
759 3583 891 3639 tales
922 3583 1083 3638 modo
1116 3584 1477 3642 inveniremus
1504 3584 1698 3642 milites
1722 3585 1937 3642 Christo
1960 3599 2076 3641 ser-

479 3680 711 3745 vientes,
744 3691 907 3748 quam
958 3676 1199 3744 illustris,
1247 3692 1405 3748 quam
1435 3677 1737 3748 splendida,
1765 3694 1925 3749 quam
1971 3677 2071 3734 de-

479 3784 607 3825 cora
635 3777 781 3826 esset
802 3768 1058 3825 Ecclesia:
1089 3778 1286 3826 nostra:
1318 3770 1521 3826 facies!
1564 3786 1722 3841 quam
1760 3771 1897 3828 adeo
1919 3769 2072 3840 deje-

479 3870 621 3917 ctam
647 3870 702 3917 et
728 3860 1048 3929 obsoletam,
1080 3876 1142 3916 ac
1172 3876 1333 3931 supra
1357 3861 1524 3932 pelles
1553 3862 1877 3930 Salomonis,
1912 3870 2072 3931 atque

478 3957 647 4030 Moysi
678 3957 1067 4027 Ethiopissam
1095 3957 1216 4027 (pro
1241 3956 1395 4014 dolor
1421 3958 1461 4030 !)
1490 3958 1819 4029 denigratam
1853 3958 2072 4026 conspi-

478 4051 672 4107 cimus.

560 4162 580 4196 ‹
619 4144 759 4215 Lege
806 4158 932 4215 ergo
984 4144 1187 4199 lubenti
1236 4147 1436 4211 animo,
1484 4154 1538 4202 et
1590 4146 1695 4201 fide
1742 4153 1885 4201 certa
1937 4160 2071 4214 opus

483 4236 644 4302 istud,
676 4234 901 4290 candide
928 4235 1121 4304 lector,
1154 4238 1308 4306 cujus
1335 4237 1641 4305 exemplum
1672 4252 1742 4294 ex
1778 4236 2070 4306 apostolica

484 4327 813 4385 Bibliotheca
842 4329 1176 4399 accepimus;
1206 4338 1261 4385 et
1307 4330 1379 4386 ita
1412 4345 1587 4387 mores
1618 4339 1672 4386 et
1714 4331 1876 4386 vitam
1924 4341 2069 4387 tuam

482 4422 550 4479 ad
581 4422 697 4492 ejus
728 4423 1009 4480 lectionem
1052 4439 1337 4495 compone,
1369 4435 1427 4481 ut
1468 4426 1654 4480 talium
1691 4434 2070 4496 tantorumque

479 4515 737 4583 virorum,
767 4531 904 4587 quos
933 4518 1019 4573 hic
1050 4517 1353 4588 descriptos
1382 4517 1643 4585 invenies,
1676 4518 1867 4588 dignus
1896 4533 2067 4572 armu-

474 4612 614 4667 lator
657 4614 879 4681 existas,
913 4613 1251 4683 postmodum
1300 4628 1429 4669 vero
1465 4628 1650 4669 eorum
1702 4614 1972 4669 consortio
2015 4612 2068 4667 in

473 4711 676 4760 aeterna
708 4704 1033 4762 beatitudine
1072 4706 1299 4762 feliciter
1328 4706 1640 4778 adjungare.
1692 4705 1843 4775 Quod
1892 4704 1984 4761 tibi
2014 4714 2070 4762 et
2100 4701 2152 4761 D

474 4798 608 4853 mihi
654 4797 911 4853 Dominus
958 4806 1215 4869 prazstare
1267 4799 1535 4869 dignetur,
1590 4809 1645 4856 et
1684 4801 1932 4855 omnibus
1973 4801 2065 4871 qui

474 4889 759 4947 Dominum
791 4890 972 4947 Jesum
998 4889 1226 4962 diligunt
1255 4890 1308 4945 in
1340 4890 1669 4949 sinceritate.
1704 4892 1853 4949 Vale.
1894 4912 1913 4945 ι

902 5020 1460 5079 PROLEGOMENON
1495 5022 1634 5079 Xlll.

890 5136 1007 5205 Qua
1033 5136 1212 5208 lingua
1239 5138 1357 5192 libri
1384 5140 1438 5193 lii
1462 5139 1681 5211 scripti?

542 5251 674 5307 Dico
707 5272 719 5305 :
752 5253 1001 5324 Plerique
1026 5254 1148 5310 libri
1175 5269 1365 5310 omnes
1390 5253 1577 5311 Graece
1605 5258 1788 5328 scripti
1818 5268 1961 5314 sunt.

502 5343 751 5399 tl’alebit
818 5362 983 5413 mox,
1054 5347 1337 5420 assignatis
1403 5364 1592 5405 eorum
1655 5350 2058 5422 interpretibus.

470 5435 731 5508 Equidem
762 5453 883 5494 cum
916 5449 1094 5509 patres
1134 5442 1209 5497 illi
1244 5457 1381 5511 pene
1409 5457 1600 5499 omnes
1626 5445 1678 5499 in
1703 5446 1920 5500 Oriente
1949 5446 2061 5501 nati

467 5530 598 5599 sint,
649 5532 995 5604 celebresque
1027 5536 1285 5605 vixerint,
1336 5552 1443 5594 non
1494 5539 1686 5594 mirum
1732 5539 1799 5595 ab
1823 5540 2058 5597 Orientis

468 5624 801 5694 hominibus,
824 5627 1031 5685 Grarcis
1078 5633 1308 5688 maxime
1355 5635 1446 5705 qui
1491 5633 1761 5689 scribendi
1806 5634 2057 5693 facultate

404 5704 419 5727 ⁵
466 5717 778 5787 pollebant,
830 5730 1214 5779 monachorum
1266 5726 1463 5795 quibus
1530 5726 1880 5783 convixcrant
1942 5737 2054 5783 acta

466 5812 697 5882 posteris
725 5828 845 5871 esse
876 5818 1209 5875 transmissa.

535 5898 796 5979 ln'primo
830 5911 987 5976 libro.
1019 5914 1107 5984 qui
1144 5914 1412 5975 miscellus
1452 5926 1555 5982 est,
1591 5916 1732 5973 inter
1757 5920 1933 5976 varios
1964 5935 2059 5975 au-

2182 3396 2417 3473 ὅρμηνιία
2444 3398 2514 3456 εἰς
2542 3397 2600 3451 τὸ
2628 3398 2980 3471 ταπεινότερον
3022 3405 3113 3454 τοῦ
3150 3399 3404 3474 προτέρου
3422 3439 3435 3461 ,
3482 3402 3565 3453 καὶ
3590 3399 3772 3469 ἀμαθέ-

2183 3511 2365 3563 eripe-ti
2393 3491 2643 3545 ἀποκλίνει
2674 3507 2687 3545 :
2723 3511 2741 3543 ι
2776 3492 2968 3560 Operis
2995 3502 3171 3547 autem
3200 3491 3357 3562 hujus
3383 3491 3567 3556 dictio,
3604 3492 3773 3561 magis

2180 3598 2338 3652 quam
2371 3584 2723 3653 pratcedentis
2764 3584 3033 3654 (videlicet
3060 3585 3229 3656 quinti
3266 3595 3316 3640 ct
3340 3586 3477 3641 sexti
3507 3585 3627 3641 libri
3660 3582 3768 3653 hic)

2178 3675 2245 3730 ad
2275 3675 2614 3733 humiliorem
2640 3692 2704 3733 ac
2730 3676 3000 3734 rudiorem
3026 3680 3200 3749 vergit
3219 3678 3439 3750 stylttm.
3477 3698 3495 3731 ι

2612 3815 2811 3872 PROL'.
2841 3818 3169 3874 GOMENON
3215 3820 3347 3877 λιν.

2501 3933 2601 3999 Qui
2632 3935 2811 3989 horum
2835 3936 3079 3990 librorum
3107 3936 3445 4006 interpretes?

2250 4048 2381 4105 Dico
2412 4067 2423 4102 :
2454 4049 2598 4106 Varii
2624 4060 2750 4106 sunt
2782 4052 2970 4106 horum
3005 4051 3263 4106 librorum
3296 4050 3615 4120 interpretes

2251 4146 2308 4200 In
2333 4146 2507 4216 primo
2536 4146 2675 4202 lihro
2707 4148 2758 4201 hi
2791 4149 2900 4201 noti
2924 4155 3215 4202 occurrunt
3239 4148 3583 4215 interpretes.

2250 4240 2299 4294 1.
2360 4238 2622 4311 Evagrius
2684 4240 2969 4312 episcopus
3030 4240 3434 4305 Antiuchcnus,
3500 4240 3767 4310 interpres

2177 4330 2313 4388 Vitae
2362 4333 2531 4389 sancti
2562 4332 2784 4389 Antonii
2833 4333 3106 4389 monachi.
3160 4332 3292 4389 Vide
3330 4333 3395 4387 ad
3442 4347 3561 4388 eam
3593 4333 3764 4388 Vitam

2179 4425 2455 4493 praeludia.

2246 4518 2298 4574 9.
2345 4518 2632 4589 Dionysius
2682 4518 2916 4589 Exiguus
2964 4517 3228 4588 interpres
3277 4516 3408 4571 Vita:
3454 4518 3621 4572 sancti
3667 4515 3767 4572 Pa-

2174 4612 2394 4668 chumii.
2426 4612 2658 4667 Consule
2689 4612 2940 4678 pra-ludia
2975 4612 3108 4668 Vita:
3138 4613 3213 4668 illi
3246 4612 3541 4682 praemissa.

2248 4705 2299 4759 5.
2344 4704 2513 4761 Ursus
2563 4704 2621 4762 S.
2654 4704 2720 4758 Β.
2754 4704 2818 4759 E.
2865 4706 3259 4773 subdiaconus,
3318 4707 3582 4774 interpres
3630 4704 3764 4761 Vita:

2172 4798 2341 4854 sancti
2375 4797 2555 4852 Basilii
2589 4798 2933 4853 Caesariensis
2962 4800 3217 4870 episcopi.
3253 4798 3326 4854 De
3352 4797 3490 4854 Urso
3515 4797 3635 4853 vide
3666 4810 3764 4853 no-

2174 4893 2406 4946 tatiOnes
2425 4890 2490 4945 ad
2519 4907 2634 4946 cam
2663 4891 2859 4947 Vitam.

2245 4984 2301 5039 4.
2379 4984 2649 5040 Gerardus
2730 4985 2947 5040 \'os'~ius
3022 4985 3286 5057 interpres
3383 4988 3513 5044 Vita:
3587 4985 3761 5044 sancti

2170 5075 2285 5147 Eph
2293 5092 2417 5131 rtem
2428 5117 2440 5130 .

2242 5169 2295 5224 5.
2338 5171 2650 5227 Anastasius
2706 5172 2765 5228 S.
2797 5171 2857 5227 lt.
2897 5172 2959 5229 E.
2995 5174 3454 5238 Bibliothecarius,
3493 5176 3759 5246 interpres

2172 5260 2306 5315 Vita:
2345 5262 2512 5317 Sancti
2541 5262 2762 5319 Joannis
2795 5265 3236 5337 Eteentosynarii,
3289 5267 3604 5338 patriarchae
3631 5266 3758 5323 Ale-

2167 5356 2433 5411 xandrini.
2464 5356 2597 5413 Vide
2627 5358 2694 5414 ad
2732 5375 2850 5416 eam
2876 5361 3047 5416 Vitam
3087 5360 3359 5433 praeludis.

2240 5454 2295 5507 ti.
2336 5451 2565 5509 Jacobus
2600 5454 2783 5510 Bittius
2832 5455 3099 5527 interpres
3132 5457 3260 5512 Vita:
3290 5468 3597 5513 sanctorum
3625 5455 3755 5511 Bar-

2166 5542 2304 5599 laatn
2337 5554 2388 5599 et
2413 5546 2690 5617 Josaphat.

2238 5639 2292 5694 7.
2336 5639 2661 5696 Eustocltius
2709 5643 2971 5711 interpres
3000 5643 3130 5697 Vita:
3156 5651 3356 5699 sancta:
3385 5644 3631 5713 Petagim.

2234 5734 2287 5787 8.
2334 5733 2528 5789 Paulus
2574 5734 2823 5803 Neapolis
2870 5736 3122 5791 Ecclesiae
3156 5735 3434 5805 diaconus,
3487 5739 3752 5807 interpres

2167 5823 2300 5879 Vita:
2328 5826 2497 5881 beata:
2531 5826 2712 5882 Mariae
2734 5827 3085 5899 [Egyptiacw

2236 5921 2488 5979 Melclior
2528 5922 2841 5986 Guldastus,
2896 5934 3025 5978 tom.
3075 5924 3091 5979 l
3136 5925 3334 5983 Rerum
3381 5923 3751 5982 Alemannica-
