4124 6350
375 475 442 530 49
1647 462 2201 520 PROLEGOMENON
2248 462 2383 517 XIV.
3588 467 3661 528 50

374 605 519 658 rum,
550 599 699 660 parte
726 590 783 657 2,
833 590 973 645 notis
1018 586 1084 644 ad
1115 589 1466 658 llepidanttm,
1517 588 1583 642 de
1619 587 1733 641 Vita
1766 591 1964 638 sancite
1994 588 2043 643 Α
2070 581 2349 639 a’lulcrint
2411 586 2855 658 probaverintque
2882 630 2896 655 ,
2974 589 3162 645 lubens
3220 588 3576 663 acquiescam.
3626 611 3650 649 s

377 679 687 740 Wiboradte
729 684 1004 739 existimat
1031 682 1208 739 Vitam
1247 690 1449 737 sanctae
1476 679 1728 751 Eugeniae
1758 692 1968 732 versant

376 791 410 834 ε
444 776 681 832 Rullitto.
729 776 838 833 Sed
880 776 1024 832 unde
1076 777 1178 831 hoc
1216 773 1651 845 deprompserit,
1721 770 1968 842 equidem

376 870 587 928 nescio.
636 870 981 936 Possevinus,
1026 870 1079 924 in
1121 873 1392 939 Apparatu
1441 882 1618 933 sacro,
1671 867 1745 921 ait
1795 866 1970 920 Vitam

375 974 579 1021 sanctte
605 964 854 1036 Eugeniae
884 964 1135 1034 scriptam
1166 964 1233 1017 ab
1258 962 1543 1019 Ambrosio
1570 958 1969 1016 Camaldulensi

376 1060 593 1117 abbate.
634 1062 715 1115 Att
754 1074 965 1115 versam
996 1059 1149 1114 vult?
1178 1058 1335 1114 Certe
1364 1060 1512 1128 plura
1550 1058 1651 1111 alia
1695 1057 1843 1113 Vitas
1874 1056 1969 1110 Pa-

373 1160 521 1208 trum
547 1153 841 1222 spectantia
872 1150 1012 1207 idem
1042 1160 1247 1216 auctor,
1272 1151 1461 1207 eodem
1492 1159 1644 1215 teste,
1682 1148 1859 1215 vertit.

453 1244 604 1317 [xui]
645 1243 944 1312 Secundus,
1005 1245 1196 1299 tertius
1245 1255 1298 1299 et
1340 1254 1567 1315 quartus
1617 1243 1738 1297 libri
1784 1240 1971 1310 scripti

377 1345 505 1391 sunt
536 1335 744 1401 Latine,
778 1334 861 1391 vel
902 1346 1049 1391 certe
1088 1336 1154 1391 de
1196 1337 1443 1392 versione
1470 1351 1578 1392 non
1608 1345 1838 1390 constat.
1872 1334 1971 1389 Vel

379 1430 560 1501 potius
592 1449 605 1484 :
635 1441 854 1501 quartus
900 1441 1050 1486 certo
1099 1432 1332 1501 scriptus
1362 1432 1569 1498 Latine,
1606 1432 1672 1486 de
1702 1431 1970 1502 prioribus

374 1522 589 1579 duobus
618 1524 861 1580 dubium.
916 1524 1048 1580 Vide
1078 1524 1219 1581 dicta
1252 1525 1549 1597 prolegom.
1582 1526 1637 1591 4,
1665 1527 1700 1582 5
1726 1536 1780 1580 et
1807 1524 1858 1579 6.

448 1617 631 1687 Quinti
659 1618 780 1675 ltbri
810 1620 1073 1690 interpres
1100 1629 1181 1675 est
1212 1619 1455 1691 Pelagius
1509 1620 1566 1676 S.
1601 1620 1666 1675 Β.
1698 1620 1759 1674 Ε.
1790 1620 1972 1675 diaco-

374 1725 497 1768 nus.

452 1806 525 1860 Ita
575 1814 888 1862 constanter
923 1806 1047 1863 Mss.
1084 1807 1415 1878 Sigebertus,
1454 1808 1522 1863 de
1564 1807 1759 1864 illustr.
1789 1807 1971 1864 Eccle-

375 1899 470 1953 sia:
512 1897 916 1968 Scriptoribus,
966 1915 1087 1969 cap.
1126 1899 1229 1955 HG
1283 1916 1295 1954 :
1354 1918 1373 1952 ι
1423 1900 1670 1972 Pelagius
1712 1900 1967 1956 diaconus

2077 676 2342 731 Hactenus
2369 679 2476 734 ille.

2146 768 2372 838 Septimi
2422 769 2539 825 libri
2587 771 2847 841 interpres
2889 784 2975 829 est
3022 776 3359 844 Paschasius,
3404 776 3556 835 S.R.
3594 778 3656 834 Ε.

2076 860 2354 929 diaconus,
2384 864 2473 932 qui
2506 863 2685 936 [suis]
2716 865 2923 921 Martini
2959 868 3262 925 Dumiensis
3305 870 3517 927 abbatis
3566 887 3658 927 ro-

2076 963 2197 1023 gattt
2230 968 2351 1009 eum
2382 954 2674 1012 Latinitate
2704 958 2944 1015 donavit.

2148 1045 2220 1100 Ita
2249 1046 2445 1104 diserte
2475 1051 2715 1117 prtclatio
2758 1052 2893 1107 libro
2921 1053 2992 1109 illi
3025 1057 3247 1126 praeﬁxa
3294 1059 3527 1128 praefert.
3559 1058 3665 1116 Te-

2075 1146 2244 1193 statur
2286 1156 2496 1211 quoqtte
2540 1142 2849 1213 Sigeberttts
2877 1162 3058 1216 supra,
3088 1162 3209 1218 cap.
3241 1149 3385 1206 ll8:
3421 1170 3440 1203 ι
3478 1151 3662 1206 Marti-

2074 1245 2174 1285 nus
2228 1234 2509 1305 episcopus
2575 1237 2840 1292 transtulit
2903 1254 2995 1308 per
3054 1256 3319 1310 manum,
3392 1243 3663 1299 Paschasii

2073 1322 2282 1380 diaconi
2315 1327 2757 1399 interrogationes
2779 1339 2834 1384 et
2860 1334 3233 1402 responsiones
3256 1334 3513 1403 plurimas
3540 1351 3665 1391 san-

2072 1426 2279 1475 ctorum
2306 1422 2675 1495 {Egyptiorum
2710 1426 2921 1481 Patrum
2951 1427 3005 1482 in
3032 1428 3305 1486 Dumiensi
3333 1432 3603 1488 cmnobio.
3639 1449 3661 1485 ι

2146 1512 2377 1569 Adverte
2422 1515 2524 1585 hic,
2558 1520 2748 1586 primo,
2780 1520 2912 1576 duos
2941 1520 3107 1578 fuisse
3140 1522 3456 1580 Pascltasios
3485 1524 3667 1581 diaco-

2075 1619 2173 1659 nos
2212 1606 2293 1659 his
2334 1610 2661 1678 temporibus
2694 1628 2829 1680 pene
2866 1629 3123 1685 suppares
3152 1620 3297 1688 (nam
3348 1618 3667 1678 Paschasius

2075 1697 2363 1754 Rathertus
2407 1701 2613 1758 duobus
2653 1706 2863 1761 sreculis
2893 1711 3159 1778 posterior
3188 1711 3240 1766 in
3273 1712 3415 1769 hunc
3442 1730 3667 1770 censum

2075 1792 2262 1846 venire
2284 1808 2389 1848 non
2420 1796 2636 1867 potest),
2663 1808 2944 1871 utrumque
2964 1804 3178 1872 scriptis
3203 1804 3428 1863 clarum.
3452 1807 3670 1865 Primus

2077 1893 2161 1938 est
2191 1883 2506 1942 Paschasius
2538 1890 2596 1944 S.
2629 1889 2694 1944 Β.
2724 1890 2785 1945 Ε.
2818 1893 3095 1961 diaconus,
3135 1914 3154 1946 ι
3190 1899 3342 1967 cujus
3381 1900 3669 1955 rectissimi

375 1991 632 2047 Romanae
664 1991 920 2048 Ecclesia:
969 1994 1243 2048 transtulit
1283 1992 1351 2048 de
1377 1994 1568 2050 Graeco
1610 1996 1662 2050 in
1692 1994 1960 2063 Latinum,

2076 1976 2168 2048 (ait
2194 1990 2411 2036 sanctus
2439 1981 2724 2053 Gregorius
2755 1986 2847 2043 lib.
2882 2004 2931 2042 tv
2967 1988 3188 2060 Dialog.,
3224 2006 3341 2061 cap.
3377 1992 3471 2064 40)
3501 2004 3556 2049 et
3585 1995 3669 2049 lu-

375 2086 443 2139 de
473 2082 587 2143 Vita
637 2093 693 2139 et
740 2083 1019 2150 doctrina,
1069 2095 1125 2140 et
1167 2086 1235 2141 de
1285 2085 1616 2155 perfectione
1660 2098 1970 2146 sanctorum

378 2174 594 2229 Patrum
627 2175 794 2230 libros
824 2192 933 2243 xvt,
963 2178 1170 2234 scilicet
1201 2197 1211 2231 :
1240 2178 1304 2233 de
1324 2177 1572 2252 Profectu
1603 2183 1973 2238 monachorum

376 2267 463 2323 lib.
498 2284 545 2335 t;
578 2269 642 2323 de
669 2270 867 2337 Quiete,
898 2285 943 2335 ις
975 2272 1039 2325 de
1059 2271 1481 2343 Compunctione,
1515 2290 1559 2339 t;
1607 2274 1671 2328 de
1693 2274 1974 2331 Continen-

374 2361 467 2428 tia,
498 2376 545 2427 t;
576 2359 765 2416 Contra
801 2363 1215 2434 fornicationem.
1246 2379 1296 2430 t;
1350 2365 1502 2432 Quod
1533 2368 1811 2421 monachus
1842 2367 1973 2423 nihil

374 2455 555 2510 debeat
580 2458 863 2527 possidere,
895 2473 944 2524 t;
991 2458 1145 2525 Quod
1174 2459 1304 2512 nihil
1329 2476 1419 2529 per
1448 2462 1837 2516 ostentationem
1859 2462 1976 2530 ﬁeri

374 2547 573 2612 debeat,
608 2563 657 2614 l;
719 2546 796 2602 De
837 2549 1081 2619 patientia
1122 2558 1171 2604 et
1212 2549 1548 2620 fortitudine,
1592 2566 1640 2616 t;
1685 2550 1835 2617 Quod
1870 2569 1973 2607 non

373 2649 604 2707 oporteat
633 2642 876 2712 judicare
910 2659 1238 2713 quemquam,
1268 2660 1314 2710 t;
1359 2644 1508 2711 Quod
1558 2654 1753 2715 oportet
1804 2645 1972 2703 sobrie

372 2736 569 2800 vivere,
614 2752 665 2803 t;
715 2736 867 2803 Quod
914 2736 1023 2790 sine
1067 2738 1445 2791 intermissione
1490 2746 1539 2791 et
1566 2738 1733 2793 sobrie
1772 2748 1970 2807 oportet

374 2842 543 2894 orare,
576 2842 622 2892 t;
673 2828 737 2882 de
762 2827 1089 2895 llumilitate,
1121 2845 1165 2897 t;
1201 2830 1266 2883 de
1296 2828 1624 2896 Paenitentia,
1659 2848 1705 2897 1;
1746 2833 1808 2886 de
1835 2834 1971 2889 Cha-

373 2923 543 2987 ritate,
574 2938 626 2990 t;
659 2924 722 2977 de
747 2922 1102 2991 Providentia,
1136 2941 1223 2979 seu
1253 2924 1717 2994 Contemplatione,
1763 2941 1799 2980 ι.
1839 2947 1855 2979 t

448 3016 596 3072 Sexti
627 3017 747 3074 libri
791 3018 1058 3090 interpres
1085 3030 1167 3075 est
1193 3020 1428 3076 Joannes
1474 3020 1531 3076 S.
1559 3020 1625 3075 Il.
1656 3021 1715 3075 E.
1747 3020 1968 3076 subdia-

373 3124 562 3166 cimus.

449 3204 522 3258 Ita
550 3218 737 3261 omnes
760 3203 884 3260 Mss.
913 3204 1222 3273 Sigeberttts
1244 3219 1424 3273 supra,
1451 3219 1571 3273 cap.
1596 3204 1690 3257 ll?
1716 3218 1730 3258 :
1758 3222 1775 3255 ι
1807 3204 1969 3277 ,Ioan-

372 3310 471 3351 nes
517 3295 878 3351 subdiaconus
914 3298 1183 3351 transtulit
1207 3296 1273 3351 de
1304 3295 1495 3351 Cra-co
1540 3297 1591 3351 in
1620 3296 1868 3351 Latinum
1899 3296 1968 3353 de

376 3386 493 3441 Vita
529 3397 581 3440 et
607 3386 851 3441 doctrina
884 3388 1098 3441 Patrum
1145 3387 1336 3441 librum
1379 3403 1418 3442 t.
1460 3406 1479 3440 s

446 3478 603 3545 Quod
656 3492 785 3532 vero
829 3477 1237 3548 aitSigebertns
1279 3493 1309 3532 a
1339 3478 1545 3535 Joanne
1590 3480 1904 3536 translatum
1936 3497 1969 3539 θ

374 3568 569 3624 Graeco
596 3567 649 3623 itt
679 3568 925 3624 Latinum
949 3570 1133 3624 librant
1164 3586 1343 3635 unum,
1377 3586 1498 3625 cum
1530 3579 1709 3626 tamen
1741 3581 1971 3643 quatuor

372 3660 590 3716 libellos
637 3660 988 3727 transtulerit,
1026 3663 1197 3730 potuit
1230 3662 1328 3717 hoc
1359 3662 1649 3731 contigisse
1679 3668 1821 3735 quod
1853 3666 1970 3737 ipse

373 3755 430 3811 in
463 3755 563 3810 Ms.
598 3754 878 3822 inciderit,
932 3757 1019 3827 qui
1064 3756 1274 3813 libellos
1317 3759 1437 3814 illos
1474 3760 1592 3815 sine
1637 3761 1791 3817 titulo
1826 3762 1969 3819 indi-

374 3847 601 3902 stinctos
647 3849 1025 3905 connectebat.
1082 3849 1178 3906 Vel
1232 3851 1420 3905 librum
1459 3869 1619 3908 unum
1660 3854 1832 3926 capit,
1877 3856 1971 3930 qui

375 3948 610 4009 quatuor
641 3940 848 3997 libellos
879 3943 1137 3997 continet.

451 4032 687 4088 Adverte
744 4035 862 4103 quis
909 4046 1085 4090 autem
1123 4036 1366 4106 Pelagius
1410 4038 1526 4105 hic,
1574 4038 1692 4110 quis
1734 4041 1970 4098 Joannes

378 4124 562 4192 fuerit,
614 4126 805 4181 merito
847 4129 1015 4197 qu:eri
1047 4138 1238 4196 potest.
1275 4128 1340 4185 Β.
1366 4114 1433 4185 Ρ.
1463 4130 1727 4203 Georgius
1756 4132 1967 4190 Carne-

379 4217 495 4283 l'eit,
530 4217 661 4274 libro
703 4234 861 4287 supra
893 4223 1077 4286 citato,
1123 4237 1307 4277 censet
1340 4223 1610 4294 Pelagium
1658 4225 1802 4282 hunc
1846 4238 1973 4286 ante

379 4310 443 4366 S.
472 4310 537 4365 Β.
567 4311 626 4365 Ε.
663 4311 968 4378 diaconum,
998 4328 1118 4367 cum
1151 4314 1292 4369 hunc
1338 4315 1531 4371 librum
1566 4326 1821 4385 verteret,
1852 4330 1975 4388 post

378 4403 550 4459 fuisse
582 4404 877 4459 Romanum
924 4406 1229 4476 pontiﬁcem
1277 4408 1345 4462 ab
1392 4424 1535 4464 anno
1582 4410 1791 4466 Domini
1843 4413 1968 4482 5.35,

381 4513 554 4563 usque
601 4499 665 4554 ad
715 4515 913 4555 annum
955 4499 1081 4556 559.
1138 4520 1156 4552 ι
1196 4500 1276 4555 Ad
1308 4501 1449 4572 quod
1496 4505 1857 4573 sentiendum,
1894 4508 1974 4564 in-

382 4594 518 4663 quit,
552 4593 656 4647 duo
686 4609 769 4648 me
795 4594 1095 4663 impellunt,
1133 4594 1185 4648 l°
1207 4596 1346 4665 quod
1376 4596 1535 4651 fuerit
1557 4594 1750 4667 linguzn
1772 4600 1974 4656 Grmca:

384 4688 774 4758 peritissimus;
830 4686 887 4739 2°
916 4686 1054 4755 quod
1099 4687 1274 4741 varias
1325 4688 1617 4758 legationes
1669 4691 1862 4745 abierit
1905 4694 1971 4748 ad

2079 2072 2279 2128 culenti
2341 2076 2408 2130 de
2455 2087 2643 2132 sancto
2688 2078 2890 2149 Spiritu
2939 2081 3058 2138 libri
3098 2092 3343 2152 exstant;
3382 2105 3400 2139 ι
3435 2088 3666 2159 quique,

2073 2166 2262 2223 eodem
2317 2178 2489 2236 teste,
2543 2191 2562 2225 ι
2614 2174 2942 2243 temporibus
2993 2176 3297 2247 Symmachi
3358 2182 3669 2251 apostolicae

2074 2260 2222 2316 sedis
2253 2264 2495 2330 pra'sulis
2525 2266 2808 2323 defunctus
2837 2278 2937 2325 est.
2978 2289 2998 2322 ι
3036 2271 3183 2327 Sedit
3210 2283 3387 2329 autem
3424 2273 3668 2345 Symma-

2075 2353 2209 2409 chus
2234 2355 2302 2409 ab
2331 2371 2470 2411 anno
2499 2357 2602 2413 499
2624 2360 2689 2415 ad
2716 2377 2914 2417 annum
2939 2363 3063 2419 515.
3096 2364 3261 2436 llujus
3291 2367 3451 2421 etiam
3473 2368 3668 2424 memi-

2076 2446 2154 2501 nit
2182 2446 2512 2517 Sigebertus,
2546 2454 2614 2507 de
2644 2452 2842 2509 illustr.
2878 2455 3023 2510 Eccl.
3072 2456 3358 2527 Scriptor.,
3406 2472 3523 2527 cap.
3574 2458 3666 2524 l7,

2075 2545 2131 2592 et
2172 2538 2262 2593 alii
2295 2542 2641 2608 posteriores.
2676 2544 2773 2599 Hic
2802 2546 2943 2602 idem
2974 2558 3057 2603 est
3084 2548 3150 2604 ad
3181 2564 3338 2618 quem
3375 2550 3669 2622 Eugippius

2076 2633 2362 2704 presbyter
2394 2635 2561 2690 Vitam
2594 2640 2765 2693 sancti
2793 2631 3036 2696 Sei'erini
3079 2641 3393 2698 Noricorum
3435 2645 3669 2714 apostoli

2073 2741 2102 2779 a
2135 2741 2194 2782 se
2223 2729 2585 2798 conscriptam
2621 2733 2933 2801 transmisit,
2965 2735 3189 2806 ejusque
3218 2751 3461 2793 censuras
3487 2739 3669 2808 subje-

2073 2818 2166 2872 cit.
2214 2818 2345 2873 Natn
2378 2837 2602 2888 nomen,
2638 2834 2866 2894 tempus,
2898 2827 3045 2882 locus
3087 2837 3143 2883 et
3189 2844 3342 2885 sacra
3376 2831 3579 2888 functio
3609 2832 3667 2889 id

2074 2912 2292 2980 docent,
2321 2916 2396 2968 ait
2428 2915 2687 2972 Baronius
2719 2926 2863 2975 torno
2910 2920 2974 2975 Vl
3020 2922 3304 2978 Annalium
3349 2926 3415 2981 ad
3464 2942 3665 2983 annum

2074 3002 2197 3061 496,
2231 3004 2327 3059 Ctti
2357 3008 2631 3076 respondit
2658 3011 2796 3066 idem
2829 3012 3164 3085 Paschasius,
3189 3030 3349 3086 quam
3377 3018 3660 3087 epistolam

2075 3100 2336 3155 Baronius
2367 3102 2562 3158 ibidem
2596 3106 2832 3161 exhibet.
2864 3100 2995 3163 E'am
3038 3108 3124 3164 hic
3167 3111 3550 3181 prolegomeno
3598 3112 3670 3166 25

2076 3195 2340 3249 invenies.
2371 3195 2649 3252 Secundus
2692 3211 2773 3252 cst
2806 3198 3123 3255 Paschasius
3175 3201 3433 3257 diaconus
3481 3218 3669 3257 mona-

2077 3286 2229 3340 sterii
2264 3286 2563 3341 Dumiensis
2590 3289 2642 3341 in
2672 3287 2916 3356 Callicia,
2946 3291 3037 3359 qui
3068 3306 3221 3344 suum
3256 3291 3451 3347 librum
3481 3292 3550 3348 de
3576 3292 3669 3349 Vi-

1996 3361 2048 3429 C
2081 3377 2147 3433 tis
2176 3378 2415 3447 Patrum,
2442 3383 2529 3449 qui
2558 3381 2609 3435 itt
2639 3381 2737 3435 hac
2762 3382 2998 3437 editione
3028 3385 3285 3452 septimus
3314 3396 3417 3452 est,
3450 3387 3669 3442 dedica-

2073 3470 2150 3525 vit
2194 3470 2422 3526 Martino
2471 3472 2781 3545 presbytero
2825 3484 2879 3529 et
2919 3475 3097 3530 abbati
3151 3476 3463 3545 Dumiensi;
3511 3479 3667 3548 cujus

2073 3562 2285 3619 Martini
2326 3564 2527 3620 obitum
2577 3567 2867 3636 Gregorius
2912 3569 3262 3638 Turonensis,
3311 3571 3404 3627 lib.
3452 3588 3484 3624 v
3525 3572 3662 3628 Hist.

2074 3656 2294 3725 Franc.,
2326 3673 2444 3729 cap.
2478 3659 2564 3726 57,
2597 3676 2737 3716 anno
2776 3662 2808 3717 5
2834 3661 3163 3719 Childeberti
3186 3664 3415 3733 junioris
3445 3666 3667 3733 statuit,

2074 3751 2161 3805 cui
2193 3751 2453 3807 Baronius
2485 3762 2630 3808 tomo
2662 3753 2750 3808 Vll
2798 3756 3081 3810 Annalium
3130 3771 3329 3812 annum
3374 3756 3480 3813 585
3526 3760 3666 3814 assi-

2074 3849 2222 3913 gnat.

2147 3936 2384 3991 Adverte
2408 3934 2670 4003 secundo,
2699 3936 2887 3993 iisdem
2920 3953 3129 4009 quoque
3168 3940 3499 4009 temporibus
3528 3940 3667 3998 duos

2075 4030 2238 4085 luiSse
2281 4030 2571 4101 Eugippios
2628 4048 2641 4085 :
2695 4030 2842 4088 Unus
2897 4033 3082 4099 abbas,
3139 4036 3227 4105 qui
3276 4036 3494 4106 scripsit
3538 4054 3557 4089 ι
3594 4037 3663 4092 ad

2074 4120 2358 4194 quemdam
2392 4122 2729 4179 Paschasium
2761 4124 3037 4180 diaconem
3067 4125 3136 4181 de
3176 4125 3295 4182 Vita
3331 4128 3502 4183 sancti
3547 4143 3667 4183 mo-

2077 4217 2232 4271 nachi
2282 4218 2544 4285 Severini,
2574 4227 2647 4273 'et
2676 4219 2869 4274 claruit
2924 4230 3043 4289 post
3094 4221 3427 4277 consulatum
3455 4222 3667 4292 Impor-

2080 4311 2191 4366 tnui
2236 4311 2501 4381 junioris,
2536 4312 2822 4367 Anastasio
2864 4312 3186 4382 imperatore
3231 4324 3509 4383 regnante,
3552 4334 3568 4366 ι
3605 4324 3666 4369 ut

2078 4405 2152 4458 ait
2183 4404 2415 4459 Isidorus
2439 4405 2507 4459 de
2546 4405 2741 4459 illustr.
2774 4406 3025 4460 Ecclesia:
3070 4408 3359 4476 Scriptor.,
3403 4422 3523 4477 cap.
3574 4406 3666 4463 l5.

2077 4497 2279 4552 Claruit
2305 4497 2467 4567 igitur
2497 4498 2580 4553 hic
2609 4499 2771 4554 etiam
2819 4510 2934 4567 post
2984 4513 3181 4553 annum
3234 4500 3371 4565 509,
3406 4500 3460 4554 in
3504 4516 3669 4571 quem

2077 4588 2383 4644 consulatus
2414 4588 2703 4660 lmportuni
2734 4605 2826 4646 seu
2865 4592 3160 4661 Opportuni
3197 4591 3403 4647 incidit.
3442 4589 3577 4648 Nam
3609 4594 3667 4650 in

2080 4684 2300 4752 epismla
2334 4699 2428 4739 sua
2468 4687 2639 4739 sancti
2690 4685 2928 4741 Severini
2976 4686 3109 4741 Vitae
3161 4689 3435 4756 praemissa
3489 4689 3567 4743 ait
3609 4703 3671 4744 se

388 4779 684 4834 Ecclesium
724 4778 1087 4845 Orientalem,
1133 4779 1200 4833 de
1246 4780 1436 4848 quibus
1482 4797 1640 4836 nemo
1687 4784 1971 4851 dubitabit,
2000 4760 2053 4822 Ῑ)
2082 4776 2317 4832 scribere
2366 4776 2579 4831 biennio
2609 4788 2730 4849 post
2772 4780 3106 4834 consulatum
3155 4779 3469 4848 lmportuni.
3522 4780 3675 4837 Alius

383 4874 474 4943 qui
526 4872 808 4926 consulere
854 4872 1079 4926 voluerit
1118 4871 1439 4939 Baronium,
1492 4874 1560 4928 ab
1607 4891 1747 4930 anno
1776 4877 1881 4931 55R
1910 4880 1977 4935 ad

385 4981 582 5020 annum
618 4964 743 5019 553i.
778 4964 831 5019 ld
871 4964 1031 5034 igitur
1062 4980 1373 5035 persuasum
1426 4968 1553 5022 mihi
1601 4968 1791 5039 habeo,
1839 4970 1979 5028 hunc

386 5059 661 5129 Pelagium
710 5058 761 5111 itt
800 5057 944 5113 hisce
986 5058 1335 5128 legationibus
1382 5059 1632 5115 incidisse
1679 5062 1729 5115 in
1760 5078 1881 5117 eum
1916 5064 1981 5119 li-

387 5153 541 5208 brum
572 5152 816 5208 Graecum
867 5151 935 5206 de
980 5166 1086 5221 quo
1127 5150 1351 5207 Photius
1394 5154 1635 5208 meminit
1685 5156 1738 5209 in
1780 5155 1980 5214 Biblio-

387 5249 565 5315 theca,
609 5247 739 5303 Cod.
784 5245 916 5311 198,
966 5253 1021 5301 et
1067 5247 1208 5300 hunc
1242 5260 1424 5302 secum
1455 5247 1678 5303 Romam
1725 5265 1976 5321 compor-

389 5352 552 5405 tasse.
603 5341 907 5411 ibidemque
973 5341 1331 5397 transtulisse.
1384 5343 1452 5395 At
1503 5356 1633 5398 vero
1679 5356 1798 5397 cum
1837 5345 1977 5401 hanc

388 5438 690 5495 versionem
735 5438 1077 5508 perduxisset
1126 5453 1295 5509 usque
1348 5439 1414 5493 ad
1458 5438 1620 5495 libelli
1670 5456 1766 5496 seu
1812 5445 1977 5511 partis

388 5545 519 5586 xvttt
560 5543 683 5599 cap.
728 5529 795 5585 16
845 5528 925 5599 (ttt
967 5538 1052 5585 est
1094 5529 1146 5585 in
1177 5532 1349 5601 prima
1387 5532 1666 5604 editione),
1702 5549 1824 5590 mox
1855 5535 1974 5592 aliis

391 5622 624 5694 negotiis
651 5621 994 5692 praepeditus,
1021 5636 1117 5678 seu
1154 5624 1330 5691 potius
1359 5622 1598 5679 Romana
1629 5627 1759 5682 sede
1785 5627 1979 5698 guber-

391 5714 567 5770 nanda
617 5723 910 5783 oneratus,
961 5714 1228 5786 reliquum
1275 5716 1536 5772 versionis
1588 5733 1722 5788 opus
1767 5719 1981 5777 videtur

393 5806 714 5877 imposuisse
740 5807 929 5863 Joanni
960 5806 1310 5873 subdiacono,
1354 5823 1511 5879 quem
1558 5810 1789 5866 arbitror
1832 5828 1981 5868 eum-

394 5900 516 5957 dem
546 5914 666 5957 esse
702 5900 795 5971 qui
822 5898 1039 5970 Pelagio
1080 5898 1133 5955 in
1163 5899 1419 5955 Romanae
1464 5900 1721 5957 Ecclesiae
1751 5903 1981 5972 primatu

394 5992 675 6051 successit.
718 5991 791 6048 Ita
821 5989 1056 6061 coniicio
1093 6001 1150 6049 et
1186 5992 1395 6062 opinor,
1428 5991 1473 6049 si
1503 5992 1631 6062 quid
1657 5993 1749 6050 alii
1777 5997 1983 6054 certius

2082 4873 2244 4926 etiam
2274 4871 2469 4937 abbas,
2504 4890 2523 4923 ί
2561 4873 2649 4942 qui
2680 4872 2956 4928 deﬂoravit
2985 4874 3150 4931 libros
3179 4877 3346 4929 sancti
3390 4874 3673 4943 Augustini

2082 4967 2316 5038 episcopi
2352 4966 2726 5036 Hipponensis,
2771 4967 2970 5036 fuitque
3016 4977 3258 5039 tempore
3315 4967 3535 5023 secundi
3569 4966 3674 5022 Pe-

2084 5060 2229 5129 lagii,
2269 5073 2321 5115 et
2353 5062 2691 5128 imperatoris
2740 5060 2938 5116 Tiberii
2985 5061 3345 5126 Constantini,
3391 5068 3447 5114 ut
3486 5058 3675 5117 scribit

2084 5155 2394 5224 Sigebertus
2442 5156 2508 5212 de
2546 5157 2736 5212 illustr.
2791 5157 3044 5214 Ecclesia:
3091 5158 3375 5227 Scriptor.,
3408 5170 3527 5226 cap.
3578 5154 3673 5214 39.

2087 5248 2291 5304 Floruit
2322 5250 2479 5318 igitur
2505 5249 2593 5305 ille
2623 5251 2765 5306 circa
2797 5266 2993 5306 annum
3016 5249 3144 5306 580.

2158 5345 2237 5400 Ex
2262 5344 2345 5400 bis
2374 5360 2514 5400 nunc
2554 5345 2707 5403 facile
2732 5347 2907 5415 colligi
2941 5354 3111 5414 potest
3146 5343 3309 5418 (quod
3340 5345 3499 5402 etiam
3540 5346 3675 5402 ami-

2084 5439 2302 5495 cissimo
2327 5438 2654 5495 Garnel‘eltio
2682 5441 2734 5495 in
2778 5449 3010 5494 mentem
3037 5440 3278 5509 venerat)
3314 5442 3669 5511 posteriorem

2087 5532 2433 5589 Pascltasium
2480 5535 2825 5604 interpretem
2857 5548 2976 5588 esse
3017 5533 3137 5589 libri
3169 5534 3421 5607 septimi;
3456 5537 3507 5591 in
3550 5552 3675 5592 eum

2088 5627 2229 5681 enim
2261 5628 2514 5682 saeculum
2547 5625 2755 5682 Martini
2788 5625 3123 5695 Dumiensis,
3156 5630 3241 5684 cui
3269 5643 3424 5685 suam
3471 5632 3678 5685 versio-

2090 5736 2211 5776 nem
2243 5720 2506 5784 inscribit,
2534 5718 2779 5788 quadrat.
2821 5719 3000 5794 Styltts
3045 5737 3256 5794 quoque
3284 5725 3401 5792 ejus
3430 5738 3537 5778 non
3582 5738 3676 5782 as-

2090 5815 2258 5882 surgit
2285 5814 2351 5867 ad
2383 5812 2575 5881 prioris
2599 5811 2870 5870 Paschasii
2894 5816 3110 5889 stylum.
3142 5816 3273 5870 lluic
3302 5815 3466 5886 priori
3499 5817 3675 5886 potius

2093 5904 2372 5961 tribuenda
2400 5905 2676 5962 translatio
2697 5905 2935 5963 Paradisi
2967 5906 3279 5963 Heraclidis.
3313 5907 3387 5962 De
3416 5923 3522 5977 quo
3550 5921 3675 5977 pro-

2090 5999 2370 6065 legomeno
2394 5997 2487 6058 εδ.
2516 5999 2619 6069 Qui
2645 6010 2702 6061 et
2730 6002 2785 6061 S.
2830 6002 2896 6059 Β.
2932 6002 2995 6058 Ε.
3040 6003 3295 6059 diaconus
3325 5997 3491 6071 [sur]
3534 5999 3670 6069 fuit,
