4124 6350
511 437 572 496 51
1435 435 1502 492 IN
1546 433 1748 492 VITAS
1788 430 2072 490 PATRUM

2198 428 2629 491 ,OLEGOMENA
2670 433 2865 493 XXVI.
3721 450 3792 509 5%

511 555 588 615 mi
622 550 1214 624 habemus‘lesqmonio
1237 553 1403 620 sancti
1429 553 1673 622 Gregorii
1701 567 1881 622 supra.
1913 551 2099 606 Poste-
2123 553 2180 614 Α
2205 550 2553 623 praestiterit;
2587 561 2640 608 et
2685 568 2819 625 Opus
2847 553 2965 624 ejus
2995 565 3141 612 certa
3172 567 3295 616 nota
3340 559 3619 636 designat,
3649 569 3792 638 quod

511 653 623 706 rinr
649 651 808 705 etiam
839 648 1092 703 diaconus
1123 646 1220 701 fuit
1269 647 1322 701 in
1369 645 1616 700 coenobio
1666 643 1963 709 Durnicnsi,
2002 642 2095 697 sed

511 743 788 798 dubituau
817 743 976 797 etiam
1009 740 1065 797 S.
1100 740 1162 795 ﬂ.
1191 741 1249 795 E.
1288 739 1487 805 Vereor
1516 739 1656 796 enim
1697 754 1764 792 ne
1810 754 1872 792 ex
1905 736 2095 797 coniu-

513 838 666 888 sione
709 834 933 888 duorum
965 833 1397 898 Paschasioruni,
1430 830 1717 902 posteriori
1746 829 1928 884 titulus
1958 845 2094 899 quo-

512 944 616 998 que
649 929 839 999 prioris
885 927 1190 983 adlizeserit.
1226 929 1397 1000 Atque
1445 927 1517 992 ita
1564 926 1908 997 impressum,
1954 925 2095 995 quod

513 1033 721 1086 mutare
750 1022 982 1090 novicium
1010 1036 1129 1084 sum
1161 1036 1340 1077 ausus.

585 1115 767 1171 Octavi
799 1115 940 1192 libri,
972 1116 1058 1190 qui
1090 1131 1119 1174 a
1146 1115 1384 1184 Palladio
1415 1113 1600 1174 Graece
1645 1117 1900 1187 scriptus,
1925 1115 2094 1182 inter-

515 1225 636 1282 pres
663 1220 744 1280 est
775 1209 1068 1278 Gentianus
1101 1211 1381 1276 Hervetus,
1411 1212 1703 1272 canonicos
1748 1209 2093 1279 Rliemeusis,

512 1306 603 1373 qui
631 1306 940 1378 praeclaram
972 1321 1190 1382 operam
1225 1306 1474 1378 praestitit
1499 1306 1549 1360 in
1577 1305 1677 1374 hoc
1709 1303 2096 1374 interpretandi

512 1414 725 1469 genere.

586 1489 819 1560 Adverte
848 1490 935 1545 hic
967 1499 1075 1554 tres
1116 1489 1352 1548 diversas
1393 1507 1512 1546 esse
1559 1489 1776 1546 Palladii
1833 1491 2095 1547 editiones

511 1583 739 1652 diversis
764 1583 1164 1654 interpretibus.

584 1674 760 1746 Prima
785 1684 870 1731 est
901 1690 1019 1746 quae
1051 1676 1244 1746 prodiit
1283 1677 1399 1746 ipso
1447 1677 1808 1749 typographitc
1851 1679 2096 1743 tirocinio

509 1764 565 1820 in
595 1764 761 1836 prima
792 1766 1025 1824 editione
1056 1767 1296 1824 ’Vitarum
1347 1768 1584 1832 Patrum,
1619 1770 1708 1826 ubi
1761 1771 1938 1826 nullus
1979 1786 2096 1828 cer-

507 1867 596 1915 tus
626 1861 908 1932 interpres
953 1861 1274 1933 assignatur,
1327 1862 1424 1917 llic
1467 1862 1600 1918 liber
1648 1865 1699 1928 in
1748 1868 2094 1935 sequentibus

508 1937 833 2010 editionibus
868 1954 1105 2020 Vitarum
1142 1955 1355 2010 Patrum
1387 1957 1614 2012 omissus
1658 1966 1760 2024 est,
1811 1959 1904 2020 sed
1954 1975 2096 2024 anno
2127 1949 2174 2011 B

510 2045 650 2100 1547
680 2061 863 2114 rursus
887 2062 1005 2104 eam
1037 2048 1088 2104 in
1121 2064 1213 2106 sua
1240 2049 1493 2114 editione,
1518 2068 1636 2120 quae
1659 2051 1896 2112 Coloniae
1921 2054 2092 2109 lucem

512 2139 645 2196 vidit
665 2141 803 2214 apud
823 2141 1097 2214 .lasparetn
1123 2144 1510 2214 Gennepazum,
1534 2148 1804 2204 revocavit
1831 2148 1890 2202 F.
1919 2147 2091 2208 Theo-

509 2231 724 2290 doricus
755 2224 936 2291 Loher
963 2251 989 2304 a
1019 2236 1213 2293 Stratis
1242 2234 1647 2298 Carthusianus.

581 2327 828 2383 Secunda
859 2337 944 2386 est
981 2346 1100 2400 quae
1138 2331 1338 2404 prodiit
1386 2332 1599 2407 Parisiis
1647 2335 1785 2401 apud
1836 2335 2092 2398 Joannem

507 2417 760 2487 Parvum,
777 2438 866 2476 an.
897 2421 1322 2485 1504,curatore
1345 2423 1545 2480 Jacobo
1569 2424 1742 2480 Fabro
1763 2425 2093 2496 Stapulensi.

509 2511 616 2567 Sed
649 2515 762 2569 haec
791 2515 953 2582 alium
986 2516 1198 2580 titulum
1241 2517 1574 2589 (inscribitur
1621 2521 1762 2575 enim
1814 2523 2094 2584 Paradisus

510 2607 830 2679 Heraclidis)
859 2609 1106 2684 praefert;
1135 2620 1189 2670 et
1220 2612 1404 2680 alium,
1432 2612 1695 2670 incertum
1725 2615 1925 2684 pariter
1945 2618 2098 2674 exhi‘

507 2699 599 2774 het
631 2691 1004 2774 interpretem,
1034 2719 1153 2778 quae
1182 2703 1368 2760 eadem
1410 2703 1631 2762 Palladii
1677 2710 1893 2776 praclixo
1941 2710 2096 2768 titulo

507 2804 694 2886 postea
725 2796 924 2869 prodiit
955 2796 1191 2860 Venetiis
1215 2813 1356 2854 anno
1400 2798 1609 2860 Domini
1663 2799 1832 2868 1554,
1867 2811 1996 2856 tom.
2031 2801 2096 2857 IlI

507 2887 575 2962 de
607 2886 737 2956 Vitis
767 2888 1086 2954 Sanctorum
1111 2905 1204 2960 per
1235 2891 1510 2963 Aloysiutn
1541 2891 1896 2962 Lipomanurn
1926 2895 2094 2956 colle-

506 2980 628 3035 ctis.
659 2978 877 3056 Curavit
901 2993 1077 3048 autem
1112 2983 1249 3040 hanc
1291 2986 1580 3044 editionem
1629 3003 1790 3059 opera
1823 2988 2095 3046 Francisci

506 3069 704 3126 Torres
743 3071 974 3144 conferri
1030 3089 1151 3150 cum
1192 3075 1290 3136 Ms.
1341 3079 1635 3149 exemplari
1682 3079 1926 3146 Palladii,
1955 3082 2095 3150 quod

513 3163 752 3220 Venetiis
768 3175 849 3221 est
870 3166 924 3221 in
943 3167 1265 3244 bibliotheca
1289 3171 1574 3228 cardinalis
1604 3173 1951 3242 Bessarionis,
1979 3176 2092 3246 qui,

507 3267 564 3314 ut
592 3259 664 3315 ait
692 3259 1054 3332 Lipomanus,
1089 3281 1108 3316 ι
1143 3279 1172 3322 a
1200 3265 1376 3337 capite
1419 3266 1484 3336 ad
1511 3268 1711 3324 calcem
1747 3284 1915 3341 usque
1940 3281 2094 3328 utro-

2201 641 2254 696 in
2284 659 2344 700 ca
2375 653 2563 716 agatur
2590 654 2692 706 tam
2725 647 2790 704 de
2817 648 3130 712 mulieribus
3155 667 3315 723 quam
3349 654 3497 714 viris.
3539 662 3702 720 nam;
3738 663 3794 720 δέ

2199 737 2422 812 ἀκριϐῶς
2462 743 2579 818 περὶ
2616 741 2779 798 αὐτῶν
2810 739 3084 808 διεξῆλθεν·
3127 745 3176 802 ἄν
3207 743 3247 820 ᾧ
3286 751 3372 804 καὶ
3404 760 3651 822 γυναικῶν
3678 756 3795 829 ἐφάι

2199 830 2368 903 μιλλον
2401 839 2508 894 τοῖς
2532 836 2912 910 προειρημένοις
2941 839 3312 912 ἐπανελομένων
3345 842 3456 916 βίον
3483 851 3678 917 μνήμην
3709 871 3795 910 πι-

2200 924 2407 982 ποίηται
2440 941 2450 975 :
2488 941 2505 976 ι
2541 925 2755 992 Omnia,
2787 942 2907 1000 quae
2935 929 3002 986 ad
3027 944 3121 986 eos
3165 941 3427 1004 spectant,
3461 936 3514 992 in
3555 954 3621 994 eo
3667 953 3794 1000 sunt

2200 1023 2446 1078 accurate
2471 1018 2756 1088 explicata.
2787 1019 2843 1076 ln
2873 1036 2978 1094 quo
3007 1024 3166 1082 etiam
3197 1025 3264 1082 de
3292 1027 3644 1103 mulieribus,
3673 1049 3792 1104 qua:

2201 1124 2382 1179 parem
2438 1110 2651 1172 vivendi
2704 1113 2966 1172 rationem
2994 1130 3115 1174 cum
3149 1119 3275 1175 viris
3305 1134 3466 1192 supra
3497 1124 3656 1183 dictis
3686 1141 3786 1188 ex-

2201 1203 2469 1272 colebant,
2499 1219 2680 1266 sermo
2717 1218 2998 1280 susceptus
3023 1220 3127 1272 est.
3163 1230 3182 1264 ι
3219 1215 3380 1285 Atqui
3421 1227 3527 1274 tam
3557 1218 3626 1279 de
3676 1238 3794 1276 mn-
3844 1265 3852 1271 .

2200 1292 2422 1368 lierihus
2450 1312 2609 1368 quam
2643 1298 2773 1354 viris
2804 1299 2968 1366 habes
2994 1300 3048 1357 in
3083 1302 3368 1370 Hervetina
3397 1308 3633 1376 editione
3675 1313 3793 1382 ple-

2202 1389 2342 1458 nius,
2367 1405 2486 1448 cum
2515 1392 2568 1447 in
2592 1393 2712 1450 aliis
2735 1394 3060 1454 editionibus
3083 1413 3367 1470 perparum
3392 1402 3458 1458 de
3484 1406 3794 1470 mulieribus

2201 1490 2474 1539 tractetur.
2506 1483 2641 1540 Vide
2670 1500 2830 1557 supra
2859 1488 3279 1560 Prolegomenon
3304 1493 3358 1561 4,
3391 1493 3418 1566 §
3446 1494 3482 1550 5

2271 1594 2406 1650 Noui
2435 1596 2551 1656 libri
2581 1598 2846 1669 interpres
2871 1611 2956 1658 est
2984 1603 3126 1662 idem
3157 1603 3456 1674 Gentianus
3502 1609 3787 1683 ﬂervetus,

2199 1700 2319 1754 qua:
2348 1702 2466 1742 cum
2495 1691 2786 1759 superioris
2824 1694 2947 1750 libri
2992 1699 3431 1768 interpretatione
3461 1719 3565 1760 una
3593 1706 3789 1776 prodit.

2274 1803 2525 1874 Alnysius
2553 1805 2903 1875 Lipomanus,
2938 1817 3086 1865 tomo
3114 1811 3155 1866 ll
3185 1813 3252 1868 de
3284 1813 3418 1870 Vitis
3451 1816 3788 1889 Sanctorum,

2200 1906 2344 1947 anno
2375 1892 2516 1950 1555
2546 1895 2781 1954 Venetiis
2806 1900 2970 1970 edito,
3006 1902 3170 1959 inseri
3201 1907 3409 1962 curavit
3440 1907 3580 1965 hunc
3619 1912 3791 1968 Theo-

2199 1985 2370 2040 doreti
2415 1986 2626 2056 librum,
2661 1991 2952 2061 interprete
2981 1995 3230 2052 Alberico
3260 1998 3443 2070 Longo
3492 2003 3788 2072 Salcntino,

2198 2091 2355 2143 quem
2383 2092 2415 2132 a
2444 2078 2560 2134 viro
2586 2081 2744 2135 docto
2779 2082 3021 2141 Tridenti
3053 2095 3239 2143 nactus
3271 2089 3466 2148 fuerat.

2271 2187 2469 2243 Decimi
2497 2190 2617 2246 libri
2645 2193 3000 2262 interpresest
3026 2199 3338 2274 Atiibrosius
3361 2203 3731 2262 Camaldulens
3755 2223 3780 2261 s

2197 2280 2382 2335 abbas.
2414 2281 2488 2336 Ita
2517 2286 2658 2338 enim
2688 2286 2739 2340 in
2766 2288 3064 2356 apostolica
3091 2290 3416 2368 Bibliotheca
3443 2310 3500 2350 se
3524 2298 3789 2356 invenisse

2200 2382 2424 2430 testatur
2454 2377 2702 2447 Aloysius
2737 2381 3049 2448 praefatione
3079 2383 3144 2439 ad
3169 2385 3448 2456 lectorem,
3476 2392 3563 2461 qui
3586 2393 3786 2464 primus

2198 2481 2320 2521 eum
2352 2469 2436 2523 edi
2467 2470 2676 2526 curavit
2703 2480 2846 2528 tomo
2879 2473 2968 2527 Vll
2998 2475 3065 2530 de
3099 2476 3229 2532 Vitis
3259 2478 3601 2537 Sanctorum.

2273 2578 2427 2634 Dices
2461 2597 2472 2632 :
2508 2581 2743 2637 Joannes
2775 2583 3059 2657 Diaconus,
3096 2600 3276 2660 postea
3312 2590 3579 2649 Romanus
3608 2595 3786 2668 ponti-

2201 2671 2306 2734 lex,
2339 2672 2390 2725 in
2421 2685 2611 2742 quarto
2652 2674 2810 2740 libro,
2863 2693 3022 2746 quem
3073 2681 3140 2735 de
3189 2682 3328 2738 beati
3374 2685 3612 2758 Gregorii
3672 2691 3788 2746 Vita

2199 2762 2434 2831 scripsit,
2468 2765 2593 2818 dum
2634 2780 2752 2828 cap.
2807 2768 2875 2819 (i5
2919 2771 3202 2828 voluminis
3257 2775 3411 2847 hujus
3461 2782 3784 2839 mentionem

2201 2854 2340 2919 lacit,
2379 2858 2711 2912 recensendo
2741 2861 2985 2930 mirabile
3014 2864 3253 2934 ejusdem
3285 2871 3606 2942 sanctissimi
3648 2890 3785 2948 pon-

2203 2947 2355 3000 tificis
2398 2947 2619 3016 factum,
2652 2965 2711 3007 se
2735 2941 3076 3024 interpretem
3130 2961 3429 3029 proﬁtetur.
3461 2965 3549 3020 Ait
3597 2941 3780 3025 enini:

2207 3061 2226 3094 ‹
2262 3043 2364 3099 Sed
2398 3060 2464 3099 ne
2493 3047 2623 3102 solis
2652 3048 2829 3104 verbis
2862 3033 2991 3107 tanti
3042 3057 3282 3123 praesulis
3316 3058 3581 3116 humilitas
3614 3065 3786 3134 incul-

2201 3139 2306 3192 cai-i
2335 3140 2601 3208 credatur,
2635 3156 2878 3213 superest
2922 3157 2976 3202 ut
3004 3163 3070 3203 ex
3101 3150 3404 3214 Grmcorum
3439 3158 3783 3234 relationibus

2201 3246 2230 3285 a
2259 3247 2345 3288 me
2376 3250 2544 3303 nuper
2574 3236 2936 3308 interpretatis
2967 3243 3152 3299 eadem
3189 3246 3357 3310 Patris
3391 3250 3661 3310 humilitas
3708 3259 3786 3324 vi-

505 3366 609 3423 que
638 3326 834 3409 collato
877 3326 1169 3422 vulurnine,
1218 3326 1362 3417 hunc
1405 3326 1653 3420 eumdem
1705 3326 1923 3432 prorsus
2119 3331 2168 3414 β
2201 3326 2284 3432 Vis.
2332 3328 2583 3432 Opemﬁls
2629 3329 3142 3432 denionsuémrfin
3189 3341 3381 3432 quibus
3423 3347 3667 3404 ﬁdem“
3711 3349 3780 3406 ί⁸³

507 3442 596 3496 illo
627 3447 845 3514 reperit,
878 3449 1058 3518 paucis
1087 3449 1426 3520 quibusdam,
1462 3453 1632 3523 iisque
1661 3457 1930 3526 ρει-βύθιιὶ
1979 3473 2094 3516 mo-

507 3537 694 3605 menti,
727 3537 1042 3614 immutatis,
1073 3542 1282 3598 Titulus
1312 3544 1474 3612 etiam
1501 3545 1856 3616 discrepabat,
1883 3554 1938 3602 ct
1958 3563 2094 3611 nun-

507 3632 782 3709 cupatoria
813 3634 1059 3706 epislola,
1090 3651 1208 3706 quae
1240 3652 1344 3698 non
1374 3638 1441 3692 ab
1475 3638 1751 3704 Heraclide
1776 3641 2093 3706 Alexandri-

507 3738 594 3788 no,
614 3725 710 3792 sed
738 3739 768 3779 a
800 3726 1035 3784 Palladio
1058 3729 1407 3802 Cappadociae
1425 3732 1702 3802 episcOpo,
1729 3733 1846 3789 licet
1874 3735 1924 3794 in
1947 3743 2094 3795 utro-

507 3831 612 3885 que
665 3818 933 3874 volumine
988 3820 1053 3875 ad
1108 3820 1338 3877 Lausum
1393 3822 1588 3893 scripta
1644 3823 1936 3880 videretur.
2001 3826 2092 3896 His

505 3909 669 3982 igitur
692 3913 871 3986 paucis
899 3914 1103 3984 locellis
1127 3917 1402 3986 correctis,
1432 3928 1483 3982 ct
1507 3919 1574 3974 ad
1598 3921 2090 3980 emendatissimum

504 4003 775 4084 codicem,
816 4026 834 4072 η
869 4015 925 4062 ιιι
951 4008 1290 4078 existimabat
1321 4010 1673 4078 Liponiauus,
1707 4030 1727 4080 ᾳ
1766 4014 2026 4080 redactis,
2067 4035 2086 4071 υ

483 4097 700 4175 librum
733 4099 878 4170 illum
913 4109 1055 4172 tonio
1086 4103 1145 4162 Ill
1173 4104 1236 4170 (lt:
1270 4103 1397 4170 Vitis
1429 4104 1747 4170 Sanctorum
1775 4108 2018 4171 inseruit.

579 4187 756 4244 Tertia
789 4200 888 4264 est,
918 4207 1074 4270 quam
1102 4193 1188 4264 hic
1215 4195 1421 4268 damus,
1454 4217 1720 4274 quamque
1759 4220 1859 4266 suo
1886 4207 2025 4276 style
2061 4221 2093 4262 e

508 4279 695 4339 Grmco
728 4294 871 4352 textu
897 4289 1176 4362 adornavit
1208 4289 1454 4358 Historia:
1480 4293 1750 4352 Laus'acze
1775 4296 1926 4354 titulo
1952 4297 2094 4358 Geu-

509 4376 683 4431 tianus
714 4376 996 4445 llcrvetus.
1028 4388 1081 4440 et
1113 4381 1331 4443 Parisiis
1360 4385 1586 4456 vulgavit
1629 4387 1930 4450 Bernardus
1956 4389 2092 4450 Tur-

507 4471 717 4532 risanus
747 4487 889 4545 anqp
921 4473 1079 4540 1555,
1125 4493 1243 4548 qua:
1272 4494 1456 4546 rursus
1486 4481 1686 4551 prodiit
1730 4481 1924 4541 ibidem
1955 4485 2094 4554 apud

508 4562 852 4642 Guilielmpin
880 4566 1283 4638 Chaudierium,
1308 4587 1450 4634 anno
1478 4574 1638 4640 15711,
1661 4577 2094 4635 annotationibus

508 4656 823 4728 quibusdam
847 4661 1231 4730 marginalibus
1262 4678 1355 4732 per
1374 4665 1466 4722 Fr.
1492 4665 1750 4724 Thomam
1776 4669 2092 4726 Beanxamis

2199 3420 2427 3488 refertur
2458 3439 2469 3474 :
2498 3422 2779 3478 Enarravit
2810 3427 2962 3480 nobis
2990 3427 3152 3483 abbas
3177 3429 3412 3506 Joannes
3447 3437 3627 3506 Persa,
3661 3456 3781 3498 san-

2198 3520 2315 3565 ctus
2343 3521 2395 3566 et
2429 3516 2765 3570 venerandus
2791 3517 2872 3571 vir
2903 3519 3168 3594 existens,
3203 3524 3269 3580 de
3299 3525 3485 3598 Magno
3527 3528 3782 3604 Gregorio

2197 3602 2504 3664 beatissimo
2536 3623 2666 3690 papa
2707 3609 2966 3679 Romano,
2999 3613 3184 3672 dicens
3219 3633 3232 3671 :
3264 3619 3525 3693 Quoniam
3564 3602 3780 3688 ινῖῐὶο-

2199 3715 2337 3752 nam
2365 3699 2430 3754 ad
2474 3701 2776 3757 adorandus
2809 3703 3014 3762 loculos
3060 3719 3370 3770 sanctorum
3418 3717 3779 3790 apostolorum

2196 3789 2341 3846 Petri
2367 3800 2421 3847 et
2445 3793 2591 3848 Pauli
2617 3810 2630 3860 ;
2662 3804 2717 3850 et
2747 3812 2850 3851 una
2875 3797 3104 3870 dierum,
3130 3817 3250 3857 cum
3276 3812 3475 3876 starem
3520 3809 3574 3876 iu
3605 3811 3781 3880 medio

2194 3886 2442 3951 civitatis,
2473 3887 2625 3942 video
2650 3903 2840 3959 papam
2862 3889 3175 3966 Gregorium
3200 3913 3292 3966 per
3308 3913 3394 3956 me
3415 3902 3778 3974 transiturum,

2197 3989 2248 4031 rt
2275 3979 2502 4054 rogitavi
2533 3995 2618 4038 me
2648 3985 2861 4042 mittere
2890 3998 3014 4060 ante
3041 4004 3185 4058 eum.
3221 3990 3354 4062 Cum
3405 4007 3532 4067 ergo
3581 4011 3781 4069 appro-

2197 4073 2506 4156 pinquasset
2533 4075 2660 4132 mihi
2693 4091 2848 4160 papa,
2881 4079 3063 4135 videns
3092 4083 3216 4152 quia
3243 4098 3543 4160 pergerem,
3578 4095 3635 4144 ut
3661 4090 3782 4158 mit-

2197 4179 2364 4226 tercm
2393 4185 2479 4228 me
2505 4181 2631 4228 ante
2658 4188 2778 4242 eum
2806 4190 2821 4242 ;
2852 4174 2991 4230 sicut
3019 4185 3196 4246 coram
3244 4177 3352 4234 Deo
3377 4181 3516 4252 ilico,
3567 4181 3779 4254 fratres,

2197 4265 2399 4335 primus
2427 4266 2569 4322 misit
2597 4280 2657 4322 se
2694 4277 2818 4340 ante
2848 4285 2934 4338 me
2977 4285 3137 4342 super
3169 4283 3390 4342 terram,
3421 4285 3473 4340 et
3503 4292 3607 4332 non
3657 4290 3781 4335 ante

2196 4355 2444 4431 surrexit,
2481 4372 2636 4430 quam
2666 4375 2764 4432 ego
2804 4362 2952 4434 prior
2999 4379 3298 4440 surgerent,
3346 4379 3398 4422 et
3449 4371 3781 4443 amplexatus

2196 4466 2281 4504 me
2311 4465 2431 4505 cum
2463 4466 2649 4523 magna
2681 4452 3000 4532 humilitate,
3052 4457 3233 4514 tribuit
3261 4459 3388 4526 mihi
3421 4475 3516 4530 per
3536 4459 3545 4465 ’
3566 4477 3779 4520 manum

2197 4543 2515 4598 nmnismata
2544 4546 2665 4618 tria,
2697 4553 2749 4618 et
2783 4545 2942 4620 jussit
2987 4547 3115 4606 mihi
3149 4549 3263 4606 dari
3313 4553 3548 4609 casulam
3589 4562 3644 4609 et
3690 4571 3782 4620 ne-

2197 4636 2472 4692 cessitates
2499 4651 2648 4691 meas
2685 4652 2889 4693 omnes.
2937 4639 3238 4715 Glorilicavi
3282 4656 3408 4712 ergo
3455 4643 3642 4713 Deum,
3693 4648 3782 4716 qui

505 4727 850 4816 Carmele
903 4727 1178 4824 πέμπω
1242 4727 1544 4827 theologum
1615 4760 1879 4816 "lustrata
1907 4780 1922 4828 ;
1972 4777 2092 4833 qua,
2121 4727 2171 4812 ρ
2200 4733 2417 4833 donavit
2446 4734 2494 4789 ei
2539 4735 2697 4789 talem
2733 4734 3081 4833 humilitatem
3115 4737 3281 4833 lxi.th
3315 4739 3458 4797 circa
3487 4757 3698 4833 omnes,
3731 4754 3782 4800 et

506 4837 724 4912 insuper
754 4841 1024 4912 Laurentii
1059 4847 1335 4914 Barrensis
1374 4850 1594 4914 scholiis
1621 4862 1774 4908 aucta
1797 4897 1811 4922 ,
1845 4854 2092 4912 Historia:

506 4932 826 5006 Christianae
855 4947 1092 5014 veterum
1126 4942 1337 5000 Patrum
1373 4945 1572 5002 inserta
1599 4954 1682 5000 est
1710 4946 1925 5004 Parisiis
1947 4949 2088 5018 apud

503 5025 817 5084 Michaelem
849 5030 1130 5103 Sonuium,
1162 5050 1304 5092 anno
1351 5035 1509 5106 1585,
1542 5038 1667 5100 item
1697 5047 1841 5095 tomo
1886 5039 1970 5096 Vll
1999 5041 2089 5108 Bi-

501 5119 784 5177 bliothecm
811 5122 904 5179 SS.
939 5124 1172 5196 Patrum.

579 5215 728 5278 Quod
758 5214 802 5268 si
833 5217 954 5284 quis
986 5227 1040 5290 ct
1067 5227 1308 5288 quartam
1342 5219 1566 5292 Palladii
1591 5221 1876 5280 editionem
1908 5225 2088 5294 venari

503 5305 666 5367 velit,
703 5319 806 5360 non
840 5323 1161 5379 magnopere
1191 5309 1343 5390 [xcv]
1375 5313 1423 5367 ei
1454 5311 1809 5390 laborandum
1829 5317 1951 5386 erit.
2000 5317 2088 5371 ln-

505 5395 690 5450 vcniet
717 5397 859 5451 enim
892 5397 1184 5480 Ruflinum,
1217 5407 1637 5480 vetustissimum
1668 5407 1887 5466 Palladii
1921 5411 2086 5476 inter-

501 5498 732 5559 pretem,
763 5493 808 5547 si
849 5507 971 5548 vera
1019 5505 1102 5550 est
1148 5499 1456 5571 conjectura
1503 5518 1659 5575 quam
1708 5504 2088 5582 prolegomeuo

499 5579 536 5636 4
567 5581 593 5652 §
619 5581 654 5635 2
683 5592 736 5638 et
767 5585 832 5640 10
857 5589 1239 5660 expressimus.

577 5676 797 5742 Quares
827 5695 946 5768 quae
975 5697 1041 5737 ex
1071 5683 1152 5739 his
1196 5687 1265 5754 sit
1291 5702 1541 5760 germana
1573 5687 1790 5762 Palladii
1833 5686 2090 5743 historia?

505 5772 826 5850 Respondeo
861 5795 872 5829 :
908 5777 1124 5850 Videtur
1154 5781 1236 5838 illa
1266 5798 1422 5853 quam
1452 5783 1709 5844 llervetus
1739 5782 1924 5838 edidit.
1956 5783 2089 5837 Nam

502 5865 775 5940 Socrates,
815 5871 914 5946 lib.
942 5888 1012 5942 tv,
1042 5889 1161 5952 cap.
1191 5875 1273 5948 18,
1306 5875 1378 5950 ai;
1403 5889 1462 5952 se
1486 5873 1839 5948 supersedere
1867 5873 1963 5932 SS.
1989 5873 2090 5935 Pa-

502 5970 645 6020 trum
699 5963 849 6030 Vitas
898 5966 1240 6034 describere,
1285 5966 1426 6048 quod
1474 5967 1521 6040 id
1561 5965 1832 6046 Palladius
1878 5968 2087 6046 abunde

2198 4826 2617 4897 eleemosynam,
2648 4837 2702 4882 et
2725 4829 3060 4886 charitatem.
3097 4847 3115 4882 ι
3147 4831 3316 4900 Quam
3345 4832 3586 4890 eamdem
3612 4835 3781 4890 histu-

2198 4919 2329 4974 riam
2377 4920 2616 4976 invenies
2666 4920 2751 4976 hic
2814 4936 2931 4993 cap.
3004 4922 3124 4979 151.
3177 4923 3496 4995 Respondeo
3555 4929 3780 4986 inveniri

2200 5012 2411 5082 quidem
2443 5027 2560 5068 eam
2609 5027 2673 5067 eo
2704 5013 2844 5083 loco,
2887 5014 2981 5070 sed
3021 5017 3199 5074 verbis
3230 5019 3381 5087 aliis,
3415 5030 3472 5076 ut
3514 5021 3781 5092 duplicem

2199 5089 2546 5180 interpretem
2571 5105 2729 5160 liceat
2752 5121 3064 5178 agnoscere.

2274 5219 2466 5284 Verum
2498 5222 2764 5291 interpres
2794 5228 2897 5286 iste
2921 5236 3029 5280 non
3071 5219 3174 5282 fuit
3209 5221 3444 5282 Joannes
3489 5226 3778 5298 Diaconus,

2197 5310 2289 5374 sed
2336 5311 2453 5382 ejus
2504 5325 2820 5381 praeceptor,
2854 5323 2912 5372 ut
2958 5328 3074 5384 ipse
3121 5315 3265 5372 clare
3291 5317 3564 5387 ,exprimit
3592 5320 3687 5380 lib.
3719 5337 3780 5386 tl,

2197 5418 2314 5474 cap.
2345 5404 2438 5472 45,
2471 5402 2609 5458 Vitae
2632 5407 2802 5468 sancti
2832 5405 3106 5478 Gregorii;
3146 5409 3220 5469 ait
3249 5410 3391 5474 enim
3423 5429 3437 5465 :
3475 5430 3496 5470 ι
3529 5413 3609 5470 Ex
3643 5414 3780 5469 libro

2195 5498 2283 5569 qni
2313 5513 2339 5568 a
2367 5498 2567 5554 Graecis
2583 5510 2790 5572 Λειμων
2811 5502 3022 5570 dicitur,
3044 5518 3072 5557 a
3099 5502 3302 5572 Latinis
3328 5505 3780 5578 verointelligitur

2197 5594 2428 5666 Campus
2457 5595 2541 5651 vel
2571 5594 2809 5664 Pratum,
2843 5607 3138 5669 praeceptor
3166 5615 3316 5658 meos
3353 5601 3492 5659 inter
3519 5602 3620 5658 alia
3668 5612 3779 5660 toto

2198 5689 2326 5763 orbe
2349 5687 2461 5760 jam
2489 5686 2758 5752 diﬂ'autata
2790 5690 3044 5756 miracula
3087 5692 3466 5763 interpretatus
3510 5703 3616 5762 est,
3647 5694 3779 5753 mihi

2197 5755 2459 5848 scribens,
2503 5798 2522 5832 ι
2555 5789 2660 5836 etc.
2692 5781 2869 5848 Quare
2898 5755 3040 5846 [θέω
3072 5783 3123 5842 in
3154 5755 3426 5855 plerisque
3453 5785 3777 5846 editiouihus

2197 5883 2301 5946 est.
2324 5888 2385 5942 ρετ
2411 5871 2706 5934 Graecorum
2734 5874 3066 5942 morionibus
3095 5877 3163 5938 ad
3191 5893 3269 5950 rm
3289 5893 3454 5952 nuper
3478 5880 3778 5952 interpretu-

2197 5970 2295 6038 m;
2326 5983 2432 6040 non
2455 5984 2488 6038 α
2513 5985 2610 6038 ate.
2641 5977 2700 6034 ut
2725 5983 2832 6036 non
2860 5979 3008 6038 recte
3030 5973 3226 6044 citetur
3265 5981 3391 6035 ante
3417 5971 3636 6034 Pratum
3665 5974 3771 6048 spi-
