4124 6350
444 252 553 359 ’δε
1407 292 1473 349 IN
1517 290 1717 351 vms
1757 290 2039 350 PATRUM
2078 290 2597 351 PROLEGOMENA
2633 293 2825 351 xxvr.
3704 312 3768 367 56

478 415 763 485 legomeno
790 410 845 479 4,
889 407 1036 485 sto.
1082 404 1414 477 Theophilus
1461 420 1675 477 quoque
1718 406 1960 462 scribens
1999 407 2066 461 ad

2182 409 2423 481 ἐπωνύμῳ
2461 410 2719 488 ἐκκλησίᾳ·
2768 413 3047 483 Ἀμμώνιος
3091 412 3145 471 δὲ
3183 414 3409 494 ἔναγχος
3446 429 3537 483 τῆς·
3557 426 3765 484 συνόδου

477 501 861 575 Epiphanium,
890 501 1019 556 dum
1065 499 1319 556 Ecclesia:
1361 497 1615 568 praesidet
1660 499 2064 565 Alexandrinae,

478 603 534 658 in
563 601 786 672 cpistola
824 599 891 655 67
923 596 1065 668 apud
1109 595 1497 666 Hieronymum
1550 594 1831 665 gloriatur,
1870 613 1889 647 r
1924 595 2064 664 quod

477 695 723 753 Ecclesia
750 692 949 749 Christi
976 690 1316 764 egredientes
1359 687 1429 744 de
1469 690 1717 745 cavernis
1742 688 1854 743 suis
1882 687 2069 760 Orige-

476 790 567 849 nis
595 790 847 845 colubros
876 784 1197 855 Evangelico
1228 797 1359 838 ense
1383 784 1668 847 truncavit,
1694 789 1749 837 et
1773 782 2066 837 secundum

475 885 668 946 Nitriae
714 882 1100 939 monachorum
1128 893 1318 949 agmen
1365 877 1685 947 contagione
1723 875 1972 945 pestifera
2007 876 2063 930 li-

479 979 708 1037 beravit.
733 996 751 1030 ι
792 978 854 1031 Et
894 974 1028 1029 infra
1056 990 1069 1027 :
1101 990 1121 1025 ι
1155 971 1330 1027 Didici
1350 1014 1364 1038 ,
1396 970 1493 1037 ait,
1524 970 1667 1041 quod
1716 968 2068 1024 calumniato-

475 1086 569 1129 rcs
615 1085 759 1127 verae
790 1068 911 1123 ﬁdei
957 1067 1295 1132 Ammonius,
1328 1063 1625 1130 Eusebius,
1654 1072 1708 1117 et
1753 1063 2072 1133 Euthymius

474 1180 621 1221 novo
642 1177 738 1235 pro
764 1160 957 1217 haeresi
986 1159 1167 1214 furore
1195 1156 1518 1213 bacchantes
1546 1155 2069 1226 Constantinopolim

474 1257 802 1326 navigarint.
837 1273 855 1306 ι
886 1256 961 1308 Dc
996 1265 1099 1322 qua
1151 1266 1211 1306 re
1255 1257 1461 1305 certum
1511 1248 1637 1303 facit
1684 1248 2070 1320 Hieronymum

473 1346 815 1418 Epiphanius
844 1345 1072 1415 epistola
1104 1342 1207 1408 75,
1251 1351 1305 1398 et
1334 1339 1665 1411 Theophilus
1696 1343 1810 1411 ipse
1840 1340 2074 1396 Alexan-

474 1441 667 1497 drinus
705 1440 929 1510 epistola
962 1437 1029 1490 G9
1058 1445 1114 1493 et
1142 1436 1238 1502 79.;
1284 1435 1505 1505 ipseque
1546 1449 1645 1504 pro
1675 1449 1735 1490 re
1771 1443 1873 1489 tam
1910 1435 2075 1490 felici-

474 1542 561 1589 ter
590 1531 833 1588 confecta
881 1529 1182 1599 Theophilo
1229 1528 1531 1597 gratulatur
1561 1527 1809 1595 epistolis
1839 1526 1909 1581 70
1933 1570 1946 1593 ,
1979 1528 2070 1582 Ἠ.

472 1625 546 1682 Et
595 1625 818 1695 cpistola
847 1622 938 1688 6|,
971 1623 1037 1676 ad
1086 1620 1489 1676 Pammachium
1544 1620 1804 1677 adversus
1857 1635 2075 1678 errores

473 1718 699 1776 Joannis
738 1716 1197 1787 Jerosolymitani,
1223 1730 1390 1786 pr0pe
1419 1714 1602 1779 finem,
1626 1728 1790 1783 agens
1816 1714 1884 1769 de
1913 1714 2077 1770 Joan-

2172 503 2707 578 παρασκευαζομένων
2740 506 3047 575 ἐμαλακίσθη
3078 509 3135 563 τὸ
3175 519 3347 581 σῶμ’
3388 521 3685 591 περαιωθείς
3716 521 3765 578 δέ

2172 595 2244 654 εἰς
2271 600 2419 670 Δρῦν,
2453 594 2822 670 χαλεπώτερον
2842 599 2944 655 ὑπὸ
2971 609 3063 662 τῆς
3091 603 3248 659 νόσου
3280 604 3471 668 διετέθη
3492 649 3507 675 ,
3548 617 3632 668 καὶ
3657 618 3768 686 μετ’

2172 684 2229 738 οὐ
2261 686 2387 740 πολὺ
2430 688 2640 760 τελευτᾷ
2677 689 2761 743 τὸν
2788 689 2921 761 βίον,
2954 695 3188 767 καὶπρὸς
3224 705 3323 751 τῶν
3352 701 3582 760 πλησίων
3613 728 3773 776 μονα-

2173 784 2306 848 χῶν,
2332 776 2454 833 ἔνθα
2484 776 2543 838 δή
2572 788 2748 845 κεῖται,
2773 783 3016 859 λαμπρᾶς
3040 788 3223 851 ἠξιώθη
3244 801 3422 862 ταφῆς.
3445 791 3504 849 Ὀ
3528 794 3581 851 δὲ
3604 799 3773 872 Θεόφι-

2171 869 2257 930 λος
2286 871 2354 930 ὡς
2385 872 2616 939 ἐπύθετο,
2645 873 2845 947 λέγεται
2874 875 3130 951 δακρύσαι
3158 885 3241 936 καὶ
3268 884 3338 943 εἰς
3370 886 3566 949 πάντας
3590 891 3771 958 εἰπεῖν,

2174 969 2243 1027 ὡς
2273 965 2437 1029 οὐδεὶς
2465 966 2540 1027 εἴη
2561 978 2659 1024 τῶν
2681 970 2788 1026 κατ’
2818 973 2975 1028 αὐτὸν
2999 977 3229 1048 μοναχὸς
3268 974 3367 1040 οἷος
3396 980 3698 1054 ’Δμμώνιος,
3730 990 3773 1041 εἰ

2173 1062 2256 1114 καὶ
2286 1061 2423 1134 αὐτῷ
2447 1072 2691 1139 ταραχῆς
2717 1061 2877 1127 αἴτιος
2908 1067 3134 1139 ἑγένετοε
3166 1088 3185 1122 t
3217 1069 3331 1127 Hoc
3356 1073 3473 1128 loco
3500 1075 3776 1147 Theophi-

2176 1152 2260 1207 lus
2287 1169 2393 1208 una
2422 1168 2542 1208 cum
2571 1156 2782 1210 caeteris
2827 1158 3097 1227 episcopis
3144 1165 3492 1232 conveniens,
3526 1166 3594 1223 de
3619 1169 3773 1228 libris

2175 1244 2421 1315 Origenis
2453 1245 2650 1302 nullam
2691 1248 2906 1319 quidem
2957 1253 3284 1310 tnentionem
3337 1257 3495 1325 fecit;
3520 1261 3614 1316 sed
3643 1263 3771 1319 Sce-

2176 1348 2359 1394 tenses
2415 1340 2548 1394 istos
2605 1340 2903 1398 monachos
2958 1343 3025 1398 ad
3081 1346 3451 1414 paenitentiam
3506 1351 3773 1421 invitavit,

2177 1431 2451 1501 pollicitus
2479 1446 2538 1487 se
2569 1449 2744 1502 neque
2788 1435 3004 1504 injuriae
3046 1449 3283 1509 acceptae
3314 1442 3432 1497 fore
3459 1459 3777 1510 memorem,

2184 1538 2361 1594 neque
2384 1524 2512 1579 mali
2538 1526 2829 1598 quidquam
2861 1543 2981 1585 esse
3002 1527 3291 1589 facturum.
3315 1532 3449 1589 Cum
3476 1537 3637 1608 igitur
3663 1539 3777 1594 suis

2179 1618 2507 1673 clamoribus
2544 1619 2664 1675 illos
2712 1632 2968 1692 urgerent
2996 1622 3234 1681 fautores
3263 1627 3570 1698 TlteOphili,
3604 1638 3662 1686 ut
3689 1648 3782 1688 ve-

2180 1714 2326 1769 niam
2379 1723 2648 1783 peterent,
2675 1725 2729 1770 et
2772 1717 2983 1772 interim
3016 1717 3336 1777 simularent
3382 1723 3648 1794 synodum
3683 1741 3783 1797 pro

474 1811 560 1867 nis
588 1811 847 1881 epistola:
881 1829 897 1861 ι
934 1808 1061 1875 Iste,
1096 1810 1189 1874 ait,
1226 1809 1481 1876 lsidorus,
1517 1809 1605 1878 qui
1644 1809 1696 1863 in
1741 1809 1939 1864 caelum
1974 1809 2078 1865 tuis
2111 1812 2157 1877 Β
2184 1804 2317 1873 ipsis
2342 1805 2930 1874 supplicaremtonachi
2955 1812 3274 1880 perturbati,
3306 1824 3464 1884 atque
3497 1819 3597 1871 hoc
3626 1819 3784 1888 plane

472 1905 722 1962 laudibus
781 1904 1025 1971 tollitur,
1058 1903 1288 1975 idipsum
1343 1904 1636 1959 infamatur
1694 1905 2072 1972 Alexandriae,

478 1998 623 2071 quod
655 2007 711 2054 tu
742 1997 1117 2070 Jerosolymis.
1169 1998 1331 2069 Atqui
1380 2006 1615 2067 quatuor
1645 1997 1700 2052 hi
1735 2000 2074 2063 Ammonius,

474 2092 764 2161 Eusebius,
781 2092 1116 2163 Euthymius,
1144 2102 1201 2146 et
1222 2090 1459 2146 lsidorus
1482 2090 1585 2147 hoc
1607 2090 1744 2146 libro
1764 2090 2075 2146 occurrunt.

548 2185 873 2253 RcSp-ondeo
901 2200 1021 2240 eam
1051 2184 1393 2255 partem,nhi
1422 2184 1755 2255 Origenistas
1787 2184 1908 2239 illos
1939 2183 2079 2238 iudi-

473 2286 558 2342 cio
612 2284 750 2340 beati
812 2283 1124 2356 llicronymi
1182 2283 1518 2353 detegemus,
1555 2281 1833 2335 minimam
1887 2281 2077 2335 harum

470 2377 718 2432 Vitarum
744 2390 885 2432 esse.
919 2376 985 2431 Et
1027 2376 1301 2445 potuerint
1325 2374 1486 2430 iidem
1518 2383 1668 2429 certo
1696 2385 1936 2444 tempore
1959 2374 2078 2429 Ori.

472 2471 628 2541 genis
656 2483 841 2525 errore
888 2469 1053 2524 fuisse
1098 2468 1316 2537 infecti,
1350 2480 1471 2539 post
1521 2481 1701 2525 tamen
1748 2469 2076 2539 resipuisse:

474 2564 713 2620 maxime
757 2578 877 2618 cum
908 2578 1094 2617 eorum
1125 2562 1342 2632 quidam
1398 2565 1451 2617 in
1500 2561 1813 2618 Graecorum
1861 2563 2080 2618 Menmis

473 2664 849 2727 compareant,
875 2657 937 2711 et
957 2654 1026 2710 ab
1055 2655 1178 2710 aliis
1219 2655 1351 2710 viris
1386 2657 1585 2712 sanctis
1614 2656 1812 2710 fuerint
1854 2656 2076 2713 laudati.

545 2747 802 2819 Equidem
830 2748 885 2802 in
915 2747 1098 2803 libello
1121 2747 1325 2813 Acacii,
1351 2748 1491 2818 apud
1517 2748 1769 2802 Photium
1798 2746 2076 2817 Cod.159,

471 2843 730 2901 adversus
761 2840 936 2916 [τως]
982 2840 1431 2913 Chrysostomum
1471 2841 1680 2914 synodo
1709 2842 1775 2897 ad
1806 2842 2079 2908 Quercum

471 2937 671 2994 habita;
700 2937 913 3003 oblato,
948 2936 1245 2991 secundum
1293 2936 1436 2991 hunc
1478 2936 1761 2991 articulum
1808 2937 2024 2992 invenio
2059 2954 2073 2993 :

479 3049 499 3082 ι
536 3029 689 3098 Quod
719 3030 908 3085 beatus
951 3028 1281 3099 Epiphanius
1325 3036 1544 3098 propter
1590 3028 1923 3099 Origenistas
1955 3033 2082 3083 Am-

470 3123 737 3189 monium,
772 3120 1119 3193 Euthymium
1145 3123 1272 3191 (non
1306 3119 1409 3176 rite
1434 3121 1576 3191 apud
1610 3121 1927 3189 Baronium,
1957 3137 2079 3178 ver-

2186 1896 2302 1951 fieri
2334 1908 2585 1967 oportere
2632 1899 2756 1969 rati,
2794 1902 2977 1957 multis
3024 1904 3292 1976 episcopis
3341 1909 3777 1978 praesidentibus,

2183 1987 2314 2042 illud
2342 1989 2575 2056 scilicet,
2606 1992 2748 2062 quod
2781 1992 2911 2062 ipsis
2943 1995 3123 2051 dicere
3153 1999 3393 2055 solemne
3420 2010 3531 2057 est:
3557 2001 3783 2059 Etiamsi

2181 2080 2430 2150 injuriam
2454 2083 2757 2150 fecerimus,
2777 2087 3015 2156 ignosce,
3038 2089 3281 2159 inquiunt
3298 2093 3346 2147 ¥.
3362 2093 3662 2166 'l‘heophilo
3682 2098 3784 2168 igi-

2183 2188 2271 2235 tur
2304 2180 2425 2236 illos
2466 2192 2714 2253 prompte
2742 2183 2795 2238 in
2824 2187 3049 2254 gratiam
3079 2188 3238 2242 simul
3267 2198 3321 2243 et
3351 2192 3404 2244 in
3442 2193 3782 2247 communio-

2186 2288 2311 2328 nem
2363 2275 2678 2345 recipiente,
2705 2278 2877 2333 soluta
2927 2289 3011 2334 est
3056 2280 3291 2350 cognitio
3316 2324 3331 2349 ,
3359 2299 3479 2354 quae
3521 2284 3785 2343 adversus

2183 2366 2468 2423 Scetenses
2498 2368 2631 2423 istos
2672 2369 2915 2425 instituta
2946 2370 3148 2440 fuerat;
3180 2375 3322 2444 quod
3353 2376 3544 2446 opinor
3574 2393 3679 2434 non
3707 2381 3786 2438 ita

2183 2462 2559 2527 successisset,
2591 2462 2635 2515 si
2666 2478 2770 2517 una
2814 2478 2937 2519 cum
2994 2466 3218 2537 reliquis
3257 2471 3535 2525 monachis
3566 2471 3787 2528 Diosco-

2184 2568 2275 2608 rus
2318 2562 2373 2610 et
2414 2556 2732 2611 Ammonius
2778 2557 3102 2614 adfuissent.
3147 2559 3279 2617 Nam
3332 2562 3623 2619 Dioscorus
3668 2564 3784 2634 jam

2182 2654 2339 2701 antea
2367 2654 2644 2714 mortuus,
2678 2647 2731 2702 in
2765 2649 2968 2721 templo
3001 2652 3154 2708 Mocii
3189 2656 3441 2726 martyris
3480 2667 3566 2713 est
3603 2662 3787 2728 sepul-

2184 2748 2294 2795 tus.
2328 2740 2645 2796 Ammonius
2687 2752 2866 2797 autem
2900 2745 3062 2799 modo
3100 2761 3220 2802 cum
3252 2749 3489 2820 synodus
3514 2766 3786 2808 convoca-

2182 2842 2353 2900 retur,
2394 2848 2622 2904 corpore
2668 2835 2925 2906 languere
2970 2840 3274 2913 C(Bpil:[l.]
3304 2854 3356 2898 et
3386 2852 3666 2915 postquam
3710 2846 3786 2903 ad

2182 2928 2450 2997 Quercnm
2482 2929 2806 2999 traiecisset,
2841 2933 3030 2990 morbo
3059 2936 3278 3006 gravius
3322 2950 3606 3005 correptus
3650 2939 3781 3009 fuit,

2182 3036 2246 3078 ac
2293 3038 2399 3077 non
2453 3023 2623 3078 multo
2681 3034 2801 3094 post
2850 3026 3023 3083 finivit
3065 3029 3249 3097 vitam,
3281 3039 3336 3086 et
3388 3032 3528 3102 apud
3577 3034 3788 3090 vicinos

2183 3113 2495 3183 monachos,
2531 3117 2620 3172 ubi
2669 3120 2833 3175 etiam
2861 3120 3035 3189 jacet,
3068 3122 3401 3193 splendidam
3444 3127 3785 3196 sepulturam

471 3225 619 3273 tente
648 3215 910 3272 Federico
951 3215 1129 3282 ltletio,
1159 3228 1226 3269 ex
1272 3222 1562 3282 corrupto,
1599 3221 1656 3268 ut
1705 3223 1951 3284 apparet,
1984 3229 2075 3269 co-
2105 3219 2152 3285 ο
2183 3208 2404 3263 sortitus
2434 3208 2553 3266 fuit.
2583 3210 2919 3283 Theophilus
2943 3217 3158 3272 tandem
3189 3217 3281 3272 ubi
3312 3219 3363 3273 id
3396 3219 3783 3290 intellexisset,

472 3309 614 3375 dice,
643 3306 1015 3380 Eutychium).
1051 3304 1365 3369 Eusebium,
1398 3313 1452 3360 et
1483 3304 1840 3372 Heraclidem,
1873 3315 1926 3360 et
1951 3305 2074 3361 Pal-

472 3403 677 3460 ladium
742 3401 913 3457 noluit
968 3416 1088 3455 cum
1142 3398 1533 3472 Chrysostomo
1596 3404 2017 3457 communicare.
2049 3420 2070 3455 ι

483 3494 731 3552 Meminit
752 3501 929 3548 autem
954 3492 1312 3564 Hieronymus
1327 3492 1651 3569 epistolarilla
1671 3494 1735 3546 ad
1762 3491 2076 3562 Ctesiphon-

484 3596 592 3646 tem
644 3586 914 3642 Ammonii
964 3596 1017 3641 et
1070 3585 1308 3651 Eusebii,
1333 3601 1469 3657 quos
1523 3586 1855 3657 Origenistas
1909 3587 2075 3645 fuisse

481 3680 697 3735 asserit.
729 3678 797 3733 Ut
837 3677 997 3749 igitur
1035 3692 1099 3733 ex
1148 3678 1354 3749 synodo
1404 3678 1489 3733 illa
1536 3678 1811 3743 discimus,
1848 3694 1940 3734 cas
1969 3696 2075 3735 non

477 3774 718 3834 caruisse
770 3773 1073 3843 suspicione
1127 3770 1437 3841 Origeniaui
1488 3772 1722 3836 erroris,
1755 3772 1827 3826 ita
1876 3773 2079 3842 pariter

480 3868 762 3933 docemur,
796 3880 901 3921 non
932 3866 1152 3920 omnino
1192 3864 1449 3935 liquidam
1498 3863 1663 3919 fuisse
1691 3864 2074 3934 suspicionem,

480 3963 528 4019 si
573 3962 991 4035 Clnysostomus
1019 3961 1100 4014 vir
1133 3959 1313 4030 utique
1364 3960 1711 4015 doetissimus
1748 3967 1911 4030 atque
1955 3975 2080 4015 san-

480 4054 752 4110 ctissimus
775 4067 896 4106 cum
930 4050 993 4106 iis
1024 4052 1522 4107 communicaverit.

553 4146 661 4201 Nec
690 4145 910 4199 omnino
933 4144 1049 4198 sine
1078 4154 1297 4198 auctore
1321 4143 1455 4206 dixi.
1488 4143 1726 4212 potuisse
1758 4142 2075 4211 monachos,

480 4248 608 4294 ante
638 4237 993 4307 Origenistas,
1027 4244 1149 4305 post
1174 4233 1488 4304 resipuisse.
1520 4232 1658 4287 Audi
1685 4232 2075 4302 Sozomenum,

480 4332 575 4388 lib.
608 4347 723 4396 vm,
756 4346 877 4400 cap.
909 4330 973 4382 l7
1001 4346 1015 4383 :

555 4425 793 4480 Ἐνταῦθα
810 4423 861 4479 δὲ
886 4424 1134 4480 συνελθὼν
1151 4420 1385 4494 Θεόφιλος
1402 4419 1509 4493 ἅμα
1526 4427 1638 4480 τοῖς
1661 4417 1844 4482 ἄλλοις,
1865 4423 1981 4497 περὶ
1996 4424 2085 4491 μὲν

486 4526 587 4574 τῶν
609 4518 898 4591 Ὠριγένους
923 4517 1127 4587 βιϐλίων
1150 4513 1287 4568 οὐδὲν
1309 4512 1716 4582 ἓπεμνημὸνευσε
1733 4526 1748 4541 ⁶
1771 4514 1893 4573 τοὺς
1907 4510 1958 4566 δέ
1979 4514 2082 4567 ἀπὸ

2183 3302 2551 3376 illacrymasse
2579 3304 2772 3371 fertur,
2804 3320 2867 3362 ac
2894 3307 3103 3365 dixisse
3133 3311 3275 3380 quod
3326 3314 3464 3367 inter
3493 3315 3784 3372 universos

2182 3399 2481 3456 monachos
2501 3415 2632 3458 suos
2660 3402 2781 3457 talis
2809 3417 2915 3457 non
2944 3412 3111 3473 esset,
3144 3407 3316 3477 qualis
3344 3409 3532 3464 fuisset
3561 3410 3789 3468 Ammo-

2183 3492 2325 3555 nius,
2359 3495 2568 3550 etiamsi
2596 3496 2696 3565 ipsi
2724 3497 2999 3553 turbarum
3030 3500 3331 3556 exstitisset
3358 3512 3601 3558 auctor.)
3628 3504 3784 3563 Unde

2184 3583 2444 3640 discimus
2486 3601 2578 3643 res
2627 3587 2817 3643 horum
2863 3591 3250 3648 monachorum
3298 3594 3454 3662 plane
3497 3597 3787 3667 perplexas

2184 3675 2373 3733 fuisse.
2405 3678 2545 3733 Sane
2585 3678 2850 3749 Georgius
2876 3683 3272 3740 Alexandrinus
3304 3686 3357 3741 in
3390 3685 3507 3741 Vita
3535 3688 3776 3759 Chryso—

2184 3771 2343 3826 stomi
2364 3771 2437 3826 ait
2458 3773 2800 3829 Ammonium
2825 3784 2879 3829 et
2898 3775 3209 3833 Dioscorum
3242 3781 3347 3834 vita
3374 3780 3585 3836 functos
3610 3781 3786 3851 splen-

2186 3862 2311 3917 dide
2340 3864 2598 3931 sepultos,
2633 3876 2687 3922 et
2713 3868 2988 3924 miraculis
3015 3870 3297 3931 claruisse.

2257 3954 2528 4026 Quidquid
2560 3957 2651 4024 sit,
2684 3972 2898 4015 maneat
2920 3962 3295 4018 inconcussum
3324 3964 3435 4019 divi
3467 3965 3787 4039 Hieronymi

2188 4046 2580 4114 testimonium,
2612 4058 2667 4104 et
2708 4051 2825 4120 ejus
2872 4053 3167 4110 monitione
3197 4057 3401 4111 cautius
3433 4059 3622 4115 horum
3653 4078 3788 4132 pau-

2186 4152 2373 4193 corum
2403 4140 2544 4195 dicta
2591 4142 2941 4213 excipiamus.
2993 4145 3307 4218 Quanquam
3338 4150 3471 4207 nihil
3500 4152 3551 4207 in
3587 4154 3667 4209 his
3697 4171 3789 4211 oc-

2188 4235 2357 4289 currit
2383 4236 2525 4305 quod
2554 4236 2774 4296 sinistre
2804 4252 2982 4305 sonet,
3014 4254 3238 4313 excepta
3270 4260 3373 4301 una
3399 4247 3535 4304 forte
3568 4249 3787 4321 Evagrii

2187 4328 2456 4381 sententia
2476 4328 2545 4384 de
2572 4329 3020 4401 impassihilitate,
3042 4335 3125 4389 cui
3145 4349 3244 4391 suo
3274 4337 3393 4393 loco
3421 4350 3785 4411 opportunum

2188 4418 2488 4475 antidotum
2516 4423 2888 4491 apposuimus.

2259 4511 2680 4583 Christophorus
2722 4516 2969 4575 Castrius
3016 4529 3201 4577 noster
3231 4524 3303 4578 ita
3341 4523 3465 4582 huic
3491 4542 3558 4582 ex
3599 4528 3787 4587 Hiero-

484 4614 709 4670 Σκήτεως
730 4612 992 4680 μοναχοὺς
1012 4610 1081 4668 εἰς
1105 4608 1369 4678 μετάνοιαν
1388 4604 1569 4673 ἐκάλει,
1593 4607 1719 4675 μήτε
1742 4613 2075 4675 μνησικακεῖν,

2192 4623 2355 4680 nymo
2410 4611 2718 4667 testimonio
2775 4614 3024 4670 satisfieri
3077 4630 3235 4686 posse
3290 4619 3573 4688 censebat,
3607 4633 3663 4677 ut
3704 4640 3785 4679 rex

485 4707 609 4777 μήτε
626 4709 785 4761 κακῶς
798 4709 956 4755 ποιεῖν
968 4695 1597 4770 ὑποσχόμενος.Ἐπιϐοὼν
1612 4696 1774 4753 τωνδέ
1790 4700 1955 4759 αὐτοῖς
1972 4720 2075 4773 συγ

2198 4701 2449 4772 Hispania
2480 4704 2545 4759 ad
2577 4719 2662 4760 me
2709 4708 2946 4776 scripsit.
2983 4726 3003 4759 ι
3039 4708 3303 4779 Primum,
3334 4712 3521 4782 inquit,
3555 4719 3788 4783 praemit-

485 4801 687 4870 γνώμην
707 4798 863 4847 αἰτεῖν
885 4799 983 4847 τῶν
1005 4792 1241 4864 Θεοφίλου
1268 4789 1633 4854 σπουδαστῶν,
1654 4792 1739 4843 καὶ
1769 4812 2087 4864 προσποιονο

486 4890 645 4958 μένων
667 4893 755 4945 τήν
779 4883 989 4940 σύνοδον
1020 4885 1257 4940 ἱκετεύειν
1286 4885 1418 4959 ὺπέρ
1448 4884 1633 4945 αὐτῶν,
1667 4887 2011 4960 ταραχθέντες
2041 4888 2086 4941 οἱ

485 4989 709 5058 μοναχοὶ
751 4987 833 5038 κσί
876 4988 1031 5039 τοῦτο
1081 4990 1273 5055 χρῆναι
1324 4988 1489 5035 ποιεῖν
1538 4984 1861 5051 νομίσαντες,
1893 4981 2085 5036 πολλῶν

485 5079 778 5133 ἕπισκὸπων
809 5075 1212 5153 προκαθημένων,
1255 5078 1407 5128 τοῦτο
1456 5070 1517 5132 δὴ
1557 5073 1615 5126 τὸ
1669 5074 1876 5135 σύνηθες
1911 5075 2084 5135 αὐτοῖς

484 5169 667 5241 λέγειν,
699 5165 791 5223 κᾶν
822 5167 1107 5230 ἀδικῶνται,
1140 5167 1490 5239 Συγχὼρησον
1513 5162 1733 5236 ἔφασαν.
1758 5167 1992 5238 Θεοφίλου
2029 5165 2081 5221 δέ

486 5263 703 5333 ὶτοίμως
733 5262 1101 5330 σπεισαμένου,
1134 5261 1219 5313 καὶ
1258 5262 1348 5316 τὴν
1376 5260 1628 5313 κοινωνὶαν
1661 5260 1832 5318 αὐτοῖς
1860 5257 2077 5315 ἁποδόν·

484 5378 595 5418 τος,
631 5354 827 5413 διελύθη
875 5362 976 5411 τῶν
1021 5354 1163 5427 παρὰ
1210 5360 1384 5410 Exi-rw
1424 5350 1742 5420 ἀδικημάτων
1770 5355 1800 5412 vi
1824 5355 2075 5419 ἐξέτασις,

486 5447 615 5522 ὅπερ
663 5444 802 5519 οἶμαι
850 5449 935 5503 οὐκ
976 5442 1033 5500 ἂν
1079 5446 1286 5509 συνέϐη,
1334 5449 1379 5499 εἰ
1406 5454 1757 5521 συμπαρῆσαν
1782 5455 1888 5508 τοῖς·
1917 5446 2084 5509 ἄλλοις

486 5547 744 5612 μοναχοῖς
790 5535 1058 5613 Δύσκορές
1106 5558 1161 5593 τε
1210 5540 1294 5593 καὶ
1331 5536 1635 5611 ’Λμμώνιος.
1671 5550 1723 5592 ‘0
1752 5541 1841 5608 μὲν
1866 5541 1963 5617 γὰρ
1986 5538 2087 5597 ἤδη

485 5631 734 5706 πρότερον
758 5630 1087 5693 τελευτήσας,
1117 5631 1272 5703 ἐτάφη
1301 5631 1348 5685 ἐν
1368 5640 1429 5705 τῇ
1460 5633 1653 5685 Memini)
1692 5637 1780 5687 τοῦ
1818 5633 2081 5707 μάρτυρος

562 5763 583 5786 ⁶
621 5763 1217 5844 Vitiosainterpetatio,
1253 5775 1308 5844 ut
1340 5774 1503 5844 patet.
1536 5764 1890 5844 Graeca-enim
1920 5762 2076 5844 phra-

488 5834 590 5905 sis,
618 5840 767 5893 τοῦτο
798 5834 966 5893 ὂέ.....
1002 5838 1222 5911 ἔφασαν,
1261 5834 1345 5893 sic
1368 5838 1569 5907 Optime
1594 5838 1759 5891 vertit
1792 5836 2031 5889 Valesius
2058 5850 2072 5889 :

2196 4795 2414 4849 tendum
2474 4804 2595 4863 est,
2629 4797 2913 4865 Theophili
2969 4799 3349 4867 Alexandrini,
3390 4812 3446 4856 et
3500 4803 3786 4873 Epiphanii

2194 4885 2372 4957 Cyprii
2423 4899 2667 4959 tempore
2714 4901 2913 4945 m0tam
2965 4890 3128 4948 fuisse
3173 4895 3525 4964 quaestionem
3576 4896 3645 4950 de
3693 4897 3786 4952 Dci

2194 4987 2405 5043 natura,
2427 4989 2604 5034 utrum
2629 4989 2775 5035 esset
2800 4982 3114 5051 spiritualis,
3134 5001 3203 5040 an
3229 4987 3485 5042 membris
3506 4989 3784 5060 corporeis

2192 5078 2467 5126 constans.
2526 5070 2658 5125 Nam
2709 5071 3060 5141 simpliciores
3108 5087 3162 5133 et
3210 5079 3483 5148 praecipue
3530 5082 3782 5137 monachi

2188 5176 2512 5231 corporeum
2538 5177 2657 5219 esse
2681 5167 2993 5222 censebant.
3027 5170 3179 5226 Unde
3198 5182 3251 5226 et
3276 5171 3516 5228 hmretici
3548 5176 3779 5231 Anthro-

2189 5258 2542 5328 pomorphitm
2583 5258 2710 5314 dicti
2755 5269 2910 5327 sunt,
2942 5272 2994 5319 et
3026 5263 3078 5320 hi
3127 5265 3339 5336 quidem
3387 5270 3780 5326 aversabantur

2188 5348 2497 5418 Origenem,
2524 5352 2665 5422 quod
2719 5351 2887 5407 Deum
2936 5356 3185 5423 spiritum
3235 5372 3357 5413 esse
3403 5358 3653 5428 doceret;
3696 5378 3782 5418 sa-

2190 5439 2487 5509 pientiores
2520 5450 2723 5506 autem,
2751 5452 2808 5496 ut
2850 5459 3041 5500 omnes
3070 5446 3349 5512 Catholici,
3381 5450 3631 5518 spiritum
3663 5468 3785 5509 esse

2190 5532 2573 5600 praedicabant.
2607 5534 2784 5601 Quare
2829 5537 2971 5605 quod
3019 5539 3116 5594 hac
3172 5541 3224 5594 in
3280 5556 3337 5597 re
3383 5556 3503 5597 cum
3555 5543 3785 5617 Origene

2185 5625 2481 5688 sentirent,
2516 5626 2786 5695 simp'ices
2838 5628 2911 5683 illi
2963 5640 3207 5703 tauquam
3238 5631 3572 5707 Origenistas
3598 5680 3614 5706 ,
3647 5641 3783 5697 hanc

2181 5763 2237 5845 ἕλει
2268 5764 2404 5845 quod
2434 5765 2653 5845 somnne
2681 5778 2752 5845 est
2788 5768 2919 5845 ipsis
2945 5772 3130 5841 dicere,
3161 5773 3359 5828 etiamsi
3391 5774 3586 5845 injuria
3611 5775 3786 5844 aﬂ'ecti

2183 5835 2397 5904 fuerint,
2434 5835 2594 5890 Put‘ce
2620 5838 2829 5904 scilicet,
2866 5835 3127 5897 dixerunt.
3159 5845 3312 5899 Eutr.
