4124 6350
268 367 334 420 57
1560 365 2117 427 PROLEGOMENON
2156 371 2272 428 XV.
3483 386 3553 443 58

262 487 435 542 solam
469 484 539 538 ob
567 496 781 538 causam
813 496 1008 539 exosos
1039 482 1326 540 habebant.
1379 483 1513 540 Hinc
1562 485 1756 540 factum
1799 495 1856 540 ut
1881 485 1936 551 Δ
1964 501 2148 543 roruin
2199 490 2437 546 virorum
2488 493 2841 562 auctoritate,
2872 495 3024 553 mira
3066 511 3188 554 cum
3233 501 3551 562 eruditionis

260 588 508 635 sanctum
543 577 899 646 Epiphanium
926 576 980 630 in
1006 576 1256 631 omnibus
1308 578 1573 633 catliotice
1619 579 1857 632 sentien-

260 685 370 731 tem
403 671 733 737 'l'lie0philus
763 671 1102 726 Alexandriae
1125 672 1405 740 episcopus
1428 671 1858 743 Anthropomor-

259 768 531 834 phitarum
586 763 687 818 han
702 763 809 818 esis
853 763 1176 818 insimularit
1200 805 1214 830 ,
1249 775 1304 817 ut
1335 763 1572 818 referunt
1607 765 1858 820 Socrates

257 859 356 914 lib.
387 874 460 921 vr,
493 873 612 926 cap.
651 856 707 921 9,
739 857 1069 912 Soznmenus
1118 857 1209 912 lib.
1258 872 1374 924 vm,
1409 873 1529 927 cap.
1565 857 1651 924 I4,
1685 867 1740 912 et
1762 857 1853 911 Ni-

257 953 531 1022 cephorus
562 950 655 1006 lib.
689 966 810 1016 xm,
837 966 957 1019 cap.
986 952 1082 1016 I2;
1115 959 1174 1003 ut
1194 951 1356 1004 etiam
1387 950 1622 1006 Joannes
1653 950 1858 1006 Jeroso—

254 1044 549 1117 lymitanus
581 1042 905 1113 Epiphanio,
931 1053 987 1096 ut
1018 1045 1091 1096 ait
1120 1043 1476 1114 Hieronymus
1504 1045 1730 1114 epistola
1762 1044 1851 1111 GI,

254 1137 324 1192 ad
357 1137 790 1203 Pammacliium,
820 1135 1079 1189 adversus
1109 1150 1321 1191 errores
1368 1135 1591 1190 Joannis
1639 1135 1858 1190 Jeroso-

256 1230 537 1302 lymitani;
591 1229 698 1282 imo
749 1227 994 1281 Rnflinns
1049 1228 1292 1282 eamdem
1357 1227 1605 1282 haeresim
1657 1225 1851 1308 objccit

251 1324 607 1394 Hieronymo,
641 1321 897 1375 Invectiv.
929 1320 1019 1373 lib.
1053 1336 1092 1374 I.

329 1438 349 1470 ι
389 1420 589 1472 Contra
623 1431 749 1470 vero
773 1456 788 1482 ,
820 1415 910 1484 qui
941 1414 1156 1486 Origeni
1198 1413 1520 1469 infensiores
1554 1422 1727 1479 erant,
1758 1428 1852 1467 eos

250 1512 343 1584 qui
390 1511 510 1578 ejus
556 1509 774 1564 lcctioni
825 1510 1083 1562 vacabant
1111 1548 1126 1572 ,
1158 1507 1464 1563 Catholicos
1495 1507 1754 1574 alioquin,
1786 1506 1852 1562 de

251 1602 555 1658 baeresibus
586 1600 831 1669 Origenis
857 1599 1208 1664 accusabant,
1237 1607 1292 1651 ut
1318 1597 1646 1668 Epiphanius
1675 1597 1852 1651 Theo-

249 1694 479 1766 philum.
505 1702 557 1748 et
587 1692 841 1760 deinceps
863 1692 1335 1760 Chrysostomum,
1359 1697 1414 1744 et
1436 1688 1730 1743 monachos
1757 1686 1847 1757 qui

250 1802 372 1842 cum
404 1787 511 1841 illis
541 1783 1031 1839 communicabant.
1069 1785 1246 1852 Atque
1282 1781 1350 1837 de
1393 1783 1490 1836 hac
1516 1798 1574 1836 re
1604 1779 1847 1836 nonnihil

1963 587 2072 634 tum
2099 581 2420 654 sanctitatis,
2455 585 2545 656 qui
2578 585 2819 642 Cassiani
2849 604 3011 659 opera
3035 601 3090 647 et
3114 592 3360 665 legerunt
3391 596 3550 653 intre-

1962 673 2105 741 pide,
2138 683 2191 728 et
2219 675 2284 729 ad
2317 692 2535 733 suorum
2578 682 2899 752 scriptorum
2936 685 3093 742 ﬁdem
3128 688 3550 748 conﬁrmandam

1958 767 2297 825 adduxerunt
2341 774 2393 827 in
2426 773 2684 844 medium,
2716 789 2875 848 atque
2909 782 3019 835 suis
3067 784 3225 837 etiam
3275 786 3551 856 discipulis

1959 860 2181 930 legenda
2211 865 2614 921 mandaverunt.
2643 868 2718 923 Ex
2747 869 2827 925 his
2858 873 3005 927 fuere
3026 873 3179 929 divus
3205 875 3550 947 Benedictus,

1959 951 2334 1022 Cassiodorus,
2383 958 2713 1026 Clitnacltus,
2768 962 3093 1034 Bernardus,
3130 967 3316 1024 beatus
3365 968 3550 1025 Domi-

1961 1050 2132 1115 nicus,
2167 1050 2325 1105 divus
2355 1053 2589 1110 Thomas
2619 1057 2880 1126 Aquinas,
2938 1061 3134 1130 aliique
3182 1078 3318 1133 quos
3364 1064 3552 1137 elogiis

1958 1142 2223 1198 dedimus.

2037 1255 2054 1286 ι
2093 1237 2245 1293 Adde
2274 1239 2415 1308 quod
2444 1241 2497 1295 in
2527 1242 2608 1297 his
2629 1243 2947 1302 Sanctorum
2980 1246 3116 1303 Vitis
3143 1265 3247 1304 non
3278 1250 3346 1306 de
3373 1252 3550 1307 eccle-

1957 1330 2188 1386 siasticis
2218 1332 2559 1404 dogmatibus
2609 1338 2701 1392 ﬁat
2731 1339 3040 1410 disputatio,
3071 1341 3168 1397 sed
3198 1343 3263 1398 de
3284 1344 3550 1414 justorum

1955 1424 2214 1492 moribus,
2250 1429 2660 1486 conversatione
2687 1441 2742 1486 et
2787 1435 3048 1502 exemplis
3089 1445 3294 1491 tantum
3341 1448 3549 1508 agatur.

1958 1517 2140 1586 Igitur,
2174 1534 2274 1588 qua
2309 1520 2361 1574 in
2404 1532 2556 1592 parte
2586 1524 2758 1579 bonus
2783 1535 2886 1592 est,
2912 1528 3177 1583 admissus
3207 1529 3337 1596 fuit;
3368 1531 3420 1585 in
3447 1546 3551 1601 qua

1954 1613 2128 1669 malus
2153 1613 2236 1684 (ea
2262 1625 2440 1670 autem
2464 1626 2547 1672 est
2568 1620 2875 1688 supradicta
2897 1623 3116 1677 collatio
3131 1624 3198 1679 de
3217 1626 3552 1694 protectione

1956 1705 2072 1775 Dei)
2105 1707 2336 1777 rejectus
2383 1720 2485 1764 est.
2540 1711 2629 1767 Sic
2673 1721 2727 1768 et
2765 1713 2833 1770 de
2863 1714 3114 1785 Origenis
3161 1717 3307 1774 libris
3357 1717 3552 1774 fecisse

1953 1797 2165 1853 videtur
2215 1810 2400 1856 sancta
2455 1811 2627 1859 mater
2676 1804 2944 1864 Ecclesia.
2996 1808 3129 1863 Nam
3159 1810 3393 1879 explosis
3433 1816 3552 1887 Περὶ

248 1877 488 1934 insinuat
516 1877 670 1931 divus
703 1876 1060 1948 Hieronymus
1087 1874 1140 1930 in
1184 1875 1410 1946 epistola
1442 1874 1529 1940 62,
1558 1873 1623 1927 ad
1666 1873 1841 1928 'I‘lieo-

1955 1895 2163 1966 ’Δρχῶν
2188 1905 2243 1950 et
2289 1895 2408 1950 aliis
2451 1899 2722 1954 nonnullis
2751 1899 2994 1970 ejusdem
3030 1873 3325 1971 opusculis,
3354 1873 3551 1962 caetera

249 1971 456 2042 pbilum
518 1969 802 2025 adversum
869 1969 1130 2024 Joannem
1192 1966 1747 2039 Jerosolymitanum;
1795 1967 1846 2021 in

247 2063 476 2133 epistola
522 2078 733 2132 quoque
754 2062 827 2121 68
865 2073 920 2116 et
949 2063 1039 2128 70,
1071 2062 1135 2117 ad
1182 2061 1565 2133 Theophilum,
1599 2059 1723 2114 dum
1771 2061 1849 2116 illi

247 2156 411 2211 dicit:
434 2175 454 2208 ι
480 2155 776 2212 Ostendisti
805 2155 946 2225 quod
975 2156 1250 2224 hucusque
1273 2155 1610 2210 taciturnitas
1631 2155 1850 2222 dispen-

247 2251 388 2304 satio
438 2248 554 2311 fuit,
588 2263 692 2303 non
743 2264 1072 2312 consensus;
1109 2248 1278 2302 libere
1322 2248 1466 2302 enim
1522 2248 1846 2303 reverentia:

249 2349 355 2398 tua:
401 2342 616 2412 loquor.
668 2340 994 2395 Dolebamus
1025 2351 1077 2394 te
1109 2339 1330 2393 nimium
1362 2354 1483 2394 esse
1531 2341 1844 2408 patientem,

244 2447 301 2492 et
331 2438 644 2505 ignorantes
693 2434 934 2505 magistri
966 2434 1348 2503 gubernacula,
1381 2433 1747 2503 gestiebamus
1793 2432 1847 2485 in

244 2531 524 2586 interitum
557 2529 910 2598 perditorum.
944 2546 962 2580 ι
999 2527 1138 2582 Sane
1159 2527 1463 2594 ‘suSpicioni
1493 2526 1716 2579 dederat
1751 2539 1845 2579 oc-

243 2626 517 2680 casionem
545 2665 558 2688 ,
593 2622 734 2693 quod
785 2622 1000 2693 Origeni
1048 2621 1399 2686 consentiret,
1433 2631 1488 2675 et
1540 2620 1654 2689 ipse
1701 2627 1846 2674 esset

241 2719 568 2790 Origenista.
601 2718 713 2772 lIec
762 2725 1020 2788 Prmtextu
1051 2717 1499 2787 Origenistarum,
1533 2714 1629 2790 [Li]
1658 2715 1842 2770 eadem

241 2827 345 2882 qua
394 2812 836 2883 Clirysostomttm
886 2809 1252 2877 simulatione,
1285 2817 1512 2879 quatuor
1553 2809 1846 2863 monachos

241 2905 460 2975 Longos
492 2905 689 2959 montis
718 2904 921 2969 Nitrizc,
945 2905 1085 2974 quod
1119 2904 1188 2958 ab
1210 2919 1274 2958 eo
1301 2905 1673 2968 recessissent,
1699 2901 1843 2971 quod

243 2997 365 3066 ejus
391 3011 567 3051 mores
592 3013 694 3050 non
721 2998 1028 3066 probarent,
1051 2996 1340 3050 insectatus
1365 2994 1642 3059 est,etiam
1657 3002 1844 3050 coacto

238 3089 493 3147 exercitu
542 3089 1239 3160 Anthropomorphitarum,
1277 3089 1329 3142 in
1361 3088 1555 3158 quibus
1587 3095 1702 3142 erat
1730 3101 1844 3141 mo-

239 3182 536 3237 nachorum
577 3179 806 3250 phalanx
837 3195 943 3234 non
978 3196 1139 3248 parva
1169 3179 1284 3235 zelo
1317 3181 1538 3248 percita.
1591 3179 1735 3245 Quos
1764 3188 1842 3232 ta-

1953 1986 2069 2041 sine
2117 1986 2415 2043 oti'ensione
2466 1989 2569 2059 legi
2620 1991 2864 2047 videmus
2896 2001 2954 2048 et
3002 1993 3270 2062 audimus,
3301 2003 3356 2050 et
3385 1996 3551 2066 (quod

1952 2079 2125 2150 magis
2155 2079 2378 2151 mirere)
2400 2090 2584 2137 contra
2610 2081 2987 2140 haereticorum
3019 2085 3255 2143 insanias
3284 2087 3550 2144 adducere

1959 2187 2066 2228 non
2099 2189 2366 2229 verentur.
2389 2192 2410 2226 ι
2447 2175 2521 2230 Ita
2554 2175 2898 2246 Lipomanus.

2025 2267 2212 2325 Simile
2245 2285 2350 2323 non
2380 2269 2614 2325 absimili
2646 2273 2700 2325 in
2729 2288 2788 2327 re
2829 2271 3090 2343 judicium
3128 2271 3238 2343 jam
3289 2273 3413 2327 olim
3455 2272 3550 2330 fuit

1950 2358 2236 2428 Theophili
2267 2361 2612 2415 Alexandrini
2643 2363 2904 2432 episcopi,
2934 2364 3003 2419 de
3050 2380 3158 2434 quo
3186 2364 3326 2434 apud
3357 2363 3550 2421 Socra-

1951 2459 2080 2517 tem,
2114 2451 2207 2504 lib.
2242 2466 2315 2518 vr,
2349 2465 2468 2521 cap.
2502 2452 2568 2505 15
2595 2471 2606 2505 :
2633 2453 2825 2520 Ηῦξησε
2851 2455 2905 2511 δὲ
2927 2459 2984 2512 τὸ
3011 2454 3125 2528 [Lit]
3149 2458 3258 2513 κατ’
3281 2460 3438 2514 αὐτοῦ
3469 2467 3549 2530 μῖη

1951 2565 2061 2611 σος,
2087 2545 2146 2600 τὸ
2175 2540 2319 2606 αὖθις
2346 2547 2500 2600 αὐτὸν
2527 2545 2680 2617 μηδὲν
2709 2548 3160 2622 ὑποστειλάμενον,
3179 2551 3247 2605 τὰ
3266 2549 3548 2626 Ὠριγένους

1949 2639 2220 2693 ἀσκεῖσθαι
2249 2638 2441 2708 βιϐλία.
2468 2640 2762 2712 Ἐρωτηθεὶς
2788 2636 2873 2694 οὖν
2898 2641 3000 2696 ὑπό
3025 2663 3156 2702 τινος
3181 2649 3292 2702 πῶς
3317 2641 3350 2697 ἃ
3370 2644 3547 2704 ἀπεκή-

1949 2732 2092 2807 ρυξε,
2135 2737 2297 2785 ταῦτα
2340 2732 2631 2796 ἀσπάζεται
2668 2732 2838 2798 πάλιν,
2874 2740 3037 2788 ταῦτα
3064 2736 3393 2810 ἀπεκρίνατο·
3428 2753 3445 2786 t
3470 2737 3547 2791 Τὰ

1945 2823 2234 2900 Ὠριγένους
2263 2822 2390 2879 ἔοικε
2422 2825 2594 2896 βιϐλία
2622 2825 2825 2896 λειμῶνι
2853 2828 3055 2882 πάντων
3093 2828 3299 2883 ἀνθέων
3326 2827 3376 2881 si"
3389 2852 3440 2884 τι
3460 2825 3546 2882 οὖν

1947 2918 1997 2970 ἐν
2039 2921 2218 2979 αὐτοῖς
2267 2919 2458 2996 ἐφεύρω
2488 2921 2649 2983 καλὸν,
2691 2927 2845 2976 τοῦτο
2886 2918 3167 2997 δρέπομαι·
3200 2924 3244 2975 εἰ
3273 2920 3327 2976 δέ
3371 2924 3421 2976 τί
3460 2944 3545 2993 μοι

1948 3012 2228 3075 ἀκανθῶδες
2249 3018 2441 3088 φανείη,
2465 3021 2618 3069 τοῦτο
2641 3017 2709 3077 ὡς
2728 3023 2925 3070 κεντοῦν
2945 3015 3289 3092 ὑπερϐαίνω.»
3314 3033 3331 3064 t
3354 3013 3545 3069 Odium

1947 3116 2131 3162 contra
2173 3107 2325 3162 illum
2358 3109 2479 3162 inde
2505 3109 2666 3162 etiam
2697 3108 2884 3176 cret-it,
2919 3109 3059 3176 quod
3109 3109 3274 3162 libros
3296 3107 3544 3178 Origenis

1947 3201 2185 3255 studiose
2213 3200 2393 3269 legere
2421 3215 2524 3254 non
2556 3209 2857 3255 vereretur.
2889 3199 3126 3269 Rogatus
3158 3199 3319 3269 igitur
3347 3214 3378 3252 a
3409 3214 3545 3270 quo~

239 3291 362 3330 men
393 3274 657 3344 fugientes
705 3275 917 3343 excepit
944 3273 1178 3328 Joannes
1209 3273 1629 3344 Chrysostomus
1660 3282 1713 3325 et
1745 3273 1840 3327 de-

1949 3292 2072 3347 dam
2105 3307 2200 3347 cur
2227 3293 2391 3347 libros
2417 3307 2553 3363 quos
2589 3292 3044 3346 condemnaverat
3097 3292 3163 3347 de
3195 3293 3402 3362 integro
3433 3307 3545 3346 am-

241 3367 436 3432 fendit,
483 3366 689 3420 monito
739 3366 897 3418 etiam
941 3364 1302 3418 lnnocentiol
1338 3363 1610 3431 pontiﬁce,
1641 3362 1730 3431 qui
1761 3363 1842 3416 in-

237 3461 480 3530 crepavit
530 3457 922 3526 Theophilum;
966 3465 1020 3512 et
1079 3456 1206 3523 ille,
1259 3454 1471 3511 tandem
1528 3454 1842 3524 pcenitentia

237 3553 456 3616 ductus,
486 3549 780 3604 monachos
811 3549 929 3603 illos
960 3549 1168 3618 Longos
1199 3549 1299 3603 sibi
1333 3547 1701 3603 reconciliavit
1729 3556 1843 3603 tan-

235 3661 398 3717 quam
431 3643 622 3699 titleles
653 3654 706 3699 et
733 3643 948 3713 probos.
985 3642 1240 3697 Scribant
1280 3642 1416 3696 hanc
1447 3641 1721 3696 historiam
1753 3641 1839 3696 fu-

236 3739 454 3792 sissitne
479 3751 666 3792 omnes
682 3734 923 3790 historici
948 3735 1146 3800 Graeci,
1165 3734 1430 3804 Georgius
1444 3733 1838 3790 Alexandrinus

235 3829 678 3900 archiepiscopus
705 3829 756 3883 in
789 3827 911 3882 Vita
943 3829 1112 3882 sancti
1146 3825 1538 3898 Chrysostomi,
1571 3825 1839 3880 Palladius

237 3925 296 3977 in
318 3923 555 3992 dialogo,
589 3921 858 3985 Socrates,
892 3920 1248 3986 Sozonienus,
1283 3921 1499 3974 Simeon
1531 3920 1840 3990 Metaphra-

235 4027 372 4080 stes,
406 4017 515 4071 Leo
542 4016 833 4084 imperator
863 4014 915 4069 in
950 4018 1211 4078 oratioiie,
1243 4013 1624 4080 Cassiodorus,
1653 4013 1837 4084 Sulpi-

236 4113 380 4176 cius,
411 4111 644 4166 lsidorus
699 4109 970 4165 I’elttsiola
997 4149 1010 4175 ,
1046 4109 1401 4178 Nicephorus,
1430 4123 1656 4177 quorum
1689 4108 1838 4164 testi-

239 4205 423 4261 monia
457 4203 660 4260 referre
686 4218 790 4258 non
840 4212 1014 4256 vacat.
1063 4201 1126 4255 Hi
1156 4216 1344 4256 omnes
1389 4201 1839 4257 commendabant

239 4298 538 4353 monachos
586 4297 702 4350 illos
747 4309 880 4366 quos
928 4295 1212 4349 haereticos
1243 4293 1447 4364 putavit
1480 4293 1836 4365 Hieronymus

236 4405 269 4445 a
297 4389 600 4457 'I'he0pliilo
628 4390 903 4458 deceptus.
927 4408 945 4439 ι
976 4388 1242 4442 Hactenus
1265 4388 1504 4441 Castrius
1526 4395 1707 4442 noster
1730 4404 1743 4453 ;
1766 4385 1835 4443 de

235 4505 338 4558 qua
375 4496 483 4541 tota
515 4485 736 4540 historia
768 4484 890 4540 vide
914 4483 1222 4550 Baronium,
1251 4492 1395 4539 tomo
1423 4483 1489 4549 V,
1514 4499 1656 4540 anno
1679 4483 1834 4540 Chri~

235 4582 303 4636 sti
335 4579 464 4635 400.

1946 3389 2290 3460 plexaretur?
2319 3387 2617 3457 ReSpondit
2664 3387 2836 3443 libros
2883 3386 3134 3457 Origenis
3181 3386 3383 3442 similes
3426 3401 3544 3443 esse

1943 3491 2100 3553 prato
2152 3481 2401 3537 omnibus
2450 3481 2644 3535 ﬂorum
2694 3480 2984 3550 generibus
3039 3479 3256 3536 referto.
3317 3479 3542 3546 Idcirco,

1943 3574 2134 3644 inquit,
2165 3574 2212 3628 si
2258 3574 2382 3644 quid
2435 3573 2648 3643 reperio
2677 3570 2730 3626 in
2763 3571 2873 3628 illis
2923 3572 3070 3639 boni,
3098 3571 3226 3627 illttd
3273 3571 3542 3640 decerpo;

1941 3666 2024 3722 sin
2058 3667 2260 3736 spinosi
2291 3665 2579 3737 quidquam
2607 3705 2623 3732 ,
2656 3667 2758 3720 hoc
2799 3672 2984 3734 utpote
3035 3664 3233 3720 aculeis
3278 3679 3539 3736 pungens,

1941 3759 2163 3815 missum
2197 3759 2358 3816 facio.
2384 3779 2402 3812 ι

2015 3849 2126 3905 Nec
2150 3850 2307 3904 aliter
2335 3850 2595 3919 judicavit
2623 3849 2776 3904 divus
2807 3849 3164 3922 Hieronymus
3185 3849 3408 3920 epistola
3441 3849 3534 3916 76,

1940 3943 2006 3998 ad
2063 3943 2430 4014 Tranquillum
2489 3943 2824 3999 scribensn
2886 3943 3019 4012 Quia
3072 3958 3206 3999 mete
3257 3943 3535 4013 parvitatis

1938 4037 2134 4108 quaeris
2166 4035 2506 4103 sententiam,
2541 4046 2715 4091 utrum
2743 4036 3034 4091 secundum
3067 4035 3285 4091 fratrem
3320 4035 3531 4091 Fausti-

1940 4146 2066 4185 num
2097 4131 2309 4201 penitus
2336 4130 2670 4202 respuendus
2701 4132 2769 4187 sit
2798 4130 3111 4202 (Origenes)
3141 4145 3206 4185 an
3236 4135 3531 4187 secundum

1940 4224 2203 4296 quosdam
2235 4224 2490 4294 legendus
2541 4240 2604 4279 ex
2658 4233 2829 4294 parte,
2861 4241 2958 4296 ego
2988 4225 3272 4295 Origenem
3323 4234 3534 4295 propter

1939 4319 2300 4374 eruditionem
2347 4319 2423 4372 sic
2469 4317 2738 4372 interdum
2788 4317 3070 4387 legendum
3115 4317 3365 4383 arbitror,
3395 4334 3528 4387 quo-

1939 4412 2098 4466 modo
2129 4409 2542 4475 Tertullianum,
2574 4409 2862 4473 Novatum,
2895 4409 3210 4474 Arnobinm,
3245 4409 3520 4478 Apollina-

1936 4507 2099 4572 rium,
2134 4513 2187 4559 ct
2216 4504 2500 4559 nonnullos
2534 4503 2925 4559 ecclesiasticos
2948 4502 3270 4572 Scriptores,
3304 4504 3525 4560 Graecos

1938 4601 2136 4670 pariter
2177 4608 2230 4655 et
2260 4601 2511 4666 Latinos;
2544 4609 2605 4652 ut
2654 4600 2790 4653 bona
2831 4615 3016 4654 eorum
3045 4599 3350 4670 diligamus,
3383 4603 3521 4658 vite-

307 4673 478 4765 θίθθξ
508 4671 663 4726 mmo
693 4679 878 4765 comm
911 4671 1299 4765 ξυυίοτίίθιῗίηΑ
1329 4670 1447 4724 “hri
1478 4670 1698 4765 flual'li'
1729 4686 1826 4765 ἷ¹¹¹ἦ
1856 4652 1912 4715 D
1936 4710 2159 4765 musque
2182 4694 2638 4763 Contraria,juxta
2665 4696 2978 4764 Apostolum
3005 4696 3271 4752 dicentem
3301 4717 3312 4751 :
3346 4699 3531 4755 Omnia

234 4774 386 4821 ctore
442 4763 700 4818 Cassiano
743 4782 757 4818 :
804 4763 860 4817 In
911 4763 1148 4826 decreto,
1180 4762 1417 4818 distinct.
1471 4761 1557 4831 I5,
1589 4763 1831 4819 Cassiani

233 4861 495 4932 opuscula
523 4870 814 4917 censentur
845 4859 986 4915 inter
1014 4858 1342 4931 apocrypha.

307 4958 636 5030 Respondeo
678 4973 799 5013 cum
831 4958 1047 5028 Aloysio
1086 4957 1412 5027 Lipomano,
1457 4965 1588 5013 tom.
1624 4957 1732 5012 VIII
1764 4957 1831 5013 de

235 5050 375 5108 Vitis
397 5050 739 5116 Sanctorum,
765 5049 952 5104 Romae
979 5048 1126 5105 edito
1153 5063 1294 5105 anno
1322 5048 1483 5116 1560,
1515 5051 1830 5120 praefatione

233 5153 359 5200 ante
408 5150 663 5211 excerpta
691 5156 758 5197 ex
789 5139 1068 5206 Cassiano,
1100 5157 1120 5192 ι
1152 5148 1355 5194 tantum
1406 5140 1673 5208 prohibita
1705 5155 1826 5196 esse

233 5237 304 5293 ob
347 5251 508 5291 unam
563 5233 897 5304 potissimum
947 5233 1288 5290 collationem
1353 5235 1564 5290 tertiam
1618 5237 1826 5291 abbatis

234 5327 592 5386 Cheremonis
620 5326 688 5384 de
719 5327 1049 5398 protectione
1077 5326 1204 5392 Dei;
1238 5327 1379 5396 quod
1411 5343 1476 5382 ex
1509 5328 1667 5384 beato
1697 5329 1826 5384 Pro-

232 5437 393 5491 spero
424 5420 682 5492 colligere
712 5432 794 5475 εει
821 5419 1000 5475 libello
1041 5429 1229 5474 contra
1257 5417 1604 5486 Collatorem,
1641 5423 1692 5474 in
1721 5436 1828 5491 quo

231 5518 504 5574 hominem
536 5517 679 5572 hunc
707 5525 857 5572 notat
881 5516 949 5570 de
978 5517 1150 5586 gratia
1198 5515 1290 5571 Dei
1320 5520 1374 5570 et
1405 5515 1572 5570 libero
1602 5515 1826 5571 arbitrio

230 5611 477 5681 quaedam
505 5610 786 5663 temerarie
816 5623 876 5663 ac
902 5617 1090 5664 contra
1116 5617 1317 5663 sanctae
1347 5608 1600 5664 Ecclesia!
1627 5608 1822 5664 defini-

233 5706 403 5758 tiones
425 5703 772 5768 sentientem,
805 5701 980 5755 locnm
1007 5699 1118 5770 jam
1148 5701 1366 5755 citatum
1391 5700 1680 5756 adducens.
1708 5699 1823 5756 Cu;

227 5795 312 5866 jus
358 5799 522 5851 etiam
583 5797 864 5849 sententiae
915 5795 1124 5850 v.detur
1174 5794 1406 5849 Joannes
1466 5794 1816 5852 Trithcniius.

235 5889 385 5954 Quod
412 5897 474 5943 ut
502 5888 625 5959 quis
644 5886 828 5944 credat
849 5887 1079 5956 facilius,
1104 5888 1294 5944 adduci
1325 5890 1370 5945 is
1398 5898 1574 5959 potest
1598 5890 1820 5959 praecla-

1935 4788 2165 4856 probate,
2198 4786 2335 4856 quod
2367 4787 2551 4839 bonum
2581 4796 2655 4840 est
2688 4795 2850 4840 tenete
2879 4785 2964 4858 (fl
3010 4786 3192 4842 Thess.
3235 4799 3312 4857 v).
3361 4789 3530 4844 Cane-

1934 4895 2051 4935 rum
2080 4881 2168 4949 qui
2198 4881 2278 4934 vel
2305 4882 2354 4935 in
2382 4896 2621 4935 amorem
2669 4881 2785 4951 ejus
2827 4882 3069 4948 nimittm,
3110 4885 3190 4939 vel
3237 4884 3287 4938 in
3339 4883 3521 4938 odium

1932 4972 2197 5027 stomachi
2229 4972 2311 5027 sui
2346 4972 2606 5043 pravitate
2652 4974 2937 5039 ducuntur,
2969 4975 3218 5030 videntur
3266 4975 3396 5030 tnilti
3449 4967 3525 5028 illi

1934 5065 2218 5121 maledicto
2268 5067 2586 5136 prophetico
2630 5068 2948 5136 subjacere:
2990 5068 3075 5124 Vw
3117 5071 3196 5123 his
3222 5069 3310 5137 qui
3351 5068 3528 5122 dicunt

1934 5160 2122 5213 bonum
2152 5161 2363 5224 malum,
2395 5169 2440 5213 et
2482 5160 2673 5214 malum
2701 5162 2923 5228 bonum;
2952 5164 3040 5232 qui
3071 5162 3268 5231 faciunt
3293 5175 3526 5219 amarum

1935 5253 2104 5320 dulce,
2136 5262 2182 5309 et
2212 5253 2362 5309 dulce
2387 5271 2622 5309 amarunt
2652 5255 2835 5325 (Isaitr
2860 5255 2937 5327 v).
2996 5255 3104 5309 Nec
3135 5255 3277 5310 enini
3309 5267 3527 5328 propter

1933 5348 2230 5403 doctrinam
2264 5347 2380 5418 ejus
2410 5365 2570 5417 prava
2593 5350 2928 5421 suscipienda
2959 5357 3084 5402 sunt
3104 5349 3391 5420 dogmata;
3423 5367 3526 5410 nec

1935 5449 2150 5511 propter
2171 5442 2478 5514 dogmatum
2508 5446 2846 5513 pravitatem,
2873 5443 2916 5496 si
2947 5455 3083 5512 quos
3106 5451 3524 5504 commentarios

1932 5534 1985 5589 in
2017 5534 2318 5604 Scripturas
2347 5545 2560 5591 sanctas
2583 5534 2740 5590 utiles
2769 5534 2953 5603 edidit,
2988 5537 3199 5605 penitus
3224 5540 3511 5610 respuendi

1927 5637 2070 5685 sunt.
2100 5647 2118 5680 ι
2152 5629 2250 5694 Qui
2284 5630 2334 5684 iti
2363 5629 2470 5684 fine
2494 5628 2608 5683 haec
2636 5627 2910 5701 subjttngit
2940 5645 2952 5683 :
2985 5648 3005 5683 ‹
3041 5631 3194 5698 Quod
3221 5636 3263 5687 si
3295 5644 3520 5689 conten-

1926 5725 2121 5778 tiosum
2145 5724 2281 5779 inter
2309 5740 2366 5778 se
2397 5731 2664 5778 amatores
2692 5725 2809 5794 ejus
2833 5735 2886 5780 et
2908 5725 3296 5784 obtrectatores
3330 5727 3512 5784 funem

1925 5817 2218 5883 duxerint,
2253 5827 2308 5870 ut
2361 5815 2491 5870 nihil
2539 5816 2774 5874 medium
2825 5830 3100 5890 appetant,
3150 5837 3248 5876 nec
3303 5831 3520 5878 servent

1923 5910 2165 5977 modum,
2194 5909 2285 5967 sed
2319 5917 2487 5968 totum
2534 5921 2628 5969 aut
2680 5915 2926 5984 probent,
2960 5925 3053 5970 aut
3082 5917 3406 5986 improbent,
3445 5915 3514 5970 li-
