4124 6350
226 456 293 516 δι
1510 449 2063 516 pnocseousuos
2101 443 2241 506 va.
3432 417 3504 495 es

656 595 1210 652 PRULEGUMEAON
1246 596 1377 651 XVI.

578 742 709 810 Qui!
733 742 916 799 horum
943 741 1191 796 librorum
1230 738 1468 795 utilitas!

298 858 383 916 Ex
435 857 522 914 bis
570 855 805 910 fontibus
864 869 992 910 suos
1039 852 1381 914 Benedictus,
1439 848 1812 915 Cassiodorus,

228 948 492 1005 Martinus
534 943 860 1009 Dumiensis,
910 941 1251 1005 Dominicus,
1309 939 1503 1007 aliique
1555 936 1818 1005 religiosae

224 1043 446 1099 Inutilis:
476 1049 729 1096 ductores
770 1038 1066 1108 irrigavere
1121 1034 1383 1091 hortulos.
1436 1031 1543 1088 Sed
1588 1031 1815 1094 illustre,

223 1137 367 1207 quod
392 1136 459 1190 de
484 1133 702 1189 Antonii
729 1131 853 1187 Vita
884 1131 934 1185 in
965 1128 1314 1185 Occidentem
1347 1126 1495 1181 illata
1528 1132 1710 1179 narrat
1732 1123 1816 1176 di-

222 1243 323 1285 vus
348 1229 699 1300 Augustinus,
738 1240 860 1280 cum
910 1224 1017 1278 duo
1057 1232 1278 1291 agentes
1319 1221 1369 1277 in
1398 1220 1580 1282 rebus,
1612 1218 1817 1275 reiicus

222 1321 463 1389 Sponsis,
517 1318 678 1372 vitam
726 1317 1009 1386 elegerunt
1058 1312 1395 1377 solitariam;
1441 1312 1583 1380 quod
1617 1320 1673 1364 et
1728 1310 1818 1365 hic

224 1416 423 1485 legisse
465 1428 572 1467 non
627 1412 733 1467 erit
782 1411 1011 1466 inutile:
1049 1428 1069 1462 ι
1118 1412 1279 1463 Ortus
1329 1416 1411 1463 est
1465 1420 1669 1471 sermo,
1700 1405 1820 1475 ipso

226 1506 546 1579 (Potitianu)
578 1513 831 1560 narrante
874 1503 942 1559 de
971 1503 1203 1559 Antonio
1236 1499 1347 1575 [tv]
1398 1499 1655 1571 IEgyptio
1701 1512 1819 1553 mo-

224 1603 418 1667 nacho,
457 1601 614 1672 cujus
639 1615 835 1656 nomen
880 1598 1214 1654 excellenter
1260 1595 1500 1651 ciarebat
1535 1593 1675 1663 apud
1702 1607 1819 1647 ser-

224 1711 324 1751 vos
347 1705 496 1759 tuos,
525 1708 623 1748 nos
664 1701 844 1747 autem
876 1706 1048 1761 usque
1100 1691 1153 1746 in
1202 1689 1348 1744 illam
1383 1690 1569 1743 horam
1601 1687 1818 1742 latebat.

224 1788 379 1857 Quod
404 1788 501 1845 ille
529 1786 621 1841 ubi
641 1786 930 1856 comperit,
949 1787 1266 1839 immoratus
1288 1791 1371 1838 est
1391 1782 1441 1836 in
1461 1796 1527 1837 eo
1547 1795 1818 1845 sermone,

228 1885 512 1941 insinuans
546 1888 751 1938 tantum
784 1882 955 1936 virum
1013 1880 1405 1963 ignorantibus,
1433 1887 1492 1933 et
1547 1877 1821 1932 admirans

1838 580 1890 639 Α
1917 568 2071 637 dior;
2108 573 2159 618 te
2196 563 2242 616 si
2270 560 2415 631 piget
2456 553 2680 621 imitari,
2714 551 2821 611 noli
2868 545 3161 609 adversari.
3204 540 3504 615 Respondit

1918 662 2029 725 ille,
2085 657 2363 711 adhaerere
2410 669 2466 705 se
2495 650 2641 705 socio
2689 656 2849 708 tanta
2899 643 3199 707 mercedis,
3236 646 3505 705 tantamne

1919 753 2145 811 militiae.
2178 752 2243 806 Et
2270 749 2429 803 ambo
2455 745 2566 817 iam
2598 746 2673 800 tui
2722 741 3060 809 aedificabant
3100 736 3312 803 turrim,
3354 749 3505 801 sunt-

1918 858 2008 919 ptu
2044 846 2236 900 idoneo
2268 839 2597 911 relinquendi
2630 838 2805 893 omnia
2830 850 2948 895 sua,
2981 842 3035 888 et
3056 827 3313 901 sequendi
3344 836 3413 883 te.

1997 957 2015 991 ι
2054 938 2187 993 Tum
2217 935 2511 989 Politianus
2552 940 2605 992 et
2651 928 2739 999 qui
2781 943 2901 983 cum
2946 940 3011 985 eo
3045 938 3137 993 per
3190 922 3323 987 alios
3364 918 3503 986 horti

1923 1039 2101 1102 partes
2127 1026 2558 1088 deambulabam.
2592 1031 2894 1092 quatientes
2939 1033 3052 1080 eos,
3084 1016 3414 1079 devenerunt
3453 1028 3504 1071 tu

1922 1123 2171 1177 eumdem
2200 1121 2398 1183 locum,
2432 1125 2487 1171 et
2518 1113 2853 1171 invenientes
2893 1110 3286 1171 admonuerunt
3316 1115 3373 1159 ut
3421 1121 3507 1158 rc-

1920 1218 2120 1279 dirent,
2153 1214 2401 1283 quoniam
2434 1211 2755 1265 tleclinasset
2789 1205 2926 1262 dies.
2961 1205 3026 1260 At
3047 1202 3118 1259 iiii
3152 1210 3366 1259 narrato
3398 1198 3505 1267 pla-

1921 1312 2028 1366 cito
2053 1320 2106 1365 et
2139 1307 2411 1378 proposito
2450 1318 2569 1369 suo,
2596 1315 2810 1370 quoque
2857 1295 3018 1359 modo
3064 1295 3114 1355 in
3144 1294 3221 1353 eis
3252 1293 3374 1353 talis
3410 1305 3505 1340 vu-

1924 1403 2100 1459 lunias
2128 1409 2246 1456 orta
2278 1405 2419 1453 esset
2440 1405 2597 1466 atque
2621 1394 2832 1449 firmata
2854 1432 2866 1456 ,
2897 1390 3220 1459 petiverunt,
3266 1380 3397 1457 [ιω]
3442 1395 3509 1443 ne

1923 1496 2029 1550 sibi
2062 1494 2270 1548 molesti
2302 1500 2483 1553 essent
2529 1490 2571 1543 si
2604 1485 2818 1555 adiungi
2850 1488 3180 1547 recusarent.
3213 1476 3302 1539 isti
3334 1485 3509 1530 autem

1925 1588 2093 1647 nihilo
2119 1586 2303 1640 mutati
2332 1601 2360 1637 a
2388 1582 2624 1652 pristinis
2650 1621 2663 1640 .
2696 1579 2962 1636 ﬂeverunt
3006 1589 3065 1637 se
3108 1582 3308 1636 tamen,
3342 1578 3397 1627 ut
3428 1568 3509 1622 di-

1924 1681 2101 1746 cebat,
2129 1687 2289 1747 atque
2320 1677 2423 1732 illis
2454 1674 2539 1744 pie
2567 1669 2918 1739 cougratuiati
2960 1674 3106 1731 sunt,
3139 1672 3193 1718 et
3240 1677 3511 1719 commen-

1926 1778 2190 1834 daverunt
2218 1788 2277 1828 se
2321 1770 2653 1826 orationibus
2683 1780 2890 1830 eorum,
2923 1772 2976 1819 et
3020 1762 3294 1822 trahentes
3343 1772 3435 1810 cur
3463 1756 3514 1815 in

1929 1881 2096 1937 terra,
2122 1868 2370 1924 abierunt
2394 1865 2448 1919 in
2483 1862 2756 1933 palatium.
2782 1858 2859 1919 illi
2890 1866 3066 1913 autem
3097 1853 3375 1922 aiiigentes
3415 1863 3509 1904 cor

224 1980 478 2037 eamdem
529 1988 766 2033 nostram
811 1947 1186 2047 ignorantiam.
1237 1974 1595 2045 Stupebamus
1642 1980 1820 2027 autem
1851 1980 1902 2041 Β
1928 1965 2090 2032 caelo,
2115 1968 2426 2025 manserunt
2445 1959 2495 2013 in
2521 1971 2666 2013 casa.
2691 1954 2757 2011 Et
2782 1950 2939 2009 ambo
2964 1947 3232 2009 habebant
3260 1957 3516 2010 Salonas-

229 2075 517 2129 audientes
565 2083 669 2128 tam
720 2070 924 2127 recenti
976 2069 1253 2134 memoria,
1306 2077 1360 2123 et
1410 2082 1575 2137 prope
1622 2068 1821 2120 nostris

226 2169 569 2237 temporibus
616 2167 968 2225 testatissima
1017 2164 1284 2220 mirabilia
1328 2172 1414 2217 tua
1458 2161 1513 2217 in
1547 2161 1649 2216 tide
1673 2171 1821 2215 recta

222 2272 277 2319 et
333 2262 597 2318 catholica
661 2260 910 2317 ecclesia.
963 2258 1163 2314 Omnes
1212 2258 1570 2317 mirabamur;
1621 2265 1677 2311 et
1724 2270 1823 2311 nos

222 2357 351 2423 quia
370 2366 479 2410 tam
495 2368 685 2423 magna
701 2362 876 2418 erant,
900 2361 953 2409 et
973 2353 1062 2407 ille
1080 2352 1200 2421 quia
1223 2351 1459 2405 inaudita
1480 2349 1632 2404 nobis
1646 2359 1814 2404 erant.

305 2467 324 2501 t
364 2448 497 2503 inde
522 2463 702 2503 sermo
732 2447 851 2518 ejus
890 2445 1172 2501 devolutus
1220 2454 1301 2500 est
1354 2446 1417 2498 ad
1469 2446 1825 2498 monasterio-

228 2555 353 2596 rum
382 2554 576 2611 greges
605 2550 659 2595 et
686 2554 865 2596 mores
897 2539 1281 2595 suaveolentiam
1312 2546 1437 2605 tuae,
1470 2547 1522 2593 et
1544 2539 1705 2592 ubera
1740 2538 1827 2592 tle-

225 2646 374 2692 serta
406 2635 612 2703 eremi,
645 2649 872 2705 quorum
916 2650 1012 2689 nos
1064 2633 1196 2688 nihil
1246 2634 1567 2687 sciebamus.
1599 2632 1664 2685 Et
1712 2641 1826 2686 crat

228 2731 620 2785 monasterium
652 2728 936 2784 Mediolani
970 2728 1183 2796 plenum
1214 2728 1365 2783 bonis
1392 2726 1646 2781 fratribus
1673 2736 1826 2779 extra

231 2824 386 2879 urbis
414 2824 613 2879 muenia
641 2823 742 2877 sub
766 2810 1053 2877 Ambrosio
1103 2822 1383 2881 nutriture.
1425 2831 1478 2873 et
1527 2835 1632 2873 non
1665 2834 1829 2873 nove—

229 2932 443 2974 ramus.
478 2915 969 2980 Pertendehatiile,
1004 2924 1058 2970 et
1084 2915 1399 2985 loquebatur
1432 2914 1624 2978 adhuc,
1656 2922 1707 2967 et
1734 2927 1828 2967 ros

227 3009 429 3067 intenti
464 3010 788 3066 tacebamus.

312 3123 332 3157 t
378 3100 532 3160 Unde
560 3102 746 3159 incidit
768 3109 825 3155 ut
853 3101 1076 3169 diceret,
1103 3100 1283 3156 nescio
1312 3098 1527 3170 quando
1552 3113 1611 3155 se
1640 3107 1693 3153 et
1723 3108 1828 3153 tres

232 3199 376 3254 alios
420 3197 836 3253 etintuberttales
879 3211 1036 3261 suos,
1089 3195 1340 3249 nimirum
1394 3193 1534 3263 apud
1574 3192 1828 3248 Treviros

231 3310 355 3351 cum
390 3294 688 3363 imperator
730 3291 1105 3362 pomeridiano
1149 3289 1473 3343 circensium
1524 3287 1831 3356 Spectacqu

231 3396 546 3448 teneretur,
599 3384 780 3439 exisse
828 3382 1227 3437 deambulatum
1292 3382 1342 3432 in
1406 3380 1592 3432 liurtos
1662 3374 1903 3436 niurisC

234 3480 545 3550 contiguos,
575 3485 736 3547 atque
758 3475 867 3530 illic
896 3485 949 3528 ut
970 3472 1413 3527 fortccomhinati
1443 3470 1825 3537 Sg-atialtatttur,

234 3588 402 3628 unum
434 3584 620 3626 secum
651 3582 919 3635 seorsum,
953 3576 1005 3621 et
1036 3565 1170 3621 alios
1197 3564 1331 3619 duos
1358 3565 1539 3618 itidem
1563 3577 1826 3628 seorsum,

232 3666 553 3738 pariterque
584 3662 892 3731 digressos;
926 3659 1020 3714 sed
1072 3658 1191 3713 illos
1239 3656 1581 3729 vagabundus
1609 3655 1832 3710 irruisse

236 3762 290 3815 in
314 3757 608 3829 quamdam
638 3769 840 3820 casam,
877 3754 963 3808 ubi
997 3751 1312 3807 biliitabant
1353 3750 1565 3820 quidam
1593 3750 1731 3804 servi
1758 3750 1830 3804 tui

237 3852 433 3921 Spiritu
494 3863 777 3929 pauperes,
832 3846 1071 3928 qualium
1139 3856 1221 3909 est
1270 3860 1491 3914 regnum
1570 3842 1830 3896 coelormn

238 3945 461 4017 (Matth.
494 3944 572 4014 v),
605 3953 661 4013 et
691 3942 960 4017 invenisse
992 3941 1063 3996 ibi
1113 3938 1366 3995 Cudicem
1396 3940 1445 3991 in
1495 3952 1598 4008 quo
1632 3938 1830 4005 scripta

237 4047 356 4092 erat
387 4036 502 4091 Vita
548 4018 721 4090 sancti
757 4032 994 4089 Antonii.
1044 4030 1212 4099 Quam
1262 4030 1439 4102 legere
1488 4030 1651 4098 ccepit
1698 4043 1835 4084 unus

239 4145 455 4194 eorum,
490 4135 545 4183 et
566 4128 772 4192 mirari,
802 4133 858 4181 et
886 4123 1133 4186 accendi,
1158 4132 1212 4178 et
1238 4122 1378 4177 inter
1406 4120 1693 4192 legendum
1721 4135 1835 4174 tne-

245 4224 409 4280 ditari
442 4224 679 4301 arripere
706 4221 865 4276 talem
895 4221 1084 4287 vitam,
1117 4229 1171 4274 et
1216 4218 1399 4273 relicta
1432 4215 1615 4271 militia
1662 4229 1836 4270 saccu-

241 4319 342 4374 lari
375 4314 585 4373 servire
607 4315 722 4370 tibi.
757 4313 883 4369 Erat
903 4324 1083 4368 autem
1110 4327 1175 4366 cx
1202 4311 1280 4365 eis
1308 4324 1442 4380 quos
1464 4308 1651 4364 dicunt
1673 4322 1838 4379 agen-

242 4419 321 4465 tes
364 4410 417 4464 in
449 4408 630 4463 rebus.

323 4522 342 4554 ι
380 4501 531 4556 Tunc
557 4499 733 4557 subito
760 4498 997 4570 repletus
1025 4510 1207 4553 amore
1229 4504 1437 4560 sancto,
1462 4506 1513 4551 et
1546 4492 1727 4573 sobrio
1751 4508 1841 4563 pu-

242 4598 375 4652 detc
398 4595 570 4652 iratus
596 4595 669 4649 ita
699 4591 823 4658 sibi,
850 4592 1079 4662 coniecit
1106 4592 1290 4648 oculos
1316 4592 1368 4645 itt
1402 4592 1653 4656 amicum,
1685 4600 1737 4644 et
1765 4589 1840 4645 ait

246 4692 319 4745 illi
362 4711 373 4743 :
407 4692 519 4753 Dic,
551 4704 733 4759 quaaso
764 4697 837 4754 te,
873 4686 1122 4741 omnibus
1170 4684 1284 4738 istis
1326 4682 1597 4737 laboribus
1641 4681 1840 4735 nostris

1926 2048 2055 2132 Quae
2088 2068 2434 2131 posteaquam
2484 2054 2587 2108 huc
2634 2051 2946 2111 audierunt,
2979 2043 3292 2105 dicaverunt
3358 2039 3517 2096 etiam

1928 2158 2057 2223 ipsae
2118 2153 2478 2222 virginitatem
2540 2146 2654 2200 tibi.
2717 2140 2981 2199 Narrabat
3031 2139 3148 2197 haec
3224 2134 3519 2197 Politianus

1929 2249 2016 2323 (S.
2043 2250 2284 2318 August,
2315 2242 2412 2297 lib.
2438 2256 2535 2296 vni
2560 2238 2817 2309 Copfesm,
2842 2248 2961 2302 cap.
3003 2229 3084 2301 6).
3123 2248 3143 2289 ι

2000 2368 2131 2435 Quae
2165 2363 2378 2438 quidem
2408 2363 2563 2417 lectio
2596 2358 2671 2413 ttti
2705 2354 2998 2426 Agentibus
3024 2352 3077 2406 in
3109 2347 3269 2404 rebus
3299 2338 3520 2415 profuit,

1932 2464 2005 2535 ita
2034 2461 2147 2515 ltrec
2171 2459 2395 2527 repetita
2431 2455 2666 2509 narratio
2706 2447 2991 2521 Augustini
3035 2444 3270 2499 animum
3302 2437 3367 2493 ad
3405 2449 3523 2490 me-

1933 2533 2061 2611 liona
2096 2552 2409 2617 slimulavil,
2444 2547 2625 2603 subdit
2654 2546 2794 2601 enim
2828 2561 2841 2596 :
2879 2560 2897 2593 t
2936 2541 3012 2596 Tu
3053 2533 3521 2603 autem,Domine,

1933 2649 2072 2703 inzer
2099 2646 2256 2701 verba
2289 2643 2404 2714 ejus
2434 2638 2781 2712 retorquebas
2823 2650 2908 2689 me
2946 2634 3011 2687 ad
3052 2629 3341 2698 meipsum,
3374 2622 3523 2678 aufeo

1933 2754 2055 2795 rens
2085 2756 2169 2792 me
2208 2753 2237 2791 a
2265 2737 2427 2791 tlurso
2452 2749 2571 2789 meo
2603 2731 2692 2787 ubi
2721 2745 2805 2784 me
2836 2739 3140 2798 posueram,
3175 2722 3300 2777 dum
3325 2718 3523 2773 nollem

1934 2847 2019 2885 me
2047 2828 2342 2889 attendere,
2376 2836 2430 2882 et
2459 2822 2825 2881 constituebas
2844 2834 2930 2874 tne
2955 2824 3081 2874 ante
3111 2814 3299 2869 faciem
3326 2824 3524 2874 meam,

1933 2933 1990 2977 ut
2019 2921 2259 2976 viderem
2307 2934 2467 2989 qzzam
2502 2920 2669 2985 turpis
2723 2926 2899 2970 essem
2927 2951 2943 2978 ,
2974 2922 3131 2980 quam
3186 2904 3447 2959 distortus
3470 2907 3525 2954 et

1934 3015 2205 3079 sordidus,
2269 3012 2577 3067 maculosus
2632 3019 2686 3063 et
2739 3006 3048 3069 ulcerosus;
3091 3009 3147 3056 et
3200 2996 3442 3053 videbam
3472 3000 3527 3049 et

1938 3109 2243 3174 liorrcbam,
2276 3116 2331 3162 et
2362 3120 2467 3175 quo
2490 3120 2519 3158 a
2561 3118 2648 3158 me
2677 3105 2911 3172 fugerem
2946 3112 3051 3152 non
3096 3102 3230 3150 erat.
3263 3093 3331 3148 Et
3359 3092 3404 3145 si
3428 3104 3525 3144 co-

1938 3204 2159 3257 tiahara
2191 3216 2277 3256 me
2327 3208 2570 3254 avertere
2620 3204 2913 3265 aspectum,
2966 3192 3212 3246 narrabat
3268 3188 3358 3243 ille
3385 3184 3528 3254 quod

1939 3293 2210 3358 narrabat,
2236 3300 2291 3346 et
2320 3300 2374 3343 tu
2408 3306 2494 3344 me
2523 3302 2709 3341 rursus
2735 3282 3044 3354 Opponebas
3071 3280 3220 3345 mihi,
3255 3287 3307 3333 et
3336 3278 3529 3346 impin-

1937 3389 2100 3460 gchas
2133 3401 2217 3443 me
2246 3385 2299 3439 in
2325 3382 2510 3438 oculos
2556 3394 2726 3447 meos,
2762 3389 2820 3433 ιιι
2868 3374 3163 3431 invenirem
3194 3370 3528 3440 iniquitatem

1937 3497 2110 3537 meum
2137 3489 2190 3535 et
2219 3479 2476 3534 odissem.
2507 3475 2770 3530 Noveram
2801 3486 2945 3535 eam,
2977 3466 3072 3522 sed
3099 3461 3527 3529 dissimulabam,

1936 3589 1991 3633 et
2022 3576 2397 3639 counivebam,
2446 3581 2499 3627 et
2546 3566 2917 3624 oiiliviscebar.
2946 3562 3097 3617 Tune
3146 3573 3274 3613 vero
3327 3561 3529 3627 quanto

1914 3670 2208 3727 ardentius
2243 3668 2484 3723 amabam
2515 3665 2635 3720 illos
2661 3662 2727 3718 de
2750 3660 2940 3732 quibus
2987 3654 3263 3710 audiebam
3287 3649 3530 3705 salubres

1936 3766 2179 3828 aﬂ‘ectus,
2212 3762 2351 3834 quod
2400 3776 2457 3815 se
2483 3766 2623 3826 totos
2650 3755 2741 3810 tibi
2774 3750 3043 3807 sanandos
3071 3745 3352 3808 dederant,
3383 3749 3531 3796 tanto

1937 3856 2316 3912 exsecrabilius
2367 3867 2453 3907 me
2498 3854 2863 3918 comparatum
2905 3843 2986 3898 eis
3040 3839 3257 3894 oderam
3304 3834 3391 3905 (S.
3426 3835 3557 3903 Alto’

1937 3956 2097 4019 gnat,
2131 3946 2218 4000 lib.
2253 3960 2344 3999 vut
2386 3942 2645 4010 Confess,
2670 3953 2718 3993 ο.
2743 3934 2858 4005 ‘27).
2901 3953 2921 3987 ι

2011 4026 2115 4095 Sed
2141 4037 2248 4107 iam
2279 4044 2402 4089 ante
2432 4031 2553 4087 urbi
2604 4031 2910 4085 innotuerat
2937 4020 3157 4079 Antonii
3213 4018 3351 4085 Vita,
3386 4016 3526 4072 felici

1938 4130 2214 4189 Athanasii
2242 4130 2463 4185 Romam
2484 4123 2729 4195 appulsu.
2759 4122 2851 4192 qui
2876 4117 3117 4187 ejusdem
3139 4113 3317 4169 adhuc
3344 4112 3529 4171 viven-

1947 4228 2015 4281 tis
2045 4225 2290 4280 notitiam
2315 4229 2370 4279 et
2396 4219 2653 4289 pra-clara
2694 4216 2834 4279 dicta
2887 4215 3132 4279 tactaque
3162 4206 3418 4273 Romanis
3440 4219 3534 4275 es-

1944 4319 2143 4391 posuit.
2167 4316 2321 4386 Quod
2356 4314 2479 4373 vita!
2507 4325 2677 4385 Senos
2706 4308 2771 4369 ad
2818 4320 3008 4369 omnes
3035 4301 3361 4370 evangeliea:
3402 4312 3530 4369 per-

1943 4412 2189 4468 fectionis
2232 4421 2488 4463 numeros
2529 4408 2962 4471 attemperatunt,
2996 4397 3155 4459 etiam
3187 4391 3535 4457 nobilissima:

1946 4507 2201 4562 [tertiana
2243 4501 2455 4559 restitue
2498 4494 2798 4557 consectari
2849 4498 3149 4567 coeperunt:
3179 4484 3364 4553 Tradit
3397 4482 3537 4538 enim

1947 4598 2059 4652 luce
2084 4594 2257 4650 dehis
2310 4601 2529 4647 sanctus
2582 4588 2938 4654 Hieronymus
2984 4600 2995 4635 :
3037 4601 3053 4634 t
3093 4580 3248 4643 Nulla
3291 4594 3356 4635 eo
3406 4588 3538 4647 tctu-

1947 4703 2077 4758 pore
2116 4685 2374 4745 nobilium
2404 4681 2720 4753 [pruinarum
2747 4685 2968 4743 uouerat
2992 4674 3175 4737 Romae
3206 4669 3537 4742 propositum

244 4800 351 4851 quo
378 4782 646 4836 atnbimus
686 4778 1010 4850 pervenire?
1048 4776 1172 4847 quid
1204 4774 1534 4845 Qtltlfl'lllttlS?
1563 4772 1716 4841 cujus
1763 4772 1841 4827 rei
1873 4777 1921 4836 D
1950 4780 2371 4843 monachm'um;
2414 4788 2515 4833 nec
2537 4770 2771 4837 audebat
2826 4774 3044 4841 propter
3098 4767 3177 4827 rei
3220 4766 3533 4835 novitatem,

245 4894 410 4934 causa
435 4874 771 4930 militamus?
817 4872 1058 4944 Majorne
1099 4885 1221 4926 esse
1263 4869 1461 4941 poterit
1505 4883 1626 4937 spes
1657 4876 1836 4921 nostra

248 4975 301 5029 in
334 4973 553 5044 palatio,
584 4985 746 5041 quam
789 4976 847 5023 ut
875 4966 1032 5023 amici
1078 4965 1417 5037 imperatoris
1446 4963 1652 5019 simus?
1677 4961 1743 5016 Et
1767 4961 1838 5016 ibi

246 5066 373 5138 quid
406 5081 510 5121 non
537 5062 727 5135 fragile
776 5063 1097 5132 plenumque
1145 5057 1437 5130 periculis?
1466 5057 1530 5113 Et
1569 5071 1663 5126 per
1713 5064 1840 5125 quot

247 5161 488 5234 pericula
517 5160 825 5230 pervenitur
857 5157 921 5211 ad
952 5154 1203 5229 grandius
1231 5153 1558 5223 periculum?
1593 5161 1644 5205 et
1672 5164 1840 5221 quan-

250 5259 340 5314 diu
369 5255 511 5311 istud
544 5254 684 5308 erit?
713 5251 930 5307 Amicus
973 5258 1149 5304 autem
1200 5248 1317 5314 Dei,
1349 5245 1391 5299 si
1441 5244 1680 5309 voluero,
1716 5257 1841 5298 ecce

252 5366 394 5408 nunc
420 5350 513 5405 lio.
564 5348 705 5402 Ditit
745 5346 863 5411 hoc,
899 5354 952 5399 et
999 5342 1239 5407 turgidus
1296 5339 1647 5410 parturitinne
1691 5352 1845 5390 nova:

251 5446 397 5509 vitae,
448 5440 681 5497 reddidit.
722 5438 904 5493 oculos
961 5434 1186 5506 paginis,
1214 5441 1268 5487 et
1318 5433 1546 5503 legebat,
1578 5440 1635 5486 et
1676 5439 1847 5484 muta-

250 5544 409 5598 batur
459 5542 622 5605 intus,
658 5538 745 5593 ubi
797 5547 848 5591 to
882 5535 1130 5601 videbas,
1187 5540 1240 5586 et
1293 5529 1590 5585 cauebatur
1645 5526 1844 5581 mundo

251 5650 409 5691 tuens
436 5633 574 5707 ejus,
606 5641 662 5686 ut
708 5645 827 5685 mox
884 5628 1151 5699 apparuit.
1187 5625 1426 5693 Namque
1456 5622 1581 5676 dum
1636 5619 1760 5689 legit
1790 5626 1847 5673 et

252 5732 421 5807 volnit
454 5728 647 5784 ﬂuctus
676 5727 852 5782 cordis
883 5726 985 5791 sui,
1020 5723 1292 5780 infremuit
1340 5720 1628 5792 aliquando
1658 5728 1711 5774 et
1738 5716 1847 5772 dis-

254 5828 452 5891 crevit,
485 5824 827 5894 decrevitque
874 5820 1125 5884 meliora;
1154 5818 1375 5893 jamque
1404 5826 1524 5872 tuus
1564 5818 1637 5869 ait
1674 5813 1843 5867 amico

254 5936 354 5997 suo
390 5938 403 5974 :
439 5918 553 5990 Ego
574 5916 681 5989 iam
713 5915 898 5986 abrupi
930 5929 1014 5968 me
1051 5913 1117 5968 ab
1149 5913 1235 5966 illa
1267 5926 1361 5981 spe
1415 5918 1617 5974 nostra,
1652 5916 1704 5962 ct
1734 5906 1846 5962 Deo

257 6017 461 6079 servire
482 6004 664 6081 statui,
695 6023 746 6071 et
778 6009 879 6069 hoc
905 6025 972 6069 ex
996 6006 1126 6067 hora
1152 6008 1250 6063 hac
1280 6004 1333 6063 in
1364 6004 1466 6061 hoc
1493 6002 1612 6060 loco
1650 6014 1844 6073 aggre-

1949 4870 2360 4946 ignmniniosum
2390 4868 2473 4938 (ut
2516 4875 2640 4921 tunc
2668 4860 2977 4936 putabatur)
3003 4869 3054 4917 et
3101 4860 3205 4925 vile
3248 4858 3300 4927 in
3331 4856 3540 4926 populis

1950 4983 2145 5029 tamen
2184 4978 2482 5029 assumere.
2516 4961 2640 5021 liae
2693 4955 2990 5028 (Marcella)
3039 4956 3106 5021 ab
3162 4949 3538 5029 Alexandrinis

1952 5064 2095 5134 prius
2140 5058 2529 5123 sacerdotibus,
2584 5070 2822 5125 namque
2871 5049 3198 5121 Athanasio,
3251 5054 3306 5117 et
3354 5050 3536 5134 postea

1952 5133 2129 5222 Petro,
2160 5155 2247 5223 qui
2280 5150 2699 5221 persecutionem
2724 5145 2937 5215 Ariani!)
2965 5143 3235 5207 haerest
3260 5133 3534 5199 declinau-

1955 5257 2061 5312 tes,
2085 5244 2237 5315 quasi
2275 5242 2339 5303 ad
2366 5239 2690 5307 tutissimum
2717 5230 3110 5303 communionis
3155 5242 3265 5299 suae
3297 5234 3531 5297 portum,

1955 5339 2177 5395 Romam
2199 5337 2572 5407 confugerant,
2605 5334 2765 5389 vitam
2800 5325 2941 5383 beati
2969 5319 3183 5389 Antonii
3217 5318 3393 5377 adhuc
3417 5328 3543 5379 tunc

1953 5431 2204 5496 viventis,
2253 5426 2809 5500 monasteriorumque
2840 5418 2893 5471 in
2921 5412 3196 5477 Thebaide
3244 5410 3542 5483 Pachumii,

1956 5536 2008 5581 et
2038 5524 2302 5595 virginum
2332 5536 2398 5575 ac
2441 5520 2719 5575 viduarum
2771 5507 2952 5575 didicit
3013 5506 3351 5577 disciplinam
3378 5547 3392 5571 ,
3444 5520 3544 5560 nec

1956 5619 2169 5676 erubuit
2221 5614 2456 5686 proliteri
2500 5608 2641 5680 quod
2693 5602 2909 5673 ChriSto
2951 5603 3165 5675 placere
3221 5606 3545 5674 cognoverat

1955 5712 2154 5787 (Hiera.
2188 5710 2255 5765 ad
2295 5706 2547 5773 i’riucip.,
2573 5701 2719 5769 epist.
2758 5697 2867 5766 i6).
2904 5716 2925 5757 λ

2026 5810 2149 5863 Ηςιῑο
2182 5807 2269 5861 illa
2302 5797 2608 5857 Occidentis
2649 5794 2820 5857 felicia
2854 5792 3092 5866 genuina
3123 5788 3209 5859 vel
3237 5788 3305 5844 ab
3342 5800 3447 5844 uno
3475 5800 3541 5843 ex

1951 5903 2169 5959 Oriente
2197 5896 2373 5953 delato
2401 5892 2609 5949 semine
2634 5898 2942 5963 propagata.
2980 5882 3289 5955 Fulgentius
3326 5895 3542 5953 quoque

1950 5996 2003 6052 in
2026 5990 2243 6051 Meridie
2259 5987 2581 6051 constitutus
2607 5985 2752 6052 Vitas
2777 5983 2993 6057 Patrum
3025 5978 3231 6055 legens.
3258 5975 3327 6045 ad
3354 5988 3541 6041 eorum
