  <div class='ocr_page' id='page_1' title='image "/cluster/home/n/w/nwhite01/storage/ocr_20150623/73/hvd.32044011474434/037.png"; bbox 0 0 4124 6350; ppageno 0'>
   <div class='ocr_carea' id='block_1_1' title="bbox 625 430 697 491">
    <p class='ocr_par' dir='ltr' id='par_1_1' title="bbox 625 430 697 491">
     <span class='ocr_line' id='line_1_1' title="bbox 625 430 697 491; baseline -0.069 0"><span class='ocrx_word' id='word_1_1' title='bbox 625 430 697 491; x_wconf 77' lang='lat'><strong>63</strong></span> 
     </span>
    </p>
   </div>
   <div class='ocr_carea' id='block_1_2' title="bbox 1565 420 2973 483">
    <p class='ocr_par' dir='ltr' id='par_1_2' title="bbox 1565 420 2973 483">
     <span class='ocr_line' id='line_1_2' title="bbox 1565 420 2973 483; baseline 0.003 -5"><span class='ocrx_word' id='word_1_2' title='bbox 1565 422 1631 479; x_wconf 84' lang='lat' dir='ltr'><strong>IN</strong></span> <span class='ocrx_word' id='word_1_3' title='bbox 1658 421 1861 482; x_wconf 78' lang='lat' dir='ltr'><strong>VITAS</strong></span> <span class='ocrx_word' id='word_1_4' title='bbox 1901 420 2189 481; x_wconf 77' lang='lat' dir='ltr'><strong>PATRUM</strong></span> <span class='ocrx_word' id='word_1_5' title='bbox 2229 423 2741 483; x_wconf 72' lang='lat' dir='ltr'><strong>PROLEGOIIENA</strong></span> <span class='ocrx_word' id='word_1_6' title='bbox 2783 425 2973 482; x_wconf 80' lang='lat' dir='ltr'><strong>XXVI.</strong></span> 
     </span>
    </p>
   </div>
   <div class='ocr_carea' id='block_1_3' title="bbox 3846 421 3911 479">
    <p class='ocr_par' dir='ltr' id='par_1_3' title="bbox 3846 421 3911 479">
     <span class='ocr_line' id='line_1_3' title="bbox 3846 421 3911 479; baseline 0 0"><span class='ocrx_word' id='word_1_7' title='bbox 3846 421 3911 479; x_wconf 76' lang='grc'><strong>61</strong></span> 
     </span>
    </p>
   </div>
   <div class='ocr_carea' id='block_1_4' title="bbox 626 534 3908 609">
    <p class='ocr_par' dir='ltr' id='par_1_4' title="bbox 626 534 3908 609">
     <span class='ocr_line' id='line_1_4' title="bbox 626 534 3908 609; baseline -0.003 -9"><span class='ocrx_word' id='word_1_8' title='bbox 626 544 975 604; x_wconf 81' lang='lat' dir='ltr'><strong>imitationem</strong></span> <span class='ocrx_word' id='word_1_9' title='bbox 1005 540 1238 609; x_wconf 79' lang='lat' dir='ltr'><strong>exarsit,</strong></span> <span class='ocrx_word' id='word_1_10' title='bbox 1271 549 1329 595; x_wconf 91' lang='lat' dir='ltr'><strong>ut</strong></span> <span class='ocrx_word' id='word_1_11' title='bbox 1367 537 1593 594; x_wconf 85' lang='lat' dir='ltr'><strong>habetur</strong></span> <span class='ocrx_word' id='word_1_12' title='bbox 1611 536 1746 599; x_wconf 63' lang='lat' dir='ltr'><strong>Vitae</strong></span> <span class='ocrx_word' id='word_1_13' title='bbox 1798 536 1917 608; x_wconf 91' lang='lat' dir='ltr'><strong>ejus</strong></span> <span class='ocrx_word' id='word_1_14' title='bbox 1945 551 2067 608; x_wconf 90' lang='lat' dir='ltr'><strong>cap.</strong></span> <span class='ocrx_word' id='word_1_15' title='bbox 2098 535 2167 593; x_wconf 75' lang='grc'><strong>12</strong></span> <span class='ocrx_word' id='word_1_16' title='bbox 2198 552 2215 591; x_wconf 91' lang='lat'><strong>:</strong></span> <span class='ocrx_word' id='word_1_17' title='bbox 2248 543 2305 602; x_wconf 71' lang='grc' dir='ltr'><strong>Α</strong></span> <span class='ocrx_word' id='word_1_18' title='bbox 2400 536 2662 608; x_wconf 87' lang='lat' dir='ltr'><strong>Septima,</strong></span> <span class='ocrx_word' id='word_1_19' title='bbox 2694 537 2919 607; x_wconf 85' lang='lat' dir='ltr'><strong>Veneta,</strong></span> <span class='ocrx_word' id='word_1_20' title='bbox 2951 537 3247 608; x_wconf 86' lang='lat' dir='ltr'><strong>in-quarto,</strong></span> <span class='ocrx_word' id='word_1_21' title='bbox 3281 550 3375 608; x_wconf 89' lang='lat' dir='ltr'><strong>per</strong></span> <span class='ocrx_word' id='word_1_22' title='bbox 3399 534 3747 592; x_wconf 78' lang='lat' dir='ltr'><strong>Octavianum</strong></span> <span class='ocrx_word' id='word_1_23' title='bbox 3773 538 3908 594; x_wconf 73' lang='lat' dir='ltr'><strong>Sco-</strong></span> 
     </span>
    </p>
   </div>
   <div class='ocr_carea' id='block_1_5' title="bbox 636 630 2217 706">
    <p class='ocr_par' dir='ltr' id='par_1_5' title="bbox 636 630 2217 706">
     <span class='ocr_line' id='line_1_5' title="bbox 636 630 2217 706; baseline -0.003 -14"><span class='ocrx_word' id='word_1_24' title='bbox 636 658 655 692; x_wconf 72' lang='grc' dir='ltr'>ι</span> <span class='ocrx_word' id='word_1_25' title='bbox 687 639 879 693; x_wconf 79' lang='lat' dir='ltr'><strong>Beatus</strong></span> <span class='ocrx_word' id='word_1_26' title='bbox 911 637 1219 706; x_wconf 75' lang='lat' dir='ltr'><strong>Fulgentius</strong></span> <span class='ocrx_word' id='word_1_27' title='bbox 1244 632 1620 704; x_wconf 64' lang='lat' dir='ltr'><strong>Egyptiorum</strong></span> <span class='ocrx_word' id='word_1_28' title='bbox 1649 632 2034 687; x_wconf 79' lang='lat' dir='ltr'><strong>monachorum</strong></span> <span class='ocrx_word' id='word_1_29' title='bbox 2067 630 2217 688; x_wconf 86' lang='lat' dir='ltr'><strong>Vitas</strong></span> 
     </span>
    </p>
   </div>
   <div class='ocr_carea' id='block_1_6' title="bbox 628 727 2217 802">
    <p class='ocr_par' dir='ltr' id='par_1_6' title="bbox 628 727 2217 802">
     <span class='ocr_line' id='line_1_6' title="bbox 628 727 2217 802; baseline -0.004 -12"><span class='ocrx_word' id='word_1_30' title='bbox 628 732 972 790; x_wconf 82' lang='lat' dir='ltr'><strong>admirabiles</strong></span> <span class='ocrx_word' id='word_1_31' title='bbox 1002 733 1206 802; x_wconf 86' lang='lat' dir='ltr'><strong>legens,</strong></span> <span class='ocrx_word' id='word_1_32' title='bbox 1238 730 1633 785; x_wconf 74' lang='lat' dir='ltr'><strong>institutionum</strong></span> <span class='ocrx_word' id='word_1_33' title='bbox 1678 727 1836 782; x_wconf 89' lang='lat' dir='ltr'><strong>simul</strong></span> <span class='ocrx_word' id='word_1_34' title='bbox 1864 736 2023 797; x_wconf 89' lang='lat' dir='ltr'><strong>atque</strong></span> <span class='ocrx_word' id='word_1_35' title='bbox 2047 728 2217 784; x_wconf 85' lang='lat' dir='ltr'><strong>colla-</strong></span> 
     </span>
    </p>
   </div>
   <div class='ocr_carea' id='block_1_7' title="bbox 629 821 2217 895">
    <p class='ocr_par' dir='ltr' id='par_1_7' title="bbox 629 821 2217 895">
     <span class='ocr_line' id='line_1_7' title="bbox 629 821 2217 895; baseline -0.005 -14"><span class='ocrx_word' id='word_1_36' title='bbox 629 828 834 882; x_wconf 87' lang='lat' dir='ltr'><strong>tinnum</strong></span> <span class='ocrx_word' id='word_1_37' title='bbox 865 823 1090 895; x_wconf 76' lang='lat' dir='ltr'><strong>spiritali</strong></span> <span class='ocrx_word' id='word_1_38' title='bbox 1144 821 1491 875; x_wconf 78' lang='lat' dir='ltr'><strong>meditatione</strong></span> <span class='ocrx_word' id='word_1_39' title='bbox 1546 832 1860 885; x_wconf 88' lang='lat' dir='ltr'><strong>succensus,</strong></span> <span class='ocrx_word' id='word_1_40' title='bbox 1892 828 2217 874; x_wconf 88' lang='lat' dir='ltr'><strong>memoratas</strong></span> 
     </span>
    </p>
   </div>
   <div class='ocr_carea' id='block_1_8' title="bbox 628 912 2217 986">
    <p class='ocr_par' dir='ltr' id='par_1_8' title="bbox 628 912 2217 986">
     <span class='ocr_line' id='line_1_8' title="bbox 628 912 2217 986; baseline -0.004 -12"><span class='ocrx_word' id='word_1_41' title='bbox 628 928 802 975; x_wconf 90' lang='lat' dir='ltr'><strong>terras</strong></span> <span class='ocrx_word' id='word_1_42' title='bbox 856 915 1067 986; x_wconf 82' lang='lat' dir='ltr'><strong>navigio</strong></span> <span class='ocrx_word' id='word_1_43' title='bbox 1117 925 1298 985; x_wconf 84' lang='lat' dir='ltr'><strong>petere</strong></span> <span class='ocrx_word' id='word_1_44' title='bbox 1352 913 1561 980; x_wconf 86' lang='lat' dir='ltr'><strong>statuit,</strong></span> <span class='ocrx_word' id='word_1_45' title='bbox 1592 912 1799 967; x_wconf 83' lang='lat' dir='ltr'><strong>duabus</strong></span> <span class='ocrx_word' id='word_1_46' title='bbox 1850 912 2100 967; x_wconf 70' lang='lat' dir='ltr'><strong>videlicet</strong></span> <span class='ocrx_word' id='word_1_47' title='bbox 2148 926 2217 967; x_wconf 82' lang='lat' dir='ltr'><strong>ex</strong></span> 
     </span>
    </p>
   </div>
   <div class='ocr_carea' id='block_1_9' title="bbox 628 1005 2215 1078">
    <p class='ocr_par' dir='ltr' id='par_1_9' title="bbox 628 1005 2215 1078">
     <span class='ocr_line' id='line_1_9' title="bbox 628 1005 2215 1078; baseline -0.004 -11"><span class='ocrx_word' id='word_1_48' title='bbox 628 1012 829 1078; x_wconf 80' lang='lat' dir='ltr'><strong>causis,</strong></span> <span class='ocrx_word' id='word_1_49' title='bbox 858 1022 911 1064; x_wconf 92' lang='lat' dir='ltr'><strong>ut</strong></span> <span class='ocrx_word' id='word_1_50' title='bbox 942 1010 1024 1064; x_wconf 87' lang='lat' dir='ltr'><strong>vel</strong></span> <span class='ocrx_word' id='word_1_51' title='bbox 1064 1009 1134 1063; x_wconf 87' lang='lat' dir='ltr'><strong>ibi</strong></span> <span class='ocrx_word' id='word_1_52' title='bbox 1186 1007 1431 1077; x_wconf 83' lang='lat' dir='ltr'><strong>deposito</strong></span> <span class='ocrx_word' id='word_1_53' title='bbox 1475 1006 1691 1061; x_wconf 87' lang='lat' dir='ltr'><strong>nomine</strong></span> <span class='ocrx_word' id='word_1_54' title='bbox 1722 1005 1950 1071; x_wconf 82' lang='lat' dir='ltr'><strong>abbatis,</strong></span> <span class='ocrx_word' id='word_1_55' title='bbox 1982 1005 2082 1060; x_wconf 85' lang='lat' dir='ltr'><strong>sub</strong></span> <span class='ocrx_word' id='word_1_56' title='bbox 2128 1019 2215 1060; x_wconf 90' lang='lat' dir='ltr'><strong>re-</strong></span> 
     </span>
    </p>
   </div>
   <div class='ocr_carea' id='block_1_10' title="bbox 633 1097 2219 1173">
    <p class='ocr_par' dir='ltr' id='par_1_10' title="bbox 633 1097 2219 1173">
     <span class='ocr_line' id='line_1_10' title="bbox 633 1097 2219 1173; baseline -0.003 -16"><span class='ocrx_word' id='word_1_57' title='bbox 633 1104 755 1173; x_wconf 86' lang='lat' dir='ltr'><strong>gula</strong></span> <span class='ocrx_word' id='word_1_58' title='bbox 789 1102 989 1156; x_wconf 70' lang='lat' dir='ltr'><strong>vireret</strong></span> <span class='ocrx_word' id='word_1_59' title='bbox 1036 1100 1091 1155; x_wconf 92' lang='lat' dir='ltr'><strong>in</strong></span> <span class='ocrx_word' id='word_1_60' title='bbox 1120 1097 1435 1163; x_wconf 89' lang='lat' dir='ltr'><strong>humilitate,</strong></span> <span class='ocrx_word' id='word_1_61' title='bbox 1466 1099 1548 1154; x_wconf 87' lang='lat' dir='ltr'><strong>vel</strong></span> <span class='ocrx_word' id='word_1_62' title='bbox 1577 1097 1918 1153; x_wconf 86' lang='lat' dir='ltr'><strong>districtioris</strong></span> <span class='ocrx_word' id='word_1_63' title='bbox 1946 1098 2219 1153; x_wconf 85' lang='lat' dir='ltr'><strong>abstinen-</strong></span> 
     </span>
    </p>
   </div>
   <div class='ocr_carea' id='block_1_11' title="bbox 631 1189 2219 1265">
    <p class='ocr_par' dir='ltr' id='par_1_11' title="bbox 631 1189 2219 1265">
     <span class='ocr_line' id='line_1_11' title="bbox 631 1189 2219 1265; baseline -0.001 -17"><span class='ocrx_word' id='word_1_64' title='bbox 631 1196 721 1250; x_wconf 73' lang='lat' dir='ltr'><strong>tia:</strong></span> <span class='ocrx_word' id='word_1_65' title='bbox 746 1194 949 1265; x_wconf 79' lang='lat' dir='ltr'><strong>legibus</strong></span> <span class='ocrx_word' id='word_1_66' title='bbox 975 1191 1317 1247; x_wconf 87' lang='lat' dir='ltr'><strong>subderetur.</strong></span> <span class='ocrx_word' id='word_1_67' title='bbox 1359 1208 1378 1242; x_wconf 76' lang='grc' dir='ltr'><strong>ι</strong></span> <span class='ocrx_word' id='word_1_68' title='bbox 1416 1190 1521 1247; x_wconf 87' lang='lat' dir='ltr'><strong>Sed</strong></span> <span class='ocrx_word' id='word_1_69' title='bbox 1553 1200 1608 1245; x_wconf 91' lang='lat' dir='ltr'><strong>et</strong></span> <span class='ocrx_word' id='word_1_70' title='bbox 1638 1190 1889 1245; x_wconf 84' lang='lat' dir='ltr'><strong>Moschus</strong></span> <span class='ocrx_word' id='word_1_71' title='bbox 1920 1189 1969 1247; x_wconf 88' lang='lat' dir='ltr'><strong>itt</strong></span> <span class='ocrx_word' id='word_1_72' title='bbox 1998 1190 2219 1247; x_wconf 83' lang='lat' dir='ltr'><strong>Oriente</strong></span> 
     </span>
    </p>
   </div>
   <div class='ocr_carea' id='block_1_12' title="bbox 624 1284 2217 1354">
    <p class='ocr_par' dir='ltr' id='par_1_12' title="bbox 624 1284 2217 1354">
     <span class='ocr_line' id='line_1_12' title="bbox 624 1284 2217 1354; baseline -0.001 -13"><span class='ocrx_word' id='word_1_73' title='bbox 624 1289 950 1341; x_wconf 82' lang='lat' dir='ltr'><strong>cniiStitutns</strong></span> <span class='ocrx_word' id='word_1_74' title='bbox 989 1284 1177 1350; x_wconf 83' lang='lat' dir='ltr'><strong>refert,</strong></span> <span class='ocrx_word' id='word_1_75' title='bbox 1209 1298 1393 1339; x_wconf 89' lang='lat' dir='ltr'><strong>senem</strong></span> <span class='ocrx_word' id='word_1_76' title='bbox 1421 1284 1704 1353; x_wconf 83' lang='lat' dir='ltr'><strong>quemdam</strong></span> <span class='ocrx_word' id='word_1_77' title='bbox 1727 1325 1743 1351; x_wconf 96' lang='lat'><strong>,</strong></span> <span class='ocrx_word' id='word_1_78' title='bbox 1776 1285 1862 1354; x_wconf 89' lang='lat' dir='ltr'><strong>qui</strong></span> <span class='ocrx_word' id='word_1_79' title='bbox 1897 1299 2062 1354; x_wconf 89' lang='lat' dir='ltr'><strong>prope</strong></span> <span class='ocrx_word' id='word_1_80' title='bbox 2101 1284 2217 1341; x_wconf 88' lang='lat' dir='ltr'><strong>loca</strong></span> 
     </span>
    </p>
   </div>
   <div class='ocr_carea' id='block_1_13' title="bbox 624 1376 2214 1450">
    <p class='ocr_par' dir='ltr' id='par_1_13' title="bbox 624 1376 2214 1450">
     <span class='ocr_line' id='line_1_13' title="bbox 624 1376 2214 1450; baseline 0.001 -16"><span class='ocrx_word' id='word_1_81' title='bbox 624 1379 876 1434; x_wconf 79' lang='lat' dir='ltr'><strong>Iordanis</strong></span> <span class='ocrx_word' id='word_1_82' title='bbox 907 1376 1062 1450; x_wconf 76' lang='lat' dir='ltr'><strong>[Lvn]</strong></span> <span class='ocrx_word' id='word_1_83' title='bbox 1095 1386 1334 1432; x_wconf 90' lang='lat' dir='ltr'><strong>moratus</strong></span> <span class='ocrx_word' id='word_1_84' title='bbox 1364 1377 1557 1445; x_wconf 89' lang='lat' dir='ltr'><strong>fuerat,</strong></span> <span class='ocrx_word' id='word_1_85' title='bbox 1592 1379 1731 1433; x_wconf 92' lang='lat' dir='ltr'><strong>lecto</strong></span> <span class='ocrx_word' id='word_1_86' title='bbox 1753 1379 2001 1447; x_wconf 79' lang='lat' dir='ltr'><strong>exemplo</strong></span> <span class='ocrx_word' id='word_1_87' title='bbox 2032 1379 2101 1435; x_wconf 91' lang='lat' dir='ltr'><strong>de</strong></span> <span class='ocrx_word' id='word_1_88' title='bbox 2125 1394 2214 1449; x_wconf 86' lang='lat' dir='ltr'><strong>pa-</strong></span> 
     </span>
    </p>
   </div>
   <div class='ocr_carea' id='block_1_14' title="bbox 625 1471 2213 1542">
    <p class='ocr_par' dir='ltr' id='par_1_14' title="bbox 625 1471 2213 1542">
     <span class='ocr_line' id='line_1_14' title="bbox 625 1471 2213 1542; baseline -0.001 -15"><span class='ocrx_word' id='word_1_89' title='bbox 625 1474 809 1529; x_wconf 90' lang='lat' dir='ltr'><strong>tientia</strong></span> <span class='ocrx_word' id='word_1_90' title='bbox 840 1474 985 1528; x_wconf 88' lang='lat' dir='ltr'><strong>senis</strong></span> <span class='ocrx_word' id='word_1_91' title='bbox 1026 1473 1187 1542; x_wconf 88' lang='lat' dir='ltr'><strong>(quod</strong></span> <span class='ocrx_word' id='word_1_92' title='bbox 1246 1472 1473 1526; x_wconf 90' lang='lat' dir='ltr'><strong>habetur</strong></span> <span class='ocrx_word' id='word_1_93' title='bbox 1502 1472 1554 1525; x_wconf 90' lang='lat' dir='ltr'><strong>in</strong></span> <span class='ocrx_word' id='word_1_94' title='bbox 1598 1471 1836 1542; x_wconf 90' lang='lat' dir='ltr'><strong>Pelagio,</strong></span> <span class='ocrx_word' id='word_1_95' title='bbox 1886 1472 2069 1527; x_wconf 92' lang='lat' dir='ltr'><strong>libello</strong></span> <span class='ocrx_word' id='word_1_96' title='bbox 2105 1487 2213 1541; x_wconf 75' lang='lat' dir='ltr'><strong>tm,</strong></span> 
     </span>
    </p>
   </div>
   <div class='ocr_carea' id='block_1_15' title="bbox 626 1565 2217 1636">
    <p class='ocr_par' dir='ltr' id='par_1_15' title="bbox 626 1565 2217 1636">
     <span class='ocr_line' id='line_1_15' title="bbox 626 1565 2217 1636; baseline 0.001 -15"><span class='ocrx_word' id='word_1_97' title='bbox 626 1582 775 1621; x_wconf 89' lang='lat' dir='ltr'><strong>num.</strong></span> <span class='ocrx_word' id='word_1_98' title='bbox 808 1566 898 1636; x_wconf 77' lang='grc'><strong>15)</strong></span> <span class='ocrx_word' id='word_1_99' title='bbox 942 1566 1031 1635; x_wconf 92' lang='lat' dir='ltr'><strong>qui</strong></span> <span class='ocrx_word' id='word_1_100' title='bbox 1062 1565 1298 1620; x_wconf 89' lang='lat' dir='ltr'><strong>latrones</strong></span> <span class='ocrx_word' id='word_1_101' title='bbox 1354 1565 1624 1620; x_wconf 80' lang='lat' dir='ltr'><strong>insecutus</strong></span> <span class='ocrx_word' id='word_1_102' title='bbox 1679 1566 1840 1619; x_wconf 88' lang='lat' dir='ltr'><strong>etiam</strong></span> <span class='ocrx_word' id='word_1_103' title='bbox 1889 1566 2217 1636; x_wconf 88' lang='lat' dir='ltr'><strong>marsupium</strong></span> 
     </span>
    </p>
   </div>
   <div class='ocr_carea' id='block_1_16' title="bbox 624 1659 2218 1730">
    <p class='ocr_par' dir='ltr' id='par_1_16' title="bbox 624 1659 2218 1730">
     <span class='ocr_line' id='line_1_16' title="bbox 624 1659 2218 1730; baseline 0.001 -15"><span class='ocrx_word' id='word_1_104' title='bbox 624 1660 908 1724; x_wconf 48' lang='lat' dir='ltr'><strong>oti-arebat,</strong></span> <span class='ocrx_word' id='word_1_105' title='bbox 951 1660 1091 1727; x_wconf 89' lang='lat' dir='ltr'><strong>quod</strong></span> <span class='ocrx_word' id='word_1_106' title='bbox 1143 1660 1353 1715; x_wconf 88' lang='lat' dir='ltr'><strong>auferre</strong></span> <span class='ocrx_word' id='word_1_107' title='bbox 1420 1659 1806 1729; x_wconf 75' lang='lat' dir='ltr'><strong>neglexerant,</strong></span> <span class='ocrx_word' id='word_1_108' title='bbox 1858 1660 1925 1713; x_wconf 89' lang='lat' dir='ltr'><strong>ad</strong></span> <span class='ocrx_word' id='word_1_109' title='bbox 1972 1660 2218 1730; x_wconf 83' lang='lat' dir='ltr'><strong>ejusdem</strong></span> 
     </span>
    </p>
   </div>
   <div class='ocr_carea' id='block_1_17' title="bbox 624 1752 2221 1822">
    <p class='ocr_par' dir='ltr' id='par_1_17' title="bbox 624 1752 2221 1822">
     <span class='ocr_line' id='line_1_17' title="bbox 624 1752 2221 1822; baseline 0 -14"><span class='ocrx_word' id='word_1_110' title='bbox 624 1754 745 1809; x_wconf 88' lang='lat' dir='ltr'><strong>facti</strong></span> <span class='ocrx_word' id='word_1_111' title='bbox 776 1753 1171 1808; x_wconf 65' lang='lat' dir='ltr'><strong>aemulationem</strong></span> <span class='ocrx_word' id='word_1_112' title='bbox 1198 1752 1363 1809; x_wconf 84' lang='lat' dir='ltr'><strong>fuisse</strong></span> <span class='ocrx_word' id='word_1_113' title='bbox 1388 1752 2016 1822; x_wconf 81' lang='lat' dir='ltr'><strong>incitatum;additque:</strong></span> <span class='ocrx_word' id='word_1_114' title='bbox 2054 1771 2074 1806; x_wconf 85' lang='grc'><strong>‹</strong></span> <span class='ocrx_word' id='word_1_115' title='bbox 2116 1754 2221 1808; x_wconf 55' lang='lat' dir='ltr'><strong>De-</strong></span> 
     </span>
    </p>
   </div>
   <div class='ocr_carea' id='block_1_18' title="bbox 627 1845 2257 1925">
    <p class='ocr_par' dir='ltr' id='par_1_18' title="bbox 627 1845 2257 1925">
     <span class='ocr_line' id='line_1_18' title="bbox 627 1845 2257 1925; baseline 0.001 -24"><span class='ocrx_word' id='word_1_116' title='bbox 627 1848 923 1903; x_wconf 84' lang='lat' dir='ltr'><strong>lcetabatur</strong></span> <span class='ocrx_word' id='word_1_117' title='bbox 952 1862 1117 1904; x_wconf 69' lang='lat' dir='ltr'><strong>senes</strong></span> <span class='ocrx_word' id='word_1_118' title='bbox 1166 1847 1256 1900; x_wconf 92' lang='lat' dir='ltr'><strong>ille</strong></span> <span class='ocrx_word' id='word_1_119' title='bbox 1305 1861 1367 1901; x_wconf 90' lang='lat' dir='ltr'><strong>ea</strong></span> <span class='ocrx_word' id='word_1_120' title='bbox 1401 1845 1668 1916; x_wconf 83' lang='lat' dir='ltr'><strong>(Vitarum</strong></span> <span class='ocrx_word' id='word_1_121' title='bbox 1725 1846 1965 1918; x_wconf 88' lang='lat' dir='ltr'><strong>Patrum)</strong></span> <span class='ocrx_word' id='word_1_122' title='bbox 2001 1848 2257 1925; x_wconf 75' lang='lat' dir='ltr'><strong>potissi-__</strong></span> 
     </span>
    </p>
   </div>
   <div class='ocr_carea' id='block_1_19' title="bbox 2323 625 3264 693">
    <p class='ocr_par' dir='ltr' id='par_1_19' title="bbox 2323 625 3264 693">
     <span class='ocr_line' id='line_1_19' title="bbox 2323 625 3264 693; baseline -0.001 -8"><span class='ocrx_word' id='word_1_123' title='bbox 2323 641 2433 685; x_wconf 90' lang='lat' dir='ltr'><strong>tum</strong></span> <span class='ocrx_word' id='word_1_124' title='bbox 2464 628 2908 693; x_wconf 78' lang='lat' dir='ltr'><strong>Modoetiensem,</strong></span> <span class='ocrx_word' id='word_1_125' title='bbox 2938 643 3079 683; x_wconf 89' lang='lat' dir='ltr'><strong>anno</strong></span> <span class='ocrx_word' id='word_1_126' title='bbox 3106 625 3264 684; x_wconf 71' lang='lat' dir='ltr'><strong>M83.</strong></span> 
     </span>
    </p>
   </div>
   <div class='ocr_carea' id='block_1_20' title="bbox 2390 720 3914 797">
    <p class='ocr_par' dir='ltr' id='par_1_20' title="bbox 2390 720 3914 797">
     <span class='ocr_line' id='line_1_20' title="bbox 2390 720 3914 797; baseline 0.002 -20"><span class='ocrx_word' id='word_1_127' title='bbox 2390 722 2609 787; x_wconf 87' lang='lat' dir='ltr'><strong>Octava,</strong></span> <span class='ocrx_word' id='word_1_128' title='bbox 2642 720 2982 789; x_wconf 87' lang='lat' dir='ltr'><strong>Germanica,</strong></span> <span class='ocrx_word' id='word_1_129' title='bbox 3016 732 3071 776; x_wconf 90' lang='lat' dir='ltr'><strong>ut</strong></span> <span class='ocrx_word' id='word_1_130' title='bbox 3104 722 3332 787; x_wconf 87' lang='lat' dir='ltr'><strong>videtur,</strong></span> <span class='ocrx_word' id='word_1_131' title='bbox 3366 721 3575 776; x_wconf 91' lang='lat' dir='ltr'><strong>incerto</strong></span> <span class='ocrx_word' id='word_1_132' title='bbox 3597 721 3721 778; x_wconf 91' lang='lat' dir='ltr'><strong>loco</strong></span> <span class='ocrx_word' id='word_1_133' title='bbox 3749 733 3803 780; x_wconf 83' lang='lat' dir='ltr'><strong>et</strong></span> <span class='ocrx_word' id='word_1_134' title='bbox 3830 734 3914 797; x_wconf 55' lang='lat' dir='ltr'><strong>ty.</strong></span> 
     </span>
    </p>
   </div>
   <div class='ocr_carea' id='block_1_21' title="bbox 2321 814 3251 885">
    <p class='ocr_par' dir='ltr' id='par_1_21' title="bbox 2321 814 3251 885">
     <span class='ocr_line' id='line_1_21' title="bbox 2321 814 3251 885; baseline 0.003 -18"><span class='ocrx_word' id='word_1_135' title='bbox 2321 814 2615 885; x_wconf 84' lang='lat' dir='ltr'><strong>pographo,</strong></span> <span class='ocrx_word' id='word_1_136' title='bbox 2649 814 2885 880; x_wconf 87' lang='lat' dir='ltr'><strong>in-folio,</strong></span> <span class='ocrx_word' id='word_1_137' title='bbox 2914 830 3057 871; x_wconf 92' lang='lat' dir='ltr'><strong>anno</strong></span> <span class='ocrx_word' id='word_1_138' title='bbox 3091 814 3251 872; x_wconf 78' lang='lat' dir='ltr'><strong>H85.</strong></span> 
     </span>
    </p>
   </div>
   <div class='ocr_carea' id='block_1_22' title="bbox 2392 907 3914 981">
    <p class='ocr_par' dir='ltr' id='par_1_22' title="bbox 2392 907 3914 981">
     <span class='ocr_line' id='line_1_22' title="bbox 2392 907 3914 981; baseline 0.001 -17"><span class='ocrx_word' id='word_1_139' title='bbox 2392 908 2580 977; x_wconf 82' lang='lat' dir='ltr'><strong>Nona,</strong></span> <span class='ocrx_word' id='word_1_140' title='bbox 2642 909 3053 981; x_wconf 82' lang='lat' dir='ltr'><strong>Lugdunensis,</strong></span> <span class='ocrx_word' id='word_1_141' title='bbox 3114 909 3423 978; x_wconf 84' lang='lat' dir='ltr'><strong>in-quarto.</strong></span> <span class='ocrx_word' id='word_1_142' title='bbox 3482 921 3578 977; x_wconf 88' lang='lat' dir='ltr'><strong>per</strong></span> <span class='ocrx_word' id='word_1_143' title='bbox 3631 907 3914 967; x_wconf 81' lang='lat' dir='ltr'><strong>Nicolaum</strong></span> 
     </span>
    </p>
   </div>
   <div class='ocr_carea' id='block_1_23' title="bbox 2320 1002 3912 1076">
    <p class='ocr_par' dir='ltr' id='par_1_23' title="bbox 2320 1002 3912 1076">
     <span class='ocr_line' id='line_1_23' title="bbox 2320 1002 3912 1076; baseline -0.001 -13"><span class='ocrx_word' id='word_1_144' title='bbox 2320 1006 2489 1063; x_wconf 83' lang='lat' dir='ltr'><strong>Wolff</strong></span> <span class='ocrx_word' id='word_1_145' title='bbox 2511 1007 2579 1063; x_wconf 89' lang='lat' dir='ltr'><strong>de</strong></span> <span class='ocrx_word' id='word_1_146' title='bbox 2624 1006 2843 1076; x_wconf 87' lang='lat' dir='ltr'><strong>Lutrea,</strong></span> <span class='ocrx_word' id='word_1_147' title='bbox 2869 1016 2925 1063; x_wconf 93' lang='lat' dir='ltr'><strong>et</strong></span> <span class='ocrx_word' id='word_1_148' title='bbox 2975 1004 3312 1061; x_wconf 90' lang='lat' dir='ltr'><strong>venundatur</strong></span> <span class='ocrx_word' id='word_1_149' title='bbox 3336 1018 3368 1059; x_wconf 89' lang='lat' dir='ltr'><strong>a</strong></span> <span class='ocrx_word' id='word_1_150' title='bbox 3397 1002 3602 1060; x_wconf 80' lang='lat' dir='ltr'><strong>Jacobo</strong></span> <span class='ocrx_word' id='word_1_151' title='bbox 3630 1004 3912 1075; x_wconf 74' lang='lat' dir='ltr'><strong>Hagusta-</strong></span> 
     </span>
    </p>
   </div>
   <div class='ocr_carea' id='block_1_24' title="bbox 2321 1102 2788 1170">
    <p class='ocr_par' dir='ltr' id='par_1_24' title="bbox 2321 1102 2788 1170">
     <span class='ocr_line' id='line_1_24' title="bbox 2321 1102 2788 1170; baseline -0.009 -13"><span class='ocrx_word' id='word_1_152' title='bbox 2321 1116 2412 1170; x_wconf 89' lang='lat' dir='ltr'><strong>no,</strong></span> <span class='ocrx_word' id='word_1_153' title='bbox 2445 1116 2587 1157; x_wconf 86' lang='lat' dir='ltr'><strong>anno</strong></span> <span class='ocrx_word' id='word_1_154' title='bbox 2627 1102 2788 1157; x_wconf 74' lang='grc'><strong>1502.</strong></span> 
     </span>
    </p>
   </div>
   <div class='ocr_carea' id='block_1_25' title="bbox 2395 1191 3918 1263">
    <p class='ocr_par' dir='ltr' id='par_1_25' title="bbox 2395 1191 3918 1263">
     <span class='ocr_line' id='line_1_25' title="bbox 2395 1191 3918 1263; baseline 0.003 -15"><span class='ocrx_word' id='word_1_155' title='bbox 2395 1192 2631 1261; x_wconf 89' lang='lat' dir='ltr'><strong>Decima,</strong></span> <span class='ocrx_word' id='word_1_156' title='bbox 2680 1192 3078 1263; x_wconf 79' lang='lat' dir='ltr'><strong>Lugdunensis,</strong></span> <span class='ocrx_word' id='word_1_157' title='bbox 3110 1192 3428 1263; x_wconf 87' lang='lat' dir='ltr'><strong>.in-quarto,</strong></span> <span class='ocrx_word' id='word_1_158' title='bbox 3482 1207 3579 1263; x_wconf 89' lang='lat' dir='ltr'><strong>per</strong></span> <span class='ocrx_word' id='word_1_159' title='bbox 3604 1191 3807 1250; x_wconf 80' lang='lat' dir='ltr'><strong>Jannot</strong></span> <span class='ocrx_word' id='word_1_160' title='bbox 3848 1194 3918 1253; x_wconf 80' lang='lat' dir='ltr'><strong>de</strong></span> 
     </span>
    </p>
   </div>
   <div class='ocr_carea' id='block_1_26' title="bbox 2319 1284 2924 1355">
    <p class='ocr_par' dir='ltr' id='par_1_26' title="bbox 2319 1284 2924 1355">
     <span class='ocr_line' id='line_1_26' title="bbox 2319 1284 2924 1355; baseline 0.002 -16"><span class='ocrx_word' id='word_1_161' title='bbox 2319 1284 2558 1355; x_wconf 86' lang='lat' dir='ltr'><strong>Campis,</strong></span> <span class='ocrx_word' id='word_1_162' title='bbox 2587 1301 2729 1341; x_wconf 90' lang='lat' dir='ltr'><strong>anno</strong></span> <span class='ocrx_word' id='word_1_163' title='bbox 2763 1286 2924 1342; x_wconf 83' lang='grc'><strong>1507.</strong></span> 
     </span>
    </p>
   </div>
   <div class='ocr_carea' id='block_1_27' title="bbox 2395 1378 3918 1453">
    <p class='ocr_par' dir='ltr' id='par_1_27' title="bbox 2395 1378 3918 1453">
     <span class='ocr_line' id='line_1_27' title="bbox 2395 1378 3918 1453; baseline 0.005 -19"><span class='ocrx_word' id='word_1_164' title='bbox 2395 1378 2705 1445; x_wconf 89' lang='lat' dir='ltr'><strong>Undecima,</strong></span> <span class='ocrx_word' id='word_1_165' title='bbox 2741 1381 2962 1447; x_wconf 69' lang='lat' dir='ltr'><strong>Veneta,</strong></span> <span class='ocrx_word' id='word_1_166' title='bbox 2996 1380 3298 1453; x_wconf 88' lang='lat' dir='ltr'><strong>in-qnarto,</strong></span> <span class='ocrx_word' id='word_1_167' title='bbox 3331 1397 3427 1452; x_wconf 89' lang='lat' dir='ltr'><strong>per</strong></span> <span class='ocrx_word' id='word_1_168' title='bbox 3456 1381 3718 1439; x_wconf 85' lang='lat' dir='ltr'><strong>Bonetum</strong></span> <span class='ocrx_word' id='word_1_169' title='bbox 3748 1382 3918 1441; x_wconf 85' lang='lat' dir='ltr'><strong>Loca-</strong></span> 
     </span>
    </p>
   </div>
   <div class='ocr_carea' id='block_1_28' title="bbox 2322 1473 2901 1540">
    <p class='ocr_par' dir='ltr' id='par_1_28' title="bbox 2322 1473 2901 1540">
     <span class='ocr_line' id='line_1_28' title="bbox 2322 1473 2901 1540; baseline 0.003 -12"><span class='ocrx_word' id='word_1_170' title='bbox 2322 1473 2528 1540; x_wconf 89' lang='lat' dir='ltr'><strong>tellnm,</strong></span> <span class='ocrx_word' id='word_1_171' title='bbox 2564 1489 2706 1529; x_wconf 86' lang='lat' dir='ltr'><strong>anno</strong></span> <span class='ocrx_word' id='word_1_172' title='bbox 2738 1475 2901 1531; x_wconf 79' lang='grc'><strong>1508.</strong></span> 
     </span>
    </p>
   </div>
   <div class='ocr_carea' id='block_1_29' title="bbox 2393 1564 3916 1645">
    <p class='ocr_par' dir='ltr' id='par_1_29' title="bbox 2393 1564 3916 1645">
     <span class='ocr_line' id='line_1_29' title="bbox 2393 1564 3916 1645; baseline 0.007 -26"><span class='ocrx_word' id='word_1_173' title='bbox 2393 1564 2738 1633; x_wconf 89' lang='lat' dir='ltr'><strong>Duodecima,</strong></span> <span class='ocrx_word' id='word_1_174' title='bbox 2774 1568 3168 1639; x_wconf 83' lang='lat' dir='ltr'><strong>Lugdunensis,</strong></span> <span class='ocrx_word' id='word_1_175' title='bbox 3199 1568 3501 1640; x_wconf 81' lang='lat' dir='ltr'><strong>in-quarto,</strong></span> <span class='ocrx_word' id='word_1_176' title='bbox 3548 1586 3647 1643; x_wconf 91' lang='lat' dir='ltr'><strong>per</strong></span> <span class='ocrx_word' id='word_1_177' title='bbox 3677 1572 3916 1645; x_wconf 83' lang='lat' dir='ltr'><strong>Stepha-</strong></span> 
     </span>
    </p>
   </div>
   <div class='ocr_carea' id='block_1_30' title="bbox 2322 1660 3875 1728">
    <p class='ocr_par' dir='ltr' id='par_1_30' title="bbox 2322 1660 3875 1728">
     <span class='ocr_line' id='line_1_30' title="bbox 2322 1660 3875 1728; baseline 0.006 -15"><span class='ocrx_word' id='word_1_178' title='bbox 2322 1674 2447 1714; x_wconf 91' lang='lat' dir='ltr'><strong>num</strong></span> <span class='ocrx_word' id='word_1_179' title='bbox 2478 1660 2680 1726; x_wconf 90' lang='lat' dir='ltr'><strong>Balam,</strong></span> <span class='ocrx_word' id='word_1_180' title='bbox 2707 1676 2849 1716; x_wconf 91' lang='lat' dir='ltr'><strong>anno</strong></span> <span class='ocrx_word' id='word_1_181' title='bbox 2884 1663 3044 1728; x_wconf 69' lang='lat' dir='ltr'><strong>l509.</strong></span> <span class='ocrx_word' id='word_1_182' title='bbox 3872 1690 3875 1691; x_wconf 51' lang='grc' dir='ltr'><em>ν</em></span> 
     </span>
    </p>
   </div>
   <div class='ocr_carea' id='block_1_31' title="bbox 2394 1752 3917 1829">
    <p class='ocr_par' dir='ltr' id='par_1_31' title="bbox 2394 1752 3917 1829">
     <span class='ocr_line' id='line_1_31' title="bbox 2394 1752 3917 1829; baseline 0.005 -21"><span class='ocrx_word' id='word_1_183' title='bbox 2394 1752 2610 1808; x_wconf 89' lang='lat' dir='ltr'><strong>Decima</strong></span> <span class='ocrx_word' id='word_1_184' title='bbox 2644 1755 2821 1819; x_wconf 87' lang='lat' dir='ltr'><strong>tertia,</strong></span> <span class='ocrx_word' id='word_1_185' title='bbox 2860 1755 3255 1824; x_wconf 87' lang='lat' dir='ltr'><strong>Lugdunensis,</strong></span> <span class='ocrx_word' id='word_1_186' title='bbox 3291 1756 3589 1827; x_wconf 87' lang='lat' dir='ltr'><strong>in-qnarto,</strong></span> <span class='ocrx_word' id='word_1_187' title='bbox 3633 1772 3729 1829; x_wconf 89' lang='lat' dir='ltr'><strong>per</strong></span> <span class='ocrx_word' id='word_1_188' title='bbox 3756 1758 3917 1816; x_wconf 83' lang='lat' dir='ltr'><strong>Jaco-</strong></span> 
     </span>
    </p>
   </div>
   <div class='ocr_carea' id='block_1_32' title="bbox 2321 1846 3079 1914">
    <p class='ocr_par' dir='ltr' id='par_1_32' title="bbox 2321 1846 3079 1914">
     <span class='ocr_line' id='line_1_32' title="bbox 2321 1846 3079 1914; baseline 0.003 -13"><span class='ocrx_word' id='word_1_189' title='bbox 2321 1846 2446 1902; x_wconf 79' lang='lat' dir='ltr'><strong>bum</strong></span> <span class='ocrx_word' id='word_1_190' title='bbox 2479 1847 2713 1914; x_wconf 86' lang='lat' dir='ltr'><strong>Sacbon,</strong></span> <span class='ocrx_word' id='word_1_191' title='bbox 2744 1864 2885 1904; x_wconf 89' lang='lat' dir='ltr'><strong>anno</strong></span> <span class='ocrx_word' id='word_1_192' title='bbox 2922 1848 3079 1905; x_wconf 72' lang='lat' dir='ltr'><strong>l512.</strong></span> 
     </span>
    </p>
   </div>
   <div class='ocr_carea' id='block_1_33' title="bbox 628 1920 3916 2014">
    <p class='ocr_par' dir='ltr' id='par_1_33' title="bbox 628 1920 3916 2014">
     <span class='ocr_line' id='line_1_33' title="bbox 628 1920 3916 2014; baseline 0.001 -18"><span class='ocrx_word' id='word_1_193' title='bbox 628 1957 773 1997; x_wconf 91' lang='lat' dir='ltr'><strong>mum</strong></span> <span class='ocrx_word' id='word_1_194' title='bbox 804 1942 1053 2009; x_wconf 83' lang='lat' dir='ltr'><strong>lectione,</strong></span> <span class='ocrx_word' id='word_1_195' title='bbox 1088 1942 1157 1995; x_wconf 88' lang='lat' dir='ltr'><strong>ita</strong></span> <span class='ocrx_word' id='word_1_196' title='bbox 1186 1952 1243 1996; x_wconf 91' lang='lat' dir='ltr'><strong>ut</strong></span> <span class='ocrx_word' id='word_1_197' title='bbox 1270 1951 1417 1997; x_wconf 87' lang='lat' dir='ltr'><strong>esset</strong></span> <span class='ocrx_word' id='word_1_198' title='bbox 1465 1941 1541 1995; x_wconf 91' lang='lat' dir='ltr'><strong>illi</strong></span> <span class='ocrx_word' id='word_1_199' title='bbox 1566 1956 1781 2013; x_wconf 89' lang='lat' dir='ltr'><strong>semper</strong></span> <span class='ocrx_word' id='word_1_200' title='bbox 1832 1942 1883 1997; x_wconf 90' lang='lat' dir='ltr'><strong>in</strong></span> <span class='ocrx_word' id='word_1_201' title='bbox 1914 1958 2028 2008; x_wconf 89' lang='lat' dir='ltr'><strong>ore,</strong></span> <span class='ocrx_word' id='word_1_202' title='bbox 2083 1955 2138 1999; x_wconf 91' lang='lat' dir='ltr'><strong>et</strong></span> <span class='ocrx_word' id='word_1_203' title='bbox 2163 1920 2296 2003; x_wconf 57' lang='lat' dir='ltr'><strong>iah</strong></span> <span class='ocrx_word' id='word_1_204' title='bbox 2394 1939 2610 1995; x_wconf 85' lang='lat' dir='ltr'><strong>Decima</strong></span> <span class='ocrx_word' id='word_1_205' title='bbox 2633 1950 2843 2011; x_wconf 86' lang='lat' dir='ltr'><strong>quarta,</strong></span> <span class='ocrx_word' id='word_1_206' title='bbox 2866 1941 3089 2008; x_wconf 77' lang='lat' dir='ltr'><strong>Veneta,</strong></span> <span class='ocrx_word' id='word_1_207' title='bbox 3124 1942 3423 2014; x_wconf 81' lang='lat' dir='ltr'><strong>iit-quarto,</strong></span> <span class='ocrx_word' id='word_1_208' title='bbox 3454 1943 3594 2013; x_wconf 89' lang='lat' dir='ltr'><strong>apud</strong></span> <span class='ocrx_word' id='word_1_209' title='bbox 3626 1943 3916 2002; x_wconf 88' lang='lat' dir='ltr'><strong>Nicolaum</strong></span> 
     </span>
    </p>
   </div>
   <div class='ocr_carea' id='block_1_34' title="bbox 625 2032 2215 2099">
    <p class='ocr_par' dir='ltr' id='par_1_34' title="bbox 625 2032 2215 2099">
     <span class='ocr_line' id='line_1_34' title="bbox 625 2032 2215 2099; baseline 0.005 -13"><span class='ocrx_word' id='word_1_210' title='bbox 625 2034 810 2099; x_wconf 87' lang='lat' dir='ltr'><strong>corde,</strong></span> <span class='ocrx_word' id='word_1_211' title='bbox 841 2033 983 2089; x_wconf 89' lang='lat' dir='ltr'><strong>unde</strong></span> <span class='ocrx_word' id='word_1_212' title='bbox 1006 2042 1062 2087; x_wconf 91' lang='lat' dir='ltr'><strong>ct</strong></span> <span class='ocrx_word' id='word_1_213' title='bbox 1085 2049 1153 2089; x_wconf 79' lang='lat' dir='ltr'><strong>ex</strong></span> <span class='ocrx_word' id='word_1_214' title='bbox 1181 2050 1243 2089; x_wconf 89' lang='lat' dir='ltr'><strong>ea</strong></span> <span class='ocrx_word' id='word_1_215' title='bbox 1274 2032 1569 2089; x_wconf 79' lang='lat' dir='ltr'><strong>maximum</strong></span> <span class='ocrx_word' id='word_1_216' title='bbox 1610 2035 1821 2091; x_wconf 88' lang='lat' dir='ltr'><strong>virtutis</strong></span> <span class='ocrx_word' id='word_1_217' title='bbox 1870 2035 2098 2092; x_wconf 89' lang='lat' dir='ltr'><strong>fructum</strong></span> <span class='ocrx_word' id='word_1_218' title='bbox 2125 2052 2215 2094; x_wconf 81' lang='lat' dir='ltr'><strong>ao-</strong></span> 
     </span>
    </p>
   </div>
   <div class='ocr_carea' id='block_1_35' title="bbox 622 2126 1513 2200">
    <p class='ocr_par' dir='ltr' id='par_1_35' title="bbox 622 2126 1513 2200">
     <span class='ocr_line' id='line_1_35' title="bbox 622 2126 1513 2200; baseline 0 -20"><span class='ocrx_word' id='word_1_219' title='bbox 622 2128 837 2200; x_wconf 83' lang='lat' dir='ltr'><strong>qttisivit</strong></span> <span class='ocrx_word' id='word_1_220' title='bbox 864 2126 1115 2198; x_wconf 78' lang='lat' dir='ltr'><strong>(Mosch.,</strong></span> <span class='ocrx_word' id='word_1_221' title='bbox 1148 2145 1266 2197; x_wconf 89' lang='lat' dir='ltr'><strong>cap.</strong></span> <span class='ocrx_word' id='word_1_222' title='bbox 1299 2126 1453 2197; x_wconf 69' lang='grc'><strong>212).</strong></span> <span class='ocrx_word' id='word_1_223' title='bbox 1493 2147 1513 2180; x_wconf 74' lang='grc' dir='ltr'><strong><em>ι</em></strong></span> 
     </span>
    </p>
   </div>
   <div class='ocr_carea' id='block_1_36' title="bbox 690 2221 2213 2293">
    <p class='ocr_par' dir='ltr' id='par_1_36' title="bbox 690 2221 2213 2293">
     <span class='ocr_line' id='line_1_36' title="bbox 690 2221 2213 2293; baseline 0.001 -16"><span class='ocrx_word' id='word_1_224' title='bbox 690 2224 826 2289; x_wconf 86' lang='lat' dir='ltr'><strong>Quin</strong></span> <span class='ocrx_word' id='word_1_225' title='bbox 861 2238 984 2277; x_wconf 84' lang='lat' dir='ltr'><strong>vero</strong></span> <span class='ocrx_word' id='word_1_226' title='bbox 1028 2232 1134 2278; x_wconf 88' lang='lat' dir='ltr'><strong>tota</strong></span> <span class='ocrx_word' id='word_1_227' title='bbox 1170 2224 1423 2293; x_wconf 80' lang='lat' dir='ltr'><strong>Hispania</strong></span> <span class='ocrx_word' id='word_1_228' title='bbox 1466 2221 1577 2292; x_wconf 84' lang='lat' dir='ltr'><strong>jam</strong></span> <span class='ocrx_word' id='word_1_229' title='bbox 1625 2222 1751 2277; x_wconf 92' lang='lat' dir='ltr'><strong>olim</strong></span> <span class='ocrx_word' id='word_1_230' title='bbox 1786 2221 1919 2277; x_wconf 85' lang='lat' dir='ltr'><strong>tanti</strong></span> <span class='ocrx_word' id='word_1_231' title='bbox 1950 2222 2094 2278; x_wconf 90' lang='lat' dir='ltr'><strong>hunc</strong></span> <span class='ocrx_word' id='word_1_232' title='bbox 2144 2223 2213 2278; x_wconf 82' lang='lat' dir='ltr'><strong>Ii-</strong></span> 
     </span>
    </p>
   </div>
   <div class='ocr_carea' id='block_1_37' title="bbox 619 2314 2213 2388">
    <p class='ocr_par' dir='ltr' id='par_1_37' title="bbox 619 2314 2213 2388">
     <span class='ocr_line' id='line_1_37' title="bbox 619 2314 2213 2388; baseline 0.001 -17"><span class='ocrx_word' id='word_1_233' title='bbox 619 2314 774 2372; x_wconf 90' lang='lat' dir='ltr'><strong>brum</strong></span> <span class='ocrx_word' id='word_1_234' title='bbox 806 2316 953 2380; x_wconf 81' lang='lat' dir='ltr'><strong>fecit,</strong></span> <span class='ocrx_word' id='word_1_235' title='bbox 982 2326 1038 2370; x_wconf 91' lang='lat' dir='ltr'><strong>ut</strong></span> <span class='ocrx_word' id='word_1_236' title='bbox 1065 2316 1118 2371; x_wconf 93' lang='lat' dir='ltr'><strong>in</strong></span> <span class='ocrx_word' id='word_1_237' title='bbox 1151 2330 1306 2370; x_wconf 89' lang='lat' dir='ltr'><strong>usum</strong></span> <span class='ocrx_word' id='word_1_238' title='bbox 1334 2329 1703 2380; x_wconf 90' lang='lat' dir='ltr'><strong>communem,</strong></span> <span class='ocrx_word' id='word_1_239' title='bbox 1735 2331 1859 2371; x_wconf 91' lang='lat' dir='ltr'><strong>cum</strong></span> <span class='ocrx_word' id='word_1_240' title='bbox 1885 2316 1998 2387; x_wconf 87' lang='lat' dir='ltr'><strong>jam</strong></span> <span class='ocrx_word' id='word_1_241' title='bbox 2032 2317 2213 2388; x_wconf 89' lang='lat' dir='ltr'><strong>lingua</strong></span> 
     </span>
    </p>
   </div>
   <div class='ocr_carea' id='block_1_38' title="bbox 617 2406 2214 2478">
    <p class='ocr_par' dir='ltr' id='par_1_38' title="bbox 617 2406 2214 2478">
     <span class='ocr_line' id='line_1_38' title="bbox 617 2406 2214 2478; baseline -0.001 -14"><span class='ocrx_word' id='word_1_242' title='bbox 617 2406 807 2464; x_wconf 90' lang='lat' dir='ltr'><strong>Latina</strong></span> <span class='ocrx_word' id='word_1_243' title='bbox 846 2407 911 2461; x_wconf 91' lang='lat' dir='ltr'><strong>iis</strong></span> <span class='ocrx_word' id='word_1_244' title='bbox 942 2408 995 2461; x_wconf 92' lang='lat' dir='ltr'><strong>in</strong></span> <span class='ocrx_word' id='word_1_245' title='bbox 1028 2408 1334 2478; x_wconf 89' lang='lat' dir='ltr'><strong>regionibus</strong></span> <span class='ocrx_word' id='word_1_246' title='bbox 1364 2407 1714 2474; x_wconf 78' lang='lat' dir='ltr'><strong>exolesceret,</strong></span> <span class='ocrx_word' id='word_1_247' title='bbox 1762 2423 1884 2463; x_wconf 85' lang='lat' dir='ltr'><strong>eum</strong></span> <span class='ocrx_word' id='word_1_248' title='bbox 1922 2409 1974 2465; x_wconf 94' lang='lat' dir='ltr'><strong>in</strong></span> <span class='ocrx_word' id='word_1_249' title='bbox 2016 2410 2214 2464; x_wconf 80' lang='lat' dir='ltr'><strong>Arabi-</strong></span> 
     </span>
    </p>
   </div>
   <div class='ocr_carea' id='block_1_39' title="bbox 618 2500 2213 2573">
    <p class='ocr_par' dir='ltr' id='par_1_39' title="bbox 618 2500 2213 2573">
     <span class='ocr_line' id='line_1_39' title="bbox 618 2500 2213 2573; baseline 0.001 -16"><span class='ocrx_word' id='word_1_250' title='bbox 618 2516 735 2557; x_wconf 91' lang='lat' dir='ltr'><strong>cam</strong></span> <span class='ocrx_word' id='word_1_251' title='bbox 764 2500 1037 2557; x_wconf 81' lang='lat' dir='ltr'><strong>transferri</strong></span> <span class='ocrx_word' id='word_1_252' title='bbox 1060 2501 1264 2557; x_wconf 88' lang='lat' dir='ltr'><strong>curarit</strong></span> <span class='ocrx_word' id='word_1_253' title='bbox 1290 2516 1393 2556; x_wconf 92' lang='lat' dir='ltr'><strong>una</strong></span> <span class='ocrx_word' id='word_1_254' title='bbox 1415 2515 1537 2556; x_wconf 91' lang='lat' dir='ltr'><strong>cum</strong></span> <span class='ocrx_word' id='word_1_255' title='bbox 1564 2501 1733 2556; x_wconf 86' lang='lat' dir='ltr'><strong>sacris</strong></span> <span class='ocrx_word' id='word_1_256' title='bbox 1759 2500 2010 2569; x_wconf 82' lang='lat' dir='ltr'><strong>Litteris;</strong></span> <span class='ocrx_word' id='word_1_257' title='bbox 2046 2504 2213 2573; x_wconf 87' lang='lat' dir='ltr'><strong>probe</strong></span> 
     </span>
    </p>
   </div>
   <div class='ocr_carea' id='block_1_40' title="bbox 618 2592 2211 2664">
    <p class='ocr_par' dir='ltr' id='par_1_40' title="bbox 618 2592 2211 2664">
     <span class='ocr_line' id='line_1_40' title="bbox 618 2592 2211 2664; baseline -0.001 -14"><span class='ocrx_word' id='word_1_258' title='bbox 618 2593 922 2663; x_wconf 87' lang='lat' dir='ltr'><strong>intelligens</strong></span> <span class='ocrx_word' id='word_1_259' title='bbox 951 2606 1181 2664; x_wconf 84' lang='lat' dir='ltr'><strong>quantus</strong></span> <span class='ocrx_word' id='word_1_260' title='bbox 1208 2592 1330 2648; x_wconf 89' lang='lat' dir='ltr'><strong>hinc</strong></span> <span class='ocrx_word' id='word_1_261' title='bbox 1360 2594 1564 2649; x_wconf 84' lang='lat' dir='ltr'><strong>fructus</strong></span> <span class='ocrx_word' id='word_1_262' title='bbox 1594 2596 1659 2647; x_wconf 90' lang='lat' dir='ltr'><strong>ad</strong></span> <span class='ocrx_word' id='word_1_263' title='bbox 1683 2595 1893 2649; x_wconf 88' lang='lat' dir='ltr'><strong>animos</strong></span> <span class='ocrx_word' id='word_1_264' title='bbox 1916 2595 1966 2648; x_wconf 86' lang='lat' dir='ltr'><strong>iit</strong></span> <span class='ocrx_word' id='word_1_265' title='bbox 1995 2610 2211 2649; x_wconf 90' lang='lat' dir='ltr'><strong>omnem</strong></span> 
     </span>
    </p>
   </div>
   <div class='ocr_carea' id='block_1_41' title="bbox 621 2685 2213 2756">
    <p class='ocr_par' dir='ltr' id='par_1_41' title="bbox 621 2685 2213 2756">
     <span class='ocr_line' id='line_1_41' title="bbox 621 2685 2213 2756; baseline 0.003 -17"><span class='ocrx_word' id='word_1_266' title='bbox 621 2686 871 2756; x_wconf 90' lang='lat' dir='ltr'><strong>pietatem</strong></span> <span class='ocrx_word' id='word_1_267' title='bbox 915 2685 1214 2741; x_wconf 86' lang='lat' dir='ltr'><strong>incitandos</strong></span> <span class='ocrx_word' id='word_1_268' title='bbox 1260 2686 1577 2741; x_wconf 85' lang='lat' dir='ltr'><strong>exundaret.</strong></span> <span class='ocrx_word' id='word_1_269' title='bbox 1628 2686 1878 2742; x_wconf 77' lang='lat' dir='ltr'><strong>Testatur</strong></span> <span class='ocrx_word' id='word_1_270' title='bbox 1922 2687 1972 2741; x_wconf 92' lang='lat' dir='ltr'><strong>id</strong></span> <span class='ocrx_word' id='word_1_271' title='bbox 2017 2687 2213 2744; x_wconf 87' lang='lat' dir='ltr'><strong>Heleca</strong></span> 
     </span>
    </p>
   </div>
   <div class='ocr_carea' id='block_1_42' title="bbox 618 2780 2211 2854">
    <p class='ocr_par' dir='ltr' id='par_1_42' title="bbox 618 2780 2211 2854">
     <span class='ocr_line' id='line_1_42' title="bbox 618 2780 2211 2854; baseline 0.003 -20"><span class='ocrx_word' id='word_1_272' title='bbox 618 2780 1050 2851; x_wconf 83' lang='lat' dir='ltr'><strong>archiepiscopus</strong></span> <span class='ocrx_word' id='word_1_273' title='bbox 1071 2782 1576 2854; x_wconf 70' lang='lat' dir='ltr'><strong>Cmsaraugustanus</strong></span> <span class='ocrx_word' id='word_1_274' title='bbox 1604 2782 1746 2837; x_wconf 89' lang='lat' dir='ltr'><strong>circa</strong></span> <span class='ocrx_word' id='word_1_275' title='bbox 1777 2798 1977 2838; x_wconf 90' lang='lat' dir='ltr'><strong>annum</strong></span> <span class='ocrx_word' id='word_1_276' title='bbox 2010 2784 2136 2849; x_wconf 82' lang='lat'><strong>860,</strong></span> <span class='ocrx_word' id='word_1_277' title='bbox 2158 2786 2211 2839; x_wconf 90' lang='lat' dir='ltr'><strong>in</strong></span> 
     </span>
    </p>
   </div>
   <div class='ocr_carea' id='block_1_43' title="bbox 620 2873 2209 2946">
    <p class='ocr_par' dir='ltr' id='par_1_43' title="bbox 620 2873 2209 2946">
     <span class='ocr_line' id='line_1_43' title="bbox 620 2873 2209 2946; baseline 0.005 -19"><span class='ocrx_word' id='word_1_278' title='bbox 620 2873 985 2932; x_wconf 86' lang='lat' dir='ltr'><strong>additionibus</strong></span> <span class='ocrx_word' id='word_1_279' title='bbox 1014 2877 1080 2931; x_wconf 88' lang='lat' dir='ltr'><strong>ad</strong></span> <span class='ocrx_word' id='word_1_280' title='bbox 1104 2875 1367 2931; x_wconf 72' lang='lat' dir='ltr'><strong>Chronica</strong></span> <span class='ocrx_word' id='word_1_281' title='bbox 1393 2876 1575 2932; x_wconf 78' lang='lat' dir='ltr'><strong>Dextri</strong></span> <span class='ocrx_word' id='word_1_282' title='bbox 1601 2886 1657 2931; x_wconf 90' lang='lat' dir='ltr'><strong>et</strong></span> <span class='ocrx_word' id='word_1_283' title='bbox 1684 2876 1923 2933; x_wconf 80' lang='lat' dir='ltr'><strong>Maximi.</strong></span> <span class='ocrx_word' id='word_1_284' title='bbox 1954 2896 1973 2928; x_wconf 75' lang='grc' dir='ltr'><strong><em>ι</em></strong></span> <span class='ocrx_word' id='word_1_285' title='bbox 2006 2877 2209 2946; x_wconf 67' lang='lat' dir='ltr'><strong>Sacris,</strong></span> 
     </span>
    </p>
   </div>
   <div class='ocr_carea' id='block_1_44' title="bbox 623 2966 2214 3039">
    <p class='ocr_par' dir='ltr' id='par_1_44' title="bbox 623 2966 2214 3039">
     <span class='ocr_line' id='line_1_44' title="bbox 623 2966 2214 3039; baseline 0.003 -18"><span class='ocrx_word' id='word_1_286' title='bbox 623 2966 821 3036; x_wconf 91' lang='lat' dir='ltr'><strong>inquit,</strong></span> <span class='ocrx_word' id='word_1_287' title='bbox 854 2969 1144 3037; x_wconf 67' lang='lat' dir='ltr'><strong>Scriptura:</strong></span> <span class='ocrx_word' id='word_1_288' title='bbox 1172 2968 1399 3024; x_wconf 82' lang='lat' dir='ltr'><strong>Arabice</strong></span> <span class='ocrx_word' id='word_1_289' title='bbox 1424 2968 1695 3025; x_wconf 67' lang='lat' dir='ltr'><strong>translata:</strong></span> <span class='ocrx_word' id='word_1_290' title='bbox 1722 2984 1750 3022; x_wconf 90' lang='lat' dir='ltr'><strong>a</strong></span> <span class='ocrx_word' id='word_1_291' title='bbox 1778 2968 2103 3039; x_wconf 80' lang='lat' dir='ltr'><strong>presbyteris</strong></span> <span class='ocrx_word' id='word_1_292' title='bbox 2124 2985 2214 3025; x_wconf 92' lang='lat' dir='ltr'><strong>ca-</strong></span> 
     </span>
    </p>
   </div>
   <div class='ocr_carea' id='block_1_45' title="bbox 621 3062 2209 3131">
    <p class='ocr_par' dir='ltr' id='par_1_45' title="bbox 621 3062 2209 3131">
     <span class='ocr_line' id='line_1_45' title="bbox 621 3062 2209 3131; baseline 0.003 -16"><span class='ocrx_word' id='word_1_293' title='bbox 621 3062 834 3117; x_wconf 89' lang='lat' dir='ltr'><strong>tholicis</strong></span> <span class='ocrx_word' id='word_1_294' title='bbox 885 3062 1168 3129; x_wconf 87' lang='lat' dir='ltr'><strong>habentur,</strong></span> <span class='ocrx_word' id='word_1_295' title='bbox 1219 3071 1424 3117; x_wconf 89' lang='lat' dir='ltr'><strong>etcum</strong></span> <span class='ocrx_word' id='word_1_296' title='bbox 1474 3062 1697 3117; x_wconf 88' lang='lat' dir='ltr'><strong>scholiis</strong></span> <span class='ocrx_word' id='word_1_297' title='bbox 1725 3062 2209 3131; x_wconf 78' lang='lat' dir='ltr'><strong>circumferuntur;</strong></span> 
     </span>
    </p>
   </div>
   <div class='ocr_carea' id='block_1_46' title="bbox 620 3156 2212 3227">
    <p class='ocr_par' dir='ltr' id='par_1_46' title="bbox 620 3156 2212 3227">
     <span class='ocr_line' id='line_1_46' title="bbox 620 3156 2212 3227; baseline 0.001 -16"><span class='ocrx_word' id='word_1_298' title='bbox 620 3158 887 3227; x_wconf 68' lang='lat' dir='ltr'><strong>praecipue</strong></span> <span class='ocrx_word' id='word_1_299' title='bbox 913 3156 1116 3212; x_wconf 86' lang='lat' dir='ltr'><strong>Novum</strong></span> <span class='ocrx_word' id='word_1_300' title='bbox 1141 3156 1564 3221; x_wconf 77' lang='lat' dir='ltr'><strong>Tesutmentum,</strong></span> <span class='ocrx_word' id='word_1_301' title='bbox 1594 3156 1844 3227; x_wconf 79' lang='lat' dir='ltr'><strong>Epistola:</strong></span> <span class='ocrx_word' id='word_1_302' title='bbox 1873 3157 2046 3223; x_wconf 82' lang='lat' dir='ltr'><strong>Pauli,</strong></span> <span class='ocrx_word' id='word_1_303' title='bbox 2067 3158 2212 3227; x_wconf 78' lang='lat' dir='ltr'><strong>Apo-</strong></span> 
     </span>
    </p>
   </div>
   <div class='ocr_carea' id='block_1_47' title="bbox 618 3248 2210 3321">
    <p class='ocr_par' dir='ltr' id='par_1_47' title="bbox 618 3248 2210 3321">
     <span class='ocr_line' id='line_1_47' title="bbox 618 3248 2210 3321; baseline 0.001 -18"><span class='ocrx_word' id='word_1_304' title='bbox 618 3250 854 3321; x_wconf 82' lang='lat' dir='ltr'><strong>calypsis</strong></span> <span class='ocrx_word' id='word_1_305' title='bbox 885 3251 1056 3305; x_wconf 91' lang='lat' dir='ltr'><strong>sancti</strong></span> <span class='ocrx_word' id='word_1_306' title='bbox 1090 3249 1334 3314; x_wconf 84' lang='lat' dir='ltr'><strong>Joannis,</strong></span> <span class='ocrx_word' id='word_1_307' title='bbox 1367 3258 1420 3306; x_wconf 91' lang='lat' dir='ltr'><strong>et</strong></span> <span class='ocrx_word' id='word_1_308' title='bbox 1450 3249 1585 3305; x_wconf 92' lang='lat' dir='ltr'><strong>liber</strong></span> <span class='ocrx_word' id='word_1_309' title='bbox 1615 3250 1689 3304; x_wconf 91' lang='lat' dir='ltr'><strong>De</strong></span> <span class='ocrx_word' id='word_1_310' title='bbox 1722 3248 1857 3305; x_wconf 85' lang='lat' dir='ltr'><strong>Vitis</strong></span> <span class='ocrx_word' id='word_1_311' title='bbox 1891 3248 2134 3316; x_wconf 84' lang='lat' dir='ltr'><strong>Patrum,</strong></span> <span class='ocrx_word' id='word_1_312' title='bbox 2159 3258 2210 3305; x_wconf 89' lang='lat' dir='ltr'><strong>et</strong></span> 
     </span>
    </p>
   </div>
   <div class='ocr_carea' id='block_1_48' title="bbox 620 3332 2285 3411">
    <p class='ocr_par' dir='ltr' id='par_1_48' title="bbox 620 3332 2285 3411">
     <span class='ocr_line' id='line_1_48' title="bbox 620 3332 2285 3411; baseline 0.003 -17"><span class='ocrx_word' id='word_1_313' title='bbox 620 3340 1042 3411; x_wconf 82' lang='lat' dir='ltr'><strong>historiaLatina</strong></span> <span class='ocrx_word' id='word_1_314' title='bbox 1058 3340 1138 3396; x_wconf 83' lang='lat' dir='ltr'><strong>Fl.</strong></span> <span class='ocrx_word' id='word_1_315' title='bbox 1158 3341 1306 3397; x_wconf 85' lang='lat' dir='ltr'><strong>Lucii</strong></span> <span class='ocrx_word' id='word_1_316' title='bbox 1325 3342 1529 3409; x_wconf 82' lang='lat' dir='ltr'><strong>Dextri,</strong></span> <span class='ocrx_word' id='word_1_317' title='bbox 1548 3341 1617 3396; x_wconf 81' lang='grc' dir='ltr'><strong>Μ.</strong></span> <span class='ocrx_word' id='word_1_318' title='bbox 1637 3341 1869 3407; x_wconf 78' lang='lat' dir='ltr'><strong>Maximi,</strong></span> <span class='ocrx_word' id='word_1_319' title='bbox 1887 3342 2204 3411; x_wconf 88' lang='lat' dir='ltr'><strong>ctaliorum,</strong></span> <span class='ocrx_word' id='word_1_320' title='bbox 2234 3332 2285 3399; x_wconf 82' lang='lat' dir='ltr'><strong><em>C</em></strong></span> 
     </span>
    </p>
   </div>
   <div class='ocr_carea' id='block_1_49' title="bbox 616 3434 2217 3500">
    <p class='ocr_par' dir='ltr' id='par_1_49' title="bbox 616 3434 2217 3500">
     <span class='ocr_line' id='line_1_49' title="bbox 616 3434 2217 3500; baseline 0.002 -12"><span class='ocrx_word' id='word_1_321' title='bbox 616 3442 673 3488; x_wconf 91' lang='lat' dir='ltr'><strong>et</strong></span> <span class='ocrx_word' id='word_1_322' title='bbox 700 3434 1001 3489; x_wconf 83' lang='lat' dir='ltr'><strong>Chronicon</strong></span> <span class='ocrx_word' id='word_1_323' title='bbox 1018 3435 1255 3500; x_wconf 85' lang='lat' dir='ltr'><strong>Eusebii,</strong></span> <span class='ocrx_word' id='word_1_324' title='bbox 1272 3444 1328 3490; x_wconf 93' lang='lat' dir='ltr'><strong>et</strong></span> <span class='ocrx_word' id='word_1_325' title='bbox 1349 3436 1471 3489; x_wconf 90' lang='lat' dir='ltr'><strong>libri</strong></span> <span class='ocrx_word' id='word_1_326' title='bbox 1485 3434 1555 3491; x_wconf 90' lang='lat' dir='ltr'><strong>de</strong></span> <span class='ocrx_word' id='word_1_327' title='bbox 1568 3436 1791 3490; x_wconf 80' lang='lat' dir='ltr'><strong>Civitate</strong></span> <span class='ocrx_word' id='word_1_328' title='bbox 1806 3435 1897 3490; x_wconf 92' lang='lat' dir='ltr'><strong>Dei</strong></span> <span class='ocrx_word' id='word_1_329' title='bbox 1917 3436 2088 3491; x_wconf 87' lang='lat' dir='ltr'><strong>sancti</strong></span> <span class='ocrx_word' id='word_1_330' title='bbox 2107 3440 2217 3491; x_wconf 77' lang='lat' dir='ltr'><strong>Au-</strong></span> 
     </span>
    </p>
   </div>
   <div class='ocr_carea' id='block_1_50' title="bbox 616 3526 2207 3599">
    <p class='ocr_par' dir='ltr' id='par_1_50' title="bbox 616 3526 2207 3599">
     <span class='ocr_line' id='line_1_50' title="bbox 616 3526 2207 3599; baseline 0 -17"><span class='ocrx_word' id='word_1_331' title='bbox 616 3526 1119 3599; x_wconf 71' lang='lat' dir='ltr'><strong>gustini,propterea</strong></span> <span class='ocrx_word' id='word_1_332' title='bbox 1135 3528 1272 3597; x_wconf 88' lang='lat' dir='ltr'><strong>quod</strong></span> <span class='ocrx_word' id='word_1_333' title='bbox 1282 3528 1393 3598; x_wconf 89' lang='lat' dir='ltr'><strong>jam</strong></span> <span class='ocrx_word' id='word_1_334' title='bbox 1410 3528 1779 3597; x_wconf 84' lang='lat' dir='ltr'><strong>linguaLatina</strong></span> <span class='ocrx_word' id='word_1_335' title='bbox 1797 3529 2174 3584; x_wconf 87' lang='lat' dir='ltr'><strong>evanescebat.</strong></span> <span class='ocrx_word' id='word_1_336' title='bbox 2187 3548 2207 3582; x_wconf 76' lang='grc' dir='ltr'><strong><em>ι</em></strong></span> 
     </span>
    </p>
   </div>
   <div class='ocr_carea' id='block_1_51' title="bbox 689 3621 2211 3692">
    <p class='ocr_par' dir='ltr' id='par_1_51' title="bbox 689 3621 2211 3692">
     <span class='ocr_line' id='line_1_51' title="bbox 689 3621 2211 3692; baseline 0.001 -15"><span class='ocrx_word' id='word_1_337' title='bbox 689 3621 846 3677; x_wconf 88' lang='lat' dir='ltr'><strong>Plura</strong></span> <span class='ocrx_word' id='word_1_338' title='bbox 868 3621 1061 3677; x_wconf 88' lang='lat' dir='ltr'><strong>adduci</strong></span> <span class='ocrx_word' id='word_1_339' title='bbox 1093 3630 1313 3692; x_wconf 89' lang='lat' dir='ltr'><strong>possent</strong></span> <span class='ocrx_word' id='word_1_340' title='bbox 1352 3622 1416 3676; x_wconf 91' lang='lat' dir='ltr'><strong>ad</strong></span> <span class='ocrx_word' id='word_1_341' title='bbox 1445 3622 1633 3677; x_wconf 90' lang='lat' dir='ltr'><strong>horum</strong></span> <span class='ocrx_word' id='word_1_342' title='bbox 1658 3621 1918 3676; x_wconf 88' lang='lat' dir='ltr'><strong>librorum</strong></span> <span class='ocrx_word' id='word_1_343' title='bbox 1960 3632 2211 3679; x_wconf 82' lang='lat' dir='ltr'><strong>meritum</strong></span> 
     </span>
    </p>
   </div>
   <div class='ocr_carea' id='block_1_52' title="bbox 616 3716 2215 3788">
    <p class='ocr_par' dir='ltr' id='par_1_52' title="bbox 616 3716 2215 3788">
     <span class='ocr_line' id='line_1_52' title="bbox 616 3716 2215 3788; baseline -0.001 -15"><span class='ocrx_word' id='word_1_344' title='bbox 616 3725 675 3773; x_wconf 92' lang='lat' dir='ltr'><strong>et</strong></span> <span class='ocrx_word' id='word_1_345' title='bbox 694 3716 974 3773; x_wconf 86' lang='lat' dir='ltr'><strong>utilitatem</strong></span> <span class='ocrx_word' id='word_1_346' title='bbox 1002 3718 1374 3772; x_wconf 86' lang='lat' dir='ltr'><strong>affirmandatn</strong></span> <span class='ocrx_word' id='word_1_347' title='bbox 1396 3734 1409 3783; x_wconf 92' lang='lat'><strong>;</strong></span> <span class='ocrx_word' id='word_1_348' title='bbox 1434 3716 1530 3772; x_wconf 90' lang='lat' dir='ltr'><strong>sed</strong></span> <span class='ocrx_word' id='word_1_349' title='bbox 1556 3716 1753 3788; x_wconf 89' lang='lat' dir='ltr'><strong>quibus</strong></span> <span class='ocrx_word' id='word_1_350' title='bbox 1784 3717 1899 3771; x_wconf 64' lang='lat' dir='ltr'><strong>haec</strong></span> <span class='ocrx_word' id='word_1_351' title='bbox 1926 3730 2032 3772; x_wconf 93' lang='lat' dir='ltr'><strong>non</strong></span> <span class='ocrx_word' id='word_1_352' title='bbox 2056 3716 2215 3773; x_wconf 58' lang='lat' dir='ltr'><strong>satis.</strong></span> 
     </span>
    </p>
   </div>
   <div class='ocr_carea' id='block_1_53' title="bbox 617 3807 1267 3878">
    <p class='ocr_par' dir='ltr' id='par_1_53' title="bbox 617 3807 1267 3878">
     <span class='ocr_line' id='line_1_53' title="bbox 617 3807 1267 3878; baseline -0.003 -15"><span class='ocrx_word' id='word_1_353' title='bbox 617 3807 839 3875; x_wconf 85' lang='lat' dir='ltr'><strong>faciunt,</strong></span> <span class='ocrx_word' id='word_1_354' title='bbox 860 3807 989 3878; x_wconf 87' lang='lat' dir='ltr'><strong>quid</strong></span> <span class='ocrx_word' id='word_1_355' title='bbox 1015 3807 1267 3862; x_wconf 88' lang='lat' dir='ltr'><strong>tandem?</strong></span> 
     </span>
    </p>
   </div>
   <div class='ocr_carea' id='block_1_54' title="bbox 1041 3900 1798 3959">
    <p class='ocr_par' dir='ltr' id='par_1_54' title="bbox 1041 3900 1798 3959">
     <span class='ocr_line' id='line_1_54' title="bbox 1041 3900 1798 3959; baseline -0.004 -1"><span class='ocrx_word' id='word_1_356' title='bbox 1041 3901 1594 3959; x_wconf 78' lang='lat' dir='ltr'><strong>PIIOLEGOMENON</strong></span> <span class='ocrx_word' id='word_1_357' title='bbox 1637 3900 1798 3956; x_wconf 80' lang='lat' dir='ltr'><strong>XVII.</strong></span> 
     </span>
    </p>
   </div>
   <div class='ocr_carea' id='block_1_55' title="bbox 754 3995 2079 4053">
    <p class='ocr_par' dir='ltr' id='par_1_55' title="bbox 754 3995 2079 4053">
     <span class='ocr_line' id='line_1_55' title="bbox 754 3995 2079 4053; baseline 0 -2"><span class='ocrx_word' id='word_1_358' title='bbox 754 3997 828 4053; x_wconf 78' lang='lat' dir='ltr'><strong>De</strong></span> <span class='ocrx_word' id='word_1_359' title='bbox 852 3998 1008 4053; x_wconf 77' lang='lat' dir='ltr'><strong>uariis</strong></span> <span class='ocrx_word' id='word_1_360' title='bbox 1039 3998 1219 4053; x_wconf 83' lang='lat' dir='ltr'><strong>horum</strong></span> <span class='ocrx_word' id='word_1_361' title='bbox 1244 3996 1493 4052; x_wconf 81' lang='lat' dir='ltr'><strong>librorum</strong></span> <span class='ocrx_word' id='word_1_362' title='bbox 1515 3997 1825 4052; x_wconf 80' lang='lat' dir='ltr'><strong>cditionibus</strong></span> <span class='ocrx_word' id='word_1_363' title='bbox 1856 3995 2079 4053; x_wconf 77' lang='lat' dir='ltr'><strong>Latinis.</strong></span> 
     </span>
    </p>
   </div>
   <div class='ocr_carea' id='block_1_56' title="bbox 692 4113 2211 4184">
    <p class='ocr_par' dir='ltr' id='par_1_56' title="bbox 692 4113 2211 4184">
     <span class='ocr_line' id='line_1_56' title="bbox 692 4113 2211 4184; baseline 0 -15"><span class='ocrx_word' id='word_1_364' title='bbox 692 4114 806 4169; x_wconf 84' lang='lat' dir='ltr'><strong>Non</strong></span> <span class='ocrx_word' id='word_1_365' title='bbox 840 4113 928 4169; x_wconf 87' lang='lat' dir='ltr'><strong>hic</strong></span> <span class='ocrx_word' id='word_1_366' title='bbox 974 4115 1183 4184; x_wconf 88' lang='lat' dir='ltr'><strong>agimus</strong></span> <span class='ocrx_word' id='word_1_367' title='bbox 1210 4114 1279 4171; x_wconf 91' lang='lat' dir='ltr'><strong>de</strong></span> <span class='ocrx_word' id='word_1_368' title='bbox 1307 4122 1523 4180; x_wconf 90' lang='lat' dir='ltr'><strong>octavo,</strong></span> <span class='ocrx_word' id='word_1_369' title='bbox 1559 4128 1701 4168; x_wconf 92' lang='lat' dir='ltr'><strong>nono</strong></span> <span class='ocrx_word' id='word_1_370' title='bbox 1728 4122 1782 4169; x_wconf 89' lang='lat' dir='ltr'><strong>et</strong></span> <span class='ocrx_word' id='word_1_371' title='bbox 1812 4113 2023 4169; x_wconf 91' lang='lat' dir='ltr'><strong>decimo</strong></span> <span class='ocrx_word' id='word_1_372' title='bbox 2052 4114 2211 4182; x_wconf 91' lang='lat' dir='ltr'><strong>libro,</strong></span> 
     </span>
    </p>
   </div>
   <div class='ocr_carea' id='block_1_57' title="bbox 617 4204 2208 4280">
    <p class='ocr_par' dir='ltr' id='par_1_57' title="bbox 617 4204 2208 4280">
     <span class='ocr_line' id='line_1_57' title="bbox 617 4204 2208 4280; baseline 0 -17"><span class='ocrx_word' id='word_1_373' title='bbox 617 4208 707 4280; x_wconf 91' lang='lat' dir='ltr'><strong>qui</strong></span> <span class='ocrx_word' id='word_1_374' title='bbox 739 4207 839 4261; x_wconf 88' lang='lat' dir='ltr'><strong>hac</strong></span> <span class='ocrx_word' id='word_1_375' title='bbox 883 4216 1087 4261; x_wconf 88' lang='lat' dir='ltr'><strong>tantum</strong></span> <span class='ocrx_word' id='word_1_376' title='bbox 1139 4206 1377 4261; x_wconf 88' lang='lat' dir='ltr'><strong>editione</strong></span> <span class='ocrx_word' id='word_1_377' title='bbox 1416 4220 1562 4261; x_wconf 91' lang='lat' dir='ltr'><strong>nunc</strong></span> <span class='ocrx_word' id='word_1_378' title='bbox 1592 4205 1728 4261; x_wconf 88' lang='lat' dir='ltr'><strong>Vitis</strong></span> <span class='ocrx_word' id='word_1_379' title='bbox 1771 4204 1991 4261; x_wconf 86' lang='lat' dir='ltr'><strong>Patrum</strong></span> <span class='ocrx_word' id='word_1_380' title='bbox 2042 4220 2208 4263; x_wconf 84' lang='lat' dir='ltr'><strong>acce-</strong></span> 
     </span>
    </p>
   </div>
   <div class='ocr_carea' id='block_1_58' title="bbox 617 4297 2201 4368">
    <p class='ocr_par' dir='ltr' id='par_1_58' title="bbox 617 4297 2201 4368">
     <span class='ocr_line' id='line_1_58' title="bbox 617 4297 2201 4368; baseline -0.002 -11"><span class='ocrx_word' id='word_1_381' title='bbox 617 4302 777 4367; x_wconf 88' lang='lat' dir='ltr'><strong>dunt;</strong></span> <span class='ocrx_word' id='word_1_382' title='bbox 812 4300 903 4356; x_wconf 85' lang='lat' dir='ltr'><strong>sed</strong></span> <span class='ocrx_word' id='word_1_383' title='bbox 937 4300 1004 4355; x_wconf 91' lang='lat' dir='ltr'><strong>de</strong></span> <span class='ocrx_word' id='word_1_384' title='bbox 1034 4298 1273 4367; x_wconf 87' lang='lat' dir='ltr'><strong>reliquis,</strong></span> <span class='ocrx_word' id='word_1_385' title='bbox 1311 4297 1403 4368; x_wconf 90' lang='lat' dir='ltr'><strong>qui</strong></span> <span class='ocrx_word' id='word_1_386' title='bbox 1434 4298 1676 4368; x_wconf 86' lang='lat' dir='ltr'><strong>plerique</strong></span> <span class='ocrx_word' id='word_1_387' title='bbox 1706 4312 1897 4354; x_wconf 86' lang='lat' dir='ltr'><strong>omnes</strong></span> <span class='ocrx_word' id='word_1_388' title='bbox 1926 4298 1979 4353; x_wconf 93' lang='lat' dir='ltr'><strong>in</strong></span> <span class='ocrx_word' id='word_1_389' title='bbox 2009 4299 2201 4367; x_wconf 72' lang='lat' dir='ltr'><strong>vulga-</strong></span> 
     </span>
    </p>
   </div>
   <div class='ocr_carea' id='block_1_59' title="bbox 618 4390 1631 4449">
    <p class='ocr_par' dir='ltr' id='par_1_59' title="bbox 618 4390 1631 4449">
     <span class='ocr_line' id='line_1_59' title="bbox 618 4390 1631 4449; baseline -0.005 0"><span class='ocrx_word' id='word_1_390' title='bbox 618 4394 686 4449; x_wconf 92' lang='lat' dir='ltr'><strong>tis</strong></span> <span class='ocrx_word' id='word_1_391' title='bbox 714 4392 928 4447; x_wconf 89' lang='lat' dir='ltr'><strong>Patrum</strong></span> <span class='ocrx_word' id='word_1_392' title='bbox 959 4393 1090 4446; x_wconf 87' lang='lat' dir='ltr'><strong>Vitis</strong></span> <span class='ocrx_word' id='word_1_393' title='bbox 1123 4392 1297 4447; x_wconf 91' lang='lat' dir='ltr'><strong>locnm</strong></span> <span class='ocrx_word' id='word_1_394' title='bbox 1331 4390 1631 4446; x_wconf 91' lang='lat' dir='ltr'><strong>obtinuere.</strong></span> 
     </span>
    </p>
   </div>
   <div class='ocr_carea' id='block_1_60' title="bbox 689 4483 2213 4555">
    <p class='ocr_par' dir='ltr' id='par_1_60' title="bbox 689 4483 2213 4555">
     <span class='ocr_line' id='line_1_60' title="bbox 689 4483 2213 4555; baseline 0.001 -15"><span class='ocrx_word' id='word_1_395' title='bbox 689 4485 1021 4551; x_wconf 84' lang='lat' dir='ltr'><strong>Editionutn,</strong></span> <span class='ocrx_word' id='word_1_396' title='bbox 1038 4499 1171 4555; x_wconf 84' lang='lat' dir='ltr'><strong>quas</strong></span> <span class='ocrx_word' id='word_1_397' title='bbox 1197 4483 1413 4555; x_wconf 87' lang='lat' dir='ltr'><strong>quidem</strong></span> <span class='ocrx_word' id='word_1_398' title='bbox 1445 4484 1682 4541; x_wconf 89' lang='lat' dir='ltr'><strong>nancisci</strong></span> <span class='ocrx_word' id='word_1_399' title='bbox 1708 4484 1883 4551; x_wconf 89' lang='lat' dir='ltr'><strong>licuit,</strong></span> <span class='ocrx_word' id='word_1_400' title='bbox 1905 4485 2047 4539; x_wconf 88' lang='lat' dir='ltr'><strong>hunc</strong></span> <span class='ocrx_word' id='word_1_401' title='bbox 2072 4484 2213 4541; x_wconf 86' lang='lat' dir='ltr'><strong>habe</strong></span> 
     </span>
    </p>
   </div>
   <div class='ocr_carea' id='block_1_61' title="bbox 620 4578 934 4635">
    <p class='ocr_par' dir='ltr' id='par_1_61' title="bbox 620 4578 934 4635">
     <span class='ocr_line' id='line_1_61' title="bbox 620 4578 934 4635; baseline -0.01 0"><span class='ocrx_word' id='word_1_402' title='bbox 620 4578 934 4635; x_wconf 88' lang='lat' dir='ltr'><strong>indicnlum.</strong></span> 
     </span>
    </p>
   </div>
   <div class='ocr_carea' id='block_1_62' title="bbox 693 4670 2209 4745">
    <p class='ocr_par' dir='ltr' id='par_1_62' title="bbox 693 4670 2209 4745">
     <span class='ocr_line' id='line_1_62' title="bbox 693 4670 2209 4745; baseline -0.001 -16"><span class='ocrx_word' id='word_1_403' title='bbox 693 4674 865 4729; x_wconf 85' lang='lat' dir='ltr'><strong>Prima</strong></span> <span class='ocrx_word' id='word_1_404' title='bbox 904 4672 1088 4737; x_wconf 88' lang='lat' dir='ltr'><strong>editio,</strong></span> <span class='ocrx_word' id='word_1_405' title='bbox 1141 4671 1378 4739; x_wconf 83' lang='lat' dir='ltr'><strong>in-folio;</strong></span> <span class='ocrx_word' id='word_1_406' title='bbox 1429 4675 1633 4745; x_wconf 83' lang='lat' dir='ltr'><strong>absque</strong></span> <span class='ocrx_word' id='word_1_407' title='bbox 1662 4672 1785 4728; x_wconf 91' lang='lat' dir='ltr'><strong>libri</strong></span> <span class='ocrx_word' id='word_1_408' title='bbox 1834 4670 2209 4742; x_wconf 81' lang='lat' dir='ltr'><strong>inscriptione,</strong></span> 
     </span>
    </p>
   </div>
   <div class='ocr_carea' id='block_1_63' title="bbox 620 4764 2209 4840">
    <p class='ocr_par' dir='ltr' id='par_1_63' title="bbox 620 4764 2209 4840">
     <span class='ocr_line' id='line_1_63' title="bbox 620 4764 2209 4840; baseline -0.002 -16"><span class='ocrx_word' id='word_1_409' title='bbox 620 4767 836 4824; x_wconf 85' lang='lat' dir='ltr'><strong>nomine</strong></span> <span class='ocrx_word' id='word_1_410' title='bbox 859 4768 1169 4840; x_wconf 84' lang='lat' dir='ltr'><strong>typographi</strong></span> <span class='ocrx_word' id='word_1_411' title='bbox 1201 4770 1317 4823; x_wconf 92' lang='lat' dir='ltr'><strong>loco</strong></span> <span class='ocrx_word' id='word_1_412' title='bbox 1339 4777 1393 4824; x_wconf 89' lang='lat' dir='ltr'><strong>et</strong></span> <span class='ocrx_word' id='word_1_413' title='bbox 1417 4783 1559 4823; x_wconf 90' lang='lat' dir='ltr'><strong>anno</strong></span> <span class='ocrx_word' id='word_1_414' title='bbox 1579 4766 1853 4830; x_wconf 88' lang='lat' dir='ltr'><strong>editionis,</strong></span> <span class='ocrx_word' id='word_1_415' title='bbox 1891 4765 2033 4838; x_wconf 80' lang='lat' dir='ltr'><strong>typis</strong></span> <span class='ocrx_word' id='word_1_416' title='bbox 2054 4764 2209 4821; x_wconf 76' lang='lat' dir='ltr'><strong>valde</strong></span> 
     </span>
    </p>
   </div>
   <div class='ocr_carea' id='block_1_64' title="bbox 618 4858 2083 4932">
    <p class='ocr_par' dir='ltr' id='par_1_64' title="bbox 618 4858 2083 4932">
     <span class='ocr_line' id='line_1_64' title="bbox 618 4858 2083 4932; baseline -0.003 -15"><span class='ocrx_word' id='word_1_417' title='bbox 618 4860 956 4927; x_wconf 89' lang='lat' dir='ltr'><strong>informibus,</strong></span> <span class='ocrx_word' id='word_1_418' title='bbox 991 4877 1109 4932; x_wconf 65' lang='lat' dir='ltr'><strong>qua;</strong></span> <span class='ocrx_word' id='word_1_419' title='bbox 1137 4862 1208 4916; x_wconf 91' lang='lat' dir='ltr'><strong>ita</strong></span> <span class='ocrx_word' id='word_1_420' title='bbox 1242 4861 1563 4916; x_wconf 88' lang='lat' dir='ltr'><strong>inchoatur:</strong></span> <span class='ocrx_word' id='word_1_421' title='bbox 1598 4858 1793 4929; x_wconf 82' lang='lat' dir='ltr'><strong>Incipit</strong></span> <span class='ocrx_word' id='word_1_422' title='bbox 1823 4860 2083 4931; x_wconf 67' lang='lat' dir='ltr'><strong>praefatio.</strong></span> 
     </span>
    </p>
   </div>
   <div class='ocr_carea' id='block_1_65' title="bbox 685 4952 2207 5023">
    <p class='ocr_par' dir='ltr' id='par_1_65' title="bbox 685 4952 2207 5023">
     <span class='ocr_line' id='line_1_65' title="bbox 685 4952 2207 5023; baseline -0.003 -13"><span class='ocrx_word' id='word_1_423' title='bbox 685 4954 952 5021; x_wconf 89' lang='lat' dir='ltr'><strong>Secunda,</strong></span> <span class='ocrx_word' id='word_1_424' title='bbox 986 4952 1218 5019; x_wconf 74' lang='lat' dir='ltr'><strong>In-IOIIO,</strong></span> <span class='ocrx_word' id='word_1_425' title='bbox 1248 4954 1453 5023; x_wconf 86' lang='lat' dir='ltr'><strong>absque</strong></span> <span class='ocrx_word' id='word_1_426' title='bbox 1500 4952 1620 5007; x_wconf 93' lang='lat' dir='ltr'><strong>libri</strong></span> <span class='ocrx_word' id='word_1_427' title='bbox 1674 4952 2061 5020; x_wconf 84' lang='lat' dir='ltr'><strong>inscriptione,</strong></span> <span class='ocrx_word' id='word_1_428' title='bbox 2108 4965 2207 5006; x_wconf 84' lang='lat' dir='ltr'><strong>no-</strong></span> 
     </span>
    </p>
   </div>
   <div class='ocr_carea' id='block_1_66' title="bbox 616 5043 2209 5121">
    <p class='ocr_par' dir='ltr' id='par_1_66' title="bbox 616 5043 2209 5121">
     <span class='ocr_line' id='line_1_66' title="bbox 616 5043 2209 5121; baseline -0.004 -17"><span class='ocrx_word' id='word_1_429' title='bbox 616 5050 760 5104; x_wconf 91' lang='lat' dir='ltr'><strong>mine</strong></span> <span class='ocrx_word' id='word_1_430' title='bbox 790 5046 1128 5121; x_wconf 82' lang='lat' dir='ltr'><strong>typographi,</strong></span> <span class='ocrx_word' id='word_1_431' title='bbox 1159 5046 1278 5102; x_wconf 94' lang='lat' dir='ltr'><strong>loco</strong></span> <span class='ocrx_word' id='word_1_432' title='bbox 1325 5054 1381 5102; x_wconf 91' lang='lat' dir='ltr'><strong>et</strong></span> <span class='ocrx_word' id='word_1_433' title='bbox 1410 5060 1552 5101; x_wconf 88' lang='lat' dir='ltr'><strong>anno</strong></span> <span class='ocrx_word' id='word_1_434' title='bbox 1596 5043 1869 5112; x_wconf 87' lang='lat' dir='ltr'><strong>editionis,</strong></span> <span class='ocrx_word' id='word_1_435' title='bbox 1901 5044 2056 5114; x_wconf 86' lang='lat' dir='ltr'><strong>cujus</strong></span> <span class='ocrx_word' id='word_1_436' title='bbox 2106 5043 2209 5099; x_wconf 86' lang='lat' dir='ltr'><strong>ini-</strong></span> 
     </span>
    </p>
   </div>
   <div class='ocr_carea' id='block_1_67' title="bbox 616 5142 1312 5213">
    <p class='ocr_par' dir='ltr' id='par_1_67' title="bbox 616 5142 1312 5213">
     <span class='ocr_line' id='line_1_67' title="bbox 616 5142 1312 5213; baseline 0.003 -18"><span class='ocrx_word' id='word_1_437' title='bbox 616 5145 746 5197; x_wconf 90' lang='lat' dir='ltr'><strong>tium</strong></span> <span class='ocrx_word' id='word_1_438' title='bbox 780 5161 793 5196; x_wconf 91' lang='lat'>:</span> <span class='ocrx_word' id='word_1_439' title='bbox 832 5142 1023 5213; x_wconf 82' lang='lat' dir='ltr'><strong>Incipit</strong></span> <span class='ocrx_word' id='word_1_440' title='bbox 1047 5142 1312 5213; x_wconf 79' lang='lat' dir='ltr'><strong>prologus.</strong></span> 
     </span>
    </p>
   </div>
   <div class='ocr_carea' id='block_1_68' title="bbox 687 5232 2208 5307">
    <p class='ocr_par' dir='ltr' id='par_1_68' title="bbox 687 5232 2208 5307">
     <span class='ocr_line' id='line_1_68' title="bbox 687 5232 2208 5307; baseline 0 -18"><span class='ocrx_word' id='word_1_441' title='bbox 687 5235 890 5301; x_wconf 83' lang='lat' dir='ltr'><strong>Tertia,</strong></span> <span class='ocrx_word' id='word_1_442' title='bbox 923 5236 1156 5303; x_wconf 91' lang='lat' dir='ltr'><strong>in—folio,</strong></span> <span class='ocrx_word' id='word_1_443' title='bbox 1190 5234 1394 5306; x_wconf 88' lang='lat' dir='ltr'><strong>absque</strong></span> <span class='ocrx_word' id='word_1_444' title='bbox 1424 5235 1546 5291; x_wconf 90' lang='lat' dir='ltr'><strong>libri</strong></span> <span class='ocrx_word' id='word_1_445' title='bbox 1580 5234 1955 5307; x_wconf 88' lang='lat' dir='ltr'><strong>inscriptione,</strong></span> <span class='ocrx_word' id='word_1_446' title='bbox 1989 5232 2208 5289; x_wconf 89' lang='lat' dir='ltr'><strong>nomine</strong></span> 
     </span>
    </p>
   </div>
   <div class='ocr_carea' id='block_1_69' title="bbox 618 5324 2205 5397">
    <p class='ocr_par' dir='ltr' id='par_1_69' title="bbox 618 5324 2205 5397">
     <span class='ocr_line' id='line_1_69' title="bbox 618 5324 2205 5397; baseline -0.001 -18"><span class='ocrx_word' id='word_1_447' title='bbox 618 5327 954 5397; x_wconf 84' lang='lat' dir='ltr'><strong>typographi,</strong></span> <span class='ocrx_word' id='word_1_448' title='bbox 1008 5327 1125 5383; x_wconf 91' lang='lat' dir='ltr'><strong>loco</strong></span> <span class='ocrx_word' id='word_1_449' title='bbox 1171 5335 1226 5383; x_wconf 91' lang='lat' dir='ltr'><strong>et</strong></span> <span class='ocrx_word' id='word_1_450' title='bbox 1278 5342 1421 5382; x_wconf 91' lang='lat' dir='ltr'><strong>anno</strong></span> <span class='ocrx_word' id='word_1_451' title='bbox 1476 5327 1752 5396; x_wconf 88' lang='lat' dir='ltr'><strong>editionis,</strong></span> <span class='ocrx_word' id='word_1_452' title='bbox 1802 5341 1925 5397; x_wconf 73' lang='lat' dir='ltr'><strong>qua:</strong></span> <span class='ocrx_word' id='word_1_453' title='bbox 1974 5324 2205 5394; x_wconf 89' lang='lat' dir='ltr'><strong>incipit:</strong></span> 
     </span>
    </p>
   </div>
   <div class='ocr_carea' id='block_1_70' title="bbox 617 5415 1321 5490">
    <p class='ocr_par' dir='ltr' id='par_1_70' title="bbox 617 5415 1321 5490">
     <span class='ocr_line' id='line_1_70' title="bbox 617 5415 1321 5490; baseline 0.006 -20"><span class='ocrx_word' id='word_1_454' title='bbox 617 5415 878 5487; x_wconf 75' lang='lat' dir='ltr'><strong>Prologus</strong></span> <span class='ocrx_word' id='word_1_455' title='bbox 899 5418 952 5472; x_wconf 89' lang='lat' dir='ltr'><strong>in</strong></span> <span class='ocrx_word' id='word_1_456' title='bbox 980 5423 1321 5490; x_wconf 80' lang='lat' dir='ltr'><strong>fructuosum.</strong></span> 
     </span>
    </p>
   </div>
   <div class='ocr_carea' id='block_1_71' title="bbox 685 5508 2203 5584">
    <p class='ocr_par' dir='ltr' id='par_1_71' title="bbox 685 5508 2203 5584">
     <span class='ocr_line' id='line_1_71' title="bbox 685 5508 2203 5584; baseline 0 -23"><span class='ocrx_word' id='word_1_457' title='bbox 685 5508 912 5577; x_wconf 81' lang='lat' dir='ltr'><strong>Quarta,</strong></span> <span class='ocrx_word' id='word_1_458' title='bbox 963 5509 1467 5584; x_wconf 68' lang='lat' dir='ltr'><strong>Norimbergensm,</strong></span> <span class='ocrx_word' id='word_1_459' title='bbox 1516 5511 1729 5567; x_wconf 87' lang='lat' dir='ltr'><strong>in-folio</strong></span> <span class='ocrx_word' id='word_1_460' title='bbox 1784 5510 2051 5573; x_wconf 82' lang='lat' dir='ltr'><strong>maximo,</strong></span> <span class='ocrx_word' id='word_1_461' title='bbox 2105 5518 2203 5575; x_wconf 89' lang='lat' dir='ltr'><strong>per</strong></span> 
     </span>
    </p>
   </div>
   <div class='ocr_carea' id='block_1_72' title="bbox 613 5600 1592 5675">
    <p class='ocr_par' dir='ltr' id='par_1_72' title="bbox 613 5600 1592 5675">
     <span class='ocr_line' id='line_1_72' title="bbox 613 5600 1592 5675; baseline 0.002 -18"><span class='ocrx_word' id='word_1_462' title='bbox 613 5600 903 5657; x_wconf 78' lang='lat' dir='ltr'><strong>Antonium</strong></span> <span class='ocrx_word' id='word_1_463' title='bbox 933 5602 1224 5675; x_wconf 88' lang='lat' dir='ltr'><strong>Coburger,</strong></span> <span class='ocrx_word' id='word_1_464' title='bbox 1258 5621 1400 5661; x_wconf 90' lang='lat' dir='ltr'><strong>anno</strong></span> <span class='ocrx_word' id='word_1_465' title='bbox 1429 5604 1592 5663; x_wconf 73' lang='grc'><strong>1478.</strong></span> 
     </span>
    </p>
   </div>
   <div class='ocr_carea' id='block_1_73' title="bbox 683 5682 2201 5769">
    <p class='ocr_par' dir='ltr' id='par_1_73' title="bbox 683 5682 2201 5769">
     <span class='ocr_line' id='line_1_73' title="bbox 683 5682 2201 5769; baseline 0 -21"><span class='ocrx_word' id='word_1_466' title='bbox 683 5682 905 5763; x_wconf 73' lang='lat' dir='ltr'><strong>Quinta,</strong></span> <span class='ocrx_word' id='word_1_467' title='bbox 930 5694 1414 5769; x_wconf 84' lang='lat' dir='ltr'><strong>Norimbergensis,</strong></span> <span class='ocrx_word' id='word_1_468' title='bbox 1448 5694 1670 5752; x_wconf 89' lang='lat' dir='ltr'><strong>in-folio</strong></span> <span class='ocrx_word' id='word_1_469' title='bbox 1694 5692 1925 5760; x_wconf 84' lang='lat' dir='ltr'><strong>minore,</strong></span> <span class='ocrx_word' id='word_1_470' title='bbox 1952 5706 2048 5762; x_wconf 89' lang='lat' dir='ltr'><strong>per</strong></span> <span class='ocrx_word' id='word_1_471' title='bbox 2079 5696 2201 5748; x_wconf 83' lang='lat' dir='ltr'><strong>An-</strong></span> 
     </span>
    </p>
   </div>
   <div class='ocr_carea' id='block_1_74' title="bbox 613 5786 1506 5861">
    <p class='ocr_par' dir='ltr' id='par_1_74' title="bbox 613 5786 1506 5861">
     <span class='ocr_line' id='line_1_74' title="bbox 613 5786 1506 5861; baseline 0.002 -20"><span class='ocrx_word' id='word_1_472' title='bbox 613 5787 813 5844; x_wconf 90' lang='lat' dir='ltr'><strong>tonium</strong></span> <span class='ocrx_word' id='word_1_473' title='bbox 842 5786 1137 5861; x_wconf 81' lang='lat' dir='ltr'><strong>Coburger,</strong></span> <span class='ocrx_word' id='word_1_474' title='bbox 1171 5802 1311 5844; x_wconf 90' lang='lat' dir='ltr'><strong>anno</strong></span> <span class='ocrx_word' id='word_1_475' title='bbox 1348 5787 1506 5845; x_wconf 76' lang='lat' dir='ltr'><strong>N83.</strong></span> 
     </span>
    </p>
   </div>
   <div class='ocr_carea' id='block_1_75' title="bbox 686 5878 2203 5955">
    <p class='ocr_par' dir='ltr' id='par_1_75' title="bbox 686 5878 2203 5955">
     <span class='ocr_line' id='line_1_75' title="bbox 686 5878 2203 5955; baseline -0.003 -17"><span class='ocrx_word' id='word_1_476' title='bbox 686 5880 859 5955; x_wconf 71' lang='lat' dir='ltr'><strong>[cvm]</strong></span> <span class='ocrx_word' id='word_1_477' title='bbox 895 5885 1094 5952; x_wconf 78' lang='lat' dir='ltr'><strong>Sexta,</strong></span> <span class='ocrx_word' id='word_1_478' title='bbox 1124 5882 1472 5949; x_wconf 85' lang='lat' dir='ltr'><strong>Germanica,</strong></span> <span class='ocrx_word' id='word_1_479' title='bbox 1495 5891 1554 5937; x_wconf 90' lang='lat' dir='ltr'><strong>ut</strong></span> <span class='ocrx_word' id='word_1_480' title='bbox 1583 5881 1814 5947; x_wconf 84' lang='lat' dir='ltr'><strong>videtur,</strong></span> <span class='ocrx_word' id='word_1_481' title='bbox 1850 5878 2082 5947; x_wconf 80' lang='lat' dir='ltr'><strong>iit-folio,</strong></span> <span class='ocrx_word' id='word_1_482' title='bbox 2114 5879 2168 5935; x_wconf 93' lang='lat' dir='ltr'><strong>in</strong></span> <span class='ocrx_word' id='word_1_483' title='bbox 2197 5914 2203 5921; x_wconf 83' lang='lat'><strong>-</strong></span> 
     </span>
    </p>
   </div>
   <div class='ocr_carea' id='block_1_76' title="bbox 609 5973 1724 6043">
    <p class='ocr_par' dir='ltr' id='par_1_76' title="bbox 609 5973 1724 6043">
     <span class='ocr_line' id='line_1_76' title="bbox 609 5973 1724 6043; baseline -0.007 -8"><span class='ocrx_word' id='word_1_484' title='bbox 609 5987 759 6035; x_wconf 83' lang='lat' dir='ltr'><strong>certo</strong></span> <span class='ocrx_word' id='word_1_485' title='bbox 786 5976 905 6034; x_wconf 85' lang='lat' dir='ltr'><strong>loco</strong></span> <span class='ocrx_word' id='word_1_486' title='bbox 932 5986 988 6037; x_wconf 84' lang='lat' dir='ltr'><strong>et</strong></span> <span class='ocrx_word' id='word_1_487' title='bbox 1011 5974 1366 6043; x_wconf 70' lang='lat' dir='ltr'><strong>typographo.</strong></span> <span class='ocrx_word' id='word_1_488' title='bbox 1395 5986 1537 6032; x_wconf 81' lang='lat' dir='ltr'><strong>anno</strong></span> <span class='ocrx_word' id='word_1_489' title='bbox 1566 5973 1724 6030; x_wconf 65' lang='grc'><strong>1183.</strong></span> 
     </span>
    </p>
   </div>
   <div class='ocr_carea' id='block_1_77' title="bbox 2319 2030 3202 2101">
    <p class='ocr_par' dir='ltr' id='par_1_77' title="bbox 2319 2030 3202 2101">
     <span class='ocr_line' id='line_1_77' title="bbox 2319 2030 3202 2101; baseline 0.003 -15"><span class='ocrx_word' id='word_1_490' title='bbox 2319 2030 2389 2087; x_wconf 91' lang='lat' dir='ltr'><strong>de</strong></span> <span class='ocrx_word' id='word_1_491' title='bbox 2421 2032 2835 2101; x_wconf 76' lang='lat' dir='ltr'><strong>Francol‘urdia,</strong></span> <span class='ocrx_word' id='word_1_492' title='bbox 2867 2049 3010 2090; x_wconf 89' lang='lat' dir='ltr'><strong>anno</strong></span> <span class='ocrx_word' id='word_1_493' title='bbox 3042 2033 3202 2090; x_wconf 76' lang='grc'><strong>1512.</strong></span> 
     </span>
    </p>
   </div>
   <div class='ocr_carea' id='block_1_78' title="bbox 2391 2125 3915 2202">
    <p class='ocr_par' dir='ltr' id='par_1_78' title="bbox 2391 2125 3915 2202">
     <span class='ocr_line' id='line_1_78' title="bbox 2391 2125 3915 2202; baseline 0.003 -21"><span class='ocrx_word' id='word_1_494' title='bbox 2391 2125 2612 2182; x_wconf 65' lang='lat' dir='ltr'><strong>Decima</strong></span> <span class='ocrx_word' id='word_1_495' title='bbox 2642 2128 2847 2198; x_wconf 90' lang='lat' dir='ltr'><strong>quinta,</strong></span> <span class='ocrx_word' id='word_1_496' title='bbox 2881 2128 3273 2197; x_wconf 85' lang='lat' dir='ltr'><strong>Lugdunensis,</strong></span> <span class='ocrx_word' id='word_1_497' title='bbox 3307 2132 3609 2202; x_wconf 84' lang='lat' dir='ltr'><strong>iit-quarto,</strong></span> <span class='ocrx_word' id='word_1_498' title='bbox 3635 2146 3730 2201; x_wconf 87' lang='lat' dir='ltr'><strong>per</strong></span> <span class='ocrx_word' id='word_1_499' title='bbox 3752 2129 3915 2186; x_wconf 83' lang='lat' dir='ltr'><strong>Jaco-</strong></span> 
     </span>
    </p>
   </div>
   <div class='ocr_carea' id='block_1_79' title="bbox 2318 2216 2971 2284">
    <p class='ocr_par' dir='ltr' id='par_1_79' title="bbox 2318 2216 2971 2284">
     <span class='ocr_line' id='line_1_79' title="bbox 2318 2216 2971 2284; baseline 0.005 -12"><span class='ocrx_word' id='word_1_500' title='bbox 2318 2216 2445 2272; x_wconf 91' lang='lat' dir='ltr'><strong>bum</strong></span> <span class='ocrx_word' id='word_1_501' title='bbox 2472 2217 2606 2284; x_wconf 82' lang='lat' dir='ltr'><strong>Miit,</strong></span> <span class='ocrx_word' id='word_1_502' title='bbox 2638 2234 2781 2275; x_wconf 92' lang='lat' dir='ltr'><strong>anno</strong></span> <span class='ocrx_word' id='word_1_503' title='bbox 2816 2220 2971 2275; x_wconf 78' lang='grc'><strong>1515.</strong></span> 
     </span>
    </p>
   </div>
   <div class='ocr_carea' id='block_1_80' title="bbox 2394 2312 3915 2386">
    <p class='ocr_par' dir='ltr' id='par_1_80' title="bbox 2394 2312 3915 2386">
     <span class='ocr_line' id='line_1_80' title="bbox 2394 2312 3915 2386; baseline 0.005 -21"><span class='ocrx_word' id='word_1_504' title='bbox 2394 2312 2607 2367; x_wconf 89' lang='lat' dir='ltr'><strong>Decima</strong></span> <span class='ocrx_word' id='word_1_505' title='bbox 2656 2322 2839 2379; x_wconf 79' lang='lat' dir='ltr'><strong>sexta,</strong></span> <span class='ocrx_word' id='word_1_506' title='bbox 2894 2314 3286 2381; x_wconf 79' lang='lat' dir='ltr'><strong>Lugdunensis,</strong></span> <span class='ocrx_word' id='word_1_507' title='bbox 3332 2315 3521 2372; x_wconf 86' lang='lat' dir='ltr'><strong>eadem</strong></span> <span class='ocrx_word' id='word_1_508' title='bbox 3572 2314 3769 2382; x_wconf 82' lang='lat' dir='ltr'><strong>forma,</strong></span> <span class='ocrx_word' id='word_1_509' title='bbox 3817 2332 3915 2386; x_wconf 88' lang='lat' dir='ltr'><strong>per</strong></span> 
     </span>
    </p>
   </div>
   <div class='ocr_carea' id='block_1_81' title="bbox 2316 2404 3283 2473">
    <p class='ocr_par' dir='ltr' id='par_1_81' title="bbox 2316 2404 3283 2473">
     <span class='ocr_line' id='line_1_81' title="bbox 2316 2404 3283 2473; baseline 0.004 -14"><span class='ocrx_word' id='word_1_510' title='bbox 2316 2404 2574 2460; x_wconf 76' lang='lat' dir='ltr'><strong>Iacobum</strong></span> <span class='ocrx_word' id='word_1_511' title='bbox 2608 2406 2921 2473; x_wconf 83' lang='lat' dir='ltr'><strong>Marcschal,</strong></span> <span class='ocrx_word' id='word_1_512' title='bbox 2954 2424 3094 2462; x_wconf 90' lang='lat' dir='ltr'><strong>anno</strong></span> <span class='ocrx_word' id='word_1_513' title='bbox 3124 2408 3283 2464; x_wconf 70' lang='lat'><strong>1520.</strong></span> 
     </span>
    </p>
   </div>
   <div class='ocr_carea' id='block_1_82' title="bbox 2394 2500 3916 2576">
    <p class='ocr_par' dir='ltr' id='par_1_82' title="bbox 2394 2500 3916 2576">
     <span class='ocr_line' id='line_1_82' title="bbox 2394 2500 3916 2576; baseline 0.005 -22"><span class='ocrx_word' id='word_1_514' title='bbox 2394 2500 2605 2557; x_wconf 85' lang='lat' dir='ltr'><strong>Decima</strong></span> <span class='ocrx_word' id='word_1_515' title='bbox 2660 2502 2912 2572; x_wconf 84' lang='lat' dir='ltr'><strong>septima,</strong></span> <span class='ocrx_word' id='word_1_516' title='bbox 2947 2502 3342 2573; x_wconf 73' lang='lat' dir='ltr'><strong>Lugdunensis,</strong></span> <span class='ocrx_word' id='word_1_517' title='bbox 3372 2504 3563 2561; x_wconf 67' lang='lat' dir='ltr'><strong>eadem</strong></span> <span class='ocrx_word' id='word_1_518' title='bbox 3595 2503 3789 2573; x_wconf 88' lang='lat' dir='ltr'><strong>forma,</strong></span> <span class='ocrx_word' id='word_1_519' title='bbox 3817 2520 3916 2576; x_wconf 89' lang='lat' dir='ltr'><strong>per</strong></span> 
     </span>
    </p>
   </div>
   <div class='ocr_carea' id='block_1_83' title="bbox 2318 2594 3370 2661">
    <p class='ocr_par' dir='ltr' id='par_1_83' title="bbox 2318 2594 3370 2661">
     <span class='ocr_line' id='line_1_83' title="bbox 2318 2594 3370 2661; baseline 0.005 -14"><span class='ocrx_word' id='word_1_520' title='bbox 2318 2594 2607 2649; x_wconf 87' lang='lat' dir='ltr'><strong>Antonium</strong></span> <span class='ocrx_word' id='word_1_521' title='bbox 2644 2594 3004 2661; x_wconf 90' lang='lat' dir='ltr'><strong>Vincentium,</strong></span> <span class='ocrx_word' id='word_1_522' title='bbox 3035 2612 3178 2652; x_wconf 91' lang='lat' dir='ltr'><strong>anno</strong></span> <span class='ocrx_word' id='word_1_523' title='bbox 3209 2599 3370 2652; x_wconf 72' lang='grc'><strong>1557.</strong></span> 
     </span>
    </p>
   </div>
   <div class='ocr_carea' id='block_1_84' title="bbox 2392 2687 3920 2763">
    <p class='ocr_par' dir='ltr' id='par_1_84' title="bbox 2392 2687 3920 2763">
     <span class='ocr_line' id='line_1_84' title="bbox 2392 2687 3920 2763; baseline 0.006 -23"><span class='ocrx_word' id='word_1_524' title='bbox 2392 2687 2604 2742; x_wconf 90' lang='lat' dir='ltr'><strong>Decima</strong></span> <span class='ocrx_word' id='word_1_525' title='bbox 2654 2698 2870 2755; x_wconf 87' lang='lat' dir='ltr'><strong>octava,</strong></span> <span class='ocrx_word' id='word_1_526' title='bbox 2906 2689 3275 2757; x_wconf 91' lang='lat' dir='ltr'><strong>Coloniensis,</strong></span> <span class='ocrx_word' id='word_1_527' title='bbox 3305 2690 3538 2759; x_wconf 87' lang='lat' dir='ltr'><strong>iu-folio,</strong></span> <span class='ocrx_word' id='word_1_528' title='bbox 3576 2707 3673 2762; x_wconf 92' lang='lat' dir='ltr'><strong>per</strong></span> <span class='ocrx_word' id='word_1_529' title='bbox 3710 2691 3920 2763; x_wconf 78' lang='lat' dir='ltr'><strong>Gaspa-</strong></span> 
     </span>
    </p>
   </div>
   <div class='ocr_carea' id='block_1_85' title="bbox 2317 2778 3199 2849">
    <p class='ocr_par' dir='ltr' id='par_1_85' title="bbox 2317 2778 3199 2849">
     <span class='ocr_line' id='line_1_85' title="bbox 2317 2778 3199 2849; baseline 0.005 -17"><span class='ocrx_word' id='word_1_530' title='bbox 2317 2793 2430 2834; x_wconf 90' lang='lat' dir='ltr'><strong>rem</strong></span> <span class='ocrx_word' id='word_1_531' title='bbox 2462 2778 2846 2849; x_wconf 67' lang='lat' dir='ltr'><strong>Gennepaaum,</strong></span> <span class='ocrx_word' id='word_1_532' title='bbox 2872 2796 3014 2836; x_wconf 92' lang='lat' dir='ltr'><strong>anno</strong></span> <span class='ocrx_word' id='word_1_533' title='bbox 3039 2780 3199 2838; x_wconf 77' lang='grc'><strong>1517.</strong></span> 
     </span>
    </p>
   </div>
   <div class='ocr_carea' id='block_1_86' title="bbox 2393 2870 3920 2947">
    <p class='ocr_par' dir='ltr' id='par_1_86' title="bbox 2393 2870 3920 2947">
     <span class='ocr_line' id='line_1_86' title="bbox 2393 2870 3920 2947; baseline 0.007 -23"><span class='ocrx_word' id='word_1_534' title='bbox 2393 2870 2607 2927; x_wconf 90' lang='lat' dir='ltr'><strong>Decima</strong></span> <span class='ocrx_word' id='word_1_535' title='bbox 2660 2888 2823 2939; x_wconf 91' lang='lat' dir='ltr'><strong>nona,</strong></span> <span class='ocrx_word' id='word_1_536' title='bbox 2855 2873 3217 2941; x_wconf 85' lang='lat' dir='ltr'><strong>Coloniensis,</strong></span> <span class='ocrx_word' id='word_1_537' title='bbox 3250 2873 3482 2942; x_wconf 86' lang='lat' dir='ltr'><strong>in-folio,</strong></span> <span class='ocrx_word' id='word_1_538' title='bbox 3511 2891 3607 2947; x_wconf 87' lang='lat' dir='ltr'><strong>per</strong></span> <span class='ocrx_word' id='word_1_539' title='bbox 3636 2877 3920 2946; x_wconf 85' lang='lat' dir='ltr'><strong>eumdem,</strong></span> 
     </span>
    </p>
   </div>
   <div class='ocr_carea' id='block_1_87' title="bbox 2317 2963 3917 3040">
    <p class='ocr_par' dir='ltr' id='par_1_87' title="bbox 2317 2963 3917 3040">
     <span class='ocr_line' id='line_1_87' title="bbox 2317 2963 3917 3040; baseline 0.008 -24"><span class='ocrx_word' id='word_1_540' title='bbox 2317 2976 2406 3017; x_wconf 91' lang='lat' dir='ltr'><strong>an.</strong></span> <span class='ocrx_word' id='word_1_541' title='bbox 2441 2963 2601 3031; x_wconf 72' lang='grc'><strong>1548,</strong></span> <span class='ocrx_word' id='word_1_542' title='bbox 2654 2966 2754 3021; x_wconf 86' lang='lat' dir='ltr'><strong>nisi</strong></span> <span class='ocrx_word' id='word_1_543' title='bbox 2802 2966 2915 3022; x_wconf 80' lang='lat' dir='ltr'><strong>haec</strong></span> <span class='ocrx_word' id='word_1_544' title='bbox 2960 2967 3148 3024; x_wconf 90' lang='lat' dir='ltr'><strong>eadem</strong></span> <span class='ocrx_word' id='word_1_545' title='bbox 3193 2970 3407 3025; x_wconf 88' lang='lat' dir='ltr'><strong>sitcum</strong></span> <span class='ocrx_word' id='word_1_546' title='bbox 3454 2971 3654 3040; x_wconf 86' lang='lat' dir='ltr'><strong>priore,</strong></span> <span class='ocrx_word' id='word_1_547' title='bbox 3702 2981 3917 3029; x_wconf 82' lang='lat' dir='ltr'><strong>mutato</strong></span> 
     </span>
    </p>
   </div>
   <div class='ocr_carea' id='block_1_88' title="bbox 2318 3058 3913 3137">
    <p class='ocr_par' dir='ltr' id='par_1_88' title="bbox 2318 3058 3913 3137">
     <span class='ocr_line' id='line_1_88' title="bbox 2318 3058 3913 3137; baseline 0.009 -26"><span class='ocrx_word' id='word_1_548' title='bbox 2318 3066 2526 3114; x_wconf 91' lang='lat' dir='ltr'><strong>tantum</strong></span> <span class='ocrx_word' id='word_1_549' title='bbox 2554 3058 2709 3116; x_wconf 88' lang='lat' dir='ltr'><strong>titulo</strong></span> <span class='ocrx_word' id='word_1_550' title='bbox 2738 3070 2791 3117; x_wconf 90' lang='lat' dir='ltr'><strong>et</strong></span> <span class='ocrx_word' id='word_1_551' title='bbox 2821 3077 2984 3130; x_wconf 90' lang='lat' dir='ltr'><strong>anno,</strong></span> <span class='ocrx_word' id='word_1_552' title='bbox 3014 3073 3071 3118; x_wconf 91' lang='lat' dir='ltr'><strong>ut</strong></span> <span class='ocrx_word' id='word_1_553' title='bbox 3100 3062 3348 3121; x_wconf 89' lang='lat' dir='ltr'><strong>indicabo</strong></span> <span class='ocrx_word' id='word_1_554' title='bbox 3390 3067 3774 3137; x_wconf 85' lang='lat' dir='ltr'><strong>prolegomeno</strong></span> <span class='ocrx_word' id='word_1_555' title='bbox 3813 3066 3913 3126; x_wconf 72' lang='grc' dir='ltr'><strong>ΞΟ.</strong></span> 
     </span>
    </p>
   </div>
   <div class='ocr_carea' id='block_1_89' title="bbox 2387 3149 3919 3229">
    <p class='ocr_par' dir='ltr' id='par_1_89' title="bbox 2387 3149 3919 3229">
     <span class='ocr_line' id='line_1_89' title="bbox 2387 3149 3919 3229; baseline 0.01 -26"><span class='ocrx_word' id='word_1_556' title='bbox 2387 3149 2675 3220; x_wconf 89' lang='lat' dir='ltr'><strong>Vigesima,</strong></span> <span class='ocrx_word' id='word_1_557' title='bbox 2699 3152 3118 3224; x_wconf 85' lang='lat' dir='ltr'><strong>Complutensis,</strong></span> <span class='ocrx_word' id='word_1_558' title='bbox 3150 3156 3450 3227; x_wconf 80' lang='lat' dir='ltr'><strong>in-quarto,</strong></span> <span class='ocrx_word' id='word_1_559' title='bbox 3481 3158 3619 3229; x_wconf 90' lang='lat' dir='ltr'><strong>apud</strong></span> <span class='ocrx_word' id='word_1_560' title='bbox 3641 3158 3919 3218; x_wconf 81' lang='lat' dir='ltr'><strong>Joannem</strong></span> 
     </span>
    </p>
   </div>
   <div class='ocr_carea' id='block_1_90' title="bbox 2320 3241 3017 3311">
    <p class='ocr_par' dir='ltr' id='par_1_90' title="bbox 2320 3241 3017 3311">
     <span class='ocr_line' id='line_1_90' title="bbox 2320 3241 3017 3311; baseline 0.011 -14"><span class='ocrx_word' id='word_1_561' title='bbox 2320 3241 2655 3311; x_wconf 86' lang='lat' dir='ltr'><strong>Gratianum,</strong></span> <span class='ocrx_word' id='word_1_562' title='bbox 2687 3262 2828 3303; x_wconf 89' lang='lat' dir='ltr'><strong>anno</strong></span> <span class='ocrx_word' id='word_1_563' title='bbox 2857 3248 3017 3305; x_wconf 85' lang='grc'><strong>1596.</strong></span> 
     </span>
    </p>
   </div>
   <div class='ocr_carea' id='block_1_91' title="bbox 2391 3338 3923 3410">
    <p class='ocr_par' dir='ltr' id='par_1_91' title="bbox 2391 3338 3923 3410">
     <span class='ocr_line' id='line_1_91' title="bbox 2391 3338 3923 3410; baseline 0.009 -17"><span class='ocrx_word' id='word_1_564' title='bbox 2391 3338 2680 3410; x_wconf 83' lang='lat' dir='ltr'><strong>&#39;I‘riplicem</strong></span> <span class='ocrx_word' id='word_1_565' title='bbox 2731 3352 2909 3400; x_wconf 91' lang='lat' dir='ltr'><strong>autem</strong></span> <span class='ocrx_word' id='word_1_566' title='bbox 2960 3344 3103 3401; x_wconf 91' lang='lat' dir='ltr'><strong>inter</strong></span> <span class='ocrx_word' id='word_1_567' title='bbox 3148 3345 3244 3401; x_wconf 86' lang='lat' dir='ltr'><strong>has</strong></span> <span class='ocrx_word' id='word_1_568' title='bbox 3286 3345 3553 3404; x_wconf 88' lang='lat' dir='ltr'><strong>editiones</strong></span> <span class='ocrx_word' id='word_1_569' title='bbox 3602 3347 3923 3406; x_wconf 82' lang='lat' dir='ltr'><strong>varietatem</strong></span> 
     </span>
    </p>
   </div>
   <div class='ocr_carea' id='block_1_92' title="bbox 2320 3431 3926 3511">
    <p class='ocr_par' dir='ltr' id='par_1_92' title="bbox 2320 3431 3926 3511">
     <span class='ocr_line' id='line_1_92' title="bbox 2320 3431 3926 3511; baseline 0.009 -25"><span class='ocrx_word' id='word_1_570' title='bbox 2320 3431 2560 3501; x_wconf 84' lang='lat' dir='ltr'><strong>invenio,</strong></span> <span class='ocrx_word' id='word_1_571' title='bbox 2613 3450 2773 3504; x_wconf 88' lang='lat' dir='ltr'><strong>quam</strong></span> <span class='ocrx_word' id='word_1_572' title='bbox 2821 3437 3092 3493; x_wconf 88' lang='lat' dir='ltr'><strong>distinctis</strong></span> <span class='ocrx_word' id='word_1_573' title='bbox 3149 3439 3548 3511; x_wconf 88' lang='lat' dir='ltr'><strong>prolegomenis</strong></span> <span class='ocrx_word' id='word_1_574' title='bbox 3598 3441 3670 3495; x_wconf 93' lang='lat' dir='ltr'><strong>ob</strong></span> <span class='ocrx_word' id='word_1_575' title='bbox 3720 3444 3926 3500; x_wconf 81' lang='lat' dir='ltr'><strong>oculos</strong></span> 
     </span>
    </p>
   </div>
   <div class='ocr_carea' id='block_1_93' title="bbox 2320 3530 3923 3601">
    <p class='ocr_par' dir='ltr' id='par_1_93' title="bbox 2320 3530 3923 3601">
     <span class='ocr_line' id='line_1_93' title="bbox 2320 3530 3923 3601; baseline 0.007 -23"><span class='ocrx_word' id='word_1_576' title='bbox 2320 3533 2573 3590; x_wconf 84' lang='lat' dir='ltr'><strong>statuam,</strong></span> <span class='ocrx_word' id='word_1_577' title='bbox 2601 3536 2657 3581; x_wconf 93' lang='lat' dir='ltr'><strong>ut</strong></span> <span class='ocrx_word' id='word_1_578' title='bbox 2683 3538 2941 3597; x_wconf 84' lang='lat' dir='ltr'><strong>appareat</strong></span> <span class='ocrx_word' id='word_1_579' title='bbox 2966 3530 3093 3599; x_wconf 87' lang='lat' dir='ltr'><strong>quid</strong></span> <span class='ocrx_word' id='word_1_580' title='bbox 3122 3530 3348 3601; x_wconf 90' lang='lat' dir='ltr'><strong>quisque</strong></span> <span class='ocrx_word' id='word_1_581' title='bbox 3400 3531 3613 3586; x_wconf 89' lang='lat' dir='ltr'><strong>varians</strong></span> <span class='ocrx_word' id='word_1_582' title='bbox 3640 3532 3821 3588; x_wconf 81' lang='lat' dir='ltr'><strong>editor</strong></span> <span class='ocrx_word' id='word_1_583' title='bbox 3862 3535 3923 3590; x_wconf 86' lang='lat' dir='ltr'><strong>in</strong></span> 
     </span>
    </p>
   </div>
   <div class='ocr_carea' id='block_1_94' title="bbox 2322 3619 3924 3697">
    <p class='ocr_par' dir='ltr' id='par_1_94' title="bbox 2322 3619 3924 3697">
     <span class='ocr_line' id='line_1_94' title="bbox 2322 3619 3924 3697; baseline 0.009 -25"><span class='ocrx_word' id='word_1_584' title='bbox 2322 3631 2417 3673; x_wconf 91' lang='lat' dir='ltr'><strong>sua</strong></span> <span class='ocrx_word' id='word_1_585' title='bbox 2450 3619 2758 3675; x_wconf 86' lang='lat' dir='ltr'><strong>adornanda</strong></span> <span class='ocrx_word' id='word_1_586' title='bbox 2790 3621 2980 3692; x_wconf 89' lang='lat' dir='ltr'><strong>Sparta</strong></span> <span class='ocrx_word' id='word_1_587' title='bbox 3026 3625 3359 3693; x_wconf 72' lang='lat' dir='ltr'><strong>przestiterit,</strong></span> <span class='ocrx_word' id='word_1_588' title='bbox 3387 3636 3441 3681; x_wconf 90' lang='lat' dir='ltr'><strong>et</strong></span> <span class='ocrx_word' id='word_1_589' title='bbox 3469 3640 3538 3682; x_wconf 89' lang='lat' dir='ltr'><strong>ne</strong></span> <span class='ocrx_word' id='word_1_590' title='bbox 3566 3628 3685 3697; x_wconf 90' lang='lat' dir='ltr'><strong>quis</strong></span> <span class='ocrx_word' id='word_1_591' title='bbox 3725 3630 3924 3686; x_wconf 80' lang='lat' dir='ltr'><strong>turbe-</strong></span> 
     </span>
    </p>
   </div>
   <div class='ocr_carea' id='block_1_95' title="bbox 2321 3712 3745 3777">
    <p class='ocr_par' dir='ltr' id='par_1_95' title="bbox 2321 3712 3745 3777">
     <span class='ocr_line' id='line_1_95' title="bbox 2321 3712 3745 3777; baseline 0.007 -11"><span class='ocrx_word' id='word_1_592' title='bbox 2321 3718 2427 3777; x_wconf 92' lang='lat' dir='ltr'><strong>tur,</strong></span> <span class='ocrx_word' id='word_1_593' title='bbox 2458 3712 2503 3767; x_wconf 88' lang='lat' dir='ltr'><strong>si</strong></span> <span class='ocrx_word' id='word_1_594' title='bbox 2532 3726 2561 3765; x_wconf 88' lang='lat' dir='ltr'><strong>a</strong></span> <span class='ocrx_word' id='word_1_595' title='bbox 2592 3713 2752 3768; x_wconf 87' lang='lat' dir='ltr'><strong>variis</strong></span> <span class='ocrx_word' id='word_1_596' title='bbox 2784 3715 2929 3769; x_wconf 85' lang='lat' dir='ltr'><strong>varie</strong></span> <span class='ocrx_word' id='word_1_597' title='bbox 2960 3716 3054 3769; x_wconf 80' lang='lat' dir='ltr'><strong>has</strong></span> <span class='ocrx_word' id='word_1_598' title='bbox 3087 3715 3233 3771; x_wconf 87' lang='lat' dir='ltr'><strong>Vitas</strong></span> <span class='ocrx_word' id='word_1_599' title='bbox 3262 3718 3454 3775; x_wconf 88' lang='lat' dir='ltr'><strong>citatas</strong></span> <span class='ocrx_word' id='word_1_600' title='bbox 3486 3719 3745 3776; x_wconf 89' lang='lat' dir='ltr'><strong>inveniat.</strong></span> 
     </span>
    </p>
   </div>
   <div class='ocr_carea' id='block_1_96' title="bbox 2737 3848 3520 3909">
    <p class='ocr_par' dir='ltr' id='par_1_96' title="bbox 2737 3848 3520 3909">
     <span class='ocr_line' id='line_1_96' title="bbox 2737 3848 3520 3909; baseline 0.008 -6"><span class='ocrx_word' id='word_1_601' title='bbox 2737 3848 3295 3907; x_wconf 83' lang='lat' dir='ltr'><strong>PROLEGOMENON</strong></span> <span class='ocrx_word' id='word_1_602' title='bbox 3330 3852 3520 3909; x_wconf 74' lang='lat' dir='ltr'><strong>XVIII.</strong></span> 
     </span>
    </p>
   </div>
   <div class='ocr_carea' id='block_1_97' title="bbox 2413 3962 3819 4035">
    <p class='ocr_par' dir='ltr' id='par_1_97' title="bbox 2413 3962 3819 4035">
     <span class='ocr_line' id='line_1_97' title="bbox 2413 3962 3819 4035; baseline 0.007 -19"><span class='ocrx_word' id='word_1_603' title='bbox 2413 3962 2489 4018; x_wconf 74' lang='lat' dir='ltr'><strong>De</strong></span> <span class='ocrx_word' id='word_1_604' title='bbox 2509 3964 2676 4034; x_wconf 87' lang='lat' dir='ltr'><strong>prima</strong></span> <span class='ocrx_word' id='word_1_605' title='bbox 2698 3966 2947 4030; x_wconf 86' lang='lat' dir='ltr'><strong>omnium,</strong></span> <span class='ocrx_word' id='word_1_606' title='bbox 2979 3966 3113 4035; x_wconf 87' lang='lat' dir='ltr'><strong>quod</strong></span> <span class='ocrx_word' id='word_1_607' title='bbox 3141 3967 3327 4033; x_wconf 85' lang='lat' dir='ltr'><strong>sciam,</strong></span> <span class='ocrx_word' id='word_1_608' title='bbox 3358 3968 3582 4023; x_wconf 79' lang='lat' dir='ltr'><strong>editione</strong></span> <span class='ocrx_word' id='word_1_609' title='bbox 3605 3967 3819 4026; x_wconf 87' lang='lat' dir='ltr'><strong>Latina.</strong></span> 
     </span>
    </p>
   </div>
   <div class='ocr_carea' id='block_1_98' title="bbox 2391 4076 3921 4150">
    <p class='ocr_par' dir='ltr' id='par_1_98' title="bbox 2391 4076 3921 4150">
     <span class='ocr_line' id='line_1_98' title="bbox 2391 4076 3921 4150; baseline 0.005 -18"><span class='ocrx_word' id='word_1_610' title='bbox 2391 4076 2527 4149; x_wconf 75' lang='grc' dir='ltr'><strong>[ιιι]</strong></span> <span class='ocrx_word' id='word_1_611' title='bbox 2572 4078 2751 4133; x_wconf 90' lang='lat' dir='ltr'><strong>Prima</strong></span> <span class='ocrx_word' id='word_1_612' title='bbox 2776 4078 3037 4143; x_wconf 92' lang='lat' dir='ltr'><strong>omnium,</strong></span> <span class='ocrx_word' id='word_1_613' title='bbox 3066 4079 3208 4149; x_wconf 90' lang='lat' dir='ltr'><strong>quod</strong></span> <span class='ocrx_word' id='word_1_614' title='bbox 3264 4080 3451 4150; x_wconf 90' lang='lat' dir='ltr'><strong>sciam,</strong></span> <span class='ocrx_word' id='word_1_615' title='bbox 3499 4080 3667 4137; x_wconf 90' lang='lat' dir='ltr'><strong>editio</strong></span> <span class='ocrx_word' id='word_1_616' title='bbox 3697 4092 3785 4137; x_wconf 88' lang='lat' dir='ltr'><strong>est</strong></span> <span class='ocrx_word' id='word_1_617' title='bbox 3827 4086 3921 4140; x_wconf 90' lang='lat' dir='ltr'><strong>in-</strong></span> 
     </span>
    </p>
   </div>
   <div class='ocr_carea' id='block_1_99' title="bbox 2317 4168 3913 4249">
    <p class='ocr_par' dir='ltr' id='par_1_99' title="bbox 2317 4168 3913 4249">
     <span class='ocr_line' id='line_1_99' title="bbox 2317 4168 3913 4249; baseline 0.004 -24"><span class='ocrx_word' id='word_1_618' title='bbox 2317 4168 2465 4237; x_wconf 84' lang='lat' dir='ltr'><strong>I&#39;olio,</strong></span> <span class='ocrx_word' id='word_1_619' title='bbox 2497 4172 2702 4242; x_wconf 84' lang='lat' dir='ltr'><strong>absque</strong></span> <span class='ocrx_word' id='word_1_620' title='bbox 2734 4170 2852 4226; x_wconf 87' lang='lat' dir='ltr'><strong>libri</strong></span> <span class='ocrx_word' id='word_1_621' title='bbox 2883 4171 3232 4241; x_wconf 89' lang='lat' dir='ltr'><strong>inscriptione</strong></span> <span class='ocrx_word' id='word_1_622' title='bbox 3254 4187 3351 4228; x_wconf 90' lang='lat' dir='ltr'><strong>seu</strong></span> <span class='ocrx_word' id='word_1_623' title='bbox 3382 4172 3557 4240; x_wconf 91' lang='lat' dir='ltr'><strong>titulo,</strong></span> <span class='ocrx_word' id='word_1_624' title='bbox 3590 4174 3798 4245; x_wconf 87' lang='lat' dir='ltr'><strong>absque</strong></span> <span class='ocrx_word' id='word_1_625' title='bbox 3823 4186 3913 4249; x_wconf 79' lang='lat' dir='ltr'><strong>ty-</strong></span> 
     </span>
    </p>
   </div>
   <div class='ocr_carea' id='block_1_100' title="bbox 2318 4265 3922 4341">
    <p class='ocr_par' dir='ltr' id='par_1_100' title="bbox 2318 4265 3922 4341">
     <span class='ocr_line' id='line_1_100' title="bbox 2318 4265 3922 4341; baseline 0.004 -21"><span class='ocrx_word' id='word_1_626' title='bbox 2318 4265 2576 4337; x_wconf 88' lang='lat' dir='ltr'><strong>pographi</strong></span> <span class='ocrx_word' id='word_1_627' title='bbox 2633 4266 2887 4329; x_wconf 88' lang='lat' dir='ltr'><strong>nomine,</strong></span> <span class='ocrx_word' id='word_1_628' title='bbox 2950 4265 3068 4319; x_wconf 93' lang='lat' dir='ltr'><strong>loco</strong></span> <span class='ocrx_word' id='word_1_629' title='bbox 3131 4273 3186 4320; x_wconf 90' lang='lat' dir='ltr'><strong>et</strong></span> <span class='ocrx_word' id='word_1_630' title='bbox 3238 4281 3381 4321; x_wconf 90' lang='lat' dir='ltr'><strong>anno</strong></span> <span class='ocrx_word' id='word_1_631' title='bbox 3432 4266 3718 4333; x_wconf 85' lang='lat' dir='ltr'><strong>editionis;</strong></span> <span class='ocrx_word' id='word_1_632' title='bbox 3768 4270 3922 4341; x_wconf 80' lang='lat' dir='ltr'><strong>typis</strong></span> 
     </span>
    </p>
   </div>
   <div class='ocr_carea' id='block_1_101' title="bbox 2318 4358 3919 4431">
    <p class='ocr_par' dir='ltr' id='par_1_101' title="bbox 2318 4358 3919 4431">
     <span class='ocr_line' id='line_1_101' title="bbox 2318 4358 3919 4431; baseline 0.006 -20"><span class='ocrx_word' id='word_1_633' title='bbox 2318 4358 2475 4428; x_wconf 88' lang='lat' dir='ltr'><strong>plane</strong></span> <span class='ocrx_word' id='word_1_634' title='bbox 2506 4358 2726 4413; x_wconf 91' lang='lat' dir='ltr'><strong>rudibus</strong></span> <span class='ocrx_word' id='word_1_635' title='bbox 2773 4373 2940 4428; x_wconf 63' lang='lat' dir='ltr'><strong>:qua&#39;.</strong></span> <span class='ocrx_word' id='word_1_636' title='bbox 2986 4359 3165 4413; x_wconf 92' lang='lat' dir='ltr'><strong>omnia</strong></span> <span class='ocrx_word' id='word_1_637' title='bbox 3210 4368 3459 4431; x_wconf 87' lang='lat' dir='ltr'><strong>arguunt,</strong></span> <span class='ocrx_word' id='word_1_638' title='bbox 3514 4360 3710 4416; x_wconf 90' lang='lat' dir='ltr'><strong>librum</strong></span> <span class='ocrx_word' id='word_1_639' title='bbox 3767 4363 3919 4420; x_wconf 90' lang='lat' dir='ltr'><strong>hunc</strong></span> 
     </span>
    </p>
   </div>
   <div class='ocr_carea' id='block_1_102' title="bbox 2316 4448 3919 4527">
    <p class='ocr_par' dir='ltr' id='par_1_102' title="bbox 2316 4448 3919 4527">
     <span class='ocr_line' id='line_1_102' title="bbox 2316 4448 3919 4527; baseline 0.006 -22"><span class='ocrx_word' id='word_1_640' title='bbox 2316 4448 2518 4505; x_wconf 88' lang='lat' dir='ltr'><strong>editum</strong></span> <span class='ocrx_word' id='word_1_641' title='bbox 2552 4448 2739 4519; x_wconf 88' lang='lat' dir='ltr'><strong>inipsa</strong></span> <span class='ocrx_word' id='word_1_642' title='bbox 2774 4451 3140 4520; x_wconf 67' lang='lat' dir='ltr'><strong>typograpbiae</strong></span> <span class='ocrx_word' id='word_1_643' title='bbox 3164 4451 3411 4519; x_wconf 85' lang='lat' dir='ltr'><strong>infantia,</strong></span> <span class='ocrx_word' id='word_1_644' title='bbox 3437 4468 3559 4508; x_wconf 88' lang='lat' dir='ltr'><strong>cum</strong></span> <span class='ocrx_word' id='word_1_645' title='bbox 3588 4454 3919 4527; x_wconf 84' lang='lat' dir='ltr'><strong>plerumque</strong></span> 
     </span>
    </p>
   </div>
   <div class='ocr_carea' id='block_1_103' title="bbox 2316 4543 3921 4615">
    <p class='ocr_par' dir='ltr' id='par_1_103' title="bbox 2316 4543 3921 4615">
     <span class='ocr_line' id='line_1_103' title="bbox 2316 4543 3921 4615; baseline 0.006 -17"><span class='ocrx_word' id='word_1_646' title='bbox 2316 4545 2496 4599; x_wconf 89' lang='lat' dir='ltr'><strong>omnia</strong></span> <span class='ocrx_word' id='word_1_647' title='bbox 2528 4543 2619 4599; x_wconf 89' lang='lat' dir='ltr'><strong>illa</strong></span> <span class='ocrx_word' id='word_1_648' title='bbox 2646 4544 2920 4613; x_wconf 69' lang='lat' dir='ltr'><strong>praemissa</strong></span> <span class='ocrx_word' id='word_1_649' title='bbox 2949 4546 3123 4600; x_wconf 87' lang='lat' dir='ltr'><strong>omitti</strong></span> <span class='ocrx_word' id='word_1_650' title='bbox 3155 4546 3423 4615; x_wconf 86' lang='lat' dir='ltr'><strong>solebant,</strong></span> <span class='ocrx_word' id='word_1_651' title='bbox 3446 4557 3502 4604; x_wconf 91' lang='lat' dir='ltr'><strong>et</strong></span> <span class='ocrx_word' id='word_1_652' title='bbox 3532 4550 3771 4605; x_wconf 86' lang='lat' dir='ltr'><strong>nondum</strong></span> <span class='ocrx_word' id='word_1_653' title='bbox 3796 4553 3921 4608; x_wconf 83' lang='lat' dir='ltr'><strong>ele-</strong></span> 
     </span>
    </p>
   </div>
   <div class='ocr_carea' id='block_1_104' title="bbox 2317 4637 3247 4708">
    <p class='ocr_par' dir='ltr' id='par_1_104' title="bbox 2317 4637 3247 4708">
     <span class='ocr_line' id='line_1_104' title="bbox 2317 4637 3247 4708; baseline 0.003 -17"><span class='ocrx_word' id='word_1_654' title='bbox 2317 4637 2617 4706; x_wconf 79' lang='lat' dir='ltr'><strong>gentiorum</strong></span> <span class='ocrx_word' id='word_1_655' title='bbox 2652 4645 2899 4708; x_wconf 84' lang='lat' dir='ltr'><strong>typorum</strong></span> <span class='ocrx_word' id='word_1_656' title='bbox 2930 4652 3059 4692; x_wconf 88' lang='lat' dir='ltr'><strong>usus</strong></span> <span class='ocrx_word' id='word_1_657' title='bbox 3084 4648 3247 4694; x_wconf 89' lang='lat' dir='ltr'><strong>esset.</strong></span> 
     </span>
    </p>
   </div>
   <div class='ocr_carea' id='block_1_105' title="bbox 2246 4728 3922 4803">
    <p class='ocr_par' dir='ltr' id='par_1_105' title="bbox 2246 4728 3922 4803">
     <span class='ocr_line' id='line_1_105' title="bbox 2246 4728 3922 4803; baseline 0.004 -21"><span class='ocrx_word' id='word_1_658' title='bbox 2246 4735 2295 4797; x_wconf 84' lang='grc' dir='ltr'><strong>ι)</strong></span> <span class='ocrx_word' id='word_1_659' title='bbox 2391 4728 2602 4784; x_wconf 90' lang='lat' dir='ltr'><strong>Initium</strong></span> <span class='ocrx_word' id='word_1_660' title='bbox 2633 4729 2753 4784; x_wconf 91' lang='lat' dir='ltr'><strong>libri</strong></span> <span class='ocrx_word' id='word_1_661' title='bbox 2780 4730 2859 4784; x_wconf 89' lang='lat' dir='ltr'><strong>sic</strong></span> <span class='ocrx_word' id='word_1_662' title='bbox 2893 4729 3044 4784; x_wconf 87' lang='lat' dir='ltr'><strong>habet</strong></span> <span class='ocrx_word' id='word_1_663' title='bbox 3082 4747 3095 4782; x_wconf 91' lang='lat'><strong>:</strong></span> <span class='ocrx_word' id='word_1_664' title='bbox 3130 4728 3319 4801; x_wconf 85' lang='lat' dir='ltr'><strong>Incipit</strong></span> <span class='ocrx_word' id='word_1_665' title='bbox 3343 4732 3582 4803; x_wconf 67' lang='lat' dir='ltr'><strong>praefatio</strong></span> <span class='ocrx_word' id='word_1_666' title='bbox 3612 4732 3751 4787; x_wconf 79' lang='lat' dir='ltr'><strong>beati</strong></span> <span class='ocrx_word' id='word_1_667' title='bbox 3782 4734 3922 4790; x_wconf 83' lang='lat' dir='ltr'><strong>Ilie-</strong></span> 
     </span>
    </p>
   </div>
   <div class='ocr_carea' id='block_1_106' title="bbox 2314 4824 3923 4895">
    <p class='ocr_par' dir='ltr' id='par_1_106' title="bbox 2314 4824 3923 4895">
     <span class='ocr_line' id='line_1_106' title="bbox 2314 4824 3923 4895; baseline 0.002 -17"><span class='ocrx_word' id='word_1_668' title='bbox 2314 4826 2516 4895; x_wconf 67' lang='grc' dir='ltr'><strong>νωινωὶ</strong></span> <span class='ocrx_word' id='word_1_669' title='bbox 2574 4824 2871 4895; x_wconf 72' lang='lat' dir='ltr'><strong>presbyteri,</strong></span> <span class='ocrx_word' id='word_1_670' title='bbox 2902 4824 2953 4877; x_wconf 87' lang='lat' dir='ltr'><strong>in</strong></span> <span class='ocrx_word' id='word_1_671' title='bbox 3005 4824 3226 4891; x_wconf 84' lang='lat' dir='ltr'><strong>primum</strong></span> <span class='ocrx_word' id='word_1_672' title='bbox 3266 4825 3454 4878; x_wconf 87' lang='lat' dir='ltr'><strong>librum</strong></span> <span class='ocrx_word' id='word_1_673' title='bbox 3506 4826 3569 4880; x_wconf 86' lang='lat' dir='ltr'><strong>de</strong></span> <span class='ocrx_word' id='word_1_674' title='bbox 3628 4824 3745 4880; x_wconf 82' lang='lat' dir='ltr'><strong>Vita</strong></span> <span class='ocrx_word' id='word_1_675' title='bbox 3793 4844 3923 4882; x_wconf 84' lang='lat' dir='ltr'><strong>san-</strong></span> 
     </span>
    </p>
   </div>
   <div class='ocr_carea' id='block_1_107' title="bbox 2316 4916 3921 4987">
    <p class='ocr_par' dir='ltr' id='par_1_107' title="bbox 2316 4916 3921 4987">
     <span class='ocr_line' id='line_1_107' title="bbox 2316 4916 3921 4987; baseline 0.006 -16"><span class='ocrx_word' id='word_1_676' title='bbox 2316 4928 2511 4973; x_wconf 85' lang='lat' dir='ltr'><strong>ctorum</strong></span> <span class='ocrx_word' id='word_1_677' title='bbox 2564 4916 2799 4971; x_wconf 88' lang='lat' dir='ltr'><strong>Patrum.</strong></span> <span class='ocrx_word' id='word_1_678' title='bbox 2834 4917 3071 4972; x_wconf 86' lang='lat' dir='ltr'><strong>Deinde:</strong></span> <span class='ocrx_word' id='word_1_679' title='bbox 3107 4917 3416 4973; x_wconf 78' lang='lat' dir='ltr'><strong>Benedictus</strong></span> <span class='ocrx_word' id='word_1_680' title='bbox 3448 4918 3623 4987; x_wconf 82' lang='lat' dir='ltr'><strong>Deus,</strong></span> <span class='ocrx_word' id='word_1_681' title='bbox 3654 4931 3763 4977; x_wconf 92' lang='lat' dir='ltr'><strong>etc.</strong></span> <span class='ocrx_word' id='word_1_682' title='bbox 3810 4924 3921 4981; x_wconf 76' lang='lat' dir='ltr'><strong>De-</strong></span> 
     </span>
    </p>
   </div>
   <div class='ocr_carea' id='block_1_108' title="bbox 2314 5010 3919 5086">
    <p class='ocr_par' dir='ltr' id='par_1_108' title="bbox 2314 5010 3919 5086">
     <span class='ocr_line' id='line_1_108' title="bbox 2314 5010 3919 5086; baseline 0.006 -20"><span class='ocrx_word' id='word_1_683' title='bbox 2314 5010 2445 5066; x_wconf 89' lang='lat' dir='ltr'><strong>sinit</strong></span> <span class='ocrx_word' id='word_1_684' title='bbox 2492 5018 2633 5064; x_wconf 87' lang='lat' dir='ltr'><strong>totus</strong></span> <span class='ocrx_word' id='word_1_685' title='bbox 2663 5010 2798 5065; x_wconf 90' lang='lat' dir='ltr'><strong>liber</strong></span> <span class='ocrx_word' id='word_1_686' title='bbox 2830 5010 2881 5064; x_wconf 93' lang='lat' dir='ltr'><strong>in</strong></span> <span class='ocrx_word' id='word_1_687' title='bbox 2930 5010 3131 5066; x_wconf 84' lang='lat' dir='ltr'><strong>Marino</strong></span> <span class='ocrx_word' id='word_1_688' title='bbox 3180 5013 3464 5081; x_wconf 87' lang='lat' dir='ltr'><strong>monacho,</strong></span> <span class='ocrx_word' id='word_1_689' title='bbox 3494 5015 3650 5086; x_wconf 88' lang='lat' dir='ltr'><strong>cujus</strong></span> <span class='ocrx_word' id='word_1_690' title='bbox 3694 5017 3919 5077; x_wconf 88' lang='lat' dir='ltr'><strong>initium</strong></span> 
     </span>
    </p>
   </div>
   <div class='ocr_carea' id='block_1_109' title="bbox 2314 5101 3921 5184">
    <p class='ocr_par' dir='ltr' id='par_1_109' title="bbox 2314 5101 3921 5184">
     <span class='ocr_line' id='line_1_109' title="bbox 2314 5101 3921 5184; baseline 0.007 -23"><span class='ocrx_word' id='word_1_691' title='bbox 2314 5112 2400 5161; x_wconf 86' lang='lat' dir='ltr'><strong>est</strong></span> <span class='ocrx_word' id='word_1_692' title='bbox 2434 5120 2448 5157; x_wconf 90' lang='lat'><strong>:</strong></span> <span class='ocrx_word' id='word_1_693' title='bbox 2482 5101 2608 5158; x_wconf 89' lang='lat' dir='ltr'><strong>Erat</strong></span> <span class='ocrx_word' id='word_1_694' title='bbox 2637 5106 2847 5175; x_wconf 86' lang='lat' dir='ltr'><strong>quidam</strong></span> <span class='ocrx_word' id='word_1_695' title='bbox 2885 5106 3172 5173; x_wconf 59' lang='lat' dir='ltr'><strong>surcularis,</strong></span> <span class='ocrx_word' id='word_1_696' title='bbox 3215 5110 3376 5166; x_wconf 83' lang='lat' dir='ltr'><strong>finis:</strong></span> <span class='ocrx_word' id='word_1_697' title='bbox 3410 5110 3511 5166; x_wconf 87' lang='lat' dir='ltr'><strong>Ubi</strong></span> <span class='ocrx_word' id='word_1_698' title='bbox 3548 5128 3711 5184; x_wconf 79' lang='lat' dir='ltr'><strong>usque</strong></span> <span class='ocrx_word' id='word_1_699' title='bbox 3758 5119 3921 5173; x_wconf 79' lang='lat' dir='ltr'><strong>modo</strong></span> 
     </span>
    </p>
   </div>
   <div class='ocr_carea' id='block_1_110' title="bbox 2317 5203 3923 5277">
    <p class='ocr_par' dir='ltr' id='par_1_110' title="bbox 2317 5203 3923 5277">
     <span class='ocr_line' id='line_1_110' title="bbox 2317 5203 3923 5277; baseline 0.003 -16"><span class='ocrx_word' id='word_1_700' title='bbox 2317 5203 2548 5261; x_wconf 77' lang='lat' dir='ltr'><strong>Christus</strong></span> <span class='ocrx_word' id='word_1_701' title='bbox 2574 5204 2892 5259; x_wconf 83' lang='lat' dir='ltr'><strong>orationibus</strong></span> <span class='ocrx_word' id='word_1_702' title='bbox 2918 5216 3108 5261; x_wconf 67' lang='lat' dir='ltr'><strong>sancta</strong></span> <span class='ocrx_word' id='word_1_703' title='bbox 3143 5205 3374 5277; x_wconf 85' lang='lat' dir='ltr'><strong>Virginis</strong></span> <span class='ocrx_word' id='word_1_704' title='bbox 3397 5208 3562 5262; x_wconf 87' lang='lat' dir='ltr'><strong>multa</strong></span> <span class='ocrx_word' id='word_1_705' title='bbox 3594 5209 3720 5270; x_wconf 79' lang='lat' dir='ltr'><strong>facit</strong></span> <span class='ocrx_word' id='word_1_706' title='bbox 3749 5212 3923 5267; x_wconf 83' lang='lat' dir='ltr'><strong>mira-</strong></span> 
     </span>
    </p>
   </div>
   <div class='ocr_carea' id='block_1_111' title="bbox 2319 5296 3919 5373">
    <p class='ocr_par' dir='ltr' id='par_1_111' title="bbox 2319 5296 3919 5373">
     <span class='ocr_line' id='line_1_111' title="bbox 2319 5296 3919 5373; baseline 0.004 -22"><span class='ocrx_word' id='word_1_707' title='bbox 2319 5297 2463 5363; x_wconf 79' lang='lat' dir='ltr'><strong>bilia,</strong></span> <span class='ocrx_word' id='word_1_708' title='bbox 2494 5296 2563 5352; x_wconf 85' lang='lat' dir='ltr'><strong>ad</strong></span> <span class='ocrx_word' id='word_1_709' title='bbox 2593 5296 2797 5351; x_wconf 79' lang='lat' dir='ltr'><strong>Iaudem</strong></span> <span class='ocrx_word' id='word_1_710' title='bbox 2826 5307 2873 5352; x_wconf 86' lang='lat' dir='ltr'><strong>et</strong></span> <span class='ocrx_word' id='word_1_711' title='bbox 2900 5298 3120 5369; x_wconf 85' lang='lat' dir='ltr'><strong>gloriam</strong></span> <span class='ocrx_word' id='word_1_712' title='bbox 3148 5299 3373 5353; x_wconf 87' lang='lat' dir='ltr'><strong>nominis</strong></span> <span class='ocrx_word' id='word_1_713' title='bbox 3400 5300 3503 5364; x_wconf 89' lang='lat' dir='ltr'><strong>sui,</strong></span> <span class='ocrx_word' id='word_1_714' title='bbox 3530 5302 3621 5373; x_wconf 81' lang='lat' dir='ltr'><strong>qui</strong></span> <span class='ocrx_word' id='word_1_715' title='bbox 3650 5318 3770 5357; x_wconf 83' lang='lat' dir='ltr'><strong>cum</strong></span> <span class='ocrx_word' id='word_1_716' title='bbox 3801 5300 3919 5359; x_wconf 85' lang='lat' dir='ltr'><strong>Pa-</strong></span> 
     </span>
    </p>
   </div>
   <div class='ocr_carea' id='block_1_112' title="bbox 2316 5399 2551 5454">
    <p class='ocr_par' dir='ltr' id='par_1_112' title="bbox 2316 5399 2551 5454">
     <span class='ocr_line' id='line_1_112' title="bbox 2316 5399 2551 5454; baseline 0 -10"><span class='ocrx_word' id='word_1_717' title='bbox 2316 5400 2416 5454; x_wconf 84' lang='lat' dir='ltr'><strong>tre,</strong></span> <span class='ocrx_word' id='word_1_718' title='bbox 2445 5399 2551 5445; x_wconf 76' lang='lat' dir='ltr'><strong>CIC.</strong></span> 
     </span>
    </p>
   </div>
   <div class='ocr_carea' id='block_1_113' title="bbox 2385 5480 3658 5544">
    <p class='ocr_par' dir='ltr' id='par_1_113' title="bbox 2385 5480 3658 5544">
     <span class='ocr_line' id='line_1_113' title="bbox 2385 5480 3658 5544; baseline 0.005 -6"><span class='ocrx_word' id='word_1_719' title='bbox 2385 5482 2611 5538; x_wconf 88' lang='lat' dir='ltr'><strong>Constat</strong></span> <span class='ocrx_word' id='word_1_720' title='bbox 2637 5490 2814 5537; x_wconf 89' lang='lat' dir='ltr'><strong>autem</strong></span> <span class='ocrx_word' id='word_1_721' title='bbox 2848 5480 2962 5537; x_wconf 81' lang='lat' dir='ltr'><strong>haec</strong></span> <span class='ocrx_word' id='word_1_722' title='bbox 2990 5482 3154 5537; x_wconf 88' lang='lat' dir='ltr'><strong>editio</strong></span> <span class='ocrx_word' id='word_1_723' title='bbox 3175 5482 3395 5539; x_wconf 87' lang='lat' dir='ltr'><strong>omnino</strong></span> <span class='ocrx_word' id='word_1_724' title='bbox 3421 5500 3451 5538; x_wconf 86' lang='lat' dir='ltr'><strong>v</strong></span> <span class='ocrx_word' id='word_1_725' title='bbox 3480 5483 3658 5544; x_wconf 89' lang='lat' dir='ltr'><strong>libris.</strong></span> 
     </span>
    </p>
   </div>
   <div class='ocr_carea' id='block_1_114' title="bbox 2382 5571 3917 5653">
    <p class='ocr_par' dir='ltr' id='par_1_114' title="bbox 2382 5571 3917 5653">
     <span class='ocr_line' id='line_1_114' title="bbox 2382 5571 3917 5653; baseline 0.003 -24"><span class='ocrx_word' id='word_1_726' title='bbox 2382 5575 2593 5630; x_wconf 91' lang='lat' dir='ltr'><strong>Primus</strong></span> <span class='ocrx_word' id='word_1_727' title='bbox 2624 5572 2758 5628; x_wconf 87' lang='lat' dir='ltr'><strong>liber</strong></span> <span class='ocrx_word' id='word_1_728' title='bbox 2788 5571 2971 5640; x_wconf 89' lang='lat' dir='ltr'><strong>incipit</strong></span> <span class='ocrx_word' id='word_1_729' title='bbox 2997 5589 3028 5628; x_wconf 90' lang='lat' dir='ltr'><strong>a</strong></span> <span class='ocrx_word' id='word_1_730' title='bbox 3060 5573 3283 5644; x_wconf 82' lang='lat' dir='ltr'><strong>prologo</strong></span> <span class='ocrx_word' id='word_1_731' title='bbox 3313 5574 3427 5645; x_wconf 90' lang='lat' dir='ltr'><strong>(qui</strong></span> <span class='ocrx_word' id='word_1_732' title='bbox 3459 5576 3616 5631; x_wconf 90' lang='lat' dir='ltr'><strong>beato</strong></span> <span class='ocrx_word' id='word_1_733' title='bbox 3642 5577 3917 5653; x_wconf 77' lang='lat' dir='ltr'><strong>Ilierony-</strong></span> 
     </span>
    </p>
   </div>
   <div class='ocr_carea' id='block_1_115' title="bbox 2309 5666 3910 5742">
    <p class='ocr_par' dir='ltr' id='par_1_115' title="bbox 2309 5666 3910 5742">
     <span class='ocr_line' id='line_1_115' title="bbox 2309 5666 3910 5742; baseline 0.004 -16"><span class='ocrx_word' id='word_1_734' title='bbox 2309 5686 2400 5727; x_wconf 92' lang='lat' dir='ltr'><strong>mo</strong></span> <span class='ocrx_word' id='word_1_735' title='bbox 2419 5668 2686 5734; x_wconf 91' lang='lat' dir='ltr'><strong>tribuitur,</strong></span> <span class='ocrx_word' id='word_1_736' title='bbox 2708 5667 2784 5721; x_wconf 92' lang='lat' dir='ltr'><strong>uti</strong></span> <span class='ocrx_word' id='word_1_737' title='bbox 2802 5676 2853 5721; x_wconf 89' lang='lat' dir='ltr'><strong>et</strong></span> <span class='ocrx_word' id='word_1_738' title='bbox 2876 5675 3017 5722; x_wconf 89' lang='lat' dir='ltr'><strong>totus</strong></span> <span class='ocrx_word' id='word_1_739' title='bbox 3034 5668 3077 5721; x_wconf 92' lang='lat' dir='ltr'><strong>is</strong></span> <span class='ocrx_word' id='word_1_740' title='bbox 3102 5668 3257 5738; x_wconf 88' lang='lat' dir='ltr'><strong>liber)</strong></span> <span class='ocrx_word' id='word_1_741' title='bbox 3272 5666 3584 5725; x_wconf 77' lang='lat' dir='ltr'><strong>Benedictus</strong></span> <span class='ocrx_word' id='word_1_742' title='bbox 3602 5671 3769 5742; x_wconf 80' lang='lat' dir='ltr'><strong>Deus,</strong></span> <span class='ocrx_word' id='word_1_743' title='bbox 3794 5684 3910 5731; x_wconf 87' lang='lat' dir='ltr'><strong>etc.</strong></span> 
     </span>
    </p>
   </div>
   <div class='ocr_carea' id='block_1_116' title="bbox 2310 5758 3916 5838">
    <p class='ocr_par' dir='ltr' id='par_1_116' title="bbox 2310 5758 3916 5838">
     <span class='ocr_line' id='line_1_116' title="bbox 2310 5758 3916 5838; baseline 0.003 -19"><span class='ocrx_word' id='word_1_744' title='bbox 2310 5761 2515 5819; x_wconf 90' lang='lat' dir='ltr'><strong>Deinde</strong></span> <span class='ocrx_word' id='word_1_745' title='bbox 2541 5775 2570 5815; x_wconf 94' lang='lat' dir='ltr'><strong>a</strong></span> <span class='ocrx_word' id='word_1_746' title='bbox 2595 5760 2711 5815; x_wconf 87' lang='lat' dir='ltr'><strong>Vita</strong></span> <span class='ocrx_word' id='word_1_747' title='bbox 2741 5760 2911 5815; x_wconf 87' lang='lat' dir='ltr'><strong>sancti</strong></span> <span class='ocrx_word' id='word_1_748' title='bbox 2940 5758 3162 5815; x_wconf 78' lang='lat' dir='ltr'><strong>Joannis</strong></span> <span class='ocrx_word' id='word_1_749' title='bbox 3191 5760 3403 5816; x_wconf 87' lang='lat' dir='ltr'><strong>abbatis</strong></span> <span class='ocrx_word' id='word_1_750' title='bbox 3433 5779 3446 5815; x_wconf 91' lang='lat'><strong>:</strong></span> <span class='ocrx_word' id='word_1_751' title='bbox 3475 5760 3717 5820; x_wconf 80' lang='lat' dir='ltr'><strong>Primum</strong></span> <span class='ocrx_word' id='word_1_752' title='bbox 3748 5767 3916 5838; x_wconf 78' lang='lat' dir='ltr'><strong>igitur</strong></span> 
     </span>
    </p>
   </div>
   <div class='ocr_carea' id='block_1_117' title="bbox 2308 5853 3909 5925">
    <p class='ocr_par' dir='ltr' id='par_1_117' title="bbox 2308 5853 3909 5925">
     <span class='ocr_line' id='line_1_117' title="bbox 2308 5853 3909 5925; baseline 0.001 -11"><span class='ocrx_word' id='word_1_753' title='bbox 2308 5869 2550 5925; x_wconf 80' lang='lat' dir='ltr'><strong>tanquam</strong></span> <span class='ocrx_word' id='word_1_754' title='bbox 2589 5871 2762 5910; x_wconf 78' lang='lat' dir='ltr'><strong>verum</strong></span> <span class='ocrx_word' id='word_1_755' title='bbox 2792 5854 3204 5923; x_wconf 78' lang='lat' dir='ltr'><strong>fundamentum.</strong></span> <span class='ocrx_word' id='word_1_756' title='bbox 3250 5853 3392 5909; x_wconf 86' lang='lat' dir='ltr'><strong>Finit</strong></span> <span class='ocrx_word' id='word_1_757' title='bbox 3423 5854 3510 5912; x_wconf 88' lang='lat' dir='ltr'><strong>hic</strong></span> <span class='ocrx_word' id='word_1_758' title='bbox 3542 5855 3682 5912; x_wconf 87' lang='lat' dir='ltr'><strong>liber</strong></span> <span class='ocrx_word' id='word_1_759' title='bbox 3712 5857 3769 5914; x_wconf 89' lang='lat' dir='ltr'><strong>in</strong></span> <span class='ocrx_word' id='word_1_760' title='bbox 3812 5874 3909 5916; x_wconf 75' lang='lat' dir='ltr'><strong>se-</strong></span> 
     </span>
    </p>
   </div>
   <div class='ocr_carea' id='block_1_118' title="bbox 2308 5942 3910 6024">
    <p class='ocr_par' dir='ltr' id='par_1_118' title="bbox 2308 5942 3910 6024">
     <span class='ocr_line' id='line_1_118' title="bbox 2308 5942 3910 6024; baseline 0 -17"><span class='ocrx_word' id='word_1_761' title='bbox 2308 5959 2453 6024; x_wconf 79' lang='lat' dir='ltr'><strong>ptem</strong></span> <span class='ocrx_word' id='word_1_762' title='bbox 2476 5947 2724 6018; x_wconf 77' lang='lat' dir='ltr'><strong>periculis</strong></span> <span class='ocrx_word' id='word_1_763' title='bbox 2754 5942 2983 6013; x_wconf 86' lang='lat' dir='ltr'><strong>itineris,</strong></span> <span class='ocrx_word' id='word_1_764' title='bbox 3014 5946 3154 6015; x_wconf 88' lang='lat' dir='ltr'><strong>quod</strong></span> <span class='ocrx_word' id='word_1_765' title='bbox 3182 5947 3429 6019; x_wconf 85' lang='lat' dir='ltr'><strong>caputita</strong></span> <span class='ocrx_word' id='word_1_766' title='bbox 3459 5948 3758 6008; x_wconf 86' lang='lat' dir='ltr'><strong>inchoatur</strong></span> <span class='ocrx_word' id='word_1_767' title='bbox 3796 5968 3813 6007; x_wconf 91' lang='lat'><strong>:</strong></span> <span class='ocrx_word' id='word_1_768' title='bbox 3843 5946 3910 6007; x_wconf 75' lang='lat' dir='ltr'><strong>In</strong></span> 
     </span>
    </p>
   </div>
  </div>
