4124 6350
219 423 289 478 65
1509 425 2062 483 PROLEGOMENON
2107 427 2246 483 XIX.
3431 431 3501 490 66

216 514 338 570 aliis
378 529 578 585 quoque
618 513 1015 583 quamplurimis
1048 516 1192 572 locis.
1222 517 1498 572 Clauditur
1543 534 1556 572 :
1593 518 1692 584 Qui
1719 534 1810 572 nos
1837 521 1894 581 Α
1918 518 1984 573 tis
2016 519 2230 588 gentilis
2261 520 2498 586 invento,
2530 535 2754 590 eamque
2797 522 2928 578 citat
2959 537 3022 578 ex
3077 524 3210 578 libro
3254 541 3304 578 tv
3353 525 3500 578 Vita-

218 607 281 660 de
312 606 466 660 tantis
489 603 730 675 periculis
769 605 1020 670 liberauit,
1061 617 1108 661 et
1149 616 1295 661 tanta
1324 608 1378 662 in
1419 608 1558 662 nobis
1596 609 1810 664 ostendit

217 699 496 766 mirabilia,
528 700 624 768 ipsi
643 699 811 769 gloria
842 700 896 754 in
922 703 1111 756 secula
1140 703 1468 758 steculorum.
1501 705 1683 758 Amen.

286 792 569 848 Secundus
618 791 755 848 liber
805 792 1048 864 incipita
1082 797 1343 867 prologo:
1385 795 1519 851 Vere
1561 799 1811 852 mundum

214 889 327 956 quis
353 887 546 939 dubitet
577 887 767 940 meritis
812 897 950 942 stare
992 898 1312 956 sanctorum,
1339 903 1444 946 etc.
1480 891 1609 948 Inde
1633 893 1809 962 sequi-

215 991 301 1037 tur
341 980 544 1036 dictum
600 982 826 1050 primum
878 997 894 1039 :
953 982 1178 1050 Quidam
1231 996 1534 1039 sanctorum
1585 984 1809 1040 Patrum

213 1076 496 1141 seniorum,
530 1075 960 1146 interrOgantibus
987 1093 1038 1130 se
1065 1078 1328 1132 monachis
1357 1078 1420 1132 de
1447 1095 1602 1132 causa
1649 1079 1805 1132 absti-

214 1173 422 1241 nentiaz,
451 1182 557 1228 etc.
593 1171 736 1226 Finit
760 1171 814 1226 in
844 1171 987 1227 dicto
1010 1171 1331 1245 Syncleticai
1359 1173 1427 1228 de
1456 1173 1768 1229 inﬁrmitate
1792 1189 1806 1227 :

216 1266 352 1334 Quia
383 1265 614 1319 interiori
645 1265 840 1319 homini
865 1274 1038 1320 nostro
1068 1267 1261 1320 sanitas
1283 1267 1404 1320 inde
1425 1267 1626 1322 crescit.

282 1357 499 1412 Tertius
539 1357 674 1412 liber
718 1356 906 1427 incipit
949 1373 978 1412 a
1011 1359 1230 1430 prologo
1265 1360 1486 1415 Palladii
1517 1359 1754 1430 epiSCOpi
1790 1377 1802 1412 :

213 1447 384 1501 Multa
425 1448 629 1517 quidem
673 1457 719 1502 et
752 1449 896 1502 uaria
947 1449 1158 1504 diversis
1200 1451 1510 1521 temporibus
1541 1469 1570 1503 a
1599 1449 1807 1504 diversis

211 1541 526 1610 conscripta,
551 1549 654 1593 etc.
680 1538 810 1594 Inde
825 1542 1065 1610 sequitur
1097 1553 1255 1612 caput
1280 1543 1508 1612 primum
1528 1561 1539 1596 :
1558 1542 1684 1596 Cum
1712 1542 1809 1612 pri-

209 1649 349 1686 mum
367 1634 822 1705 adAlexandriam
841 1636 1200 1706 perrexissem,
1232 1646 1336 1691 etc.
1359 1654 1372 1702 ;
1407 1637 1700 1692 secundum
1719 1653 1806 1692 ca-

209 1739 302 1798 put
335 1745 348 1780 :
380 1726 570 1781 Beatus
583 1737 750 1782 autem
767 1725 1003 1784 Isidorus
1021 1770 1036 1799 ρ
1069 1739 1172 1786 etc.
1194 1731 1337 1785 Finit
1359 1732 1409 1786 in
1432 1732 1579 1788 dicto
1599 1733 1806 1789 abbatis

207 1819 350 1876 Sisoi
388 1837 404 1874 :
443 1819 686 1894 Ignosce,
716 1823 785 1877 mi
815 1827 999 1892 frater,
1045 1825 1166 1894 quia
1213 1826 1441 1880 nondum
1485 1827 1652 1896 [actus
1694 1843 1807 1880 sum

1911 625 2032 665 rum
2061 608 2302 674 Patrum,
2327 627 2445 680 quae
2470 613 2524 666 in
2549 611 2646 666 hac
2675 613 2845 683 prima
2871 614 3105 669 editione
3140 615 3278 670 libro
3307 632 3361 670 iv
3400 616 3497 671 ha-

1911 703 2084 760 betur.
2115 705 2264 760 Obiit
2299 715 2476 761 autem
2510 707 2643 776 ipse,
2679 719 2812 763 teste
2842 709 3138 765 Trithemio
3169 711 3220 766 in
3251 712 3495 783 catalogo

1910 796 2194 852 illustrium
2227 796 2487 865 virorum,
2521 815 2586 854 eo
2614 801 2728 871 ipso
2777 818 2936 857 anno.
2973 803 3081 858 lmo
3129 814 3182 859 et
3237 818 3360 859 ante
3400 820 3500 859 an-

1910 905 2034 944 num
2066 888 2133 942 69
2162 899 2281 959 post
2310 891 2450 945 1400
2482 891 2772 947 editionem
2805 910 2921 949 eam
2972 905 3210 950 curatam
3239 896 3495 964 colligere

1910 990 1993 1039 est
2039 1000 2106 1038 ex
2154 985 2252 1039 Ms.
2306 985 2642 1042 Cortracensi
2691 990 3002 1043 monasterii
3037 991 3185 1045 Sion.
3228 991 3329 1058 Qui
3361 993 3494 1047 liber

1916 1075 2239 1130 verbotenus
2269 1092 2388 1130 cum
2421 1077 2688 1147 impresso
2715 1079 2816 1134 hoc
2845 1083 3115 1142 convenit,
3149 1091 3204 1134 ut
3234 1093 3490 1151 appareat

1915 1184 1980 1224 ex
2009 1184 2074 1224 eo
2099 1172 2450 1240 exscriptum.
2483 1171 2539 1225 In
2570 1172 2683 1242 ejus
2723 1181 2902 1228 autem
2947 1174 3045 1228 Ms.
3077 1174 3182 1228 line
3215 1175 3441 1230 habetur
3475 1193 3488 1231 :

1917 1281 1935 1315 ι
1971 1264 2277 1333 Completns
2310 1265 2361 1319 in
2391 1265 2550 1320 domo
2580 1281 2825 1322 sororum
2877 1267 3050 1322 beatze
3081 1268 3383 1323 Catharinae
3427 1268 3496 1323 de

1911 1365 2092 1410 monte
2121 1357 2292 1421 Sinai,
2326 1359 2616 1428 vulgariler
2648 1370 2955 1429 nuncupata
2985 1361 3053 1415 de
3087 1362 3239 1427 Sion,
3286 1377 3336 1415 in
3359 1363 3496 1416 Cur-

1909 1457 2076 1511 traco,
2107 1464 2247 1502 anno
2285 1449 2493 1504 Domini
2532 1450 2685 1517 1469,
2717 1453 2916 1507 mensis
2941 1452 3259 1507 Novembris
3289 1453 3378 1508 die
3409 1453 3494 1520 17,

1911 1540 2027 1610 ipso
2056 1539 2194 1596 festo
2226 1542 2365 1597 beati
2391 1543 2597 1597 Niniani
2629 1545 2864 1614 episcopi
2895 1559 2946 1600 et
2969 1545 3316 1601 confessoris.
3360 1565 3380 1598 ι

1981 1630 2154 1699 Atque
2201 1631 2312 1685 haec
2365 1632 2532 1700 prima
2566 1633 2752 1700 editio,
2790 1650 2850 1688 ea
2882 1637 3048 1688 forma
3078 1643 3132 1690 et
3162 1636 3350 1691 ordine
3389 1650 3496 1704 quo

1911 1737 2028 1778 eam
2062 1716 2540 1793 descripsi,‘tertio
2565 1727 2702 1797 typis
2724 1728 2818 1781 fuit
2838 1728 3126 1795 submissa,
3155 1746 3285 1798 quas
3309 1745 3496 1784 omnes

1914 1825 2023 1870 tres
2051 1815 2317 1871 editiones
2350 1819 2522 1885 primo
2550 1819 2669 1874 loco
2717 1823 2956 1891 suggerit
2983 1823 3258 1890 catalogus
3309 1824 3502 1878 editio-

207 1914 511 1970 menachus.
559 1915 685 1970 Inde
714 1915 1050 1972 subnectitur
1080 1917 1224 1972 velut
1260 1919 1525 1988 appendix
1574 1921 1805 1976 narratio

1914 1923 2038 1962 num
2067 1906 2178 1977 jam
2213 1909 2595 1978 prolegomeno
2629 1912 2695 1965 l7
2741 1912 2921 1967 datus.
2954 1911 3290 1969 Posteriores
3322 1924 3502 1971 tamen

204 2008 448 2077 qua’dam
473 2009 535 2062 de
561 2019 738 2064 sancto
767 2007 1022 2077 Macario,
1050 2026 1170 2078 quze
1200 2020 1284 2065 est
1325 2011 1395 2067 de
1426 2011 1672 2069 daamone
1703 2030 1804 2068 no-

205 2107 293 2153 ctu
346 2099 414 2154 ad
447 2100 641 2155 ostium
687 2100 901 2156 cellula:
929 2101 1044 2170 ejus
1091 2101 1358 2172 pulsante,
1409 2106 1561 2175 cujus
1592 2105 1805 2161 initiutn

205 2201 292 2249 est
336 2211 350 2248 :
385 2192 760 2264 Conﬁrmatum
806 2206 878 2250 est
925 2196 1068 2250 nobis
1116 2197 1178 2252 de
1203 2213 1262 2250 eo
1309 2197 1371 2251 ab
1397 2197 1477 2252 his
1507 2201 1596 2269 qui
1631 2203 1693 2256 de
1721 2218 1809 2257 ore

203 2288 319 2356 ejus
352 2287 648 2356 audierunt,
682 2299 786 2343 etc.
820 2287 966 2343 Finis
997 2306 1009 2340 :
1047 2287 1113 2342 Et
1149 2290 1500 2345 accedentium
1530 2293 1599 2347 ad
1642 2296 1808 2351 altare

203 2376 281 2430 rel
309 2377 598 2450 indignitas
625 2395 761 2446 eum,
791 2381 868 2434 vel
896 2381 1073 2435 merita
1105 2399 1203 2437 non
1232 2382 1468 2438 laterent.

273 2470 514 2538 Quartus
546 2472 680 2528 liber
710 2474 781 2528 ita
828 2473 1112 2529 inchoatur
1141 2491 1156 2530 :
1208 2475 1403 2544 Incipit
1436 2491 1807 2549 argumentum

203 2562 255 2616 in
281 2561 481 2617 librum
510 2574 748 2633 quartum
795 2566 859 2618 de
903 2565 1066 2620 verbis
1092 2575 1136 2621 et
1169 2570 1413 2639 exemplis
1445 2569 1552 2626 SS.
1586 2571 1808 2626 Patrum

204 2657 561 2723 eremitarum,
595 2660 745 2729 cujus
775 2659 1085 2728 principium
1120 2659 1365 2733 Pelagius
1398 2663 1459 2718 S.
1493 2663 1562 2720 Β.
1594 2663 1662 2720 E.
1698 2665 1808 2720 dia-

204 2769 387 2816 conus,
435 2762 662 2807 extrema
712 2769 828 2808 uero
874 2750 1102 2808 Joannes
1146 2755 1491 2811 subdiaconus
1522 2759 1585 2814 de
1627 2759 1806 2815 Graeco

205 2847 476 2901 transtulit
507 2848 559 2901 in
593 2847 856 2917 Latinum,
880 2850 945 2902 ad
975 2849 1364 2905 instructionent
1392 2853 1507 2907 rita?
1533 2855 1807 2909 monacho-

205 2957 341 2996 rum.
376 2941 627 3011 Sequitur
657 2959 671 2996 :
706 2940 817 3013 [ut]
851 2941 980 2996 Cum
1017 2944 1181 2997 omnis
1207 2947 1450 3015 praefatio
1481 2957 1675 3000 textum
1713 2964 1803 3018 0p-

205 3045 426 3104 portune
456 3035 791 3102 prteveniens,
821 3046 952 3106 etc.,
985 3037 1074 3091 ubi
1109 3037 1304 3092 dicitur
1335 3037 1469 3093 liber
1497 3038 1584 3093 hic
1605 3040 1800 3095 divisus

205 3126 254 3179 in
285 3125 465 3180 decem
489 3137 536 3180 et
579 3143 757 3182 novem
788 3140 978 3199 partes.
1027 3129 1201 3185 Prima
1234 3143 1411 3186 autem
1459 3148 1583 3202 pars
1611 3142 1694 3188 est
1724 3131 1803 3186 De

207 3221 441 3290 profectu
475 3222 732 3277 monachi.
767 3220 956 3292 Incipit
986 3240 998 3274 :
1031 3223 1110 3275 Ad
1142 3225 1426 3294 profectum
1456 3226 1802 3278 conversatio-

207 3316 278 3369 nis
307 3315 524 3383 quidam
566 3315 728 3384 frater
757 3319 1019 3384 pervenire
1047 3318 1277 3383 cupiens.
1315 3319 1531 3373 Decima
1565 3333 1704 3373 nona
1746 3328 1800 3372 et

208 3408 390 3462 ultima
421 3422 545 3477 pars
577 3426 590 3461 :
646 3406 898 3475 Exempla
930 3410 1229 3462 monasticae
1256 3411 1683 3465 conversationis.
1715 3410 1803 3465 ln-

207 3499 373 3568 eipit:
407 3498 527 3551 Duo
557 3499 766 3569 quidam
805 3497 992 3552 Patres
1022 3510 1333 3571 rogauerunt
1380 3501 1566 3556 Deum.
1612 3502 1799 3562 Finit:

208 3590 297 3646 Sic
323 3592 421 3645 erit
448 3602 495 3646 et
525 3591 730 3645 animae.
758 3589 982 3645 Additur
1018 3608 1031 3646 :
1062 3589 1112 3643 F
1116 3593 1271 3646 initur
1298 3591 1426 3648 liber
1456 3605 1668 3662 quartus
1700 3595 1796 3649 Vi-

208 3695 283 3739 tas
315 3685 554 3740 Patrum.
581 3685 708 3742 Inde
734 3687 1070 3742 subnectitur
1097 3703 1110 3740 :
1137 3686 1264 3742 Hac
1292 3699 1411 3742 sunt
1439 3689 1588 3743 verba
1610 3700 1802 3759 septem

207 3800 321 3851 qua!
345 3784 487 3836 misit
504 3782 660 3836 abbas
675 3781 880 3854 Moyses
904 3782 1074 3836 abbati
1098 3781 1326 3849 Pastori,
1359 3784 1410 3838 in
1432 3784 1616 3852 quibus
1647 3787 1807 3839 conti-

209 3888 355 3929 netur
379 3886 729 3929 consummata
752 3876 912 3929 virtus
941 3885 988 3928 et
1016 3876 1261 3945 perfectio
1278 3878 1533 3933 monac/ti.
1565 3879 1801 3934 Primum

207 3978 291 4022 est
312 3985 329 4023 :
350 3968 489 4033 Quia
502 3967 644 4022 debet
663 3968 815 4023 homo
828 3968 970 4036 quasi
982 3977 1215 4022 mortuus
1227 3984 1353 4023 esse.
1370 3969 1664 4038 Septimum
1688 3981 1769 4026 est
1787 3987 1800 4025 :

209 4058 507 4130 Interrogat
532 4077 648 4114 eum
687 4060 870 4114 iterum
898 4063 1079 4130 frater,
1114 4061 1290 4115 dicens
1316 4077 1333 4116 :
1365 4061 1499 4116 Ecce
1519 4061 1674 4116 homo
1704 4079 1804 4117 ca:-

207 4155 280 4205 dit
310 4169 518 4207 seruum
545 4168 719 4206 suum.
755 4153 935 4207 Finit:
973 4151 1178 4207 Modico
1206 4165 1431 4224 tempore
1451 4167 1523 4209 est
1559 4154 1724 4224 labor,
1754 4163 1802 4210 et

208 4247 258 4298 in
283 4245 652 4314 sempiternum
680 4252 749 4299 est
771 4246 993 4315 requies.

279 4357 512 4427 Quintus
553 4358 686 4414 liber
715 4357 1000 4413 inchoatur
1031 4376 1043 4412 :
1080 4356 1270 4430 Incipit
1300 4360 1542 4430 prologus
1575 4376 1627 4413 in
1653 4365 1806 4432 qum-

210 4462 315 4505 tum
344 4451 538 4506 librum
574 4450 718 4506 Vitas
752 4450 987 4505 Patrum.
1023 4451 1236 4507 Initium
1273 4453 1474 4525 prologi
1499 4463 1582 4509 est
1622 4471 1633 4506 :
1663 4453 1808 4510 Licet

211 4547 269 4599 ab
302 4545 518 4600 exordio
550 4547 936 4616 conscriptionis
966 4558 1170 4602 nostrae.
1219 4548 1427 4604 Deinde
1459 4569 1470 4604 :
1505 4549 1696 4620 Incipit
1744 4552 1808 4605 li-

211 4640 295 4692 ber
315 4640 527 4709 quintus
552 4641 614 4693 de
656 4641 1041 4696 conversatione
1067 4651 1112 4696 et
1160 4642 1480 4697 institutione
1510 4655 1806 4700 sanctorum

215 4732 451 4787 Patrum.
488 4731 696 4786 Initium
725 4742 899 4788 textus
927 4745 1012 4788 est
1041 4751 1054 4788 :
1092 4736 1364 4802 lleplicans
1412 4754 1568 4791 senex
1597 4740 1806 4808 quidam

211 4826 458 4896 beneficia
487 4843 578 4898 per
603 4827 968 4880 humanitatem
997 4825 1185 4880 Christi
1209 4829 1352 4881 nobis
1383 4828 1634 4883 exhibita.
1660 4830 1804 4887 Finis

214 4933 393 4977 textus
424 4930 507 4975 est
551 4921 658 4975 :At
685 4920 774 4975 ille
823 4923 1056 4992 cognovit
1085 4923 1208 4993 quia
1241 4926 1392 4993 justa
1445 4935 1559 4977 sunt
1601 4926 1807 4994 judicia

213 5011 327 5068 Dei.
362 5011 493 5067 Inde
521 5011 858 5084 subjungitur
887 5031 898 5066 :
939 5013 1012 5068 De
1055 5025 1233 5068 sancto
1265 5012 1474 5069 Marino
1522 5021 1802 5089 monac/io,

212 5109 523 5178 incipiendo
555 5125 567 5162 :
599 5108 726 5162 Erat
753 5110 964 5179 quidam
989 5109 1275 5164 sa’cularis.
1313 5110 1452 5164 Finit
1479 5128 1491 5163 :
1525 5109 1625 5165 Ubi
1650 5130 1808 5182 usque

214 5209 362 5256 modo
392 5201 626 5256 Christus
655 5203 972 5256 orationibus
993 5211 1140 5257 sanct
1161 5223 1185 5252 ιι
1233 5202 1463 5272 Virginis
1491 5209 1650 5259 "itth
1682 5208 1808 5277 facit

216 5297 491 5360 mirabilia,
524 5295 592 5347 ad
617 5295 818 5349 laudem
849 5304 894 5348 et
919 5295 1139 5365 gloriam
1170 5295 1390 5348 nominis
1421 5296 1530 5359 sui,
1572 5299 1660 5366 qui
1694 5313 1806 5350 cum

219 5389 371 5446 Patre
412 5403 459 5446 et
499 5393 694 5461 Spiritu
734 5403 908 5446 sancto
934 5402 1107 5464 regnat
1135 5392 1272 5448 Deus
1299 5410 1390 5464 per
1423 5395 1594 5448 omnia
1619 5399 1808 5452 swcttla

215 5486 541 5538 seculorum.
577 5485 759 5539 Amen.

289 5583 464 5649 Atque
499 5588 553 5634 ut
601 5579 800 5650 aliquid
847 5579 912 5634 de
959 5587 1201 5649 tempore
1251 5578 1407 5649 hujus
1441 5580 1690 5637 editionis
1733 5582 1808 5638 in-

217 5674 499 5739 vestigent,
555 5671 655 5724 hoc
687 5680 836 5724 certo
875 5671 1147 5725 aflirmare
1181 5686 1336 5738 posse
1367 5672 1571 5739 videor,
1606 5673 1805 5728 editum

220 5760 358 5814 hunc
393 5761 586 5815 librum
615 5761 804 5815 saltem
848 5771 972 5816 ante
1002 5778 1200 5816 annum
1235 5762 1292 5814 7l
1331 5775 1448 5833 post
1487 5763 1647 5819 “00.
1679 5764 1807 5819 Nam

223 5852 509 5925 Dionysius
537 5853 943 5919 Cartbusianus,
974 5855 1042 5910 de
1075 5865 1302 5925 quatuor
1347 5857 1673 5924 novissimis,
1717 5874 1808 5914 ar-

224 5946 307 6001 tic.
345 5947 437 6012 52,
473 5962 656 6004 narrat
686 5946 966 6006 historiam
1001 5948 1216 6006 Macarii
1246 5949 1310 6005 de
1353 5949 1536 6005 eranio
1561 5951 1807 6008 sacerdo-

1913 2001 2032 2057 duae
2063 2003 2326 2058 editiones
2370 2005 2664 2059 summaria
2707 2006 2941 2074 capitum
2973 2007 3223 2076 adjecere
3253 2015 3306 2062 et
3335 2008 3502 2062 inter-

1911 2109 2152 2164 seruere,
2180 2111 2299 2167 qua:
2329 2097 2380 2151 in
2414 2096 2604 2152 harum
2636 2096 2796 2153 trium
2827 2098 2996 2168 prima
3028 2101 3266 2154 omnium
3298 2099 3499 2156 desides

1910 2201 2118 2245 rantur.

2335 2261 2898 2319 PROLEGOMENON
2939 2263 3082 2319 XIX.

1997 2380 2073 2436 De
2099 2383 2322 2436 secunda
2353 2383 2576 2437 editione
2607 2382 2796 2437 Latina
2824 2399 2940 2454 qua:
2960 2401 2993 2436 a
3024 2383 3192 2452 prima
3222 2383 3405 2436 variat.

1985 2494 2118 2568 [ut]
2166 2497 2412 2572 Secunda
2462 2497 2626 2553 editio
2657 2497 2861 2568 (nescio
2908 2512 2974 2551 an
3028 2497 3184 2566 plane
3230 2497 3485 2562 secunda,

1910 2599 2056 2643 certe
2075 2604 2136 2644 ea
2153 2606 2272 2656 quae
2293 2605 2322 2643 a
2342 2591 2512 2659 prima
2529 2590 2719 2660 variat)
2744 2599 2826 2645 est
2849 2589 3333 2659 Norimbergensis,
3355 2603 3497 2644 anno

1911 2682 2071 2745 M78,
2095 2699 2214 2753 qua:
2239 2682 2309 2737 ita
2336 2685 2387 2736 in
2413 2684 2515 2739 line
2539 2683 2699 2737 habet
2724 2701 2738 2739 :
2766 2701 2784 2734 ι
2821 2685 2976 2737 Δηηο
2991 2682 3189 2737 Christi
3209 2681 3497 2737 nativitatis

1912 2775 2075 2843 M78,
2107 2776 2283 2832 Nonas
2311 2791 2440 2832 vero
2484 2776 2628 2844 Maii,
2657 2777 2727 2832 ob
2771 2777 3047 2832 beatorum
3080 2777 3296 2831 Patrum
3329 2776 3500 2844 prole-

1908 2878 2055 2925 ctum
2087 2867 2263 2924 V’itam
2313 2871 2657 2924 eremitarum
2707 2869 3035 2939 degentium,
3082 2880 3227 2938 gesta
3274 2885 3499 2938 quorum

1908 2963 2052 3019 haud
2082 2964 2352 3020 immerito
2383 2966 2695 3020 memoriter
2723 2974 2850 3020 sunt
2889 2965 3332 3024 commendanda.
3367 2980 3500 3032 opus

1909 3057 2084 3129 (Vitas
2131 3058 2350 3112 Patrum
2402 3058 2754 3128 appellatum)
2785 3059 2990 3128 insigne
3035 3073 3064 3112 a
3094 3059 3500 3128 quamplurimis

1907 3159 2218 3221 excerptum
2268 3150 2584 3217 codicibus,
2631 3166 2730 3222 per
2785 3166 3060 3206 sacrarum
3103 3152 3499 3220 Scripturarum

1913 3243 2063 3296 viros
2120 3241 2410 3296 admodum
2472 3242 2827 3310 peritissimos
2876 3253 3147 3310 ornatum,
3204 3245 3255 3297 in
3305 3243 3500 3313 oppido

1915 3332 2314 3403 Nornbergensi
2346 3349 2441 3403 per
2465 3334 2754 3389 Antonium
2786 3335 3060 3406 Coburger
3086 3335 3263 3405 oppidi
3296 3335 3501 3404 praefati

1913 3425 2163 3492 incolam,
2197 3440 2356 3495 quam
2395 3435 2611 3496 compte
2654 3426 2999 3496 impressum,
3031 3428 3147 3482 finit
3189 3427 3442 3486 feliciter.
3476 3449 3495 3482 ι

1981 3543 2139 3598 Nulla
2185 3557 2398 3615 quoque
2446 3543 2568 3598 huic
2606 3543 2832 3601 editioni
2882 3545 3174 3617 praefigitur
3223 3546 3501 3616 inscriptio

1911 3652 2006 3693 seu
2035 3637 2243 3707 titulus,
2275 3638 2370 3694 sed
2413 3638 2623 3694 initium
2675 3640 2904 3694 sumitur
2949 3653 2980 3693 a
3031 3640 3365 3710 praefatione,
3397 3656 3501 3713 qua

1910 3728 2023 3794 ille,
2058 3729 2148 3799 qui
2180 3729 2384 3799 primus
2408 3729 2652 3784 ordinem
2683 3731 2866 3799 primm
2887 3730 3142 3785 editionis
3175 3731 3500 3798 immolavit,

1910 3821 2040 3876 facti
2067 3822 2150 3876 sui
2183 3823 2444 3876 rationem
2469 3822 2663 3877 reddit.
2699 3822 2788 3876 Ait
2819 3823 2977 3892 igitur
3003 3841 3014 3875 :

1988 3955 2006 3988 ε
2039 3935 2115 3992 Ne
2144 3937 2432 3991 occasione
2461 3935 2586 4007 styli
2620 3938 2673 3991 in
2707 3936 2805 3989 hoc
2836 3951 2996 4005 apere
3024 3936 3318 4000 observati,
3351 3939 3498 4008 quis-

1913 4042 2076 4098 quam
2105 4026 2397 4099 legentium
2425 4035 2517 4082 aut
2559 4027 2885 4084 audientium
2918 4028 3300 4084 olfeiidiculum
3330 4032 3502 4099 patia-

1912 4130 2020 4189 tur,
2056 4122 2178 4191 quia
2210 4137 2314 4178 non
2365 4136 2459 4192 per
2508 4122 2685 4177 omnia
2733 4123 2998 4192 procedit,
3048 4124 3122 4178 uti
3153 4135 3306 4179 antea
3345 4124 3501 4196 hujus

1909 4215 2152 4269 materiae
2198 4213 2529 4284 exemplaria
2576 4215 2868 4284 perspexit,
2902 4213 3058 4270 facile
3085 4217 3295 4270 veniam
3327 4217 3497 4285 dabit,

1909 4318 2192 4380 postquam
2219 4311 2510 4366 multorum
2532 4309 2897 4366 diversitatem
2926 4312 3204 4368 confusam
3240 4313 3498 4367 intuetur.

1989 4443 2008 4476 ι
2042 4423 2117 4478 Ea
2162 4433 2381 4495 propter
2434 4423 2663 4494 idipsum
2720 4426 2771 4479 in
2803 4433 3035 4494 quatuor
3083 4433 3260 4494 partes
3304 4426 3503 4481 divisas

1912 4515 2332 4588 ditferentesque
2378 4517 2619 4587 distinxi,
2675 4517 2728 4572 in
2780 4517 2932 4588 cujus
2986 4517 3153 4587 prima
3203 4519 3392 4591 collegi
3447 4519 3502 4576 in

1920 4626 2082 4665 unum
2113 4611 2431 4668 historialia.
2462 4611 2519 4664 In
2575 4624 2725 4680 parte
2775 4611 3008 4665 secunda
3044 4611 3250 4666 libellos
3303 4620 3354 4666 et
3399 4612 3504 4667 do-

1834 4711 1890 4772 D
1915 4707 2182 4761 ctrinalia.
2220 4706 2275 4761 In
2304 4715 2456 4776 parte
2487 4705 2640 4760 tertia
2680 4705 2748 4760 de
2778 4705 3007 4775 regulari
3039 4707 3402 4762 observantia.
3437 4708 3504 4764 Et

1914 4800 2058 4853 finali
2096 4811 2245 4868 parte
2277 4798 2345 4853 de
2393 4797 2547 4852 laude
2593 4808 2646 4854 et
2677 4799 2930 4854 virtutum
2964 4799 3220 4854 el'licaeia.
3256 4801 3326 4855 Ita
3372 4815 3505 4857 sane

1914 4903 1974 4948 ut
2023 4909 2144 4963 pars
2192 4894 2360 4964 prima
2418 4909 2512 4962 per
2563 4894 2838 4960 historias,
2882 4894 3114 4949 secunda
3167 4912 3258 4966 per
3295 4895 3504 4949 libellos

1913 4994 1969 5041 et
1999 4985 2052 5057 §,
2089 4999 2212 5055 pars
2245 4988 2398 5040 tertia
2431 5001 2526 5055 per
2569 4987 2834 5053 rubricas,
2867 4998 2921 5042 et
2968 4998 3153 5058 quarta
3186 5003 3279 5058 per
3328 4986 3504 5040 rubri-

1912 5093 2096 5133 carum
2120 5077 2353 5148 capitula
2381 5079 2757 5149 distinguatur.

1996 5219 2016 5252 ι
2051 5201 2119 5256 Et
2145 5209 2200 5254 ut
2226 5199 2424 5255 clarior
2455 5199 2640 5255 notitia
2679 5201 2871 5255 tabnlre
2915 5214 3076 5268 super
3103 5213 3168 5249 eo
3209 5195 3497 5264 habeatur,

1921 5295 2151 5365 primum
2186 5308 2467 5348 numerum
2500 5293 2640 5347 foliis
2681 5309 3082 5356 connumvrnvn,
3107 5290 3209 5358 adj‘
3232 5303 3346 5346 etas
3380 5308 3504 5344 vero

1918 5397 2145 5459 quatuor
2177 5387 2545 5442 tantummodo
2593 5386 2823 5452 litteras,
2867 5395 3094 5454 qualum”
3125 5383 3390 5439 columnis
3422 5385 3504 5439 fo-
3583 5410 3592 5416 υ

1918 5480 2109 5536 liorum
2157 5479 2438 5551 tlepntavi;
2491 5481 2560 5535 ita
2609 5488 2665 5532 ut
2711 5480 2754 5532 si
2805 5477 3012 5531 versale
3060 5476 3238 5544 fuerit,
3279 5479 3504 5536 remissa

1918 5585 2122 5646 quterat
2153 5575 2204 5630 in
2239 5573 2405 5644 prima
2435 5572 2721 5627 medietate
2770 5569 3032 5623 Columna:
3060 5585 3074 5634 ;
3117 5571 3159 5624 si
3191 5586 3319 5625 vero
3349 5586 3503 5626 enm-

1917 5676 2096 5728 mnnis
2127 5672 2371 5726 minorve
2401 5669 2574 5723 littera
2606 5664 2787 5733 fuerit,
2821 5665 2872 5719 in
2900 5664 3067 5722 altera
3097 5667 3401 5722 medietate.

1992 5787 2010 5818 ί
2043 5767 2165 5821 llmc
2221 5764 2442 5821 exordio
2489 5759 2772 5829 praesentis
2821 5761 3031 5830 operis,
3083 5761 3148 5814 ad
3196 5760 3504 5830 generalem

1916 5861 2032 5930 ejus
2065 5859 2308 5914 notitiam
2339 5853 2537 5909 sntlicit
2567 5854 2916 5923 praemisisse,
2960 5853 3026 5908 ad
3075 5853 3226 5921 cujus
3268 5852 3502 5920 comple-

1917 5964 2153 6008 mentum
2203 5964 2284 6004 mc
2314 5957 2627 6015 promoveat
2653 5947 2740 6005 illa
2763 5963 2880 6018 quae
2903 5945 3141 6003 omnium
3179 5953 3263 6000 est
3292 5941 3502 6007 artifex,
