4124 6350
624 334 691 394 07
1555 341 1621 399 ΙΝ
1662 341 1862 399 Vl'l‘AS
1904 342 2183 399 PATRUM
2222 342 2739 404 PRULEGOMENA
2782 344 2969 407 XXVI.
3822 358 3885 416 Gil

624 457 885 526 sapientia
937 460 1193 524 increata,
1254 462 1305 516 in
1362 463 1614 517 suculam
1665 462 1851 517 surculi
1904 462 2215 518 benedicta.
2244 463 2294 522 Δ
2344 462 2463 516 Vita
2496 463 2556 520 8.
2600 465 2755 521 Pauli
2797 468 3080 539 Simplicis.

625 548 818 605 Amen.
850 569 869 602 ι

700 642 830 708 Qua:
876 643 964 699 hic
998 644 1327 713 prmiatiunis
1378 654 1567 700 auctor
1612 646 1679 701 de
1713 646 1890 700 tabula
1939 658 2032 701 sua
2061 646 2215 712 dicit,

630 733 853 805 intelligi
900 752 1003 791 non
1034 745 1273 805 possunt,
1310 738 1412 791 nisi
1452 738 1569 807 ipsa
1600 738 1762 793 editio
1790 737 2125 809 inspiciatur.
2170 740 2215 794 Α

630 844 736 898 qua
766 829 943 884 tabula
995 832 1147 885 video
1195 846 1379 885 omnes
1411 832 1735 901 pomeriures
1766 831 2049 897 editiones,
2095 845 2216 901 quia

625 927 805 976 tamen
831 921 1078 977 eumdem
1099 922 1229 977 libri
1262 924 1504 978 ordinem
1531 922 1749 991 habent,
1782 924 2009 980 Variate.

699 1017 810 1071 Hoc
841 1018 1000 1087 igitur
1024 1027 1202 1072 servat
1230 1019 1314 1071 hic
1344 1018 1520 1074 editor
1546 1018 1598 1073 in
1626 1020 1803 1073 tabula
1834 1035 1928 1074 sua
1954 1036 1969 1072 :

699 1109 877 1164 Primo
906 1119 1025 1177 post
1050 1124 1187 1177 rem,
1226 1126 1343 1179 quae
1368 1110 1559 1165 ordine
1584 1112 1919 1178 alphabetico
1948 1114 1998 1166 in
2034 1113 2215 1167 tabula

633 1191 973 1269 exprimitur,
1005 1202 1252 1271 designat
1304 1203 1499 1257 litteris
1546 1204 1907 1257 numeralibus
1954 1204 2064 1258 lolii
2110 1219 2212 1258 nua

622 1309 854 1349 merum.

693 1407 943 1461 Secundo
987 1406 1154 1461 utitur
1200 1415 1430 1477 quatuor
1477 1404 1669 1462 litteris
1720 1406 2050 1477 majoribus,
2113 1414 2209 1463 seu

620 1499 940 1565 capitalibus
988 1496 1145 1567 (quas
1194 1497 1245 1551 in
1300 1497 1615 1567 pralatio‘ne
1664 1500 1873 1551 versate
1924 1498 2096 1563 vocat,
2140 1510 2209 1552 an

618 1590 759 1656 quod
787 1590 995 1643 initium
1040 1590 1227 1644 Versus
1275 1592 1341 1645 iis
1389 1590 1562 1645 soleat
1592 1593 1813 1661 scribi?)
1843 1594 1908 1657 Α,
1941 1592 1997 1653 Β,
2030 1591 2092 1654 C,
2140 1593 2205 1661 D,

618 1678 771 1754 [uti]
803 1693 854 1736 et
886 1692 1117 1751 quatuor
1144 1682 1439 1737 minoribus
1468 1697 1521 1745 a,
1556 1682 1608 1749 b,
1644 1699 1694 1747 (ι,
1726 1681 1783 1738 d.
1814 1685 1919 1738 llas
1948 1692 2066 1751 post
2097 1683 2207 1737 lolii

617 1790 901 1830 numerum
948 1775 1003 1829 in
1035 1775 1212 1830 tabula
1260 1775 1431 1847 attigit
1458 1789 1556 1847 pro
1606 1777 1812 1831 ratione
1844 1780 2075 1847 quatuor
2112 1791 2202 1831 co-

620 1868 945 1936 lumnarum,
992 1869 1180 1939 quibus
1226 1840 1477 1941 qtmdvque
1505 1870 1691 1925 folium
1721 1840 1949 1927 censlat.
1987 1870 2053 1926 Et
2089 1872 2205 1941 qui-
2238 1840 2288 1903 Β

617 1960 742 2016 item
796 1961 962 2031 priori
1014 1961 1289 2016 medietati
1345 1962 1611 2032 cujusque
1655 1965 1920 2020 aptemus:
1966 1962 2206 2019 Serviunt

614 2053 849 2122 majores
879 2053 1094 2118 litterae,
1150 2055 1220 2109 ita
1273 2063 1332 2108 ut
1384 2056 1430 2109 Α
1485 2057 1683 2111 serviat
1715 2059 1877 2126 priori
1931 2057 2204 2113 medietati

615 2146 802 2216 prima:
847 2150 1134 2216 columnas,
1169 2149 1208 2201 Β
1255 2151 1524 2225 secundae,
1579 2152 1619 2208 C
1661 2155 1855 2217 tertiae,
1887 2153 1929 2207 D
1976 2161 2200 2224 quartae.

612 2236 901 2291 l‘oSteriori
935 2242 1114 2295 autem
1164 2238 1437 2297 medietatl
1484 2242 1745 2314 cujusque
1788 2245 2052 2300 columnae
2090 2260 2204 2301 ser-

611 2328 762 2383 viunt
786 2328 1023 2386 minores
1054 2332 1247 2387 littere
1275 2348 1323 2398 a,
1352 2336 1405 2404 li,-
1434 2349 1481 2401 e,
1516 2335 1569 2403 d,
1602 2337 1715 2406 pari
1748 2344 1955 2403 tenore,
1991 2347 2048 2393 ut
2083 2335 2199 2409 jam

609 2420 810 2477 dictum
831 2430 913 2479 est
940 2423 1007 2481 de
1035 2424 1351 2496 majoribus.

682 2539 811 2594 Haec
863 2541 1091 2596 dicenda
1141 2543 1373 2613 luerunt,
1436 2550 1548 2601 tum
1602 2563 1671 2602 ne
1718 2548 1839 2615 quis
1886 2556 2198 2603 eausmetar

610 2630 789 2685 minus
814 2642 901 2685 me
925 2638 1178 2690 accurate
1206 2637 1431 2703 primam
1450 2639 1802 2695 variatimrern
1826 2642 2193 2711 expressisse;

608 2730 719 2776 tum
758 2724 884 2793 quia
927 2727 1254 2794 pastorias-es
1306 2729 1465 2800 hujus
1514 2734 1727 2802 generis
1772 2734 2061 2802 editiones,
2114 2736 2199 2791 rei

606 2813 976 2881 pralationom
1009 2815 1147 2871 hanc
1176 2820 1447 2885 omittunt,
1482 2832 1539 2877 ut
1564 2825 1829 2884 editiones
1858 2828 2051 2884 incerti
2095 2827 2201 2886 loci

606 2917 749 2960 anno
780 2904 919 2959 1485
946 2917 999 2963 et
1040 2908 1200 2976 1485,
1232 2926 1353 2982 quae
1380 2915 1429 2968 in
1462 2917 1641 2971 tabula
1673 2934 1775 2975 non
1806 2930 2030 2980 utuntur
2054 2938 2215 2995 qua-

607 3008 734 3054 tuor
761 2998 869 3055 illis
898 3002 1209 3069 ruajusculis
1254 3017 1309 3059 et
1340 3006 1655 3066 minusculis
1684 3012 1898 3078 litteris,-
1948 3016 2044 3071 sed
2077 3027 2198 3087 post

606 3090 857 3148 foliorum
887 3107 1171 3148 nanrertnn
1196 3098 1359 3153 totius
1401 3100 1679 3169 alpltabeti
1708 3106 1913 3163 litteras
1946 3106 2191 3181 alligent,

604 3199 734 3254 quas
758 3194 815 3240 et
852 3186 905 3239 in
939 3194 1091 3241 testa
1134 3192 1483 3260 exprimant;
1515 3197 1599 3250 vel
1639 3200 2008 3267 praelationem
2046 3214 2193 3262 certe

605 3274 913 3343 decertant,
962 3286 1023 3331 ut
1069 3278 1234 3334 editio
1278 3279 1482 3338 Veneta
1523 3288 1649 3342 mi
1682 3290 1826 3345 i508
1872 3296 1931 3350 et
1974 3294 2191 3367 Lugduo‘

605 3371 791 3424 nensis
819 3369 945 3424 amri
972 3369 1141 3425 5536:
1164 3387 1285 3442 quae
1306 3375 1473 3453 Verba
1496 3379 1605 3447 illa,
1628 3382 1865 3452 adjectae
1889 3400 2035 3455 vero,
2062 3396 2191 3457 etc.,

612 3475 781 3531 usque
809 3462 900 3527 ad,
946 3461 1058 3517 haec
1089 3464 1329 3532 exordio,
1378 3478 1513 3538 etc.,
1542 3474 1818 3545 omittunt,
1851 3480 2195 3553 tabulamque

604 3566 756 3608 suam
807 3553 1045 3625 dirigunt
1092 3570 1187 3624 per
1216 3557 1342 3614 folia
1391 3570 1617 3630 tantum,
1671 3568 1790 3625 sine
1827 3570 1951 3626 ullis
1995 3574 2199 3633 additis

603 3643 812 3714 litteris,
843 3648 984 3719 quod
1021 3653 1207 3717 postea
1236 3665 1526 3713 servarunt
1552 3669 1764 3716 caetera:
1791 3664 2081 3721 editiones.

674 3760 896 3818 Constat
924 3776 1103 3823 autem
1154 3770 1273 3824 huc
1317 3769 1506 3840 editio,
1558 3783 1613 3828 nt
1639 3775 1751 3845 jam
1801 3780 2023 3849 dictum,
2058 3800 2191 3852 qm-

600 3862 721 3912 tuor
750 3859 1010 3927 partibus.

673 3969 854 4025 Prima
886 3987 1008 4041 pars
1041 3974 1201 4030 habet
1229 3978 1480 4037 initium:
1507 3980 1702 4050 Incipit
1739 3986 1984 4056 prologue
2028 3992 2195 4045 sancti

603 4058 932 4131 Hieronymi,
987 4064 1284 4123 Cardinalis
1338 4074 1655 4144 presbyteri,
1714 4078 1769 4141 in,
1820 4079 1980 4133 libros
2045 4081 2193 4137 Vitas

600 4150 823 4207 Patrum
852 4164 1149 4212 sanctorum
1190 4160 1584 4235 Egyptioram,
1627 4170 1783 4223 etiam
1821 4188 1992 4227 eorum
2022 4178 2109 4246 qni
2138 4178 2195 4232 in

604 4245 849 4317 Scythia,
883 4248 1165 4319 Thebaida,
1198 4266 1352 4327 atque
1395 4257 1763 4332 Mesopotamia
1809 4269 1997 4321 morati
2038 4278 2194 4339 sunt;

599 4354 702 4392 non
734 4342 904 4396 solani
935 4360 1059 4410 quos
1109 4349 1273 4403 oculis
1318 4352 1464 4418 vidit,
1511 4357 1834 4429 maximoque
1861 4361 2039 4418 labore
2071 4381 2191 4418 con-

596 4433 783 4499 spexit,
817 4450 991 4491 verum
1031 4447 1080 4493 et
1118 4457 1277 4511 quam
1304 4446 1455 4513 plura
1487 4466 1516 4500 a
1543 4449 1647 4517 ﬁde
1675 4453 1845 4521 dignis
1874 4455 2043 4509 relata
2066 4474 2188 4512 con-

595 4527 796 4598 scripsit
844 4532 1059 4586 notabili
1107 4535 1401 4606 diligentia.
1472 4538 1701 4611 Deniqle
1753 4545 1974 4601 aliorum
2030 4551 2185 4603 etiam

3171 462 3283 525 Vita
3325 470 3384 524 Β.
3420 470 3640 525 Abraltte
3663 477 3883 529 eretriae.

3164 559 3281 615 Villi
3302 556 3366 615 Β.
3396 556 3661 617 Pachumii
3685 565 3884 621 abbatis.

3163 652 3239 706 De
3293 654 3582 709 Christiano
3634 661 3885 716 monacho.

2327 736 2449 792 Vita
2507 738 2570 794 Β.
2652 741 2839 797 Mariae
2903 743 3077 816 Egy-
3162 742 3281 800 Vita
3320 746 3624 801 S.Joannis
3673 747 3887 804 Elocutu-

2389 834 2591 900 ριὶιιεω.
3224 840 3437 909 εςηίςνϋ.

2325 919 2444 976 Vita
2472 920 2535 977 S.
2578 921 2797 979 Marine
2838 926 3072 997 virginis.
3154 927 3273 983 Vita
3304 929 3366 985 8.
3393 929 3639 1001 Eugenice
3669 936 3887 1005 virginis.

2334 1012 2450 1069 Vita
2477 1014 2536 1071 S.
2568 1013 2948 1088 Eup/trosgnw.
3159 1020 3276 1075 Vita
3324 1023 3390 1079 S.
3435 1023 3617 1078 Basilii
3656 1029 3889 1100 episcopi.

2326 1107 2445 1163 Vita
2473 1108 2536 1164 S.
2562 1107 2611 1162 F
2613 1114 2837 1166 rontonii
2858 1114 3073 1169 abbatis.
3156 1114 3277 1170 Vita
3320 1116 3381 1173 S.
3427 1117 3604 1173 Patris
3642 1119 3890 1191 Bphrtettn

2330 1202 2443 1259 l’ita
2473 1204 2534 1260 S.
2569 1205 2825 1283 Simeonis
2866 1210 3105 1277 «emitte,
3130 1212 3219 1280 qui
3249 1212 3304 1265 in
3328 1212 3570 1267 columna
3598 1216 3750 1273 stetit.

2330 552 2448 607 Vita
2482 555 2543 610 S.
2590 556 2791 612 Paulae.

2334 643 2454 698 Vita
2484 646 2546 701 S.
2582 646 2829 720 Pelagice.

2383 1316 2560 1389 Atque
2590 1321 2661 1375 ita
2688 1319 2807 1378 linis
2836 1323 3125 1395 imponitur
3152 1327 3336 1397 prima
3366 1324 3524 1398 parii.

2387 1430 2562 1507 lexin]
2593 1435 2837 1493 Secunda
2866 1436 2989 1509 pars
3012 1436 3198 1511 incipit
3225 1456 3253 1496 a
3284 1438 3513 1513 registro
3537 1446 3757 1502 secundi
3780 1436 3893 1510 libri

2312 1528 2617 1582 sanctorum
2660 1516 2902 1599 Patrum,
2954 1518 3097 1604 quod
3129 1532 3249 1589 aliis
3279 1520 3528 1591 omnibus
3578 1520 3892 1598 editionibus

2317 1617 2417 1673 hoc
2448 1618 2662 1691 quidem
2710 1623 2831 1681 loco
2861 1624 3035 1694 deest,
3062 1626 3288 1701 exeepta‘
3319 1614 3517 1685 Veneta
3571 1631 3695 1688 anui
3740 1616 3890 1690 l508.

2316 1712 2367 1766 In
2421 1711 2761 1785 Lugdunensi
2821 1714 2958 1775 1556
3004 1722 3221 1791 ponitur
3264 1725 3550 1796 registrum
3599 1725 3703 1782 hoc
3750 1728 3893 1785 initio

2315 1803 2479 1860 totius
2534 1800 2652 1863 libri
2700 1816 2819 1877 post
2867 1808 3099 1868 indicem
3149 1806 3491 1886 generalem;
3549 1835 3603 1875 in
3652 1819 3891 1891 Complu-

2314 1898 2449 1952 tensi
2495 1908 2636 1955 anno
2667 1899 2824 1969 1596,
2876 1904 2928 1958 iu
2977 1904 3086 1963 line
3136 1911 3298 1964 totius
3340 1911 3460 1966 libri
3507 1923 3629 1984 post
3670 1902 3892 1972 iudicem

2308 1988 2635 2063 generalem.
2701 1997 2828 2055 lude
2892 2000 3133 2072 sequitur
3196 1992 3503 2076 Prologus:
3569 2008 3694 2065 Vere
3754 2028 3892 2065 mun-

2309 2085 2433 2141 dum
2495 2087 2605 2157 quis
2662 2090 2888 2157 dubitet,
2947 2104 3053 2150 etc.
3114 2082 3230 2152 Mox
3278 2117 3290 2153 :
3336 2099 3601 2171 Incipiunt
3658 2104 3892 2159 adhorta-

2309 2180 2468 2236 tiones
2530 2196 2819 2241 sanctorum
2872 2182 3126 2259 Patrum,
3201 2194 3641 2270 profectioncsqne
3714 2216 3891 2255 mona-

2308 2273 2546 2341 chorum,
2609 2274 2778 2332 ca'teri
2839 2297 3040 2351 quoque
3100 2280 3457 2354 subsequentes
3520 2278 3723 2352 libelli;
3774 2290 3893 2361 quoi

2308 2368 2374 2420 de
2410 2367 2587 2423 (it-ceco
2618 2370 2669 2423 in
2715 2366 2959 2428 Latinum
2995 2377 3257 2431 transtulit
3301 2390 3508 2435 sanctus
3545 2364 3889 2455 Hieronymus

2307 2457 2589 2514 cardinalis
2630 2460 2910 2535 presbyter.
2944 2467 3121 2524 Editio
3168 2456 3545 2540 Lugdunensis
3572 2474 3736 2532 habet
3775 2472 3891 2549 pro-

2305 2554 2550 2619 fossiones
2582 2554 2700 2611 loco
2736 2556 3097 2629 profectiones.
3148 2562 3277 2618 lude
3305 2566 3551 2637 sequitur
3585 2567 3615 2641 §
3650 2569 3890 2639 primus:

2308 2644 2535 2709 Quidam
2575 2650 2869 2705 sanctorum
2900 2652 3120 2709 Patrum
3149 2658 3426 2727 seniorum,
3459 2659 3892 2734 interrogantibus

2303 2755 2356 2793 se
2386 2738 2649 2797 monachis
2678 2746 2740 2799 de
2767 2762 2924 2801 causa
2953 2747 3292 2817 abstinentia,
3317 2761 3423 2807 etc.
3453 2751 3525 2808 Et
3558 2754 3892 2826 subsequun-

2306 2840 2391 2886 tur
2421 2848 2590 2904 usque
2632 2835 2699 2891 ad
2743 2836 3006 2894 ducentos
3037 2849 3091 2895 et
3120 2851 3326 2912 septem
3380 2845 3729 2917 paragraphi.
3772 2832 3892 2923 Inde

2300 2924 2660 2995 subjiciuntur
2713 2931 2843 2987 varii
2896 2922 3093 3000 libelli,
3152 2948 3378 2991 numero
3426 2938 3649 3010 viginti,
3706 2941 3794 3011 qui
3840 2942 3891 2995 in

2302 3018 2476 3089 prima
2516 3022 2755 3080 editione
2804 3037 3064 3082 vocantur
3103 3030 3291 3083 norem
3338 3016 3516 3087 decim
3560 3041 3767 3103 partes,
3808 3026 3894 3089 ubi

2299 3113 2451 3171 deest
2481 3131 2638 3187 unus,
2677 3118 2767 3189 qui
2800 3119 2885 3175 hic
2918 3114 3157 3176 decimus
3184 3132 3371 3180 sextus
3415 3134 3505 3181 est
3534 3124 3615 3182 De
3646 3127 3892 3205 paeniten-

2301 3211 2411 3280 tia;
2446 3210 2541 3267 sed
2579 3216 2746 3284 prima
2774 3212 2939 3272 editio
2964 3231 3083 3272 eum
3114 3219 3340 3274 mixtum
3374 3219 3544 3278 habet
3569 3238 3692 3278 cum
3721 3220 3895 3279 libello

2298 3307 2550 3376 septimo,
2594 3309 2684 3380 qui
2743 3320 2825 3365 est
2874 3302 2947 3365 De
2995 3312 3263 3382 patientia,
3322 3318 3379 3369 ut
3425 3324 3483 3371 et
3536 3316 3625 3373 hic
3660 3316 3896 3373 decimus

2297 3412 2480 3456 sextus
2509 3402 2562 3457 in
2594 3401 2881 3459 Parisiensi
2909 3404 3143 3462 editione
3186 3407 3523 3465 inscribitur.
3560 3412 3693 3468 Post
3716 3409 3897 3468 subdi-

2297 3502 2383 3547 tur
2434 3512 2447 3548 :
2498 3492 2768 3565 Incipiunt
2816 3507 3006 3567 septem
3055 3500 3323 3568 capitula,
3379 3518 3499 3572 qua:
3551 3505 3690 3559 misit
3743 3503 3897 3557 abbas

2298 3582 2503 3654 Moyses
2525 3584 2696 3638 abbati
2726 3584 2986 3659 Pimcnio,
3021 3600 3066 3644 et
3095 3590 3183 3660 qui
3207 3593 3513 3647 custodierit
3542 3612 3628 3661 ea,
3661 3594 3897 3649 liberabi-

2302 3684 2381 3727 tur
2425 3691 2457 3727 a
2505 3692 2674 3746 paena,
2717 3685 2848 3745 etc.,
2898 3689 2953 3734 ut
3002 3681 3055 3735 in
3099 3681 3269 3752 prima
3319 3684 3605 3754 editione;
3648 3687 3745 3743 sed
3783 3693 3899 3758 post

2297 3771 2586 3839 septimum
2621 3782 2921 3844 sequuntur
2949 3774 3033 3831 hic
3065 3776 3277 3847 triginta
3323 3771 3429 3833 duo
3482 3782 3763 3836 variorum
3796 3781 3894 3835 Pa.

2300 3873 2436 3919 trmn
2497 3866 2677 3933 dicta,
2732 3866 3095 3939 liniunturque
3146 3871 3195 3924 in
3250 3871 3352 3927 hoc
3408 3874 3757 3944 paragrapho
3805 3888 3897 3928 seu

2299 3970 2521 4011 numero
2567 3957 2655 4028 qui
2702 3956 2928 4029 incipit:
2966 3956 3091 4013 Erat
3141 3961 3352 4030 quidam
3399 3962 3453 4017 in
3506 3964 3744 4019 coenobio
3786 3966 3899 4036 jam

2296 4063 2447 4101 senex
2498 4049 2886 4116 probatissimns
2941 4052 3245 4106 monac/ms.
3302 4044 3444 4108 Finit
3484 4074 3498 4109 :
3537 4058 3629 4127 qui
3684 4054 3900 4125 protegit

2297 4152 2470 4196 omnes
2498 4142 2552 4196 in
2579 4144 2874 4199 sinceritate
2898 4155 2945 4198 et
2974 4148 3183 4200 veritate
3212 4148 3307 4200 sibi
3338 4151 3644 4206 servientes.

2377 4258 2556 4314 Tertia
2608 4276 2734 4331 pars
2781 4262 2883 4316 hoc
2914 4262 3072 4318 habet
3119 4263 3438 4333 principium
3469 4283 3484 4321 :
3510 4265 3710 4339 Incipit
3751 4264 3897 4320 tertia

2299 4369 2420 4421 pars
2446 4351 2564 4407 libri
2601 4352 2750 4409 Vitas
2782 4344 3024 4421 Patrum,
3060 4356 3289 4411 videlicet
3335 4348 3398 4411 de
3427 4359 3621 4430 regula
3672 4358 3755 4414 vel
3782 4375 3901 4412 con-

2295 4448 2580 4499 versatione
2630 4444 3000 4516 ngyptiorum
3054 4448 3442 4516 monachorum,
3499 4460 3549 4503 et
3598 4466 3782 4504 eorum
3818 4448 3903 4518 qui

2296 4537 2489 4608 degunt
2533 4538 2676 4607 apud
2716 4534 3055 4591 Palwstinam
3095 4537 3171 4592 vel
3218 4526 3685 4609 HesOpotamiam.
3718 4541 3904 4596 Prolo-

594 4618 1006 4677 authenticorum
1052 4623 1252 4682 libellos
1282 4629 1504 4698 ﬁdeliter
1548 4650 1575 4688 e
1617 4633 1800 4692 (ἐνιεεο
1848 4640 1902 4694 in
1941 4641 2188 4699 Latinum

2304 4646 2434 4701 gus:
2466 4628 2785 4701 Frequenter
2837 4648 2894 4684 ac
2939 4632 3127 4701 sa’pius
3158 4650 3189 4686 a
3235 4648 3334 4699 me,
3369 4633 3587 4704 fratres,
3630 4635 3900 4706 ﬂagitatis.

592 4714 893 4780 transtulit;
968 4727 1012 4770 et
1084 4720 1147 4773 ab
1214 4723 1333 4778 aliis
1396 4726 1649 4782 translata
1715 4750 1811 4804 pro
1870 4738 1951 4790 sui
2019 4744 2189 4811 perfe-

590 4804 759 4859 ctione
781 4806 901 4861 huic
943 4811 1087 4879 operi
1114 4813 1355 4869 inseruit.
1395 4817 1525 4875 Inde
1561 4824 1810 4892 sequitur
1837 4847 1851 4883 :
1876 4804 2187 4889 Benediclns

591 4896 756 4966 Deus,
788 4910 920 4970 etc.,
947 4900 1090 4973 Mox,
1124 4904 1361 4963 Primum
1395 4911 1555 4981 igitur
1581 4923 1823 4987 tanquam
1851 4930 1966 4977 rere
1994 4928 2189 4996 funda-

590 5000 840 5062 mentum,
876 5003 1007 5060 etc.,
1038 5006 1093 5051 ut
1120 5012 1281 5069 supra
1313 5003 1365 5058 in
1395 5006 1566 5073 prima
1594 5008 1855 5077 editione.
1888 5020 2189 5091 eodemque

591 5084 750 5139 modo
775 5087 974 5141 linitur.

664 5180 767 5234 Sed
824 5182 937 5238 inec
978 5182 1149 5240 editio
1202 5184 1256 5241 in
1313 5186 1485 5261 prima
1544 5204 1697 5265 parte
1756 5198 1870 5255 haec
1928 5213 2185 5273 prmterca

595 5270 756 5326 habet
786 5290 797 5325 :

605 5362 720 5419 Vita
752 5364 813 5421 S.
859 5360 1019 5425 Pauli
1058 5372 1214 5443 primi
1238 5392 1350 5433 ere-
1430 5376 1549 5436 Vita
1569 5381 1631 5439 S.
1659 5383 1932 5457 Eutraxiw
1949 5390 2181 5461 virginis.

665 5472 822 5513 mure.

607 5545 727 5603 Vita
753 5548 1068 5611 summa
1444 5565 1561 5623 Vita
1612 5569 1743 5624 servi
1790 5556 1908 5638 Dei,
1967 5573 2189 5635 Macarii

1502 5657 1744 5714 Romani.

1437 5751 1557 5807 Vita
1582 5752 1643 5809 S.
1677 5753 1986 5817 Post/minii.

1436 5843 1554 5900 Vita
1573 5844 1637 5902 S.
1662 5847 1919 5918 Onuplirii
1936 5858 2185 5916 erentita‘.

599 5730 715 5791 Vita
748 5738 808 5795 S.
844 5738 1158 5802 Hilarionis.

597 5826 709 5885 Vt'la
756 5828 952 5890 Male/ti
991 5841 1199 5909 captivi.

2293 4723 2598 4793 Capitulum
2629 4724 2856 4790 primum
2884 4741 2896 4777 :
2922 4723 3051 4777 Ante
3073 4722 3169 4778 hoc
3202 4724 3503 4779 triennium.
3536 4727 3770 4783 Constat
3791 4728 3907 4783 haec

2296 4831 2419 4885 pars
2464 4815 2714 4887 capitulis
2760 4816 2853 4886 55,
2903 4832 3129 4889 quorum
3182 4819 3432 4875 ultimum
3478 4833 3565 4877 εει
3603 4842 3615 4877 :
3665 4814 3905 4891 Quodam

2292 4919 2464 4963 autem
2528 4919 2752 4977 (corpore
2797 4906 3011 4979 quidam
3062 4909 3166 4965 duo
3232 4910 3581 4984 philosOplii,
3641 4916 3909 4970 audientes

2291 5002 2485 5072 famam
2517 5000 2649 5055 beati
2676 5001 2903 5069 Antonii,
2943 5010 3051 5057 etc.

2369 5117 2568 5186 Quarta
2600 5134 2722 5186 pars
2750 5119 2861 5176 hoc
2880 5119 3040 5175 modo
3067 5119 3349 5175 inchoatur
3373 5138 3389 5173 :
3417 5119 3627 5195 Incipit
3661 5126 3911 5195 prologus

2296 5211 2458 5264 sancti
2490 5211 2785 5279 Paschasii,
2814 5212 2884 5267 ad
2913 5214 3323 5268 exhortationem
3341 5226 3662 5271 sanctorum
3687 5215 3913 5271 Patrum

2296 5312 2403 5357 tam
2448 5302 2744 5359 Graecorum
2787 5322 2939 5377 quam
2970 5305 3363 5378 Ai‘gyptiorum.
3394 5307 3628 5366 Initium
3659 5310 3873 5382 prologi
3898 5323 3914 5359 :

2300 5382 2521 5452 Domino
2568 5400 2842 5454 venerabili
2877 5401 3045 5465 Patri,
3082 5392 3309 5455 Martino
3356 5404 3701 5476 presbytero,
3730 5415 3783 5459 et
3824 5405 3914 5458 ab-

2295 5490 2422 5544 bati.
2459 5491 2586 5546 Inde
2617 5492 2800 5549 titulus
2844 5495 2978 5549 initii
3011 5503 3187 5550 textus
3212 5511 3226 5547 :
3250 5494 3455 5566 Incipit
3488 5499 3628 5555 liber
3667 5502 3914 5555 exhorta-

2297 5585 2512 5659 tionum,
2544 5595 2591 5640 et
2616 5589 2783 5657 primo
2812 5596 2989 5641 contra
3014 5589 3459 5659 gastrimargiam,
3506 5593 3583 5647 ad
3610 5594 3914 5650 evitandum

2298 5679 2437 5751 gula?
2482 5680 2811 5735 desiderium.
2868 5679 3071 5735 Textus
3125 5679 3335 5737 initium
3377 5699 3393 5737 :
3428 5684 3671 5751 Quidam
3726 5688 3911 5756 frater,

2295 5774 2732 5843 quemadmodum
2757 5774 2810 5828 in
2856 5773 2988 5828 cella
3020 5776 3229 5845 propria
3269 5777 3461 5846 degere
3486 5780 3727 5837 deberet.
3771 5782 3913 5837 Con-

2296 5879 2403 5924 stat
2425 5877 2600 5924 autem
2628 5877 2735 5925 tota
2759 5867 2872 5925 lliBC
2895 5881 3021 5937 pars
3049 5868 3218 5929 titulis
3240 5885 3386 5939 aut,
3414 5888 3662 5943 quorum
3685 5878 3914 5935 ultimus
