4124 6350
203 362 267 418 69
1517 359 2090 418 PROLEGOMENON:
2119 363 2238 420 XX.
3446 360 3510 415 70

211 479 300 531 est
330 473 409 529 De
455 474 849 531 mediationibus
880 477 1331 532 anachoretarum.
1371 475 1496 532 inde
1536 477 1806 532 subnecti-
1836 469 1889 538 Α
1913 495 2054 534 anno
2086 473 2223 535 i548
2255 483 2342 551 qui
2391 483 2558 554 priori
2611 485 2907 554 proximus,
2964 484 3064 540 hac
3105 469 3460 554 inscriptione
3491 497 3507 538 :

213 579 302 622 tur
329 569 646 638 opusculum
683 568 760 626 De
793 569 947 626 laude
976 583 1023 626 et
1053 571 1233 639 e/fecttt
1274 575 1537 628 virtutum.

288 661 437 716 llanc
489 661 804 728 editionem,
853 663 967 719 sive
1019 664 1180 733 hujus
1230 665 1482 720 editionis
1535 659 1802 731 ordinem,

213 761 332 822 post
364 755 428 807 ad
460 755 681 809 verbum
716 771 880 825 prope
925 767 1237 825 expressere
1287 772 1475 813 omnes
1522 763 1809 827 sedueutes

213 851 393 919 (quas
440 863 602 917 supra
651 851 1031 921 prolegomene
1079 844 1143 906 17
1191 851 1455 922 exhibui)
1501 853 1808 908 Coluttlettsl

211 953 465 1014 excepta,
501 943 566 1000 de
598 955 700 1014 qua
733 961 879 1002 mox.

273 1038 473 1111 [utut]
490 1039 553 1093 Et
569 1038 782 1111 quidem
799 1057 983 1097 omnes
997 1041 1260 1098 editiones
1280 1041 1664 1115 Lugdunenses
1684 1057 1811 1113 prte-

214 1133 395 1190 ierunt
423 1135 702 1205 epistulam
735 1134 1117 1191 dedicatoriatn
1149 1135 1287 1191 Celsi
1325 1135 1561 1208 llngonis
1587 1133 1807 1202 Dissutl,

212 1227 265 1281 in
301 1235 534 1294 utroque
559 1226 681 1296 jure
716 1227 977 1296 ductoris,
1006 1230 1380 1284 Cabilonensis
1408 1230 1676 1296 canonici,
1707 1244 1811 1299 qua

216 1319 673 1372 reverendissimu
705 1322 755 1372 in
783 1321 997 1374 Christo
1031 1322 1174 1374 Patri
1201 1332 1254 1376 et
1278 1321 1496 1376 domino
1524 1321 1586 1375 Dr
1614 1321 1810 1376 Joanni

215 1411 281 1468 de
313 1411 562 1480 Ponpeto
602 1413 803 1481 juruum
835 1414 1194 1469 celeberrimo
1225 1416 1454 1483 doctori,
1487 1413 1814 1471 Cabilonen-

215 1503 370 1572 sique
399 1505 677 1574 episcopo,
710 1521 772 1560 ac
798 1506 1080 1561 abbatialis
1113 1508 1426 1564 monasterii
1457 1509 1639 1564 Sancti
1666 1508 1811 1564 Petri

214 1611 386 1666 prope
430 1613 612 1650 mitras
643 1597 1030 1655 Cabilonenses
1055 1602 1539 1667 commendatario,
1584 1601 1814 1657 admitti-

217 1693 546 1759 stratorique
576 1698 833 1760 perpetuo
870 1706 1049 1761 operte
1092 1708 1204 1749 suae
1235 1695 1461 1763 pretium
1490 1695 1718 1764 exponit
1757 1695 1812 1749 in

215 1780 493 1837 volumine
525 1780 626 1836 hoc
658 1783 922 1838 edolando
949 1803 961 1836 :
996 1804 1013 1836 ς
1046 1785 1254 1853 Tantis,
1283 1786 1478 1858 inquit,
1509 1797 1628 1844 erat
1655 1803 1810 1844 men-

217 1871 298 1929 dis
340 1874 625 1943 rel‘ertum,
683 1877 734 1932 in
791 1877 891 1934 hoc
929 1888 986 1932 ut
1028 1880 1234 1951 antiqui
1284 1881 1369 1936 vix
1417 1881 1538 1938 libri
1581 1882 1812 1953 vestigia
1842 1880 1891 1946 B

215 1971 518 2040 cetnperiat
575 1971 861 2040 quispiam.
927 1972 1028 2026 Pro
1076 1974 1217 2027 enim
1275 1973 1636 2044 dictionibus,
1691 1975 1813 2032 alite

217 2062 380 2118 etiam
415 2059 643 2118 diverse
681 2066 869 2132 posita)
908 2065 1194 2131 dictiones,
1233 2082 1452 2123 sensum
1485 2068 1592 2123 divi
1624 2069 1815 2127 Hiero-

217 2156 368 2228 Ilyti‘l
421 2158 822 2235 pervertebau_t.
857 2160 967 2214 Nec
1008 2161 1233 2216 deerant
1275 2178 1370 2234 pro
1402 2163 1518 2218 aliis
1568 2163 1811 2235 syllabze,

218 2266 430 2322 proque
459 2252 604 2306 veris
645 2253 862 2308 diversa
906 2271 1001 2309 seu
1032 2256 1416 2325 impressorum
1461 2258 1664 2313 incuria
1697 2274 1816 2313 cor-

225 2353 571 2400 rectorumve
623 2348 811 2402 inertia
863 2349 1220 2418 przeterntissa
1271 2352 1537 2406 elementa
1582 2352 1689 2408 vim
1735 2353 1816 2408 di-

219 2440 420 2496 ctionis
448 2456 511 2496 ac
541 2457 757 2496 sensum
793 2445 1172 2512 permutantia.
1209 2446 1320 2499 lloc
1351 2446 1587 2515 tandem,
1634 2447 1727 2502 sed
1761 2457 1817 2502 ut

216 2538 370 2608 prius
411 2553 568 2607 quam
602 2541 970 2596 vetustissimo
1014 2541 1257 2597 adhibito
1292 2541 1608 2613 exemplari,
1656 2544 1816 2596 tantis

219 2641 495 2688 extersum
531 2636 758 2690 mendis.
798 2655 815 2688 ι
845 2637 1007 2708 Cujus
1049 2646 1298 2693 conatum
1330 2637 1517 2693 lectori
1567 2634 1816 2692 conside—-

218 2729 449 2788 randum
485 2732 747 2803 relinquo.

659 2849 1219 2909 PROLEGOMENON
1259 2852 1378 2908 XX.

291 2940 372 2998 De
399 2946 551 2998 tertia
581 2945 802 3000 edi'ione
832 2945 1038 3028 Latina,
1073 2965 1184 3016 qua:
1229 2948 1291 3001 ab
1323 2957 1540 3016 utraque
1571 2949 1743 3007 priore

924 3029 1108 3074 variat.

294 3109 474 3165 Tertia
525 3111 709 3177 editio,
743 3113 954 3169 Variam
1004 3125 1085 3168 est
1133 3111 1471 3170 Coloniensis
1502 3130 1644 3170 anno
1681 3113 1812 3170 1547

221 3223 340 3276 qum
394 3207 566 3277 prittto
627 3209 822 3278 prodiit
876 3210 976 3263 hoc
1030 3212 1219 3266 titulo:
1257 3211 1578 3284 Prototgpon
1638 3215 1816 3266 reteri;

221 3299 493 3367 Ecclesiae,
522 3303 784 3354 continens
833 3300 1001 3368 Vitas,
1050 3311 1214 3373 gesta,
1248 3305 1482 3372 dir-taque
1521 3313 1818 3358 sanctorum

224 3395 319 3451 Dei
350 3397 640 3450 amicorum
684 3396 950 3463 utriusque
995 3411 1164 3460 sexus,
1200 3406 1408 3450 auctore
1440 3414 1529 3451 seu
1559 3396 1821 3466 rltapsodo

223 3501 397 3545 sancto
445 3487 770 3558 Hieronymo
825 3491 1034 3559 partim,
1083 3490 1270 3559 partim
1325 3490 1443 3544 aliis
1487 3502 1638 3561 atque
1680 3491 1822 3558 aliis,

225 3584 457 3641 Coloniae
487 3600 577 3654 per
602 3583 885 3652 Gusparem
918 3582 1264 3654 Gennepwum

296 3678 599 3734 Adornavit
631 3677 769 3734 hanc
796 3677 1084 3734 editionem
1119 3679 1286 3734 frater
1318 3679 1684 3735 Theudoricus
1719 3681 1824 3736 Lo-

231 3771 325 3827 ber
357 3787 385 3825 a
420 3772 637 3836 Stratis,
671 3772 967 3828 Carlhnsia:
1012 3772 1149 3826 aulae
1180 3771 1362 3827 Marias
1393 3773 1443 3828 in
1477 3774 1644 3829 Buxia
1677 3776 1825 3844 prior

229 3882 290 3922 ac
322 3863 667 3936 provincialis
699 3865 963 3932 visitator,
997 3880 1224 3935 eamque
1275 3866 1542 3922 dedicavit
1573 3881 1828 3923 reveren-

231 3959 458 4014 dissitno
498 3967 552 4014 et
602 3959 964 4014 iiiustrissimo
1019 3959 1243 4031 principi
1288 3960 1484 4016 Otltoni
1528 3963 1586 4017 S.
1640 3964 1704 4017 it.
1762 3963 1826 4022 E.

233 4052 515 4116 cardiuali,
551 4052 803 4123 episcopo
832 4055 1164 4124 Augustano,
1208 4069 1366 4124 quem
1399 4057 1450 4109 in
1476 4057 1701 4126 epistola
1731 4071 1828 4111 sna

237 4146 592 4211 dedicatoriu,
621 4163 778 4216 quam
809 4145 1121 4216 Ratispoute
1150 4163 1290 4201 anno
1327 4147 1462 4203 iii-i6
1492 4149 1730 4218 scripsit,
1763 4147 1830 4204 de

235 4255 326 4296 sua
361 4241 412 4294 in
447 4241 546 4295 hoc
578 4239 714 4294 libro
740 4240 1073 4295 recensendo
1101 4255 1262 4312 opera
1298 4242 1509 4296 edocet.

311 4351 329 4382 ι
367 4333 515 4386 Vitas
568 4329 785 4386 Patrum
843 4348 944 4403 ego
1001 4349 1062 4388 ex
1117 4335 1353 4402 antiquis
1405 4343 1459 4388 et
1503 4333 1607 4389 iide
1656 4333 1831 4405 dignis

235 4425 634 4494 exemplaribus
681 4426 1057 4496 manuscriptis
1109 4439 1231 4481 octo
1281 4438 1372 4482 aut
1415 4427 1602 4482 decem
1667 4427 1831 4484 simul

237 4521 468 4586 collatis,
523 4534 627 4575 non
661 4521 854 4593 exiguo
883 4521 1069 4576 labore
1125 4533 1393 4592 utcunque
1428 4525 1736 4593 recognovi,
1775 4531 1834 4578 et

237 4616 282 4669 ei
306 4614 603 4685 integritati
633 4616 931 4671 restituisse
954 4631 1042 4671 me
1068 4626 1215 4685 puto,
1239 4633 1339 4686 qua
1369 4617 1448 4670 vel
1475 4617 1825 4689 Hieronymo,

1926 571 2055 626 Vita:
2108 581 2404 630 sanctorum
2475 575 2734 645 Patrum,
2784 578 2961 632 veteris
3041 577 3306 632 catholica:
3355 585 3508 643 atque

1914 664 2211 735 apost’olicw
2243 667 2489 723 ECclesiw
2518 671 2676 738 dicta,
2721 681 2955 742 gestaque
3003 671 3227 744 insignia
3254 679 3303 724 et
3333 669 3505 724 admi-

1913 764 2082 815 randa
2111 763 2466 818 excellentium
2493 762 2640 837 [va]
2662 765 2858 834 aliquot
2884 765 2978 820 Dei
3000 765 3281 820 amicorum
3310 766 3509 819 utrius-

1914 872 2012 926 que
2063 872 2215 910 sexus
2275 857 2703 929 complectentes,
2767 867 2975 915 auctore
3025 859 3140 914 divo
3198 859 3515 929 Hieronymo

1915 951 2127 1020 partim,
2160 953 2450 1019 partimque
2477 954 2596 1008 aliis
2627 963 2779 1024 atque
2810 956 2930 1008 aliis
2959 971 3086 1026 quos
3115 969 3262 1009 versa
3310 952 3515 1024 pagella

1917 1061 2062 1100 nosse
2090 1047 2302 1117 poteris.
2337 1047 2560 1118 Accepta
2590 1058 2635 1104 et
2660 1051 2943 1120 approbata
2983 1049 3046 1102 ab
3078 1047 3309 1102 Ecclesia
3337 1035 3517 1102 catho-

1917 1137 2022 1193 lica
2049 1150 2168 1194 ante
2197 1158 2360 1195 annos
2386 1144 2501 1212 plus
2529 1142 2668 1196 milie
2688 1143 3079 1212 quinquaginta.

1989 1233 2164 1304 Atque
2189 1233 2310 1289 huic
2337 1233 2560 1291 editioni
2598 1245 2786 1289 novam
2821 1235 3099 1302 epistolam
3123 1233 3505 1289 dedicatoriatn

1919 1327 2198 1395 praemisit,
2237 1335 2396 1397 quam
2453 1329 2696 1384 eitara‘vit
2753 1327 3005 1396 Angusta:
3056 1337 3127 1381 ιιι
3183 1323 3302 1379 Kal.
3362 1321 3520 1388 Feh.,

1916 1435 2059 1475 anno
2091 1421 2251 1488 1548,
2280 1413 2344 1476 ad
2378 1421 2886 1478 reverendlssimum
2937 1413 2991 1476 in
3043 1419 3260 1476 Christo
3311 1412 3522 1475 l‘atretn

1918 1529 1982 1569 ac
2010 1514 2285 1571 dominum
2323 1516 2384 1571 D.
2435 1513 2749 1582 Henricum,
2801 1513 3054 1571 abbatem
3088 1515 3312 1584 insignis
3338 1528 3522 1569 coeno-

1918 1607 1990 1665 bil
2019 1605 2220 1666 ordinis
2239 1609 2347 1665 diri
2368 1609 2640 1666 BEnedlcti
2671 1609 2722 1664 in
2754 1601 3100 1678 Wiblinghe'n‘
3131 1603 3521 1664 Constantien-

1917 1703 1992 1760 sis
2025 1703 2299 1774 dioecesis,
2331 1705 2385 1760 in
2425 1715 2528 1776 qlia
2556 1717 2736 1775 operte
2764 1711 2876 1760 sate
2907 1705 3164 1774 praestita;
3193 1701 3331 1757 hanc
3357 1701 3520 1755 ratio—

1920 1815 2042 1856 nem
2074 1800 2251 1856 reddit
2282 1817 2294 1857 :

1995 1909 2013 1944 t
2049 1889 2198 1948 Vitas
2230 1891 2449 1947 Patrum
2499 1890 2660 1946 modo
2706 1905 2734 1945 a
2768 1883 2887 1961 plus
2933 1887 3078 1945 inille
3126 1885 3401 1943 erroribus
3432 1884 3524 1956 qui

1920 1985 2116 2055 passim
2141 1985 2592 2052 lntercurrebant,
2624 1983 2689 2038 ad
2725 1982 3084 2039 vetustissima
3110 1980 3308 2051 pariter
3337 1994 3399 2034 ac
3432 1979 3518 2034 di-

1919 2091 2074 2133 versa
2125 2077 2456 2148 exemplaria
2508 2077 2944 2146 repurgavimus.
2997 2073 3128 2128 Nam
3180 2071 3344 2128 multa
3397 2071 3524 2149 sunt

1920 2182 2245 2240 restaurata,
2329 2172 2590 2242 pleraque
2651 2172 2881 2243 adjecta,
2941 2170 3194 2226 nonnulla
3249 2169 3526 2234 adempta,

1919 2266 2102 2321 omnia
2140 2263 2375 2336 denique
2405 2266 2537 2320 adeo
2579 2265 2909 2320 adamussim
2972 2262 3296 2323 examinata,
3331 2267 3386 2313 ut
3418 2265 3524 2315 non

1921 2355 2083 2411 modo
2110 2366 2419 2421 renovatus,
2449 2357 2542 2412 sed
2590 2370 2724 2425 pene
2752 2362 2968 2409 renatus
3010 2359 3188 2406 tantus
3234 2352 3518 2405 thesaurus

1922 2448 2088 2520 (haud
2114 2450 2234 2503 sine
2261 2449 2412 2518 gravi
2447 2457 2623 2503 tamen
2667 2441 2877 2518 labore)
2909 2447 2974 2500 ab
3003 2446 3253 2500 omnibus
3276 2444 3379 2514 piis
3403 2458 3516 2504 me-

1923 2543 2026 2597 rito
2058 2541 2238 2612 exelpi
2264 2541 2450 2611 possit.
2474 2539 2793 2597 Addidimus
2814 2545 3074 2611 praﬂerea
3098 2543 3298 2593 novum
3333 2551 3519 2607 quent-

1921 2634 2043 2689 datn
2076 2632 2317 2690 ordinem
2352 2645 2416 2690 ac
2455 2645 2656 2688 novum
2693 2632 2922 2688 indicem
2964 2631 3050 2701 qui
3101 2636 3315 2701 semper
3362 2629 3525 2685 ditra~

1921 2729 2016 2784 bit.
2044 2728 2210 2783 Nullis
2237 2743 2367 2782 sane
2398 2727 2670 2782 laboribus
2703 2724 3058 2797 pepercimus,
3097 2739 3202 2793 quo
3234 2722 3371 2776 istud
3407 2727 3518 2776 tam

1922 2822 2134 2893 insigne
2185 2829 2322 2891 opus
2352 2821 2570 2892 prodire
2625 2830 2811 2891 posset
2865 2819 3167 2874 emunctius
3215 2831 3278 2870 ac
3332 2815 3528 2869 tersius

1920 2932 2079 2988 quam
2112 2915 2395 2972 hactenus.
2431 2931 2448 2969 t

1998 3009 2257 3079 Equidem
2298 3021 2366 3064 an
2396 3006 2562 3064 editio
2594 3005 2712 3062 hate
2741 2999 2976 3062 secunda
3003 2999 3338 3059 Coloniensis
3365 2998 3525 3070 plane

1921 3117 2058 3158 nova
2088 3102 2174 3169 sit,
2204 3117 2271 3156 an
2300 3116 2428 3157 vero
2459 3099 2640 3155 titulus
2668 3107 2874 3153 tantum
2918 3104 3171 3160 mutatus,
3201 3091 3341 3163 quod
3384 3091 3517 3146 Pro-

1923 3196 2093 3266 totypi
2123 3209 2317 3251 nomen
2347 3194 2524 3249 minus
2552 3201 2736 3248 notum
2768 3200 2932 3256 esset,
2966 3189 3237 3243 affirmare
3260 3201 3367 3240 non
3399 3199 3523 3254 pos-

1850 3288 1900 3352 C,
1929 3302 2070 3341 sum.
2107 3285 2266 3341 Certe
2290 3282 2541 3341 secundae
2567 3283 2820 3340 editionis
2849 3282 2974 3337 folia
3017 3290 3071 3336 et
3096 3281 3205 3352 typi
3237 3294 3358 3334 cum
3384 3278 3528 3347 prio-

1929 3381 2004 3435 ris
2035 3381 2287 3435 editionis
2331 3379 2478 3435 t'oliis
2526 3393 2589 3434 ac
2616 3378 2754 3450 typis
2785 3377 2943 3447 plane
2986 3373 3252 3446 quadrant
3284 3387 3298 3428 :
3327 3371 3528 3428 omissa

1930 3483 2134 3529 tantum
2165 3471 2253 3528 hic
2283 3481 2363 3529 est
2389 3467 2729 3543 paraphrasis
2756 3469 3000 3528 Cassiani
3042 3478 3097 3526 et
3123 3467 3371 3533 Ciimaci,
3403 3479 3525 3538 quae

1928 3566 2093 3637 priori
2125 3566 2346 3622 editioni
2374 3565 2427 3620 in
2459 3566 2605 3622 calce
2634 3565 2882 3634 adjuncta
2915 3573 3051 3630 erat,
3093 3569 3357 3618 eteorum
3400 3560 3526 3616 loco

1930 3660 2216 3716 substituta
2242 3670 2324 3715 est
2351 3660 2466 3714 Vita
2494 3659 2742 3714 Barlaatn
2767 3668 2818 3713 et
2854 3655 3133 3726 Josaphat.

2002 3754 2271 3824 Quidquid
2314 3756 2418 3817 sit,
2470 3770 2577 3808 non
2608 3751 2799 3808 dubito
2828 3749 3052 3807 multum
3097 3748 3299 3804 laboris
3331 3749 3534 3802 insunt-

1931 3856 2079 3916 ptutn
2108 3861 2136 3898 a
2165 3845 2279 3900 viro
2311 3845 2514 3914 optimo
2552 3843 2605 3898 in
2634 3843 2905 3898 veteribus
2935 3838 3332 3910 exemplaribus
3371 3840 3527 3892 casti-

1932 3940 2144 4012 gandis.

2002 4032 2227 4088 Constat
2255 4037 2430 4086 autem
2483 4029 2600 4084 haec
2640 4027 2806 4084 editio
2857 4025 3006 4082 libris
3045 4027 3299 4096 quinque,
3347 4024 3423 4079 uti
3475 4025 3534 4078 et

1933 4126 2105 4198 prima
2134 4124 2333 4191 editio;
2367 4122 2464 4180 sed
2493 4123 2685 4178 ordine
2729 4122 2952 4177 multum
2985 4122 3288 4186 immutato,
3321 4126 3375 4174 et
3420 4117 3536 4189 qui-

1933 4222 2158 4278 busdam
2187 4235 2253 4276 ex
2278 4220 2511 4276 secunda
2536 4218 2794 4284 editione,
2827 4225 2881 4272 et
2911 4215 3125 4272 aliunde
3151 4214 3368 4270 additis.

2005 4316 2214 4372 Primus
2247 4315 2386 4370 liber
2414 4323 2625 4369 constat
2651 4313 2822 4368 tribus
2861 4311 3124 4382 partibus,
3157 4323 3381 4380 quarunt
3415 4305 3528 4376 prl-

1935 4426 2019 4464 ma
2055 4420 2135 4465 est
2177 4409 2245 4464 de
2277 4409 2475 4463 sanctis
2501 4408 2666 4474 viris;
2699 4406 2932 4462 secunda
2968 4405 3035 4459 de
3061 4406 3262 4460 sanctis
3289 4397 3533 4456 mulieri-

1934 4505 2036 4560 bus
2068 4522 2080 4558 :
2110 4517 2231 4574 quae
2256 4511 2487 4571 utraque
2529 4515 2654 4573 pars
2700 4500 2966 4572 permixta
2995 4509 3048 4552 et
3090 4495 3318 4550 conilata
3353 4502 3436 4549 est
3468 4508 3538 4548 ex

1936 4598 2074 4653 libro
2107 4598 2282 4667 primo
2313 4593 2510 4649 Rnflini
2558 4594 2778 4665 (quiest
2821 4590 3009 4645 ordine
3037 4587 3308 4644 secundas
3333 4585 3388 4641 in
3439 4601 3538 4640 no-

240 4709 559 4774 Athanasio,
612 4709 859 4775 Leontio,
913 4711 1274 4780 Antpbilogio,
1332 4711 1594 4777 Anthero,
1669 4712 1824 4767 Nice-

1939 4701 2046 4749 stra
2076 4687 2338 4759 editione)
2370 4697 2423 4743 et
2466 4687 2588 4740 aliis
2617 4683 2752 4740 Vitis
2774 4699 2894 4753 quas
2937 4681 2994 4736 in
3023 4679 3259 4737 secunda
3299 4677 3539 4734 editione

241 4803 430 4872 plturo,
476 4804 732 4875 Evagrio,
779 4804 1052 4871 Petronio,
1107 4805 1389 4874 Eutropio,
1425 4806 1729 4874 lleraclide,
1781 4818 1835 4862 et

240 4897 291 4951 id
323 4913 497 4968 genus
543 4898 665 4953 aliis
701 4900 901 4955 sanctis
950 4899 1200 4956 Patribus
1227 4901 1486 4970 scriptum
1517 4917 1623 4957 non
1659 4903 1836 4958 ambi-

237 4993 400 5063 gitur.

317 5110 334 5140 ι
369 5087 570 5143 Deinde
625 5088 678 5142 irt
734 5096 939 5145 certum
985 5087 1229 5146 ordinem
1277 5091 1455 5160 quoad
1490 5090 1606 5146 ﬁeri
1641 5091 1836 5162 potuit,

238 5181 390 5254 juxta
449 5184 645 5238 seriem
699 5192 753 5238 et
811 5185 1075 5239 rationem
1134 5192 1438 5253 temporum
1492 5184 1724 5256 digessi,
1782 5192 1839 5240 ut

243 5275 416 5331 lector
442 5277 626 5331 statim
653 5285 942 5348 cognoscat
966 5291 1073 5348 quo
1095 5276 1321 5346 quisque
1347 5275 1564 5332 Patrum
1593 5287 1839 5348 tempore

243 5387 339 5441 per
368 5372 599 5442 gratiam
633 5371 727 5427 Dei
762 5373 815 5428 in
845 5373 948 5428 hoc
978 5373 1217 5429 illuxerit
1250 5373 1475 5442 mundo,
1523 5383 1616 5429 aut
1664 5374 1841 5444 potius

240 5483 350 5538 quo
385 5476 627 5539 tempore
665 5468 838 5538 gratia
869 5468 960 5524 Dei
1010 5469 1209 5525 luxerit
1254 5470 1308 5525 in
1337 5467 1551 5526 illorum
1594 5469 1839 5540 singulis.

245 5563 361 5617 Non
393 5561 566 5617 solum
621 5573 799 5617 autem
849 5562 918 5618 de
964 5563 1116 5628 viris,
1147 5562 1244 5619 sed
1290 5564 1448 5620 etiam
1482 5564 1549 5620 de
1596 5563 1756 5618 claris
1789 5571 1845 5619 et

246 5657 452 5710 sanctis
509 5654 862 5721 mulieribus,
918 5657 1243 5714 narrationis
1293 5657 1452 5728 hujus
1505 5656 1702 5713 seriem
1761 5657 1844 5712 itt-

249 5753 417 5809 stitui.
453 5771 472 5804 ι

323 5850 576 5907 Secundo
623 5862 752 5906 vero
778 5849 896 5903 batc
944 5848 1134 5904 eadem
1173 5845 1338 5904 editio
1393 5843 1585 5901 eodem
1616 5843 1758 5914 loco,
1791 5853 1846 5900 et

251 5943 399 6018 apud
443 5944 697 6003 eumdem
745 5942 1157 6015 typographum,
1214 5941 1402 6000 iisdem
1456 5942 1597 6012 typis
1651 5938 1847 6009 prodiit

1941 4793 2060 4859 post
2095 4785 2289 4838 librum
2335 4780 2564 4850 primum
2615 4775 2815 4831 Ruiiini
2862 4774 3288 4838 subnectuntur;
3347 4769 3543 4841 quibus

1944 4885 2207 4949 przeterea
2250 4873 2525 4928 interserit
2573 4870 2744 4925 Vitam
2797 4867 3024 4939 Epicteti
3053 4875 3109 4922 et
3147 4864 3406 4927 Actionis,
3435 4860 3540 4916 Fa-

1945 4969 2130 5036 biolm,
2155 4975 2210 5022 et
2239 4965 2530 5021 Marcellas.
2553 4961 2733 5018 Tertia
2760 4974 2882 5034 pars
2909 4960 3150 5017 continet
3179 4963 3434 5025 excerpta
3460 4965 3532 5008 ex

1944 5064 2147 5120 Severo
2178 5061 2435 5130 Sulpicio,
2463 5066 2519 5112 et
2556 5057 2764 5112 Joanne
2788 5055 3066 5111 Cassiano.

2018 5155 2296 5212 Secundus
2325 5153 2463 5209 liber
2492 5150 2734 5206 continet
2773 5153 3083 5204 sanctorum
3113 5144 3328 5198 Patrum
3366 5136 3538 5208 Vitas,

1947 5247 2132 5309 verba,
2157 5245 2454 5309 doctrinas,-
2491 5250 2547 5298 et
2575 5243 2999 5306 exhortationes,
3032 5236 3118 5306 qui
3146 5237 3230 5288 est
3269 5230 3405 5287 liber
3430 5238 3540 5286 ter‘

1949 5341 2054 5396 tius
2084 5336 2283 5394 Bullini
2311 5338 2365 5393 in
2390 5344 2571 5394 nostra
2604 5336 2859 5392 editione.

2021 5442 2234 5499 Tertius
2265 5441 2400 5497 liber
2447 5448 2530 5496 est
2581 5437 2828 5502 Palladii,
2878 5433 3034 5503 isque
3063 5431 3131 5487 ea
3163 5429 3379 5499 antiqua
3429 5438 3547 5482 ver:

1951 5539 2123 5605 sione,
2153 5537 2230 5593 uti
2257 5547 2380 5593 eam
2413 5535 2573 5590 habet
2605 5534 2776 5602 prima
2800 5519 2984 5584 editio.

2023 5638 2256 5701 Quartus
2300 5629 2434 5687 liber
2460 5635 2563 5694 est,
2598 5639 2758 5695 quem
2788 5621 3032 5694 Pelagius
3063 5613 3121 5679 S.
3161 5613 3228 5676 Β.
3273 5617 3336 5675 E.
3364 5617 3546 5675 diacov'

1954 5739 2076 5793 nus,
2100 5733 2155 5782 et
2183 5725 2422 5781 Joannes
2449 5717 2695 5788 ejusdem
2745 5715 3106 5774 subdiaconus
3134 5729 3164 5768 e
3205 5708 3399 5768 Graeco
3424 5721 3547 5767 ver:

1955 5826 2154 5876 terunt.

2028 5908 2194 5984 [uvtl
2233 5903 2466 5974 Quintus
2495 5903 2631 5962 liber
2664 5915 2745 5963 est
2778 5903 3089 5960 breviorum
3133 5899 3545 5962 sententiarum,
