  <div class='ocr_page' id='page_1' title='image "/cluster/home/n/w/nwhite01/storage/ocr_20150623/73/hvd.32044011474434/041.png"; bbox 0 0 4124 6350; ppageno 0'>
   <div class='ocr_carea' id='block_1_1' title="bbox 583 356 2947 444">
    <p class='ocr_par' dir='ltr' id='par_1_1' title="bbox 583 356 2947 444">
     <span class='ocr_line' id='line_1_1' title="bbox 583 356 2947 444; baseline 0.012 -34"><span class='ocrx_word' id='word_1_1' title='bbox 583 356 644 411; x_wconf 74' lang='lat' dir='ltr'><strong>7i</strong></span> <span class='ocrx_word' id='word_1_2' title='bbox 1535 368 1601 424; x_wconf 82' lang='lat' dir='ltr'><strong>IN</strong></span> <span class='ocrx_word' id='word_1_3' title='bbox 1646 370 1845 431; x_wconf 84' lang='lat' dir='ltr'><strong>VITAS</strong></span> <span class='ocrx_word' id='word_1_4' title='bbox 1885 374 2167 437; x_wconf 71' lang='lat' dir='ltr'><strong>PATBUM</strong></span> <span class='ocrx_word' id='word_1_5' title='bbox 2208 380 2722 444; x_wconf 62' lang='lat' dir='ltr'><strong>PROLKGOMENA</strong></span> <span class='ocrx_word' id='word_1_6' title='bbox 2761 382 2947 441; x_wconf 79' lang='lat' dir='ltr'><strong>XXVI.</strong></span> 
     </span>
    </p>
   </div>
   <div class='ocr_carea' id='block_1_2' title="bbox 3808 394 3880 450">
    <p class='ocr_par' dir='ltr' id='par_1_2' title="bbox 3808 394 3880 450">
     <span class='ocr_line' id='line_1_2' title="bbox 3808 394 3880 450; baseline 0.014 -1"><span class='ocrx_word' id='word_1_7' title='bbox 3808 394 3880 450; x_wconf 76' lang='lat'><strong>72</strong></span> 
     </span>
    </p>
   </div>
   <div class='ocr_carea' id='block_1_3' title="bbox 581 473 3873 571">
    <p class='ocr_par' dir='ltr' id='par_1_3' title="bbox 581 473 3873 571">
     <span class='ocr_line' id='line_1_3' title="bbox 581 473 3873 571; baseline 0.012 -44"><span class='ocrx_word' id='word_1_8' title='bbox 581 473 660 528; x_wconf 91' lang='lat' dir='ltr'><strong>uti</strong></span> <span class='ocrx_word' id='word_1_9' title='bbox 684 482 737 528; x_wconf 92' lang='lat' dir='ltr'><strong>et</strong></span> <span class='ocrx_word' id='word_1_10' title='bbox 762 474 980 544; x_wconf 95' lang='lat' dir='ltr'><strong>quintus</strong></span> <span class='ocrx_word' id='word_1_11' title='bbox 1010 486 1095 533; x_wconf 89' lang='lat' dir='ltr'><strong>est</strong></span> <span class='ocrx_word' id='word_1_12' title='bbox 1120 478 1171 534; x_wconf 90' lang='lat' dir='ltr'><strong>in</strong></span> <span class='ocrx_word' id='word_1_13' title='bbox 1200 480 1372 551; x_wconf 91' lang='lat' dir='ltr'><strong>prima</strong></span> <span class='ocrx_word' id='word_1_14' title='bbox 1414 481 1675 543; x_wconf 78' lang='lat' dir='ltr'><strong>editione.</strong></span> <span class='ocrx_word' id='word_1_15' title='bbox 1712 487 1898 545; x_wconf 83' lang='lat' dir='ltr'><strong>Eidem</strong></span> <span class='ocrx_word' id='word_1_16' title='bbox 1930 492 2176 565; x_wconf 81' lang='lat' dir='ltr'><strong>adjnngi-</strong></span> <span class='ocrx_word' id='word_1_17' title='bbox 2202 506 2253 566; x_wconf 73' lang='grc' dir='ltr'>Α</span> <span class='ocrx_word' id='word_1_18' title='bbox 2351 497 2427 554; x_wconf 78' lang='lat' dir='ltr'><strong>Ne</strong></span> <span class='ocrx_word' id='word_1_19' title='bbox 2449 515 2608 570; x_wconf 84' lang='lat' dir='ltr'><strong>quem</strong></span> <span class='ocrx_word' id='word_1_20' title='bbox 2661 510 2837 557; x_wconf 89' lang='lat' dir='ltr'><strong>tamen</strong></span> <span class='ocrx_word' id='word_1_21' title='bbox 2873 501 3059 558; x_wconf 90' lang='lat' dir='ltr'><strong>titulus</strong></span> <span class='ocrx_word' id='word_1_22' title='bbox 3106 501 3339 571; x_wconf 78' lang='lat' dir='ltr'><strong>falleret,</strong></span> <span class='ocrx_word' id='word_1_23' title='bbox 3380 520 3489 561; x_wconf 91' lang='lat' dir='ltr'><strong>non</strong></span> <span class='ocrx_word' id='word_1_24' title='bbox 3518 506 3620 563; x_wconf 89' lang='lat' dir='ltr'><strong>soli</strong></span> <span class='ocrx_word' id='word_1_25' title='bbox 3679 507 3873 565; x_wconf 84' lang='lat' dir='ltr'><strong>Hiero-</strong></span> 
     </span>
    </p>
   </div>
   <div class='ocr_carea' id='block_1_4' title="bbox 578 566 2172 644">
    <p class='ocr_par' dir='ltr' id='par_1_4' title="bbox 578 566 2172 644">
     <span class='ocr_line' id='line_1_4' title="bbox 578 566 2172 644; baseline 0.016 -26"><span class='ocrx_word' id='word_1_26' title='bbox 578 574 665 621; x_wconf 91' lang='lat' dir='ltr'><strong>tur</strong></span> <span class='ocrx_word' id='word_1_27' title='bbox 721 566 858 624; x_wconf 79' lang='lat' dir='ltr'><strong>liber</strong></span> <span class='ocrx_word' id='word_1_28' title='bbox 896 568 1168 628; x_wconf 84' lang='lat' dir='ltr'><strong>Paschasii</strong></span> <span class='ocrx_word' id='word_1_29' title='bbox 1216 574 1461 644; x_wconf 91' lang='lat' dir='ltr'><strong>abbatis;</strong></span> <span class='ocrx_word' id='word_1_30' title='bbox 1516 579 1638 636; x_wconf 91' lang='lat' dir='ltr'><strong>inde</strong></span> <span class='ocrx_word' id='word_1_31' title='bbox 1684 579 1804 637; x_wconf 88' lang='lat' dir='ltr'><strong>Vita</strong></span> <span class='ocrx_word' id='word_1_32' title='bbox 1858 593 2172 643; x_wconf 89' lang='lat' dir='ltr'><strong>sanctorum</strong></span> 
     </span>
    </p>
   </div>
   <div class='ocr_carea' id='block_1_5' title="bbox 576 658 1527 741">
    <p class='ocr_par' dir='ltr' id='par_1_5' title="bbox 576 658 1527 741">
     <span class='ocr_line' id='line_1_5' title="bbox 576 658 1527 741; baseline 0.014 -27"><span class='ocrx_word' id='word_1_33' title='bbox 576 658 825 716; x_wconf 84' lang='lat' dir='ltr'><strong>Barlaam</strong></span> <span class='ocrx_word' id='word_1_34' title='bbox 856 665 1120 732; x_wconf 69' lang='lat' dir='ltr'><strong>eremitaa,</strong></span> <span class='ocrx_word' id='word_1_35' title='bbox 1150 682 1213 723; x_wconf 92' lang='lat' dir='ltr'><strong>ac</strong></span> <span class='ocrx_word' id='word_1_36' title='bbox 1247 667 1527 741; x_wconf 73' lang='lat' dir='ltr'><strong>Josapliat.</strong></span> 
     </span>
    </p>
   </div>
   <div class='ocr_carea' id='block_1_6' title="bbox 995 781 1742 845">
    <p class='ocr_par' dir='ltr' id='par_1_6' title="bbox 995 781 1742 845">
     <span class='ocr_line' id='line_1_6' title="bbox 995 781 1742 845; baseline 0.012 -9"><span class='ocrx_word' id='word_1_37' title='bbox 995 781 1557 843; x_wconf 71' lang='lat' dir='ltr'><strong>PROLEGOMENON</strong></span> <span class='ocrx_word' id='word_1_38' title='bbox 1599 788 1742 845; x_wconf 80' lang='lat' dir='ltr'><strong>XXI.</strong></span> 
     </span>
    </p>
   </div>
   <div class='ocr_carea' id='block_1_7' title="bbox 578 888 2172 975">
    <p class='ocr_par' dir='ltr' id='par_1_7' title="bbox 578 888 2172 975">
     <span class='ocr_line' id='line_1_7' title="bbox 578 888 2172 975; baseline 0.01 -31"><span class='ocrx_word' id='word_1_39' title='bbox 578 888 657 944; x_wconf 83' lang='lat' dir='ltr'><strong>De</strong></span> <span class='ocrx_word' id='word_1_40' title='bbox 671 905 866 975; x_wconf 43' lang='lat' dir='ltr'><strong>lquarta</strong></span> <span class='ocrx_word' id='word_1_41' title='bbox 891 894 990 975; x_wconf 72' lang='lat' dir='ltr'><strong>hac</strong></span> <span class='ocrx_word' id='word_1_42' title='bbox 1013 898 1238 975; x_wconf 76' lang='lat' dir='ltr'><strong>editione</strong></span> <span class='ocrx_word' id='word_1_43' title='bbox 1267 898 1474 975; x_wconf 72' lang='lat' dir='ltr'><strong>Latina,</strong></span> <span class='ocrx_word' id='word_1_44' title='bbox 1507 917 1620 971; x_wconf 78' lang='lat' dir='ltr'><strong>qua:</strong></span> <span class='ocrx_word' id='word_1_45' title='bbox 1651 919 1766 956; x_wconf 79' lang='lat' dir='ltr'><strong>cum</strong></span> <span class='ocrx_word' id='word_1_46' title='bbox 1796 904 1958 959; x_wconf 86' lang='lat' dir='ltr'><strong>tribus</strong></span> <span class='ocrx_word' id='word_1_47' title='bbox 1982 920 2172 975; x_wconf 76' lang='lat' dir='ltr'><strong>prlece-</strong></span> 
     </span>
    </p>
   </div>
   <div class='ocr_carea' id='block_1_8' title="bbox 647 964 2171 1045">
    <p class='ocr_par' dir='ltr' id='par_1_8' title="bbox 647 964 2171 1045">
     <span class='ocr_line' id='line_1_8' title="bbox 647 964 2171 1045; baseline 0.01 -30"><span class='ocrx_word' id='word_1_48' title='bbox 647 964 881 1045; x_wconf 48' lang='lat' dir='ltr'><strong>dentibus</strong></span> <span class='ocrx_word' id='word_1_49' title='bbox 908 966 1217 1024; x_wconf 83' lang='lat' dir='ltr'><strong>editionibus</strong></span> <span class='ocrx_word' id='word_1_50' title='bbox 1273 964 1470 1042; x_wconf 41' lang='lat' dir='ltr'><strong>partim&#39;</strong></span> <span class='ocrx_word' id='word_1_51' title='bbox 1506 964 1778 1041; x_wconf 73' lang='lat' dir='ltr'><strong>consentit,</strong></span> <span class='ocrx_word' id='word_1_52' title='bbox 1830 964 2021 1045; x_wconf 81' lang='lat' dir='ltr'><strong>partim</strong></span> <span class='ocrx_word' id='word_1_53' title='bbox 2066 978 2171 1030; x_wconf 88' lang='lat' dir='ltr'><strong>dis-</strong></span> 
     </span>
    </p>
   </div>
   <div class='ocr_carea' id='block_1_9' title="bbox 648 1036 819 1091">
    <p class='ocr_par' dir='ltr' id='par_1_9' title="bbox 648 1036 819 1091">
     <span class='ocr_line' id='line_1_9' title="bbox 648 1036 819 1091; baseline 0.012 -2"><span class='ocrx_word' id='word_1_54' title='bbox 648 1036 819 1091; x_wconf 66' lang='lat' dir='ltr'><strong>sentit.</strong></span> 
     </span>
    </p>
   </div>
   <div class='ocr_carea' id='block_1_10' title="bbox 654 1146 2170 1232">
    <p class='ocr_par' dir='ltr' id='par_1_10' title="bbox 654 1146 2170 1232">
     <span class='ocr_line' id='line_1_10' title="bbox 654 1146 2170 1232; baseline 0.011 -32"><span class='ocrx_word' id='word_1_55' title='bbox 654 1146 780 1202; x_wconf 88' lang='lat' dir='ltr'><strong>Post</strong></span> <span class='ocrx_word' id='word_1_56' title='bbox 808 1164 997 1207; x_wconf 89' lang='lat' dir='ltr'><strong>omnes</strong></span> <span class='ocrx_word' id='word_1_57' title='bbox 1026 1152 1291 1211; x_wconf 87' lang='lat' dir='ltr'><strong>editiones</strong></span> <span class='ocrx_word' id='word_1_58' title='bbox 1334 1155 1443 1225; x_wconf 87' lang='lat' dir='ltr'><strong>jam</strong></span> <span class='ocrx_word' id='word_1_59' title='bbox 1490 1169 1831 1215; x_wconf 89' lang='lat' dir='ltr'><strong>enumeratas</strong></span> <span class='ocrx_word' id='word_1_60' title='bbox 1874 1160 2019 1232; x_wconf 76' lang='lat' dir='ltr'><strong>(quae</strong></span> <span class='ocrx_word' id='word_1_61' title='bbox 2066 1162 2170 1216; x_wconf 90' lang='lat' dir='ltr'><strong>etsi</strong></span> 
     </span>
    </p>
   </div>
   <div class='ocr_carea' id='block_1_11' title="bbox 570 1242 2171 1321">
    <p class='ocr_par' dir='ltr' id='par_1_11' title="bbox 570 1242 2171 1321">
     <span class='ocr_line' id='line_1_11' title="bbox 570 1242 2171 1321; baseline 0.009 -29"><span class='ocrx_word' id='word_1_62' title='bbox 570 1248 817 1311; x_wconf 88' lang='lat' dir='ltr'><strong>typorum</strong></span> <span class='ocrx_word' id='word_1_63' title='bbox 852 1242 1104 1300; x_wconf 73' lang='lat' dir='ltr'><strong>varietate</strong></span> <span class='ocrx_word' id='word_1_64' title='bbox 1131 1245 1196 1300; x_wconf 89' lang='lat' dir='ltr'><strong>ad</strong></span> <span class='ocrx_word' id='word_1_65' title='bbox 1220 1261 1308 1301; x_wconf 81' lang='lat' dir='ltr'><strong>xix</strong></span> <span class='ocrx_word' id='word_1_66' title='bbox 1337 1249 1423 1304; x_wconf 91' lang='lat' dir='ltr'><strong>vel</strong></span> <span class='ocrx_word' id='word_1_67' title='bbox 1468 1266 1540 1305; x_wconf 86' lang='lat' dir='ltr'><strong>xx</strong></span> <span class='ocrx_word' id='word_1_68' title='bbox 1568 1250 1932 1321; x_wconf 83' lang='lat' dir='ltr'><strong>inspexerim,</strong></span> <span class='ocrx_word' id='word_1_69' title='bbox 1965 1251 2033 1307; x_wconf 88' lang='lat' dir='ltr'><strong>ad</strong></span> <span class='ocrx_word' id='word_1_70' title='bbox 2066 1251 2171 1308; x_wconf 88' lang='lat' dir='ltr'><strong>tria</strong></span> 
     </span>
    </p>
   </div>
   <div class='ocr_carea' id='block_1_12' title="bbox 570 1340 2159 1416">
    <p class='ocr_par' dir='ltr' id='par_1_12' title="bbox 570 1340 2159 1416">
     <span class='ocr_line' id='line_1_12' title="bbox 570 1340 2159 1416; baseline 0.01 -32"><span class='ocrx_word' id='word_1_71' title='bbox 570 1340 749 1387; x_wconf 76' lang='lat' dir='ltr'><strong>tamen</strong></span> <span class='ocrx_word' id='word_1_72' title='bbox 777 1350 996 1403; x_wconf 83' lang='lat' dir='ltr'><strong>genera,</strong></span> <span class='ocrx_word' id='word_1_73' title='bbox 1030 1349 1087 1391; x_wconf 92' lang='lat' dir='ltr'><strong>ut</strong></span> <span class='ocrx_word' id='word_1_74' title='bbox 1109 1354 1269 1409; x_wconf 77' lang='lat' dir='ltr'><strong>supra</strong></span> <span class='ocrx_word' id='word_1_75' title='bbox 1303 1343 1508 1412; x_wconf 91' lang='lat' dir='ltr'><strong>monui,</strong></span> <span class='ocrx_word' id='word_1_76' title='bbox 1538 1344 1727 1400; x_wconf 81' lang='lat' dir='ltr'><strong>referri</strong></span> <span class='ocrx_word' id='word_1_77' title='bbox 1756 1345 2004 1416; x_wconf 89' lang='lat' dir='ltr'><strong>possunt)</strong></span> <span class='ocrx_word' id='word_1_78' title='bbox 2037 1360 2159 1400; x_wconf 85' lang='lat' dir='ltr'><strong>suc—</strong></span> 
     </span>
    </p>
   </div>
   <div class='ocr_carea' id='block_1_13' title="bbox 569 1426 2172 1509">
    <p class='ocr_par' dir='ltr' id='par_1_13' title="bbox 569 1426 2172 1509">
     <span class='ocr_line' id='line_1_13' title="bbox 569 1426 2172 1509; baseline 0.009 -30"><span class='ocrx_word' id='word_1_79' title='bbox 569 1426 715 1480; x_wconf 82' lang='lat' dir='ltr'><strong>cedit</strong></span> <span class='ocrx_word' id='word_1_80' title='bbox 766 1445 907 1485; x_wconf 89' lang='lat' dir='ltr'><strong>nunc</strong></span> <span class='ocrx_word' id='word_1_81' title='bbox 949 1444 1139 1501; x_wconf 86' lang='lat' dir='ltr'><strong>quarta</strong></span> <span class='ocrx_word' id='word_1_82' title='bbox 1188 1435 1304 1490; x_wconf 65' lang='lat' dir='ltr'><strong>haec</strong></span> <span class='ocrx_word' id='word_1_83' title='bbox 1343 1434 1529 1506; x_wconf 86' lang='lat' dir='ltr'><strong>editio,</strong></span> <span class='ocrx_word' id='word_1_84' title='bbox 1562 1455 1683 1509; x_wconf 64' lang='lat' dir='ltr'><strong>quae</strong></span> <span class='ocrx_word' id='word_1_85' title='bbox 1712 1439 1939 1495; x_wconf 89' lang='lat' dir='ltr'><strong>etlibris</strong></span> <span class='ocrx_word' id='word_1_86' title='bbox 1964 1439 2172 1509; x_wconf 84' lang='lat' dir='ltr'><strong>aliquot</strong></span> 
     </span>
    </p>
   </div>
   <div class='ocr_carea' id='block_1_14' title="bbox 568 1521 2171 1605">
    <p class='ocr_par' dir='ltr' id='par_1_14' title="bbox 568 1521 2171 1605">
     <span class='ocr_line' id='line_1_14' title="bbox 568 1521 2171 1605; baseline 0.012 -34"><span class='ocrx_word' id='word_1_87' title='bbox 568 1521 799 1589; x_wconf 84' lang='lat' dir='ltr'><strong>auctior,</strong></span> <span class='ocrx_word' id='word_1_88' title='bbox 829 1531 883 1577; x_wconf 90' lang='lat' dir='ltr'><strong>et</strong></span> <span class='ocrx_word' id='word_1_89' title='bbox 909 1536 1187 1581; x_wconf 81' lang='lat' dir='ltr'><strong>auctomm</strong></span> <span class='ocrx_word' id='word_1_90' title='bbox 1219 1529 1362 1599; x_wconf 87' lang='lat' dir='ltr'><strong>stylo</strong></span> <span class='ocrx_word' id='word_1_91' title='bbox 1387 1532 1454 1585; x_wconf 89' lang='lat' dir='ltr'><strong>ad</strong></span> <span class='ocrx_word' id='word_1_92' title='bbox 1486 1534 1852 1603; x_wconf 89' lang='lat' dir='ltr'><strong>manuscripta</strong></span> <span class='ocrx_word' id='word_1_93' title='bbox 1895 1534 2171 1605; x_wconf 84' lang='lat' dir='ltr'><strong>exempla-</strong></span> 
     </span>
    </p>
   </div>
   <div class='ocr_carea' id='block_1_15' title="bbox 570 1614 2168 1692">
    <p class='ocr_par' dir='ltr' id='par_1_15' title="bbox 570 1614 2168 1692">
     <span class='ocr_line' id='line_1_15' title="bbox 570 1614 2168 1692; baseline 0.009 -25"><span class='ocrx_word' id='word_1_94' title='bbox 570 1614 649 1667; x_wconf 89' lang='lat' dir='ltr'><strong>ria</strong></span> <span class='ocrx_word' id='word_1_95' title='bbox 679 1614 966 1673; x_wconf 78' lang='lat' dir='ltr'><strong>reformato</strong></span> <span class='ocrx_word' id='word_1_96' title='bbox 992 1623 1293 1677; x_wconf 86' lang='lat' dir='ltr'><strong>eorrectior</strong></span> <span class='ocrx_word' id='word_1_97' title='bbox 1322 1623 1518 1692; x_wconf 81' lang='lat' dir='ltr'><strong>prodit.</strong></span> <span class='ocrx_word' id='word_1_98' title='bbox 1559 1625 1785 1681; x_wconf 83' lang='lat' dir='ltr'><strong>Constat</strong></span> <span class='ocrx_word' id='word_1_99' title='bbox 1840 1633 2020 1682; x_wconf 88' lang='lat' dir='ltr'><strong>autem</strong></span> <span class='ocrx_word' id='word_1_100' title='bbox 2075 1626 2168 1682; x_wconf 91' lang='lat' dir='ltr'><strong>de-</strong></span> 
     </span>
    </p>
   </div>
   <div class='ocr_carea' id='block_1_16' title="bbox 568 1706 1264 1774">
    <p class='ocr_par' dir='ltr' id='par_1_16' title="bbox 568 1706 1264 1774">
     <span class='ocr_line' id='line_1_16' title="bbox 568 1706 1264 1774; baseline 0.011 -17"><span class='ocrx_word' id='word_1_101' title='bbox 568 1715 685 1759; x_wconf 88' lang='lat' dir='ltr'><strong>cem</strong></span> <span class='ocrx_word' id='word_1_102' title='bbox 719 1706 1057 1774; x_wconf 85' lang='lat' dir='ltr'><strong>putissimum</strong></span> <span class='ocrx_word' id='word_1_103' title='bbox 1097 1708 1264 1766; x_wconf 86' lang='lat' dir='ltr'><strong>libris.</strong></span> 
     </span>
    </p>
   </div>
   <div class='ocr_carea' id='block_1_17' title="bbox 640 1795 2171 1880">
    <p class='ocr_par' dir='ltr' id='par_1_17' title="bbox 640 1795 2171 1880">
     <span class='ocr_line' id='line_1_17' title="bbox 640 1795 2171 1880; baseline 0.014 -32"><span class='ocrx_word' id='word_1_104' title='bbox 640 1795 853 1853; x_wconf 83' lang='lat' dir='ltr'><strong>Primus</strong></span> <span class='ocrx_word' id='word_1_105' title='bbox 876 1799 1011 1856; x_wconf 89' lang='lat' dir='ltr'><strong>liber</strong></span> <span class='ocrx_word' id='word_1_106' title='bbox 1038 1803 1214 1857; x_wconf 86' lang='lat' dir='ltr'><strong>varias</strong></span> <span class='ocrx_word' id='word_1_107' title='bbox 1242 1807 1482 1862; x_wconf 90' lang='lat' dir='ltr'><strong>continet</strong></span> <span class='ocrx_word' id='word_1_108' title='bbox 1506 1809 1719 1866; x_wconf 85' lang='lat' dir='ltr'><strong>Patrum</strong></span> <span class='ocrx_word' id='word_1_109' title='bbox 1751 1810 1920 1880; x_wconf 83' lang='lat' dir='ltr'><strong>Vitas,</strong></span> <span class='ocrx_word' id='word_1_110' title='bbox 1953 1822 2060 1868; x_wconf 89' lang='lat' dir='ltr'><strong>tam</strong></span> <span class='ocrx_word' id='word_1_111' title='bbox 2090 1810 2171 1868; x_wconf 84' lang='lat' dir='ltr'><strong>vi-</strong></span> 
     </span>
    </p>
   </div>
   <div class='ocr_carea' id='block_1_18' title="bbox 565 1894 2167 1973">
    <p class='ocr_par' dir='ltr' id='par_1_18' title="bbox 565 1894 2167 1973">
     <span class='ocr_line' id='line_1_18' title="bbox 565 1894 2167 1973; baseline 0.014 -33"><span class='ocrx_word' id='word_1_112' title='bbox 565 1900 747 1943; x_wconf 84' lang='lat' dir='ltr'><strong>rorum</strong></span> <span class='ocrx_word' id='word_1_113' title='bbox 780 1906 939 1960; x_wconf 85' lang='lat' dir='ltr'><strong>quam</strong></span> <span class='ocrx_word' id='word_1_114' title='bbox 972 1894 1278 1962; x_wconf 86' lang='lat' dir='ltr'><strong>mulierum,</strong></span> <span class='ocrx_word' id='word_1_115' title='bbox 1310 1902 1401 1971; x_wconf 91' lang='lat' dir='ltr'><strong>qui</strong></span> <span class='ocrx_word' id='word_1_116' title='bbox 1428 1906 1716 1960; x_wconf 83' lang='lat' dir='ltr'><strong>asceticam</strong></span> <span class='ocrx_word' id='word_1_117' title='bbox 1735 1906 2042 1973; x_wconf 85' lang='lat' dir='ltr'><strong>excoluere,</strong></span> <span class='ocrx_word' id='word_1_118' title='bbox 2075 1920 2167 1962; x_wconf 85' lang='lat' dir='ltr'><strong>sa-</strong></span> 
     </span>
    </p>
   </div>
   <div class='ocr_carea' id='block_1_19' title="bbox 565 1982 2166 2073">
    <p class='ocr_par' dir='ltr' id='par_1_19' title="bbox 565 1982 2166 2073">
     <span class='ocr_line' id='line_1_19' title="bbox 565 1982 2166 2073; baseline 0.015 -39"><span class='ocrx_word' id='word_1_119' title='bbox 565 1982 634 2035; x_wconf 90' lang='lat' dir='ltr'><strong>tis</strong></span> <span class='ocrx_word' id='word_1_120' title='bbox 658 1982 772 2039; x_wconf 82' lang='lat' dir='ltr'><strong>fuse</strong></span> <span class='ocrx_word' id='word_1_121' title='bbox 801 1986 869 2041; x_wconf 88' lang='lat' dir='ltr'><strong>ab</strong></span> <span class='ocrx_word' id='word_1_122' title='bbox 910 1991 1218 2048; x_wconf 86' lang='lat' dir='ltr'><strong>auctoribus</strong></span> <span class='ocrx_word' id='word_1_123' title='bbox 1273 1997 1607 2068; x_wconf 88' lang='lat' dir='ltr'><strong>conscriptas</strong></span> <span class='ocrx_word' id='word_1_124' title='bbox 1642 2000 1891 2057; x_wconf 88' lang='lat' dir='ltr'><strong>Virorum</strong></span> <span class='ocrx_word' id='word_1_125' title='bbox 1948 2001 2166 2073; x_wconf 87' lang='lat' dir='ltr'><strong>quidem</strong></span> 
     </span>
    </p>
   </div>
   <div class='ocr_carea' id='block_1_20' title="bbox 565 2088 681 2129">
    <p class='ocr_par' dir='ltr' id='par_1_20' title="bbox 565 2088 681 2129">
     <span class='ocr_line' id='line_1_20' title="bbox 565 2088 681 2129; baseline 0.009 -1"><span class='ocrx_word' id='word_1_126' title='bbox 565 2088 681 2129; x_wconf 73' lang='grc' dir='ltr'><strong>Χνι.</strong></span> 
     </span>
    </p>
   </div>
   <div class='ocr_carea' id='block_1_21' title="bbox 564 2165 2015 2260">
    <p class='ocr_par' dir='ltr' id='par_1_21' title="bbox 564 2165 2015 2260">
     <span class='ocr_line' id='line_1_21' title="bbox 564 2165 2015 2260; baseline 0.016 -39"><span class='ocrx_word' id='word_1_127' title='bbox 564 2165 625 2223; x_wconf 88' lang='grc'><strong>8.</strong></span> <span class='ocrx_word' id='word_1_128' title='bbox 657 2168 815 2225; x_wconf 81' lang='lat' dir='ltr'><strong>Pauli</strong></span> <span class='ocrx_word' id='word_1_129' title='bbox 854 2175 1008 2243; x_wconf 83' lang='lat' dir='ltr'><strong>primi</strong></span> <span class='ocrx_word' id='word_1_130' title='bbox 1046 2180 1297 2237; x_wconf 72' lang='lat' dir='ltr'><strong>eremitoz.</strong></span> <span class='ocrx_word' id='word_1_131' title='bbox 1380 2182 1446 2240; x_wconf 92' lang='lat' dir='ltr'><strong>S.</strong></span> <span class='ocrx_word' id='word_1_132' title='bbox 1494 2184 1753 2241; x_wconf 86' lang='lat' dir='ltr'><strong>Simeonis</strong></span> <span class='ocrx_word' id='word_1_133' title='bbox 1784 2186 2015 2260; x_wconf 75' lang='lat' dir='ltr'><strong>Stylitw.</strong></span> 
     </span>
    </p>
   </div>
   <div class='ocr_carea' id='block_1_22' title="bbox 563 2258 2164 2355">
    <p class='ocr_par' dir='ltr' id='par_1_22' title="bbox 563 2258 2164 2355">
     <span class='ocr_line' id='line_1_22' title="bbox 563 2258 2164 2355; baseline 0.014 -39"><span class='ocrx_word' id='word_1_134' title='bbox 563 2258 625 2317; x_wconf 98' lang='grc'><strong>8.</strong></span> <span class='ocrx_word' id='word_1_135' title='bbox 655 2264 865 2322; x_wconf 77' lang='lat' dir='ltr'><strong>Antonii</strong></span> <span class='ocrx_word' id='word_1_136' title='bbox 910 2269 1128 2328; x_wconf 88' lang='lat' dir='ltr'><strong>abbatis.</strong></span> <span class='ocrx_word' id='word_1_137' title='bbox 1388 2278 1448 2334; x_wconf 90' lang='lat' dir='ltr'><strong>S.</strong></span> <span class='ocrx_word' id='word_1_138' title='bbox 1541 2279 1761 2336; x_wconf 76' lang='lat' dir='ltr'><strong>Joannis</strong></span> <span class='ocrx_word' id='word_1_139' title='bbox 1856 2258 2164 2355; x_wconf 17' lang='lat' dir='ltr'><strong>‘Eleemosy-</strong></span> 
     </span>
    </p>
   </div>
   <div class='ocr_carea' id='block_1_23' title="bbox 1384 2370 1541 2424">
    <p class='ocr_par' dir='ltr' id='par_1_23' title="bbox 1384 2370 1541 2424">
     <span class='ocr_line' id='line_1_23' title="bbox 1384 2370 1541 2424; baseline 0 -1"><span class='ocrx_word' id='word_1_140' title='bbox 1384 2370 1541 2424; x_wconf 89' lang='lat' dir='ltr'><strong>narii.</strong></span> 
     </span>
    </p>
   </div>
   <div class='ocr_carea' id='block_1_24' title="bbox 1379 2461 2165 2540">
    <p class='ocr_par' dir='ltr' id='par_1_24' title="bbox 1379 2461 2165 2540">
     <span class='ocr_line' id='line_1_24' title="bbox 1379 2461 2165 2540; baseline 0.006 -24"><span class='ocrx_word' id='word_1_141' title='bbox 1379 2461 1487 2519; x_wconf 90' lang='lat' dir='ltr'><strong>SS.</strong></span> <span class='ocrx_word' id='word_1_142' title='bbox 1521 2461 1749 2533; x_wconf 83' lang='lat' dir='ltr'><strong>Epicteti</strong></span> <span class='ocrx_word' id='word_1_143' title='bbox 1795 2467 2076 2540; x_wconf 80' lang='lat' dir='ltr'><strong>presbyteri</strong></span> <span class='ocrx_word' id='word_1_144' title='bbox 2116 2476 2165 2523; x_wconf 91' lang='lat' dir='ltr'><strong>et</strong></span> 
     </span>
    </p>
   </div>
   <div class='ocr_carea' id='block_1_25' title="bbox 1453 2558 1950 2615">
    <p class='ocr_par' dir='ltr' id='par_1_25' title="bbox 1453 2558 1950 2615">
     <span class='ocr_line' id='line_1_25' title="bbox 1453 2558 1950 2615; baseline 0.01 -5"><span class='ocrx_word' id='word_1_145' title='bbox 1453 2558 1677 2614; x_wconf 86' lang='lat' dir='ltr'><strong>Astionis</strong></span> <span class='ocrx_word' id='word_1_146' title='bbox 1712 2561 1950 2615; x_wconf 81' lang='lat' dir='ltr'><strong>monachi</strong></span> 
     </span>
    </p>
   </div>
   <div class='ocr_carea' id='block_1_26' title="bbox 561 2447 1237 2515">
    <p class='ocr_par' dir='ltr' id='par_1_26' title="bbox 561 2447 1237 2515">
     <span class='ocr_line' id='line_1_26' title="bbox 561 2447 1237 2515; baseline 0.016 -12"><span class='ocrx_word' id='word_1_147' title='bbox 561 2447 624 2505; x_wconf 94' lang='lat' dir='ltr'><strong>S.</strong></span> <span class='ocrx_word' id='word_1_148' title='bbox 657 2448 949 2511; x_wconf 82' lang='lat' dir='ltr'><strong>Hilarionis</strong></span> <span class='ocrx_word' id='word_1_149' title='bbox 978 2459 1237 2515; x_wconf 80' lang='lat' dir='ltr'><strong>monachi.</strong></span> 
     </span>
    </p>
   </div>
   <div class='ocr_carea' id='block_1_27' title="bbox 561 2540 1345 2621">
    <p class='ocr_par' dir='ltr' id='par_1_27' title="bbox 561 2540 1345 2621">
     <span class='ocr_line' id='line_1_27' title="bbox 561 2540 1345 2621; baseline 0.018 -24"><span class='ocrx_word' id='word_1_150' title='bbox 561 2540 623 2597; x_wconf 91' lang='lat' dir='ltr'><strong>S.</strong></span> <span class='ocrx_word' id='word_1_151' title='bbox 662 2542 881 2617; x_wconf 77' lang='lat' dir='ltr'><strong>Malchi,</strong></span> <span class='ocrx_word' id='word_1_152' title='bbox 932 2552 1119 2621; x_wconf 84' lang='lat' dir='ltr'><strong>captivi</strong></span> <span class='ocrx_word' id='word_1_153' title='bbox 1164 2569 1345 2610; x_wconf 81' lang='lat' dir='ltr'><strong>mona-</strong></span> 
     </span>
    </p>
   </div>
   <div class='ocr_carea' id='block_1_28' title="bbox 630 2639 732 2691">
    <p class='ocr_par' dir='ltr' id='par_1_28' title="bbox 630 2639 732 2691">
     <span class='ocr_line' id='line_1_28' title="bbox 630 2639 732 2691; baseline 0.02 -2"><span class='ocrx_word' id='word_1_154' title='bbox 630 2639 732 2691; x_wconf 80' lang='lat' dir='ltr'><strong>chi.</strong></span> 
     </span>
    </p>
   </div>
   <div class='ocr_carea' id='block_1_29' title="bbox 557 2726 2169 2817">
    <p class='ocr_par' dir='ltr' id='par_1_29' title="bbox 557 2726 2169 2817">
     <span class='ocr_line' id='line_1_29' title="bbox 557 2726 2169 2817; baseline 0.014 -32"><span class='ocrx_word' id='word_1_155' title='bbox 557 2726 621 2785; x_wconf 87' lang='grc'><strong>8.</strong></span> <span class='ocrx_word' id='word_1_156' title='bbox 659 2730 914 2803; x_wconf 84' lang='lat' dir='ltr'><strong>Unuphrii</strong></span> <span class='ocrx_word' id='word_1_157' title='bbox 951 2738 1195 2794; x_wconf 75' lang='lat' dir='ltr'><strong>eremitte.</strong></span> <span class='ocrx_word' id='word_1_158' title='bbox 1380 2741 1445 2798; x_wconf 90' lang='grc'><strong>8.</strong></span> <span class='ocrx_word' id='word_1_159' title='bbox 1488 2742 1711 2800; x_wconf 79' lang='lat' dir='ltr'><strong>Macarii</strong></span> <span class='ocrx_word' id='word_1_160' title='bbox 1750 2747 1991 2817; x_wconf 83' lang='lat' dir='ltr'><strong>Romani,</strong></span> <span class='ocrx_word' id='word_1_161' title='bbox 2036 2752 2169 2807; x_wconf 84' lang='lat' dir='ltr'><strong>servi</strong></span> 
     </span>
    </p>
   </div>
   <div class='ocr_carea' id='block_1_30' title="bbox 1453 2833 2169 2909">
    <p class='ocr_par' dir='ltr' id='par_1_30' title="bbox 1453 2833 2169 2909">
     <span class='ocr_line' id='line_1_30' title="bbox 1453 2833 2169 2909; baseline 0.015 -19"><span class='ocrx_word' id='word_1_162' title='bbox 1453 2833 1579 2903; x_wconf 90' lang='lat' dir='ltr'><strong>Dei,</strong></span> <span class='ocrx_word' id='word_1_163' title='bbox 1648 2840 1736 2909; x_wconf 84' lang='lat' dir='ltr'><strong>qui</strong></span> <span class='ocrx_word' id='word_1_164' title='bbox 1802 2842 2033 2899; x_wconf 84' lang='lat' dir='ltr'><strong>inventus</strong></span> <span class='ocrx_word' id='word_1_165' title='bbox 2093 2854 2169 2901; x_wconf 85' lang='lat' dir='ltr'><strong>est</strong></span> 
     </span>
    </p>
   </div>
   <div class='ocr_carea' id='block_1_31' title="bbox 559 2912 1945 2999">
    <p class='ocr_par' dir='ltr' id='par_1_31' title="bbox 559 2912 1945 2999">
     <span class='ocr_line' id='line_1_31' title="bbox 559 2912 1945 2999; baseline 0.013 -27"><span class='ocrx_word' id='word_1_166' title='bbox 559 2912 626 2972; x_wconf 87' lang='lat' dir='ltr'><strong>S.</strong></span> <span class='ocrx_word' id='word_1_167' title='bbox 680 2914 952 2976; x_wconf 80' lang='lat' dir='ltr'><strong>Pachumii</strong></span> <span class='ocrx_word' id='word_1_168' title='bbox 997 2923 1192 2982; x_wconf 78' lang='lat' dir='ltr'><strong>abbatis</strong></span> <span class='ocrx_word' id='word_1_169' title='bbox 1238 2925 1339 2982; x_wconf 84' lang='lat' dir='ltr'><strong>Ta-</strong></span> <span class='ocrx_word' id='word_1_170' title='bbox 1442 2930 1599 2999; x_wconf 68' lang='lat' dir='ltr'><strong>juxta</strong></span> <span class='ocrx_word' id='word_1_171' title='bbox 1629 2930 1945 2990; x_wconf 86' lang='lat' dir='ltr'><strong>Paradisum</strong></span> 
     </span>
    </p>
   </div>
   <div class='ocr_carea' id='block_1_32' title="bbox 631 3007 827 3066">
    <p class='ocr_par' dir='ltr' id='par_1_32' title="bbox 631 3007 827 3066">
     <span class='ocr_line' id='line_1_32' title="bbox 631 3007 827 3066; baseline 0.031 -5"><span class='ocrx_word' id='word_1_172' title='bbox 631 3007 827 3066; x_wconf 88' lang='lat' dir='ltr'><strong>bennen</strong></span> 
     </span>
    </p>
   </div>
   <div class='ocr_carea' id='block_1_33' title="bbox 558 3103 2171 3195">
    <p class='ocr_par' dir='ltr' id='par_1_33' title="bbox 558 3103 2171 3195">
     <span class='ocr_line' id='line_1_33' title="bbox 558 3103 2171 3195; baseline 0.014 -37"><span class='ocrx_word' id='word_1_173' title='bbox 558 3103 619 3160; x_wconf 93' lang='lat' dir='ltr'><strong>S.</strong></span> <span class='ocrx_word' id='word_1_174' title='bbox 644 3106 904 3164; x_wconf 84' lang='lat' dir='ltr'><strong>Abraham</strong></span> <span class='ocrx_word' id='word_1_175' title='bbox 931 3116 1175 3170; x_wconf 70' lang='lat' dir='ltr'><strong>eremitae.</strong></span> <span class='ocrx_word' id='word_1_176' title='bbox 1380 3117 1449 3175; x_wconf 86' lang='grc' dir='ltr'><strong><em>Β.</em></strong></span> <span class='ocrx_word' id='word_1_177' title='bbox 1475 3119 1790 3188; x_wconf 84' lang='lat' dir='ltr'><strong>Posthumii,</strong></span> <span class='ocrx_word' id='word_1_178' title='bbox 1818 3120 1994 3179; x_wconf 88' lang='lat' dir='ltr'><strong>Patris</strong></span> <span class='ocrx_word' id='word_1_179' title='bbox 2020 3124 2171 3195; x_wconf 81' lang='lat' dir='ltr'><strong>quin-</strong></span> 
     </span>
    </p>
   </div>
   <div class='ocr_carea' id='block_1_34' title="bbox 586 3216 2166 3284">
    <p class='ocr_par' dir='ltr' id='par_1_34' title="bbox 586 3216 2166 3284">
     <span class='ocr_line' id='line_1_34' title="bbox 586 3216 2166 3284; baseline 0.006 -21"><span class='ocrx_word' id='word_1_180' title='bbox 586 3256 589 3263; x_wconf 87' lang='lat'><strong>.</strong></span> <span class='ocrx_word' id='word_1_181' title='bbox 1450 3230 1549 3284; x_wconf 84' lang='lat' dir='ltr'><strong>que</strong></span> <span class='ocrx_word' id='word_1_182' title='bbox 1616 3216 1838 3271; x_wconf 85' lang='lat' dir='ltr'><strong>millium</strong></span> <span class='ocrx_word' id='word_1_183' title='bbox 1892 3219 2166 3273; x_wconf 89' lang='lat' dir='ltr'><strong>monacho-</strong></span> 
     </span>
    </p>
   </div>
   <div class='ocr_carea' id='block_1_35' title="bbox 558 3289 1593 3373">
    <p class='ocr_par' dir='ltr' id='par_1_35' title="bbox 558 3289 1593 3373">
     <span class='ocr_line' id='line_1_35' title="bbox 558 3289 1593 3373; baseline 0.016 -29"><span class='ocrx_word' id='word_1_184' title='bbox 558 3289 620 3346; x_wconf 90' lang='lat' dir='ltr'><strong>S.</strong></span> <span class='ocrx_word' id='word_1_185' title='bbox 652 3291 872 3363; x_wconf 84' lang='lat' dir='ltr'><strong>Basilii,</strong></span> <span class='ocrx_word' id='word_1_186' title='bbox 904 3296 1153 3357; x_wconf 75' lang='lat' dir='ltr'><strong>Cwsarete</strong></span> <span class='ocrx_word' id='word_1_187' title='bbox 1206 3302 1342 3373; x_wconf 84' lang='lat' dir='ltr'><strong>Cap-</strong></span> <span class='ocrx_word' id='word_1_188' title='bbox 1457 3322 1593 3362; x_wconf 89' lang='lat' dir='ltr'><strong>rum.</strong></span> 
     </span>
    </p>
   </div>
   <div class='ocr_carea' id='block_1_36' title="bbox 630 3388 2014 3467">
    <p class='ocr_par' dir='ltr' id='par_1_36' title="bbox 630 3388 2014 3467">
     <span class='ocr_line' id='line_1_36' title="bbox 630 3388 2014 3467; baseline 0.014 -28"><span class='ocrx_word' id='word_1_189' title='bbox 630 3388 864 3455; x_wconf 72' lang='lat' dir='ltr'><strong>padocite</strong></span> <span class='ocrx_word' id='word_1_190' title='bbox 902 3394 1297 3467; x_wconf 81' lang='lat' dir='ltr'><strong>archiepiscOpi.</strong></span> <span class='ocrx_word' id='word_1_191' title='bbox 1378 3398 1439 3453; x_wconf 98' lang='grc'><strong>8.</strong></span> <span class='ocrx_word' id='word_1_192' title='bbox 1475 3398 1750 3456; x_wconf 85' lang='lat' dir='ltr'><strong>Frontonii</strong></span> <span class='ocrx_word' id='word_1_193' title='bbox 1795 3403 2014 3460; x_wconf 87' lang='lat' dir='ltr'><strong>abbatis.</strong></span> 
     </span>
    </p>
   </div>
   <div class='ocr_carea' id='block_1_37' title="bbox 560 3475 2155 3569">
    <p class='ocr_par' dir='ltr' id='par_1_37' title="bbox 560 3475 2155 3569">
     <span class='ocr_line' id='line_1_37' title="bbox 560 3475 2155 3569; baseline 0.011 -34"><span class='ocrx_word' id='word_1_194' title='bbox 560 3475 625 3535; x_wconf 84' lang='grc'><strong>8.</strong></span> <span class='ocrx_word' id='word_1_195' title='bbox 682 3478 927 3550; x_wconf 77' lang='lat' dir='ltr'><strong>Ephrrem</strong></span> <span class='ocrx_word' id='word_1_196' title='bbox 979 3485 1124 3557; x_wconf 83' lang='lat' dir='ltr'><strong>Syri,</strong></span> <span class='ocrx_word' id='word_1_197' title='bbox 1196 3489 1332 3546; x_wconf 89' lang='lat' dir='ltr'><strong>diae.</strong></span> <span class='ocrx_word' id='word_1_198' title='bbox 1376 3490 1489 3548; x_wconf 89' lang='lat' dir='ltr'><strong>SS.</strong></span> <span class='ocrx_word' id='word_1_199' title='bbox 1518 3491 1767 3549; x_wconf 88' lang='lat' dir='ltr'><strong>Barlaam</strong></span> <span class='ocrx_word' id='word_1_200' title='bbox 1805 3506 1851 3551; x_wconf 88' lang='lat' dir='ltr'><strong>et</strong></span> <span class='ocrx_word' id='word_1_201' title='bbox 1877 3498 2155 3569; x_wconf 81' lang='lat' dir='ltr'><strong>.losaphat.</strong></span> 
     </span>
    </p>
   </div>
   <div class='ocr_carea' id='block_1_38' title="bbox 633 3573 863 3633">
    <p class='ocr_par' dir='ltr' id='par_1_38' title="bbox 633 3573 863 3633">
     <span class='ocr_line' id='line_1_38' title="bbox 633 3573 863 3633; baseline 0.03 -7"><span class='ocrx_word' id='word_1_202' title='bbox 633 3573 863 3633; x_wconf 73' lang='lat' dir='ltr'><strong>Edessa&#39;.</strong></span> 
     </span>
    </p>
   </div>
   <div class='ocr_carea' id='block_1_39' title="bbox 658 3675 1624 3737">
    <p class='ocr_par' dir='ltr' id='par_1_39' title="bbox 658 3675 1624 3737">
     <span class='ocr_line' id='line_1_39' title="bbox 658 3675 1624 3737; baseline 0.011 -12"><span class='ocrx_word' id='word_1_203' title='bbox 658 3680 663 3685; x_wconf 86' lang='lat'><strong><em>‘</em></strong></span> <span class='ocrx_word' id='word_1_204' title='bbox 1057 3675 1336 3735; x_wconf 83' lang='lat' dir='ltr'><strong>Mulierum</strong></span> <span class='ocrx_word' id='word_1_205' title='bbox 1378 3695 1508 3737; x_wconf 90' lang='lat' dir='ltr'><strong>vero</strong></span> <span class='ocrx_word' id='word_1_206' title='bbox 1549 3698 1624 3736; x_wconf 82' lang='lat' dir='ltr'><strong>xi.</strong></span> 
     </span>
    </p>
   </div>
   <div class='ocr_carea' id='block_1_40' title="bbox 553 3759 2027 3848">
    <p class='ocr_par' dir='ltr' id='par_1_40' title="bbox 553 3759 2027 3848">
     <span class='ocr_line' id='line_1_40' title="bbox 553 3759 2027 3848; baseline 0.014 -32"><span class='ocrx_word' id='word_1_207' title='bbox 553 3759 610 3816; x_wconf 89' lang='lat' dir='ltr'><strong>S.</strong></span> <span class='ocrx_word' id='word_1_208' title='bbox 668 3760 919 3836; x_wconf 81' lang='lat' dir='ltr'><strong>Eugenio:</strong></span> <span class='ocrx_word' id='word_1_209' title='bbox 992 3770 1203 3842; x_wconf 86' lang='lat' dir='ltr'><strong>virginis</strong></span> <span class='ocrx_word' id='word_1_210' title='bbox 1269 3792 1330 3828; x_wconf 88' lang='lat' dir='ltr'><strong>ac</strong></span> <span class='ocrx_word' id='word_1_211' title='bbox 1369 3775 1433 3833; x_wconf 90' lang='lat' dir='ltr'><strong>S.</strong></span> <span class='ocrx_word' id='word_1_212' title='bbox 1462 3775 1697 3848; x_wconf 75' lang='lat' dir='ltr'><strong>Pelagia:</strong></span> <span class='ocrx_word' id='word_1_213' title='bbox 1726 3780 2027 3837; x_wconf 88' lang='lat' dir='ltr'><strong>meretricis.</strong></span> 
     </span>
    </p>
   </div>
   <div class='ocr_carea' id='block_1_41' title="bbox 628 3867 888 3912">
    <p class='ocr_par' dir='ltr' id='par_1_41' title="bbox 628 3867 888 3912">
     <span class='ocr_line' id='line_1_41' title="bbox 628 3867 888 3912; baseline 0.027 -6"><span class='ocrx_word' id='word_1_214' title='bbox 628 3867 888 3912; x_wconf 82' lang='lat' dir='ltr'><strong>marturis.</strong></span> 
     </span>
    </p>
   </div>
   <div class='ocr_carea' id='block_1_42' title="bbox 554 3874 2159 4041">
    <p class='ocr_par' dir='ltr' id='par_1_42' title="bbox 554 3874 2159 4041">
     <span class='ocr_line' id='line_1_42' title="bbox 628 3874 888 3912; baseline 0.023 -6"><span class='ocrx_word' id='word_1_215' title='bbox 628 3874 759 3909; x_wconf 81' lang='lat' dir='ltr'><strong>marl</strong></span> <span class='ocrx_word' id='word_1_216' title='bbox 798 3875 888 3912; x_wconf 83' lang='lat' dir='ltr'><strong>ris.</strong></span> 
     </span>
     <span class='ocr_line' id='line_1_43' title="bbox 554 3874 2159 4041; baseline 0.017 -42"><span class='ocrx_word' id='word_1_217' title='bbox 554 3946 617 4001; x_wconf 91' lang='lat' dir='ltr'><strong>S.</strong></span> <span class='ocrx_word' id='word_1_218' title='bbox 649 3874 957 4018; x_wconf 47' lang='lat' dir='ltr'><strong>Eupzbrasia:</strong></span> <span class='ocrx_word' id='word_1_219' title='bbox 988 3956 1223 4027; x_wconf 84' lang='lat' dir='ltr'><strong>virginis.</strong></span> <span class='ocrx_word' id='word_1_220' title='bbox 1372 3962 1433 4017; x_wconf 86' lang='lat' dir='ltr'><strong>S.</strong></span> <span class='ocrx_word' id='word_1_221' title='bbox 1470 3962 1656 4019; x_wconf 78' lang='lat' dir='ltr'><strong>Maria:</strong></span> <span class='ocrx_word' id='word_1_222' title='bbox 1684 3966 2019 4041; x_wconf 58' lang='lat' dir='ltr'><strong>ngyptiaca:</strong></span> <span class='ocrx_word' id='word_1_223' title='bbox 2054 3985 2159 4024; x_wconf 87' lang='lat' dir='ltr'><strong>me-</strong></span> 
     </span>
    </p>
   </div>
   <div class='ocr_carea' id='block_1_43' title="bbox 1449 4058 1669 4111">
    <p class='ocr_par' dir='ltr' id='par_1_43' title="bbox 1449 4058 1669 4111">
     <span class='ocr_line' id='line_1_44' title="bbox 1449 4058 1669 4111; baseline 0.014 -3"><span class='ocrx_word' id='word_1_224' title='bbox 1449 4058 1669 4111; x_wconf 84' lang='lat' dir='ltr'><strong>retricis.</strong></span> 
     </span>
    </p>
   </div>
   <div class='ocr_carea' id='block_1_44' title="bbox 554 4132 1948 4229">
    <p class='ocr_par' dir='ltr' id='par_1_44' title="bbox 554 4132 1948 4229">
     <span class='ocr_line' id='line_1_45' title="bbox 554 4132 1948 4229; baseline 0.02 -43"><span class='ocrx_word' id='word_1_225' title='bbox 554 4132 616 4229; x_wconf 72' lang='lat' dir='ltr'><strong>S.</strong></span> <span class='ocrx_word' id='word_1_226' title='bbox 648 4133 1001 4229; x_wconf 50' lang='lat' dir='ltr'><strong>[inp/irosynte</strong></span> <span class='ocrx_word' id='word_1_227' title='bbox 1024 4144 1253 4215; x_wconf 87' lang='lat' dir='ltr'><strong>virginis.</strong></span> <span class='ocrx_word' id='word_1_228' title='bbox 1368 4150 1428 4207; x_wconf 91' lang='lat' dir='ltr'><strong>S.</strong></span> <span class='ocrx_word' id='word_1_229' title='bbox 1461 4151 1684 4211; x_wconf 76' lang='lat' dir='ltr'><strong>Marinte</strong></span> <span class='ocrx_word' id='word_1_230' title='bbox 1714 4158 1948 4229; x_wconf 78' lang='lat' dir='ltr'><strong>virginis.</strong></span> 
     </span>
    </p>
   </div>
   <div class='ocr_carea' id='block_1_45' title="bbox 553 4222 1333 4302">
    <p class='ocr_par' dir='ltr' id='par_1_45' title="bbox 553 4222 1333 4302">
     <span class='ocr_line' id='line_1_46' title="bbox 553 4222 1333 4302; baseline 0.021 -25"><span class='ocrx_word' id='word_1_231' title='bbox 553 4222 616 4279; x_wconf 91' lang='lat' dir='ltr'><strong>S.</strong></span> <span class='ocrx_word' id='word_1_232' title='bbox 667 4224 851 4283; x_wconf 76' lang='lat' dir='ltr'><strong>Maria:</strong></span> <span class='ocrx_word' id='word_1_233' title='bbox 898 4237 1195 4302; x_wconf 87' lang='lat' dir='ltr'><strong>meretricis,</strong></span> <span class='ocrx_word' id='word_1_234' title='bbox 1244 4254 1333 4292; x_wconf 85' lang='lat' dir='ltr'><strong>ne-</strong></span> 
     </span>
    </p>
   </div>
   <div class='ocr_carea' id='block_1_46' title="bbox 625 4321 1726 4395">
    <p class='ocr_par' dir='ltr' id='par_1_46' title="bbox 625 4321 1726 4395">
     <span class='ocr_line' id='line_1_47' title="bbox 625 4321 1726 4395; baseline 0.02 -22"><span class='ocrx_word' id='word_1_235' title='bbox 625 4321 725 4389; x_wconf 87' lang='lat' dir='ltr'><strong>ptis</strong></span> <span class='ocrx_word' id='word_1_236' title='bbox 756 4322 979 4381; x_wconf 67' lang='lat' dir='ltr'><strong>Abrahae</strong></span> <span class='ocrx_word' id='word_1_237' title='bbox 1000 4331 1241 4386; x_wconf 73' lang='lat' dir='ltr'><strong>eremitie.</strong></span> <span class='ocrx_word' id='word_1_238' title='bbox 1368 4333 1435 4388; x_wconf 87' lang='grc' dir='ltr'><strong><em>Β.</em></strong></span> <span class='ocrx_word' id='word_1_239' title='bbox 1471 4334 1726 4395; x_wconf 63' lang='lat' dir='ltr'><strong>Fabiola.</strong></span> 
     </span>
    </p>
   </div>
   <div class='ocr_carea' id='block_1_47' title="bbox 1371 4430 2144 4498">
    <p class='ocr_par' dir='ltr' id='par_1_47' title="bbox 1371 4430 2144 4498">
     <span class='ocr_line' id='line_1_48' title="bbox 1371 4430 2144 4498; baseline 0.018 -14"><span class='ocrx_word' id='word_1_240' title='bbox 1371 4430 1434 4485; x_wconf 95' lang='lat' dir='ltr'><strong>S.</strong></span> <span class='ocrx_word' id='word_1_241' title='bbox 1463 4431 1646 4489; x_wconf 76' lang='lat' dir='ltr'><strong>Paula:</strong></span> <span class='ocrx_word' id='word_1_242' title='bbox 1676 4436 1925 4494; x_wconf 77' lang='lat' dir='ltr'><strong>Romana:</strong></span> <span class='ocrx_word' id='word_1_243' title='bbox 1954 4442 2144 4498; x_wconf 71' lang='lat' dir='ltr'><strong>viduae.</strong></span> 
     </span>
    </p>
   </div>
   <div class='ocr_carea' id='block_1_48' title="bbox 554 4502 1945 4589">
    <p class='ocr_par' dir='ltr' id='par_1_48' title="bbox 554 4502 1945 4589">
     <span class='ocr_line' id='line_1_49' title="bbox 554 4502 1945 4589; baseline 0.02 -28"><span class='ocrx_word' id='word_1_244' title='bbox 554 4502 615 4562; x_wconf 81' lang='lat' dir='ltr'><strong>S.</strong></span> <span class='ocrx_word' id='word_1_245' title='bbox 646 4506 848 4566; x_wconf 85' lang='lat' dir='ltr'><strong>Thaisis</strong></span> <span class='ocrx_word' id='word_1_246' title='bbox 884 4517 1182 4573; x_wconf 86' lang='lat' dir='ltr'><strong>meretricis.</strong></span> <span class='ocrx_word' id='word_1_247' title='bbox 1368 4522 1431 4579; x_wconf 93' lang='grc'><strong>8.</strong></span> <span class='ocrx_word' id='word_1_248' title='bbox 1468 4524 1731 4585; x_wconf 75' lang='lat' dir='ltr'><strong>Marcellae</strong></span> <span class='ocrx_word' id='word_1_249' title='bbox 1758 4533 1945 4589; x_wconf 68' lang='lat' dir='ltr'><strong>uiduae.</strong></span> 
     </span>
    </p>
   </div>
   <div class='ocr_carea' id='block_1_49' title="bbox 567 4600 2003 4692">
    <p class='ocr_par' dir='ltr' id='par_1_49' title="bbox 567 4600 2003 4692">
     <span class='ocr_line' id='line_1_50' title="bbox 567 4600 2003 4692; baseline 0.021 -37"><span class='ocrx_word' id='word_1_250' title='bbox 567 4646 575 4655; x_wconf 83' lang='lat'><strong>.</strong></span> <span class='ocrx_word' id='word_1_251' title='bbox 629 4600 937 4661; x_wconf 82' lang='lat' dir='ltr'><strong>Potuissent</strong></span> <span class='ocrx_word' id='word_1_252' title='bbox 984 4610 1164 4678; x_wconf 87' lang='lat' dir='ltr'><strong>plures</strong></span> <span class='ocrx_word' id='word_1_253' title='bbox 1196 4612 1332 4671; x_wconf 67' lang='lat' dir='ltr'><strong>Vitae</strong></span> <span class='ocrx_word' id='word_1_254' title='bbox 1364 4620 1644 4692; x_wconf 89' lang='lat' dir='ltr'><strong>utriusque</strong></span> <span class='ocrx_word' id='word_1_255' title='bbox 1675 4638 1838 4681; x_wconf 90' lang='lat' dir='ltr'><strong>sexus</strong></span> <span class='ocrx_word' id='word_1_256' title='bbox 1880 4629 2003 4685; x_wconf 81' lang='lat' dir='ltr'><strong>addi</strong></span> 
     </span>
    </p>
   </div>
   <div class='ocr_carea' id='block_1_50' title="bbox 554 4691 2143 4785">
    <p class='ocr_par' dir='ltr' id='par_1_50' title="bbox 554 4691 2143 4785">
     <span class='ocr_line' id='line_1_51' title="bbox 554 4691 2143 4785; baseline 0.023 -39"><span class='ocrx_word' id='word_1_257' title='bbox 554 4691 608 4747; x_wconf 89' lang='lat' dir='ltr'><strong>in</strong></span> <span class='ocrx_word' id='word_1_258' title='bbox 638 4694 825 4750; x_wconf 89' lang='lat' dir='ltr'><strong>eodem</strong></span> <span class='ocrx_word' id='word_1_259' title='bbox 848 4700 1060 4756; x_wconf 83' lang='lat' dir='ltr'><strong>vivendi</strong></span> <span class='ocrx_word' id='word_1_260' title='bbox 1101 4703 1346 4763; x_wconf 87' lang='lat' dir='ltr'><strong>instituto</strong></span> <span class='ocrx_word' id='word_1_261' title='bbox 1376 4725 1435 4766; x_wconf 85' lang='lat' dir='ltr'><strong>se</strong></span> <span class='ocrx_word' id='word_1_262' title='bbox 1472 4691 1747 4785; x_wconf 85' lang='lat' dir='ltr'><strong>exercuit;</strong></span> <span class='ocrx_word' id='word_1_263' title='bbox 1779 4721 1873 4775; x_wconf 87' lang='lat' dir='ltr'><strong>sed</strong></span> <span class='ocrx_word' id='word_1_264' title='bbox 1903 4732 1958 4779; x_wconf 89' lang='lat' dir='ltr'><strong>et</strong></span> <span class='ocrx_word' id='word_1_265' title='bbox 2007 4691 2143 4781; x_wconf 71' lang='lat' dir='ltr'><strong>liber</strong></span> 
     </span>
    </p>
   </div>
   <div class='ocr_carea' id='block_1_51' title="bbox 552 4791 2140 4880">
    <p class='ocr_par' dir='ltr' id='par_1_51' title="bbox 552 4791 2140 4880">
     <span class='ocr_line' id='line_1_52' title="bbox 552 4791 2140 4880; baseline 0.019 -36"><span class='ocrx_word' id='word_1_266' title='bbox 552 4791 886 4847; x_wconf 77' lang='lat' dir='ltr'><strong>excrevisset</strong></span> <span class='ocrx_word' id='word_1_267' title='bbox 943 4795 1187 4865; x_wconf 89' lang='lat' dir='ltr'><strong>nimium,</strong></span> <span class='ocrx_word' id='word_1_268' title='bbox 1242 4812 1296 4856; x_wconf 90' lang='lat' dir='ltr'><strong>et</strong></span> <span class='ocrx_word' id='word_1_269' title='bbox 1357 4814 1509 4860; x_wconf 87' lang='lat' dir='ltr'><strong>extra</strong></span> <span class='ocrx_word' id='word_1_270' title='bbox 1570 4814 1902 4880; x_wconf 82' lang='lat' dir='ltr'><strong>propositum</strong></span> <span class='ocrx_word' id='word_1_271' title='bbox 1960 4834 2140 4874; x_wconf 90' lang='lat' dir='ltr'><strong>meum</strong></span> 
     </span>
    </p>
   </div>
   <div class='ocr_carea' id='block_1_52' title="bbox 554 4878 2143 4983">
    <p class='ocr_par' dir='ltr' id='par_1_52' title="bbox 554 4878 2143 4983">
     <span class='ocr_line' id='line_1_53' title="bbox 554 4878 2143 4983; baseline 0.024 -51"><span class='ocrx_word' id='word_1_272' title='bbox 554 4878 830 4953; x_wconf 71' lang='lat' dir='ltr'><strong>abiissom,</strong></span> <span class='ocrx_word' id='word_1_273' title='bbox 863 4900 968 4955; x_wconf 90' lang='lat' dir='ltr'><strong>quo</strong></span> <span class='ocrx_word' id='word_1_274' title='bbox 998 4892 1208 4959; x_wconf 84' lang='lat' dir='ltr'><strong>suscepi</strong></span> <span class='ocrx_word' id='word_1_275' title='bbox 1236 4895 1479 4964; x_wconf 78' lang='lat' dir='ltr'><strong>vulgatae</strong></span> <span class='ocrx_word' id='word_1_276' title='bbox 1536 4878 1752 4957; x_wconf 81' lang='lat' dir='ltr'><strong>Patrum</strong></span> <span class='ocrx_word' id='word_1_277' title='bbox 1793 4906 1959 4977; x_wconf 86' lang='lat' dir='ltr'><strong>Vitas,</strong></span> <span class='ocrx_word' id='word_1_278' title='bbox 2017 4928 2143 4983; x_wconf 72' lang='lat' dir='ltr'><strong>qua:</strong></span> 
     </span>
    </p>
   </div>
   <div class='ocr_carea' id='block_1_53' title="bbox 552 4974 2145 5069">
    <p class='ocr_par' dir='ltr' id='par_1_53' title="bbox 552 4974 2145 5069">
     <span class='ocr_line' id='line_1_54' title="bbox 552 4974 2145 5069; baseline 0.023 -43"><span class='ocrx_word' id='word_1_279' title='bbox 552 4974 841 5031; x_wconf 84' lang='lat' dir='ltr'><strong>multorum</strong></span> <span class='ocrx_word' id='word_1_280' title='bbox 874 4979 1002 5035; x_wconf 93' lang='lat' dir='ltr'><strong>olim</strong></span> <span class='ocrx_word' id='word_1_281' title='bbox 1054 4986 1299 5041; x_wconf 87' lang='lat' dir='ltr'><strong>manibus</strong></span> <span class='ocrx_word' id='word_1_282' title='bbox 1348 4989 1495 5048; x_wconf 87' lang='lat' dir='ltr'><strong>luere</strong></span> <span class='ocrx_word' id='word_1_283' title='bbox 1543 4994 1893 5069; x_wconf 62' lang='lat' dir='ltr'><strong>circumlatae,</strong></span> <span class='ocrx_word' id='word_1_284' title='bbox 1944 4974 2145 5064; x_wconf 19' lang='lat' dir='ltr'><strong>Vrec-eno</strong></span> 
     </span>
    </p>
   </div>
   <div class='ocr_carea' id='block_1_54' title="bbox 554 5073 1666 5147">
    <p class='ocr_par' dir='ltr' id='par_1_54' title="bbox 554 5073 1666 5147">
     <span class='ocr_line' id='line_1_55' title="bbox 554 5073 1666 5147; baseline 0.025 -29"><span class='ocrx_word' id='word_1_285' title='bbox 554 5078 675 5122; x_wconf 88' lang='lat' dir='ltr'><strong>sere</strong></span> <span class='ocrx_word' id='word_1_286' title='bbox 700 5080 751 5124; x_wconf 86' lang='lat' dir='ltr'><strong>et</strong></span> <span class='ocrx_word' id='word_1_287' title='bbox 783 5073 942 5128; x_wconf 87' lang='lat' dir='ltr'><strong>uitori</strong></span> <span class='ocrx_word' id='word_1_288' title='bbox 967 5090 1064 5130; x_wconf 87' lang='lat' dir='ltr'><strong>suo</strong></span> <span class='ocrx_word' id='word_1_289' title='bbox 1106 5079 1331 5147; x_wconf 78' lang='lat' dir='ltr'><strong>pristino</strong></span> <span class='ocrx_word' id='word_1_290' title='bbox 1358 5094 1666 5146; x_wconf 79' lang='lat' dir='ltr'><strong>restituere.</strong></span> 
     </span>
    </p>
   </div>
   <div class='ocr_carea' id='block_1_55' title="bbox 479 5159 2145 5266">
    <p class='ocr_par' dir='ltr' id='par_1_55' title="bbox 479 5159 2145 5266">
     <span class='ocr_line' id='line_1_56' title="bbox 479 5159 2145 5266; baseline 0.026 -56"><span class='ocrx_word' id='word_1_291' title='bbox 479 5162 483 5166; x_wconf 85' lang='lat'>&#39;</span> <span class='ocrx_word' id='word_1_292' title='bbox 620 5159 842 5220; x_wconf 84' lang='lat' dir='ltr'><strong>Librum</strong></span> <span class='ocrx_word' id='word_1_293' title='bbox 870 5168 1011 5222; x_wconf 84' lang='lat' dir='ltr'><strong>hunc</strong></span> <span class='ocrx_word' id='word_1_294' title='bbox 1040 5170 1270 5240; x_wconf 83' lang='lat' dir='ltr'><strong>primum</strong></span> <span class='ocrx_word' id='word_1_295' title='bbox 1312 5174 1438 5233; x_wconf 88' lang='lat' dir='ltr'><strong>divo</strong></span> <span class='ocrx_word' id='word_1_296' title='bbox 1469 5181 1795 5258; x_wconf 84' lang='lat' dir='ltr'><strong>Hieronymo</strong></span> <span class='ocrx_word' id='word_1_297' title='bbox 1824 5193 2145 5266; x_wconf 84' lang='lat' dir='ltr'><strong>presbytero</strong></span> 
     </span>
    </p>
   </div>
   <div class='ocr_carea' id='block_1_56' title="bbox 553 5253 2141 5357">
    <p class='ocr_par' dir='ltr' id='par_1_56' title="bbox 553 5253 2141 5357">
     <span class='ocr_line' id='line_1_57' title="bbox 553 5253 2141 5357; baseline 0.027 -53"><span class='ocrx_word' id='word_1_298' title='bbox 553 5253 886 5323; x_wconf 88' lang='lat' dir='ltr'><strong>potissimum</strong></span> <span class='ocrx_word' id='word_1_299' title='bbox 912 5261 1180 5333; x_wconf 90' lang='lat' dir='ltr'><strong>inscripsi,</strong></span> <span class='ocrx_word' id='word_1_300' title='bbox 1204 5274 1311 5323; x_wconf 90' lang='lat' dir='ltr'><strong>tum</strong></span> <span class='ocrx_word' id='word_1_301' title='bbox 1341 5276 1481 5342; x_wconf 86' lang='lat' dir='ltr'><strong>quod</strong></span> <span class='ocrx_word' id='word_1_302' title='bbox 1512 5278 1868 5353; x_wconf 80' lang='lat' dir='ltr'><strong>Hieronymus</strong></span> <span class='ocrx_word' id='word_1_303' title='bbox 1900 5289 2141 5357; x_wconf 83' lang='lat' dir='ltr'><strong>p0tiores</strong></span> 
     </span>
    </p>
   </div>
   <div class='ocr_carea' id='block_1_57' title="bbox 548 5347 2139 5448">
    <p class='ocr_par' dir='ltr' id='par_1_57' title="bbox 548 5347 2139 5448">
     <span class='ocr_line' id='line_1_58' title="bbox 548 5347 2139 5448; baseline 0.024 -47"><span class='ocrx_word' id='word_1_304' title='bbox 548 5347 603 5403; x_wconf 89' lang='lat' dir='ltr'><strong>in</strong></span> <span class='ocrx_word' id='word_1_305' title='bbox 633 5364 699 5404; x_wconf 87' lang='lat' dir='ltr'><strong>eo</strong></span> <span class='ocrx_word' id='word_1_306' title='bbox 728 5363 905 5420; x_wconf 69' lang='lat' dir='ltr'><strong>partes</strong></span> <span class='ocrx_word' id='word_1_307' title='bbox 934 5370 1136 5428; x_wconf 88' lang='lat' dir='ltr'><strong>ageret,</strong></span> <span class='ocrx_word' id='word_1_308' title='bbox 1160 5366 1252 5433; x_wconf 88' lang='lat' dir='ltr'><strong>qui</strong></span> <span class='ocrx_word' id='word_1_309' title='bbox 1301 5365 1487 5442; x_wconf 79' lang='lat' dir='ltr'><strong>[vau]</strong></span> <span class='ocrx_word' id='word_1_310' title='bbox 1540 5389 1678 5431; x_wconf 89' lang='lat' dir='ltr'><strong>unus</strong></span> <span class='ocrx_word' id='word_1_311' title='bbox 1709 5347 2030 5448; x_wconf 46' lang='lat' dir='ltr'><strong>plures-tum</strong></span> <span class='ocrx_word' id='word_1_312' title='bbox 2062 5386 2139 5438; x_wconf 83' lang='lat' dir='ltr'><strong>vi-</strong></span> 
     </span>
    </p>
   </div>
   <div class='ocr_carea' id='block_1_58' title="bbox 546 5454 2141 5543">
    <p class='ocr_par' dir='ltr' id='par_1_58' title="bbox 546 5454 2141 5543">
     <span class='ocr_line' id='line_1_59' title="bbox 546 5454 2141 5543; baseline 0.024 -48"><span class='ocrx_word' id='word_1_313' title='bbox 546 5457 730 5498; x_wconf 91' lang='lat' dir='ltr'><strong>roruu.</strong></span> <span class='ocrx_word' id='word_1_314' title='bbox 763 5454 872 5502; x_wconf 90' lang='lat' dir='ltr'><strong>tum</strong></span> <span class='ocrx_word' id='word_1_315' title='bbox 904 5454 1187 5512; x_wconf 89' lang='lat' dir='ltr'><strong>mulierum</strong></span> <span class='ocrx_word' id='word_1_316' title='bbox 1225 5458 1371 5517; x_wconf 82' lang='lat' dir='ltr'><strong>Vitas</strong></span> <span class='ocrx_word' id='word_1_317' title='bbox 1415 5471 1763 5539; x_wconf 82' lang='lat' dir='ltr'><strong>conscripsit,</strong></span> <span class='ocrx_word' id='word_1_318' title='bbox 1808 5489 1966 5543; x_wconf 88' lang='lat' dir='ltr'><strong>quam</strong></span> <span class='ocrx_word' id='word_1_319' title='bbox 1999 5476 2141 5534; x_wconf 89' lang='lat' dir='ltr'><strong>ullus</strong></span> 
     </span>
    </p>
   </div>
   <div class='ocr_carea' id='block_1_59' title="bbox 542 5533 2139 5635">
    <p class='ocr_par' dir='ltr' id='par_1_59' title="bbox 542 5533 2139 5635">
     <span class='ocr_line' id='line_1_60' title="bbox 542 5533 2139 5635; baseline 0.024 -49"><span class='ocrx_word' id='word_1_320' title='bbox 542 5533 715 5602; x_wconf 89' lang='lat' dir='ltr'><strong>alius;</strong></span> <span class='ocrx_word' id='word_1_321' title='bbox 747 5544 860 5595; x_wconf 88' lang='lat' dir='ltr'><strong>tum</strong></span> <span class='ocrx_word' id='word_1_322' title='bbox 892 5551 945 5597; x_wconf 92' lang='lat' dir='ltr'><strong>ut</strong></span> <span class='ocrx_word' id='word_1_323' title='bbox 973 5560 1134 5615; x_wconf 89' lang='lat' dir='ltr'><strong>quam</strong></span> <span class='ocrx_word' id='word_1_324' title='bbox 1160 5551 1380 5611; x_wconf 90' lang='lat' dir='ltr'><strong>minime</strong></span> <span class='ocrx_word' id='word_1_325' title='bbox 1405 5557 1472 5612; x_wconf 82' lang='lat' dir='ltr'><strong>ab</strong></span> <span class='ocrx_word' id='word_1_326' title='bbox 1502 5533 1970 5635; x_wconf 38' lang='lat' dir='ltr'><strong>inveterata-quae</strong></span> <span class='ocrx_word' id='word_1_327' title='bbox 1997 5571 2139 5626; x_wconf 86' lang='lat' dir='ltr'><strong>mul-</strong></span> 
     </span>
    </p>
   </div>
   <div class='ocr_carea' id='block_1_60' title="bbox 544 5636 2137 5730">
    <p class='ocr_par' dir='ltr' id='par_1_60' title="bbox 544 5636 2137 5730">
     <span class='ocr_line' id='line_1_61' title="bbox 544 5636 2137 5730; baseline 0.024 -46"><span class='ocrx_word' id='word_1_328' title='bbox 544 5636 722 5688; x_wconf 87' lang='lat' dir='ltr'><strong>torum</strong></span> <span class='ocrx_word' id='word_1_329' title='bbox 756 5638 912 5694; x_wconf 85' lang='lat' dir='ltr'><strong>etiam</strong></span> <span class='ocrx_word' id='word_1_330' title='bbox 935 5651 1176 5701; x_wconf 83' lang='lat' dir='ltr'><strong>veterum</strong></span> <span class='ocrx_word' id='word_1_331' title='bbox 1202 5648 1412 5707; x_wconf 86' lang='lat' dir='ltr'><strong>animos</strong></span> <span class='ocrx_word' id='word_1_332' title='bbox 1440 5659 1747 5726; x_wconf 87' lang='lat' dir='ltr'><strong>occupavit,</strong></span> <span class='ocrx_word' id='word_1_333' title='bbox 1774 5660 2028 5730; x_wconf 86' lang='lat' dir='ltr'><strong>opinione</strong></span> <span class='ocrx_word' id='word_1_334' title='bbox 2050 5679 2137 5722; x_wconf 88' lang='lat' dir='ltr'><strong>re-</strong></span> 
     </span>
    </p>
   </div>
   <div class='ocr_carea' id='block_1_61' title="bbox 544 5724 2135 5814">
    <p class='ocr_par' dir='ltr' id='par_1_61' title="bbox 544 5724 2135 5814">
     <span class='ocr_line' id='line_1_62' title="bbox 544 5724 2135 5814; baseline 0.022 -36"><span class='ocrx_word' id='word_1_335' title='bbox 544 5724 819 5798; x_wconf 81' lang='lat' dir='ltr'><strong>cederem,</strong></span> <span class='ocrx_word' id='word_1_336' title='bbox 878 5749 979 5803; x_wconf 84' lang='lat' dir='ltr'><strong>qua</strong></span> <span class='ocrx_word' id='word_1_337' title='bbox 1024 5734 1177 5793; x_wconf 85' lang='lat' dir='ltr'><strong>divus</strong></span> <span class='ocrx_word' id='word_1_338' title='bbox 1232 5724 1593 5814; x_wconf 80' lang='lat' dir='ltr'><strong>Hieronymus</strong></span> <span class='ocrx_word' id='word_1_339' title='bbox 1626 5724 1865 5807; x_wconf 71' lang='lat' dir='ltr'><strong>Vitaruin</strong></span> <span class='ocrx_word' id='word_1_340' title='bbox 1914 5753 2135 5813; x_wconf 80' lang='lat' dir='ltr'><strong>Patrum</strong></span> 
     </span>
    </p>
   </div>
   <div class='ocr_carea' id='block_1_62' title="bbox 545 5826 2134 5921">
    <p class='ocr_par' dir='ltr' id='par_1_62' title="bbox 545 5826 2134 5921">
     <span class='ocr_line' id='line_1_63' title="bbox 545 5826 2134 5921; baseline 0.022 -48"><span class='ocrx_word' id='word_1_341' title='bbox 545 5830 731 5877; x_wconf 85' lang='lat' dir='ltr'><strong>auctor</strong></span> <span class='ocrx_word' id='word_1_342' title='bbox 784 5826 1019 5884; x_wconf 81' lang='lat' dir='ltr'><strong>creditus</strong></span> <span class='ocrx_word' id='word_1_343' title='bbox 1066 5829 1183 5886; x_wconf 83' lang='lat' dir='ltr'><strong>luit.</strong></span> <span class='ocrx_word' id='word_1_344' title='bbox 1237 5832 1367 5890; x_wconf 82' lang='lat' dir='ltr'><strong>Dedi</strong></span> <span class='ocrx_word' id='word_1_345' title='bbox 1415 5837 1577 5909; x_wconf 78' lang='lat' dir='ltr'><strong>igitur</strong></span> <span class='ocrx_word' id='word_1_346' title='bbox 1624 5840 1726 5900; x_wconf 87' lang='lat' dir='ltr'><strong>buc</strong></span> <span class='ocrx_word' id='word_1_347' title='bbox 1774 5844 1912 5903; x_wconf 90' lang='lat' dir='ltr'><strong>libro</strong></span> <span class='ocrx_word' id='word_1_348' title='bbox 1960 5851 2134 5921; x_wconf 89' lang='lat' dir='ltr'><strong>primo</strong></span> 
     </span>
    </p>
   </div>
   <div class='ocr_carea' id='block_1_63' title="bbox 547 5912 2019 6001">
    <p class='ocr_par' dir='ltr' id='par_1_63' title="bbox 547 5912 2019 6001">
     <span class='ocr_line' id='line_1_64' title="bbox 547 5912 2019 6001; baseline 0.02 -35"><span class='ocrx_word' id='word_1_349' title='bbox 547 5912 800 5988; x_wconf 86' lang='lat' dir='ltr'><strong>quidquid</strong></span> <span class='ocrx_word' id='word_1_350' title='bbox 829 5919 939 5979; x_wconf 82' lang='lat' dir='ltr'><strong>fere</strong></span> <span class='ocrx_word' id='word_1_351' title='bbox 971 5920 1325 5996; x_wconf 84' lang='lat' dir='ltr'><strong>Hieronymus</strong></span> <span class='ocrx_word' id='word_1_352' title='bbox 1355 5928 1406 5986; x_wconf 88' lang='lat' dir='ltr'><strong>in</strong></span> <span class='ocrx_word' id='word_1_353' title='bbox 1436 5945 1501 5988; x_wconf 89' lang='lat' dir='ltr'><strong>eo</strong></span> <span class='ocrx_word' id='word_1_354' title='bbox 1529 5948 1728 6000; x_wconf 79' lang='lat' dir='ltr'><strong>genere</strong></span> <span class='ocrx_word' id='word_1_355' title='bbox 1748 5912 2019 6001; x_wconf 71' lang='lat' dir='ltr'><strong>prmstitit.</strong></span> 
     </span>
    </p>
   </div>
   <div class='ocr_carea' id='block_1_64' title="bbox 2012 4634 2229 4724">
    <p class='ocr_par' dir='ltr' id='par_1_64' title="bbox 2012 4634 2229 4724">
     <span class='ocr_line' id='line_1_65' title="bbox 2012 4634 2229 4724; baseline 0.014 -38"><span class='ocrx_word' id='word_1_356' title='bbox 2012 4634 2229 4724; x_wconf 75' lang='lat' dir='ltr'><strong>,quiD</strong></span> 
     </span>
    </p>
   </div>
   <div class='ocr_carea' id='block_1_65' title="bbox 2285 593 3875 669">
    <p class='ocr_par' dir='ltr' id='par_1_65' title="bbox 2285 593 3875 669">
     <span class='ocr_line' id='line_1_66' title="bbox 2285 593 3875 669; baseline 0.006 -21"><span class='ocrx_word' id='word_1_357' title='bbox 2285 609 2452 665; x_wconf 80' lang='lat' dir='ltr'><strong>nymo</strong></span> <span class='ocrx_word' id='word_1_358' title='bbox 2480 593 2751 666; x_wconf 89' lang='lat' dir='ltr'><strong>inscripsi,</strong></span> <span class='ocrx_word' id='word_1_359' title='bbox 2784 597 2878 653; x_wconf 88' lang='lat' dir='ltr'><strong>sed</strong></span> <span class='ocrx_word' id='word_1_360' title='bbox 2907 608 2962 653; x_wconf 93' lang='lat' dir='ltr'><strong>et</strong></span> <span class='ocrx_word' id='word_1_361' title='bbox 2986 598 3109 655; x_wconf 88' lang='lat' dir='ltr'><strong>aliis</strong></span> <span class='ocrx_word' id='word_1_362' title='bbox 3140 599 3323 669; x_wconf 75' lang='lat' dir='ltr'><strong>variis,</strong></span> <span class='ocrx_word' id='word_1_363' title='bbox 3375 616 3607 667; x_wconf 88' lang='lat' dir='ltr'><strong>quorum</strong></span> <span class='ocrx_word' id='word_1_364' title='bbox 3654 602 3875 659; x_wconf 88' lang='lat' dir='ltr'><strong>nomina</strong></span> 
     </span>
    </p>
   </div>
   <div class='ocr_carea' id='block_1_66' title="bbox 2283 689 3881 767">
    <p class='ocr_par' dir='ltr' id='par_1_66' title="bbox 2283 689 3881 767">
     <span class='ocr_line' id='line_1_67' title="bbox 2283 689 3881 767; baseline 0.005 -23"><span class='ocrx_word' id='word_1_365' title='bbox 2283 689 2513 760; x_wconf 74' lang='lat' dir='ltr'><strong>singulae</strong></span> <span class='ocrx_word' id='word_1_366' title='bbox 2539 690 2643 747; x_wconf 87' lang='lat' dir='ltr'><strong>sibi</strong></span> <span class='ocrx_word' id='word_1_367' title='bbox 2671 691 2804 747; x_wconf 71' lang='lat' dir='ltr'><strong>Viue</strong></span> <span class='ocrx_word' id='word_1_368' title='bbox 2832 691 3145 765; x_wconf 61' lang='lat' dir='ltr'><strong>praferunt,</strong></span> <span class='ocrx_word' id='word_1_369' title='bbox 3178 710 3403 764; x_wconf 77' lang='lat' dir='ltr'><strong>quarum</strong></span> <span class='ocrx_word' id='word_1_370' title='bbox 3442 695 3661 767; x_wconf 84' lang='lat' dir='ltr'><strong>quidem</strong></span> <span class='ocrx_word' id='word_1_371' title='bbox 3692 706 3881 752; x_wconf 86' lang='lat' dir='ltr'><strong>aucto-</strong></span> 
     </span>
    </p>
   </div>
   <div class='ocr_carea' id='block_1_67' title="bbox 2278 783 3872 861">
    <p class='ocr_par' dir='ltr' id='par_1_67' title="bbox 2278 783 3872 861">
     <span class='ocr_line' id='line_1_68' title="bbox 2278 783 3872 861; baseline 0.008 -26"><span class='ocrx_word' id='word_1_372' title='bbox 2278 796 2368 838; x_wconf 88' lang='lat' dir='ltr'><strong>res</strong></span> <span class='ocrx_word' id='word_1_373' title='bbox 2403 783 2659 855; x_wconf 84' lang='lat' dir='ltr'><strong>indagare</strong></span> <span class='ocrx_word' id='word_1_374' title='bbox 2688 787 2977 856; x_wconf 84' lang='lat' dir='ltr'><strong>potuimus.</strong></span> <span class='ocrx_word' id='word_1_375' title='bbox 3003 788 3301 861; x_wconf 66' lang='lat' dir='ltr'><strong>Auonymaa</strong></span> <span class='ocrx_word' id='word_1_376' title='bbox 3326 789 3466 845; x_wconf 74' lang='lat' dir='ltr'><strong>Vita:</strong></span> <span class='ocrx_word' id='word_1_377' title='bbox 3498 805 3563 846; x_wconf 90' lang='lat' dir='ltr'><strong>eo</strong></span> <span class='ocrx_word' id='word_1_378' title='bbox 3592 790 3712 846; x_wconf 90' lang='lat' dir='ltr'><strong>loco</strong></span> <span class='ocrx_word' id='word_1_379' title='bbox 3739 792 3872 858; x_wconf 87' lang='lat' dir='ltr'><strong>sint,</strong></span> 
     </span>
    </p>
   </div>
   <div class='ocr_carea' id='block_1_68' title="bbox 2271 876 3905 954">
    <p class='ocr_par' dir='ltr' id='par_1_68' title="bbox 2271 876 3905 954">
     <span class='ocr_line' id='line_1_69' title="bbox 2271 876 3905 954; baseline 0.007 -26"><span class='ocrx_word' id='word_1_380' title='bbox 2271 888 2379 954; x_wconf 84' lang='lat' dir='ltr'><strong>quo</strong></span> <span class='ocrx_word' id='word_1_381' title='bbox 2403 890 2497 931; x_wconf 90' lang='lat' dir='ltr'><strong>eas</strong></span> <span class='ocrx_word' id='word_1_382' title='bbox 2526 877 2654 932; x_wconf 91' lang='lat' dir='ltr'><strong>olim</strong></span> <span class='ocrx_word' id='word_1_383' title='bbox 2680 876 2866 934; x_wconf 88' lang='lat' dir='ltr'><strong>Patres</strong></span> <span class='ocrx_word' id='word_1_384' title='bbox 2889 894 3012 936; x_wconf 90' lang='lat' dir='ltr'><strong>esse</strong></span> <span class='ocrx_word' id='word_1_385' title='bbox 3033 892 3385 950; x_wconf 88' lang='lat' dir='ltr'><strong>censuerunt,</strong></span> <span class='ocrx_word' id='word_1_386' title='bbox 3414 882 3505 954; x_wconf 88' lang='lat' dir='ltr'><strong>qui</strong></span> <span class='ocrx_word' id='word_1_387' title='bbox 3535 893 3589 938; x_wconf 91' lang='lat' dir='ltr'><strong>et</strong></span> <span class='ocrx_word' id='word_1_388' title='bbox 3610 898 3704 938; x_wconf 89' lang='lat' dir='ltr'><strong>eas</strong></span> <span class='ocrx_word' id='word_1_389' title='bbox 3728 883 3905 954; x_wconf 41' lang='lat' dir='ltr'><strong>leges</strong></span> 
     </span>
    </p>
   </div>
   <div class='ocr_carea' id='block_1_69' title="bbox 2272 952 3877 1045">
    <p class='ocr_par' dir='ltr' id='par_1_69' title="bbox 2272 952 3877 1045">
     <span class='ocr_line' id='line_1_70' title="bbox 2272 952 3877 1045; baseline 0.007 -22"><span class='ocrx_word' id='word_1_390' title='bbox 2272 952 2417 1033; x_wconf 76' lang='lat' dir='ltr'><strong>runt,</strong></span> <span class='ocrx_word' id='word_1_391' title='bbox 2452 978 2505 1024; x_wconf 93' lang='lat' dir='ltr'><strong>et</strong></span> <span class='ocrx_word' id='word_1_392' title='bbox 2533 984 2600 1024; x_wconf 91' lang='lat' dir='ltr'><strong>ex</strong></span> <span class='ocrx_word' id='word_1_393' title='bbox 2626 970 2691 1025; x_wconf 92' lang='lat' dir='ltr'><strong>iis</strong></span> <span class='ocrx_word' id='word_1_394' title='bbox 2720 974 2973 1027; x_wconf 89' lang='lat' dir='ltr'><strong>virtutum</strong></span> <span class='ocrx_word' id='word_1_395' title='bbox 3005 976 3255 1045; x_wconf 88' lang='lat' dir='ltr'><strong>exempla</strong></span> <span class='ocrx_word' id='word_1_396' title='bbox 3301 986 3708 1045; x_wconf 88' lang='lat' dir='ltr'><strong>expresserunt,</strong></span> <span class='ocrx_word' id='word_1_397' title='bbox 3745 976 3877 1034; x_wconf 79' lang='lat' dir='ltr'><strong>licet</strong></span> 
     </span>
    </p>
   </div>
   <div class='ocr_carea' id='block_1_70' title="bbox 2274 1051 3879 1131">
    <p class='ocr_par' dir='ltr' id='par_1_70' title="bbox 2274 1051 3879 1131">
     <span class='ocr_line' id='line_1_71' title="bbox 2274 1051 3879 1131; baseline 0.007 -18"><span class='ocrx_word' id='word_1_398' title='bbox 2274 1060 2414 1115; x_wconf 90' lang='lat' dir='ltr'><strong>inter</strong></span> <span class='ocrx_word' id='word_1_399' title='bbox 2462 1071 2705 1131; x_wconf 87' lang='lat' dir='ltr'><strong>receptas</strong></span> <span class='ocrx_word' id='word_1_400' title='bbox 2735 1062 2789 1118; x_wconf 93' lang='lat' dir='ltr'><strong>in</strong></span> <span class='ocrx_word' id='word_1_401' title='bbox 2845 1062 3089 1121; x_wconf 83' lang='lat' dir='ltr'><strong>Ecclesia</strong></span> <span class='ocrx_word' id='word_1_402' title='bbox 3135 1066 3399 1123; x_wconf 84' lang='lat' dir='ltr'><strong>lectiones</strong></span> <span class='ocrx_word' id='word_1_403' title='bbox 3448 1051 3641 1125; x_wconf 71' lang='lat' dir='ltr'><strong>referri</strong></span> <span class='ocrx_word' id='word_1_404' title='bbox 3691 1080 3879 1125; x_wconf 87' lang='lat' dir='ltr'><strong>vetue-</strong></span> 
     </span>
    </p>
   </div>
   <div class='ocr_carea' id='block_1_71' title="bbox 2272 1149 2377 1206">
    <p class='ocr_par' dir='ltr' id='par_1_71' title="bbox 2272 1149 2377 1206">
     <span class='ocr_line' id='line_1_72' title="bbox 2272 1149 2377 1206; baseline 0.01 -2"><span class='ocrx_word' id='word_1_405' title='bbox 2272 1149 2377 1206; x_wconf 88' lang='lat' dir='ltr'><strong>rint</strong></span> 
     </span>
    </p>
   </div>
   <div class='ocr_carea' id='block_1_72' title="bbox 2345 1266 3871 1335">
    <p class='ocr_par' dir='ltr' id='par_1_72' title="bbox 2345 1266 3871 1335">
     <span class='ocr_line' id='line_1_73' title="bbox 2345 1266 3871 1335; baseline 0.009 -13"><span class='ocrx_word' id='word_1_406' title='bbox 2345 1266 2627 1325; x_wconf 87' lang='lat' dir='ltr'><strong>Secundus</strong></span> <span class='ocrx_word' id='word_1_407' title='bbox 2673 1270 2812 1328; x_wconf 90' lang='lat' dir='ltr'><strong>liber</strong></span> <span class='ocrx_word' id='word_1_408' title='bbox 2866 1276 3107 1332; x_wconf 90' lang='lat' dir='ltr'><strong>continet</strong></span> <span class='ocrx_word' id='word_1_409' title='bbox 3164 1275 3379 1331; x_wconf 87' lang='lat' dir='ltr'><strong>Patrum</strong></span> <span class='ocrx_word' id='word_1_410' title='bbox 3436 1277 3583 1333; x_wconf 86' lang='lat' dir='ltr'><strong>Vitas</strong></span> <span class='ocrx_word' id='word_1_411' title='bbox 3631 1278 3871 1335; x_wconf 89' lang='lat' dir='ltr'><strong>breviori</strong></span> 
     </span>
    </p>
   </div>
   <div class='ocr_carea' id='block_1_73' title="bbox 2284 1362 3875 1444">
    <p class='ocr_par' dir='ltr' id='par_1_73' title="bbox 2284 1362 3875 1444">
     <span class='ocr_line' id='line_1_74' title="bbox 2284 1362 3875 1444; baseline 0.009 -27"><span class='ocrx_word' id='word_1_412' title='bbox 2284 1362 2428 1432; x_wconf 77' lang='lat' dir='ltr'><strong>Stylo</strong></span> <span class='ocrx_word' id='word_1_413' title='bbox 2476 1368 2929 1435; x_wconf 86' lang='lat' dir='ltr'><strong>comprehensas,</strong></span> <span class='ocrx_word' id='word_1_414' title='bbox 2988 1370 3079 1440; x_wconf 91' lang='lat' dir='ltr'><strong>qui</strong></span> <span class='ocrx_word' id='word_1_415' title='bbox 3135 1371 3405 1428; x_wconf 79' lang='lat' dir='ltr'><strong>ltuilinum</strong></span> <span class='ocrx_word' id='word_1_416' title='bbox 3470 1374 3875 1444; x_wconf 79' lang='lat' dir='ltr'><strong>Aquileiensem</strong></span> 
     </span>
    </p>
   </div>
   <div class='ocr_carea' id='block_1_74' title="bbox 2272 1454 3879 1537">
    <p class='ocr_par' dir='ltr' id='par_1_74' title="bbox 2272 1454 3879 1537">
     <span class='ocr_line' id='line_1_75' title="bbox 2272 1454 3879 1537; baseline 0.009 -29"><span class='ocrx_word' id='word_1_417' title='bbox 2272 1454 2648 1526; x_wconf 85' lang='lat' dir='ltr'><strong>presbyterum</strong></span> <span class='ocrx_word' id='word_1_418' title='bbox 2681 1463 2926 1529; x_wconf 82' lang='lat' dir='ltr'><strong>agnoscit</strong></span> <span class='ocrx_word' id='word_1_419' title='bbox 2957 1471 3251 1531; x_wconf 87' lang='lat' dir='ltr'><strong>auctorem,</strong></span> <span class='ocrx_word' id='word_1_420' title='bbox 3290 1467 3378 1520; x_wconf 87' lang='lat' dir='ltr'><strong>vel</strong></span> <span class='ocrx_word' id='word_1_421' title='bbox 3405 1465 3791 1537; x_wconf 86' lang='lat' dir='ltr'><strong>interpretem;</strong></span> <span class='ocrx_word' id='word_1_422' title='bbox 3819 1476 3879 1523; x_wconf 90' lang='lat' dir='ltr'><strong>et</strong></span> 
     </span>
    </p>
   </div>
   <div class='ocr_carea' id='block_1_75' title="bbox 2272 1548 3161 1620">
    <p class='ocr_par' dir='ltr' id='par_1_75' title="bbox 2272 1548 3161 1620">
     <span class='ocr_line' id='line_1_76' title="bbox 2272 1548 3161 1620; baseline 0.013 -21"><span class='ocrx_word' id='word_1_423' title='bbox 2272 1560 2440 1601; x_wconf 82' lang='lat' dir='ltr'><strong>xxxnt</strong></span> <span class='ocrx_word' id='word_1_424' title='bbox 2460 1548 2724 1620; x_wconf 85' lang='lat' dir='ltr'><strong>capitibus</strong></span> <span class='ocrx_word' id='word_1_425' title='bbox 2752 1552 3075 1610; x_wconf 86' lang='lat' dir='ltr'><strong>absolvitur.</strong></span> <span class='ocrx_word' id='word_1_426' title='bbox 3156 1608 3161 1611; x_wconf 93' lang='lat'><em>_</em></span> 
     </span>
    </p>
   </div>
   <div class='ocr_carea' id='block_1_76' title="bbox 2345 1660 3873 1746">
    <p class='ocr_par' dir='ltr' id='par_1_76' title="bbox 2345 1660 3873 1746">
     <span class='ocr_line' id='line_1_77' title="bbox 2345 1660 3873 1746; baseline 0.011 -31"><span class='ocrx_word' id='word_1_427' title='bbox 2345 1660 2560 1718; x_wconf 88' lang='lat' dir='ltr'><strong>Tertius</strong></span> <span class='ocrx_word' id='word_1_428' title='bbox 2591 1664 2729 1722; x_wconf 89' lang='lat' dir='ltr'><strong>liber</strong></span> <span class='ocrx_word' id='word_1_429' title='bbox 2772 1668 3185 1739; x_wconf 85' lang='lat' dir='ltr'><strong>comprehendit</strong></span> <span class='ocrx_word' id='word_1_430' title='bbox 3232 1686 3340 1727; x_wconf 90' lang='lat' dir='ltr'><strong>non</strong></span> <span class='ocrx_word' id='word_1_431' title='bbox 3394 1682 3500 1728; x_wconf 91' lang='lat' dir='ltr'><strong>tam</strong></span> <span class='ocrx_word' id='word_1_432' title='bbox 3533 1671 3683 1731; x_wconf 88' lang='lat' dir='ltr'><strong>Vitas</strong></span> <span class='ocrx_word' id='word_1_433' title='bbox 3710 1690 3873 1746; x_wconf 89' lang='lat' dir='ltr'><strong>quam</strong></span> 
     </span>
    </p>
   </div>
   <div class='ocr_carea' id='block_1_77' title="bbox 2281 1751 3875 1836">
    <p class='ocr_par' dir='ltr' id='par_1_77' title="bbox 2281 1751 3875 1836">
     <span class='ocr_line' id='line_1_78' title="bbox 2281 1751 3875 1836; baseline 0.013 -30"><span class='ocrx_word' id='word_1_434' title='bbox 2281 1751 2454 1810; x_wconf 84' lang='lat' dir='ltr'><strong>Verba</strong></span> <span class='ocrx_word' id='word_1_435' title='bbox 2493 1759 2767 1815; x_wconf 85' lang='lat' dir='ltr'><strong>seniorum</strong></span> <span class='ocrx_word' id='word_1_436' title='bbox 2812 1761 3003 1817; x_wconf 90' lang='lat' dir='ltr'><strong>eodem</strong></span> <span class='ocrx_word' id='word_1_437' title='bbox 3052 1763 3265 1819; x_wconf 80' lang='lat' dir='ltr'><strong>Rullino</strong></span> <span class='ocrx_word' id='word_1_438' title='bbox 3304 1777 3543 1836; x_wconf 89' lang='lat' dir='ltr'><strong>auctore,</strong></span> <span class='ocrx_word' id='word_1_439' title='bbox 3574 1768 3659 1824; x_wconf 86' lang='lat' dir='ltr'><strong>vel</strong></span> <span class='ocrx_word' id='word_1_440' title='bbox 3702 1770 3875 1826; x_wconf 88' lang='lat' dir='ltr'><strong>inter-</strong></span> 
     </span>
    </p>
   </div>
   <div class='ocr_carea' id='block_1_78' title="bbox 2199 1845 3872 1944">
    <p class='ocr_par' dir='ltr' id='par_1_78' title="bbox 2199 1845 3872 1944">
     <span class='ocr_line' id='line_1_79' title="bbox 2199 1845 3872 1944; baseline 0.011 -44"><span class='ocrx_word' id='word_1_441' title='bbox 2199 1881 2247 1944; x_wconf 73' lang='grc' dir='ltr'><strong>Β</strong></span> <span class='ocrx_word' id='word_1_442' title='bbox 2274 1855 2445 1917; x_wconf 87' lang='lat' dir='ltr'><strong>prete.</strong></span> <span class='ocrx_word' id='word_1_443' title='bbox 2477 1845 2699 1907; x_wconf 86' lang='lat' dir='ltr'><strong>Constat</strong></span> <span class='ocrx_word' id='word_1_444' title='bbox 2724 1862 2905 1909; x_wconf 91' lang='lat' dir='ltr'><strong>autem</strong></span> <span class='ocrx_word' id='word_1_445' title='bbox 2935 1858 3284 1928; x_wconf 87' lang='lat' dir='ltr'><strong>paragrapbis</strong></span> <span class='ocrx_word' id='word_1_446' title='bbox 3320 1873 3417 1915; x_wconf 85' lang='lat' dir='ltr'><strong>seu</strong></span> <span class='ocrx_word' id='word_1_447' title='bbox 3445 1860 3683 1916; x_wconf 88' lang='lat' dir='ltr'><strong>numeris</strong></span> <span class='ocrx_word' id='word_1_448' title='bbox 3712 1876 3872 1919; x_wconf 88' lang='lat' dir='ltr'><strong>ccxx.</strong></span> 
     </span>
    </p>
   </div>
   <div class='ocr_carea' id='block_1_79' title="bbox 2342 1960 3873 2042">
    <p class='ocr_par' dir='ltr' id='par_1_79' title="bbox 2342 1960 3873 2042">
     <span class='ocr_line' id='line_1_80' title="bbox 2342 1960 3873 2042; baseline 0.014 -29"><span class='ocrx_word' id='word_1_449' title='bbox 2342 1960 2573 2027; x_wconf 87' lang='lat' dir='ltr'><strong>Quartus</strong></span> <span class='ocrx_word' id='word_1_450' title='bbox 2604 1965 2738 2020; x_wconf 90' lang='lat' dir='ltr'><strong>liber</strong></span> <span class='ocrx_word' id='word_1_451' title='bbox 2766 1982 2831 2021; x_wconf 90' lang='lat' dir='ltr'><strong>ex</strong></span> <span class='ocrx_word' id='word_1_452' title='bbox 2867 1967 3077 2025; x_wconf 89' lang='lat' dir='ltr'><strong>Severo</strong></span> <span class='ocrx_word' id='word_1_453' title='bbox 3125 1971 3361 2042; x_wconf 88' lang='lat' dir='ltr'><strong>Sulpicio</strong></span> <span class='ocrx_word' id='word_1_454' title='bbox 3399 1983 3454 2029; x_wconf 92' lang='lat' dir='ltr'><strong>et</strong></span> <span class='ocrx_word' id='word_1_455' title='bbox 3501 1975 3710 2032; x_wconf 83' lang='lat' dir='ltr'><strong>Joanne</strong></span> <span class='ocrx_word' id='word_1_456' title='bbox 3736 1977 3873 2034; x_wconf 88' lang='lat' dir='ltr'><strong>Cas-</strong></span> 
     </span>
    </p>
   </div>
   <div class='ocr_carea' id='block_1_80' title="bbox 2269 2054 3871 2136">
    <p class='ocr_par' dir='ltr' id='par_1_80' title="bbox 2269 2054 3871 2136">
     <span class='ocr_line' id='line_1_81' title="bbox 2269 2054 3871 2136; baseline 0.012 -29"><span class='ocrx_word' id='word_1_457' title='bbox 2269 2054 2423 2108; x_wconf 89' lang='lat' dir='ltr'><strong>siano</strong></span> <span class='ocrx_word' id='word_1_458' title='bbox 2452 2056 2715 2113; x_wconf 83' lang='lat' dir='ltr'><strong>conﬂatus</strong></span> <span class='ocrx_word' id='word_1_459' title='bbox 2745 2067 2800 2116; x_wconf 90' lang='lat' dir='ltr'><strong>et</strong></span> <span class='ocrx_word' id='word_1_460' title='bbox 2843 2063 3223 2132; x_wconf 81' lang='lat' dir='ltr'><strong>concinnatus,</strong></span> <span class='ocrx_word' id='word_1_461' title='bbox 3260 2066 3406 2122; x_wconf 87' lang='lat' dir='ltr'><strong>illius</strong></span> <span class='ocrx_word' id='word_1_462' title='bbox 3435 2068 3649 2136; x_wconf 87' lang='lat' dir='ltr'><strong>quidem</strong></span> <span class='ocrx_word' id='word_1_463' title='bbox 3696 2068 3871 2127; x_wconf 71' lang='lat' dir='ltr'><strong>Dia10&lt;</strong></span> 
     </span>
    </p>
   </div>
   <div class='ocr_carea' id='block_1_81' title="bbox 2270 2148 3874 2231">
    <p class='ocr_par' dir='ltr' id='par_1_81' title="bbox 2270 2148 3874 2231">
     <span class='ocr_line' id='line_1_82' title="bbox 2270 2148 3874 2231; baseline 0.012 -32"><span class='ocrx_word' id='word_1_464' title='bbox 2270 2148 2374 2218; x_wconf 74' lang='lat' dir='ltr'><strong>gis,</strong></span> <span class='ocrx_word' id='word_1_465' title='bbox 2430 2148 2591 2220; x_wconf 88' lang='lat' dir='ltr'><strong>bujus</strong></span> <span class='ocrx_word' id='word_1_466' title='bbox 2622 2167 2747 2207; x_wconf 88' lang='lat' dir='ltr'><strong>vero</strong></span> <span class='ocrx_word' id='word_1_467' title='bbox 2780 2152 3208 2213; x_wconf 89' lang='lat' dir='ltr'><strong>lnstitutionibus</strong></span> <span class='ocrx_word' id='word_1_468' title='bbox 3245 2168 3301 2215; x_wconf 88' lang='lat' dir='ltr'><strong>et</strong></span> <span class='ocrx_word' id='word_1_469' title='bbox 3328 2160 3732 2231; x_wconf 80' lang='lat' dir='ltr'><strong>Collationibus,</strong></span> <span class='ocrx_word' id='word_1_470' title='bbox 3777 2177 3874 2217; x_wconf 55' lang='lat' dir='ltr'><strong>va.</strong></span> 
     </span>
    </p>
   </div>
   <div class='ocr_carea' id='block_1_82' title="bbox 2268 2242 3871 2330">
    <p class='ocr_par' dir='ltr' id='par_1_82' title="bbox 2268 2242 3871 2330">
     <span class='ocr_line' id='line_1_83' title="bbox 2268 2242 3871 2330; baseline 0.012 -34"><span class='ocrx_word' id='word_1_471' title='bbox 2268 2242 2345 2296; x_wconf 88' lang='lat' dir='ltr'><strong>ria</strong></span> <span class='ocrx_word' id='word_1_472' title='bbox 2374 2245 2615 2302; x_wconf 88' lang='lat' dir='ltr'><strong>continet</strong></span> <span class='ocrx_word' id='word_1_473' title='bbox 2648 2248 2861 2305; x_wconf 88' lang='lat' dir='ltr'><strong>Patrum</strong></span> <span class='ocrx_word' id='word_1_474' title='bbox 2903 2252 3155 2324; x_wconf 86' lang='lat' dir='ltr'><strong>exempla</strong></span> <span class='ocrx_word' id='word_1_475' title='bbox 3180 2265 3234 2309; x_wconf 92' lang='lat' dir='ltr'><strong>et</strong></span> <span class='ocrx_word' id='word_1_476' title='bbox 3271 2266 3510 2323; x_wconf 77' lang='lat' dir='ltr'><strong>monita;</strong></span> <span class='ocrx_word' id='word_1_477' title='bbox 3555 2266 3871 2330; x_wconf 89' lang='lat' dir='ltr'><strong>constatque</strong></span> 
     </span>
    </p>
   </div>
   <div class='ocr_carea' id='block_1_83' title="bbox 2268 2335 2644 2405">
    <p class='ocr_par' dir='ltr' id='par_1_83' title="bbox 2268 2335 2644 2405">
     <span class='ocr_line' id='line_1_84' title="bbox 2268 2335 2644 2405; baseline 0.013 -16"><span class='ocrx_word' id='word_1_478' title='bbox 2268 2335 2531 2405; x_wconf 89' lang='lat' dir='ltr'><strong>capitibus</strong></span> <span class='ocrx_word' id='word_1_479' title='bbox 2561 2354 2644 2394; x_wconf 75' lang='grc' dir='ltr'><strong>ιν.</strong></span> 
     </span>
    </p>
   </div>
   <div class='ocr_carea' id='block_1_84' title="bbox 2341 2453 3867 2534">
    <p class='ocr_par' dir='ltr' id='par_1_84' title="bbox 2341 2453 3867 2534">
     <span class='ocr_line' id='line_1_85' title="bbox 2341 2453 3867 2534; baseline 0.011 -27"><span class='ocrx_word' id='word_1_480' title='bbox 2341 2453 2570 2519; x_wconf 79' lang='lat' dir='ltr'><strong>Quintus</strong></span> <span class='ocrx_word' id='word_1_481' title='bbox 2594 2455 2729 2512; x_wconf 91' lang='lat' dir='ltr'><strong>liber</strong></span> <span class='ocrx_word' id='word_1_482' title='bbox 2755 2468 2977 2515; x_wconf 90' lang='lat' dir='ltr'><strong>auctore</strong></span> <span class='ocrx_word' id='word_1_483' title='bbox 2998 2461 3188 2517; x_wconf 65' lang='lat' dir='ltr'><strong>Graeco</strong></span> <span class='ocrx_word' id='word_1_484' title='bbox 3215 2463 3430 2533; x_wconf 89' lang='lat' dir='ltr'><strong>quidem</strong></span> <span class='ocrx_word' id='word_1_485' title='bbox 3457 2464 3680 2534; x_wconf 88' lang='lat' dir='ltr'><strong>incerto,</strong></span> <span class='ocrx_word' id='word_1_486' title='bbox 3711 2478 3867 2524; x_wconf 91' lang='lat' dir='ltr'><strong>certo</strong></span> 
     </span>
    </p>
   </div>
   <div class='ocr_carea' id='block_1_85' title="bbox 2270 2547 3869 2624">
    <p class='ocr_par' dir='ltr' id='par_1_85' title="bbox 2270 2547 3869 2624">
     <span class='ocr_line' id='line_1_86' title="bbox 2270 2547 3869 2624; baseline 0.012 -27"><span class='ocrx_word' id='word_1_487' title='bbox 2270 2552 2448 2601; x_wconf 89' lang='lat' dir='ltr'><strong>tamen</strong></span> <span class='ocrx_word' id='word_1_488' title='bbox 2479 2547 2774 2618; x_wconf 91' lang='lat' dir='ltr'><strong>interprete</strong></span> <span class='ocrx_word' id='word_1_489' title='bbox 2806 2549 3024 2622; x_wconf 81' lang='lat' dir='ltr'><strong>Pelagio</strong></span> <span class='ocrx_word' id='word_1_490' title='bbox 3053 2551 3112 2608; x_wconf 92' lang='lat' dir='ltr'><strong>S.</strong></span> <span class='ocrx_word' id='word_1_491' title='bbox 3166 2554 3231 2608; x_wconf 77' lang='grc' dir='ltr'><strong><em>Β.</em></strong></span> <span class='ocrx_word' id='word_1_492' title='bbox 3278 2555 3340 2609; x_wconf 85' lang='grc' dir='ltr'><strong><em>Ε.</em></strong></span> <span class='ocrx_word' id='word_1_493' title='bbox 3392 2556 3642 2624; x_wconf 85' lang='lat' dir='ltr'><strong>diacono,</strong></span> <span class='ocrx_word' id='word_1_494' title='bbox 3697 2558 3869 2616; x_wconf 85' lang='lat' dir='ltr'><strong>Verba</strong></span> 
     </span>
    </p>
   </div>
   <div class='ocr_carea' id='block_1_86' title="bbox 2270 2639 3865 2721">
    <p class='ocr_par' dir='ltr' id='par_1_86' title="bbox 2270 2639 3865 2721">
     <span class='ocr_line' id='line_1_87' title="bbox 2270 2639 3865 2721; baseline 0.01 -30"><span class='ocrx_word' id='word_1_495' title='bbox 2270 2639 2545 2695; x_wconf 87' lang='lat' dir='ltr'><strong>seniorum</strong></span> <span class='ocrx_word' id='word_1_496' title='bbox 2574 2643 2973 2712; x_wconf 85' lang='lat' dir='ltr'><strong>complectitur,</strong></span> <span class='ocrx_word' id='word_1_497' title='bbox 3005 2645 3202 2702; x_wconf 91' lang='lat' dir='ltr'><strong>libellis</strong></span> <span class='ocrx_word' id='word_1_498' title='bbox 3258 2665 3388 2704; x_wconf 86' lang='lat' dir='ltr'><strong>xvut</strong></span> <span class='ocrx_word' id='word_1_499' title='bbox 3437 2653 3865 2721; x_wconf 83' lang='lat' dir='ltr'><strong>comprehensa:</strong></span> 
     </span>
    </p>
   </div>
   <div class='ocr_carea' id='block_1_87' title="bbox 2271 2733 3867 2817">
    <p class='ocr_par' dir='ltr' id='par_1_87' title="bbox 2271 2733 3867 2817">
     <span class='ocr_line' id='line_1_88' title="bbox 2271 2733 3867 2817; baseline 0.013 -34"><span class='ocrx_word' id='word_1_500' title='bbox 2271 2746 2505 2800; x_wconf 86' lang='lat' dir='ltr'><strong>quorum</strong></span> <span class='ocrx_word' id='word_1_501' title='bbox 2537 2733 2742 2803; x_wconf 87' lang='lat' dir='ltr'><strong>primus</strong></span> <span class='ocrx_word' id='word_1_502' title='bbox 2772 2746 2857 2791; x_wconf 91' lang='lat' dir='ltr'><strong>est</strong></span> <span class='ocrx_word' id='word_1_503' title='bbox 2885 2735 2960 2791; x_wconf 89' lang='lat' dir='ltr'><strong>De</strong></span> <span class='ocrx_word' id='word_1_504' title='bbox 2990 2736 3237 2810; x_wconf 78' lang='lat' dir='ltr'><strong>Profectu</strong></span> <span class='ocrx_word' id='word_1_505' title='bbox 3270 2740 3519 2809; x_wconf 86' lang='lat' dir='ltr'><strong>Patrum;</strong></span> <span class='ocrx_word' id='word_1_506' title='bbox 3547 2756 3867 2817; x_wconf 74' lang='lat' dir='ltr'><strong>coastatque</strong></span> 
     </span>
    </p>
   </div>
   <div class='ocr_carea' id='block_1_88' title="bbox 2271 2828 3864 2909">
    <p class='ocr_par' dir='ltr' id='par_1_88' title="bbox 2271 2828 3864 2909">
     <span class='ocr_line' id='line_1_89' title="bbox 2271 2828 3864 2909; baseline 0.009 -29"><span class='ocrx_word' id='word_1_507' title='bbox 2271 2828 2626 2898; x_wconf 80' lang='lat' dir='ltr'><strong>paragrapbis</strong></span> <span class='ocrx_word' id='word_1_508' title='bbox 2652 2845 2750 2885; x_wconf 88' lang='lat' dir='ltr'><strong>seu</strong></span> <span class='ocrx_word' id='word_1_509' title='bbox 2781 2832 3019 2887; x_wconf 88' lang='lat' dir='ltr'><strong>numeris</strong></span> <span class='ocrx_word' id='word_1_510' title='bbox 3051 2849 3221 2901; x_wconf 88' lang='lat' dir='ltr'><strong>xxut;</strong></span> <span class='ocrx_word' id='word_1_511' title='bbox 3253 2836 3521 2891; x_wconf 87' lang='lat' dir='ltr'><strong>secundus</strong></span> <span class='ocrx_word' id='word_1_512' title='bbox 3552 2835 3628 2891; x_wconf 89' lang='lat' dir='ltr'><strong>De</strong></span> <span class='ocrx_word' id='word_1_513' title='bbox 3657 2838 3864 2909; x_wconf 84' lang='lat' dir='ltr'><strong>Quiete,</strong></span> 
     </span>
    </p>
   </div>
   <div class='ocr_carea' id='block_1_89' title="bbox 2271 2924 3867 2993">
    <p class='ocr_par' dir='ltr' id='par_1_89' title="bbox 2271 2924 3867 2993">
     <span class='ocr_line' id='line_1_90' title="bbox 2271 2924 3867 2993; baseline 0.01 -20"><span class='ocrx_word' id='word_1_514' title='bbox 2271 2935 2620 2976; x_wconf 88' lang='lat' dir='ltr'><strong>numerorum</strong></span> <span class='ocrx_word' id='word_1_515' title='bbox 2649 2937 2781 2989; x_wconf 81' lang='lat' dir='ltr'><strong>xvi;</strong></span> <span class='ocrx_word' id='word_1_516' title='bbox 2818 2924 3009 2979; x_wconf 87' lang='lat' dir='ltr'><strong>tertius</strong></span> <span class='ocrx_word' id='word_1_517' title='bbox 3038 2924 3117 2980; x_wconf 89' lang='lat' dir='ltr'><strong>De</strong></span> <span class='ocrx_word' id='word_1_518' title='bbox 3149 2926 3574 2993; x_wconf 84' lang='lat' dir='ltr'><strong>Compunctione,</strong></span> <span class='ocrx_word' id='word_1_519' title='bbox 3610 2946 3867 2988; x_wconf 88' lang='lat' dir='ltr'><strong>numero-</strong></span> 
     </span>
    </p>
   </div>
   <div class='ocr_carea' id='block_1_90' title="bbox 2269 3018 3864 3096">
    <p class='ocr_par' dir='ltr' id='par_1_90' title="bbox 2269 3018 3864 3096">
     <span class='ocr_line' id='line_1_91' title="bbox 2269 3018 3864 3096; baseline 0.01 -29"><span class='ocrx_word' id='word_1_520' title='bbox 2269 3026 2388 3067; x_wconf 87' lang='lat' dir='ltr'><strong>rum</strong></span> <span class='ocrx_word' id='word_1_521' title='bbox 2421 3030 2601 3082; x_wconf 82' lang='lat' dir='ltr'><strong>xxvii;</strong></span> <span class='ocrx_word' id='word_1_522' title='bbox 2631 3027 2851 3085; x_wconf 81' lang='lat' dir='ltr'><strong>quartus</strong></span> <span class='ocrx_word' id='word_1_523' title='bbox 2881 3018 2955 3071; x_wconf 85' lang='lat' dir='ltr'><strong>De</strong></span> <span class='ocrx_word' id='word_1_524' title='bbox 2979 3018 3323 3087; x_wconf 83' lang='lat' dir='ltr'><strong>Continentia,</strong></span> <span class='ocrx_word' id='word_1_525' title='bbox 3356 3039 3699 3080; x_wconf 88' lang='lat' dir='ltr'><strong>numerorum</strong></span> <span class='ocrx_word' id='word_1_526' title='bbox 3732 3043 3864 3096; x_wconf 81' lang='lat' dir='ltr'><strong>Lxx;</strong></span> 
     </span>
    </p>
   </div>
   <div class='ocr_carea' id='block_1_91' title="bbox 2269 3104 3866 3183">
    <p class='ocr_par' dir='ltr' id='par_1_91' title="bbox 2269 3104 3866 3183">
     <span class='ocr_line' id='line_1_92' title="bbox 2269 3104 3866 3183; baseline 0.013 -27"><span class='ocrx_word' id='word_1_527' title='bbox 2269 3105 2486 3175; x_wconf 88' lang='lat' dir='ltr'><strong>quintus</strong></span> <span class='ocrx_word' id='word_1_528' title='bbox 2542 3105 2620 3161; x_wconf 86' lang='lat' dir='ltr'><strong>De</strong></span> <span class='ocrx_word' id='word_1_529' title='bbox 2668 3104 3077 3178; x_wconf 82' lang='lat' dir='ltr'><strong>Fornicatione,</strong></span> <span class='ocrx_word' id='word_1_530' title='bbox 3110 3128 3457 3170; x_wconf 84' lang='lat' dir='ltr'><strong>numerorum</strong></span> <span class='ocrx_word' id='word_1_531' title='bbox 3498 3132 3621 3183; x_wconf 81' lang='lat' dir='ltr'><strong>xu;</strong></span> <span class='ocrx_word' id='word_1_532' title='bbox 3678 3128 3866 3175; x_wconf 88' lang='lat' dir='ltr'><strong>sextus</strong></span> 
     </span>
    </p>
   </div>
   <div class='ocr_carea' id='block_1_92' title="bbox 2274 3196 3866 3277">
    <p class='ocr_par' dir='ltr' id='par_1_92' title="bbox 2274 3196 3866 3277">
     <span class='ocr_line' id='line_1_93' title="bbox 2274 3196 3866 3277; baseline 0.011 -26"><span class='ocrx_word' id='word_1_533' title='bbox 2274 3196 2353 3252; x_wconf 88' lang='lat' dir='ltr'><strong>De</strong></span> <span class='ocrx_word' id='word_1_534' title='bbox 2375 3214 2431 3253; x_wconf 82' lang='lat' dir='ltr'><strong>eo</strong></span> <span class='ocrx_word' id='word_1_535' title='bbox 2453 3200 2591 3268; x_wconf 87' lang='lat' dir='ltr'><strong>quod</strong></span> <span class='ocrx_word' id='word_1_536' title='bbox 2614 3201 2897 3255; x_wconf 84' lang='lat' dir='ltr'><strong>monachus</strong></span> <span class='ocrx_word' id='word_1_537' title='bbox 2930 3203 3062 3257; x_wconf 86' lang='lat' dir='ltr'><strong>nihil</strong></span> <span class='ocrx_word' id='word_1_538' title='bbox 3085 3206 3262 3260; x_wconf 88' lang='lat' dir='ltr'><strong>debeat</strong></span> <span class='ocrx_word' id='word_1_539' title='bbox 3290 3210 3549 3277; x_wconf 82' lang='lat' dir='ltr'><strong>possidere</strong></span> <span class='ocrx_word' id='word_1_540' title='bbox 3568 3250 3582 3275; x_wconf 92' lang='lat'><strong>,</strong></span> <span class='ocrx_word' id='word_1_541' title='bbox 3613 3227 3866 3268; x_wconf 87' lang='lat' dir='ltr'><strong>numero-</strong></span> 
     </span>
    </p>
   </div>
   <div class='ocr_carea' id='block_1_93' title="bbox 2192 3276 3859 3370">
    <p class='ocr_par' dir='ltr' id='par_1_93' title="bbox 2192 3276 3859 3370">
     <span class='ocr_line' id='line_1_94' title="bbox 2192 3276 3859 3370; baseline 0.011 -28"><span class='ocrx_word' id='word_1_542' title='bbox 2192 3276 2239 3340; x_wconf 86' lang='lat' dir='ltr'>C</span> <span class='ocrx_word' id='word_1_543' title='bbox 2270 3304 2389 3344; x_wconf 90' lang='lat' dir='ltr'><strong>rum</strong></span> <span class='ocrx_word' id='word_1_544' title='bbox 2420 3306 2564 3357; x_wconf 83' lang='lat' dir='ltr'><strong>xxtt;</strong></span> <span class='ocrx_word' id='word_1_545' title='bbox 2595 3293 2856 3362; x_wconf 89' lang='lat' dir='ltr'><strong>septimus</strong></span> <span class='ocrx_word' id='word_1_546' title='bbox 2875 3291 2951 3348; x_wconf 89' lang='lat' dir='ltr'><strong>De</strong></span> <span class='ocrx_word' id='word_1_547' title='bbox 2979 3294 3243 3351; x_wconf 86' lang='lat' dir='ltr'><strong>Patientia</strong></span> <span class='ocrx_word' id='word_1_548' title='bbox 3266 3276 3357 3353; x_wconf 85' lang='lat' dir='ltr'><strong>seu</strong></span> <span class='ocrx_word' id='word_1_549' title='bbox 3386 3298 3859 3370; x_wconf 83' lang='lat' dir='ltr'><strong>Fortitudine,nu-</strong></span> 
     </span>
    </p>
   </div>
   <div class='ocr_carea' id='block_1_94' title="bbox 2264 3387 3862 3467">
    <p class='ocr_par' dir='ltr' id='par_1_94' title="bbox 2264 3387 3862 3467">
     <span class='ocr_line' id='line_1_95' title="bbox 2264 3387 3862 3467; baseline 0.01 -30"><span class='ocrx_word' id='word_1_550' title='bbox 2264 3398 2537 3439; x_wconf 68' lang='lat' dir='ltr'><strong>murorum</strong></span> <span class='ocrx_word' id='word_1_551' title='bbox 2568 3401 2745 3453; x_wconf 82' lang='lat' dir='ltr'><strong>van;</strong></span> <span class='ocrx_word' id='word_1_552' title='bbox 2778 3396 3000 3443; x_wconf 84' lang='lat' dir='ltr'><strong>octavus</strong></span> <span class='ocrx_word' id='word_1_553' title='bbox 3032 3387 3109 3443; x_wconf 85' lang='lat' dir='ltr'><strong>De</strong></span> <span class='ocrx_word' id='word_1_554' title='bbox 3146 3406 3203 3444; x_wconf 89' lang='lat' dir='ltr'><strong>eo</strong></span> <span class='ocrx_word' id='word_1_555' title='bbox 3249 3394 3389 3464; x_wconf 91' lang='lat' dir='ltr'><strong>quod</strong></span> <span class='ocrx_word' id='word_1_556' title='bbox 3417 3392 3545 3447; x_wconf 87' lang='lat' dir='ltr'><strong>nihil</strong></span> <span class='ocrx_word' id='word_1_557' title='bbox 3572 3412 3663 3467; x_wconf 84' lang='lat' dir='ltr'><strong>per</strong></span> <span class='ocrx_word' id='word_1_558' title='bbox 3689 3410 3862 3453; x_wconf 83' lang='lat' dir='ltr'><strong>esten-</strong></span> 
     </span>
    </p>
   </div>
   <div class='ocr_carea' id='block_1_95' title="bbox 2263 3476 3861 3552">
    <p class='ocr_par' dir='ltr' id='par_1_95' title="bbox 2263 3476 3861 3552">
     <span class='ocr_line' id='line_1_96' title="bbox 2263 3476 3861 3552; baseline 0.011 -26"><span class='ocrx_word' id='word_1_559' title='bbox 2263 3476 2456 3530; x_wconf 88' lang='lat' dir='ltr'><strong>sionem</strong></span> <span class='ocrx_word' id='word_1_560' title='bbox 2488 3477 2607 3545; x_wconf 80' lang='lat' dir='ltr'><strong>ﬁeri</strong></span> <span class='ocrx_word' id='word_1_561' title='bbox 2644 3478 2862 3548; x_wconf 89' lang='lat' dir='ltr'><strong>debeat,</strong></span> <span class='ocrx_word' id='word_1_562' title='bbox 2906 3496 3251 3538; x_wconf 89' lang='lat' dir='ltr'><strong>numerorum</strong></span> <span class='ocrx_word' id='word_1_563' title='bbox 3304 3500 3457 3552; x_wconf 75' lang='lat' dir='ltr'><strong>xxiv;</strong></span> <span class='ocrx_word' id='word_1_564' title='bbox 3493 3503 3663 3543; x_wconf 91' lang='lat' dir='ltr'><strong>nonus</strong></span> <span class='ocrx_word' id='word_1_565' title='bbox 3693 3488 3772 3543; x_wconf 86' lang='lat' dir='ltr'><strong>De</strong></span> <span class='ocrx_word' id='word_1_566' title='bbox 3799 3505 3861 3544; x_wconf 89' lang='lat' dir='ltr'><strong>eo</strong></span> 
     </span>
    </p>
   </div>
   <div class='ocr_carea' id='block_1_96' title="bbox 2261 3568 3855 3647">
    <p class='ocr_par' dir='ltr' id='par_1_96' title="bbox 2261 3568 3855 3647">
     <span class='ocr_line' id='line_1_97' title="bbox 2261 3568 3855 3647; baseline 0.011 -27"><span class='ocrx_word' id='word_1_567' title='bbox 2261 3568 2399 3637; x_wconf 88' lang='lat' dir='ltr'><strong>quod</strong></span> <span class='ocrx_word' id='word_1_568' title='bbox 2429 3585 2532 3623; x_wconf 90' lang='lat' dir='ltr'><strong>non</strong></span> <span class='ocrx_word' id='word_1_569' title='bbox 2560 3581 2791 3639; x_wconf 81' lang='lat' dir='ltr'><strong>oporteat</strong></span> <span class='ocrx_word' id='word_1_570' title='bbox 2832 3575 3079 3645; x_wconf 89' lang='lat' dir='ltr'><strong>judicare</strong></span> <span class='ocrx_word' id='word_1_571' title='bbox 3126 3592 3450 3647; x_wconf 87' lang='lat' dir='ltr'><strong>quemquam,</strong></span> <span class='ocrx_word' id='word_1_572' title='bbox 3508 3594 3855 3637; x_wconf 85' lang='lat' dir='ltr'><strong>numerorum</strong></span> 
     </span>
    </p>
   </div>
   <div class='ocr_carea' id='block_1_97' title="bbox 2265 3659 3857 3737">
    <p class='ocr_par' dir='ltr' id='par_1_97' title="bbox 2265 3659 3857 3737">
     <span class='ocr_line' id='line_1_98' title="bbox 2265 3659 3857 3737; baseline 0.009 -25"><span class='ocrx_word' id='word_1_573' title='bbox 2265 3673 2376 3724; x_wconf 87' lang='lat' dir='ltr'><strong>xn;</strong></span> <span class='ocrx_word' id='word_1_574' title='bbox 2406 3659 2645 3716; x_wconf 89' lang='lat' dir='ltr'><strong>decimus</strong></span> <span class='ocrx_word' id='word_1_575' title='bbox 2679 3663 2753 3717; x_wconf 90' lang='lat' dir='ltr'><strong>De</strong></span> <span class='ocrx_word' id='word_1_576' title='bbox 2783 3663 3141 3732; x_wconf 88' lang='lat' dir='ltr'><strong>Discretione,</strong></span> <span class='ocrx_word' id='word_1_577' title='bbox 3194 3684 3540 3725; x_wconf 86' lang='lat' dir='ltr'><strong>numerorum</strong></span> <span class='ocrx_word' id='word_1_578' title='bbox 3574 3687 3714 3737; x_wconf 89' lang='lat' dir='ltr'><strong>cxv;</strong></span> <span class='ocrx_word' id='word_1_579' title='bbox 3757 3687 3857 3727; x_wconf 84' lang='lat' dir='ltr'><strong>un-</strong></span> 
     </span>
    </p>
   </div>
   <div class='ocr_carea' id='block_1_98' title="bbox 2266 3751 3857 3829">
    <p class='ocr_par' dir='ltr' id='par_1_98' title="bbox 2266 3751 3857 3829">
     <span class='ocr_line' id='line_1_99' title="bbox 2266 3751 3857 3829; baseline 0.011 -23"><span class='ocrx_word' id='word_1_580' title='bbox 2266 3751 2508 3808; x_wconf 87' lang='lat' dir='ltr'><strong>decimus</strong></span> <span class='ocrx_word' id='word_1_581' title='bbox 2536 3754 2615 3809; x_wconf 88' lang='lat' dir='ltr'><strong>De</strong></span> <span class='ocrx_word' id='word_1_582' title='bbox 2642 3772 2699 3810; x_wconf 90' lang='lat' dir='ltr'><strong>eo</strong></span> <span class='ocrx_word' id='word_1_583' title='bbox 2722 3759 2863 3827; x_wconf 84' lang='lat' dir='ltr'><strong>quod</strong></span> <span class='ocrx_word' id='word_1_584' title='bbox 2892 3767 3127 3828; x_wconf 85' lang='lat' dir='ltr'><strong>aporteat</strong></span> <span class='ocrx_word' id='word_1_585' title='bbox 3152 3763 3322 3816; x_wconf 87' lang='lat' dir='ltr'><strong>sobrie</strong></span> <span class='ocrx_word' id='word_1_586' title='bbox 3350 3764 3513 3819; x_wconf 76' lang='lat' dir='ltr'><strong>virere</strong></span> <span class='ocrx_word' id='word_1_587' title='bbox 3534 3805 3548 3829; x_wconf 90' lang='lat'><strong>,</strong></span> <span class='ocrx_word' id='word_1_588' title='bbox 3601 3781 3857 3823; x_wconf 87' lang='lat' dir='ltr'><strong>numero-</strong></span> 
     </span>
    </p>
   </div>
   <div class='ocr_carea' id='block_1_99' title="bbox 2263 3846 3854 3925">
    <p class='ocr_par' dir='ltr' id='par_1_99' title="bbox 2263 3846 3854 3925">
     <span class='ocr_line' id='line_1_100' title="bbox 2263 3846 3854 3925; baseline 0.01 -27"><span class='ocrx_word' id='word_1_589' title='bbox 2263 3857 2381 3899; x_wconf 87' lang='lat' dir='ltr'><strong>rum</strong></span> <span class='ocrx_word' id='word_1_590' title='bbox 2410 3862 2526 3911; x_wconf 80' lang='lat' dir='ltr'><strong>Ltv;</strong></span> <span class='ocrx_word' id='word_1_591' title='bbox 2558 3846 2908 3905; x_wconf 89' lang='lat' dir='ltr'><strong>duodecimns</strong></span> <span class='ocrx_word' id='word_1_592' title='bbox 2939 3851 3015 3906; x_wconf 90' lang='lat' dir='ltr'><strong>De</strong></span> <span class='ocrx_word' id='word_1_593' title='bbox 3041 3871 3100 3907; x_wconf 77' lang='lat' dir='ltr'><strong>eo</strong></span> <span class='ocrx_word' id='word_1_594' title='bbox 3140 3855 3279 3925; x_wconf 85' lang='lat' dir='ltr'><strong>quod</strong></span> <span class='ocrx_word' id='word_1_595' title='bbox 3328 3856 3436 3910; x_wconf 81' lang='lat' dir='ltr'><strong>sine</strong></span> <span class='ocrx_word' id='word_1_596' title='bbox 3476 3858 3854 3914; x_wconf 85' lang='lat' dir='ltr'><strong>intermissione</strong></span> 
     </span>
    </p>
   </div>
   <div class='ocr_carea' id='block_1_100' title="bbox 2266 3939 3848 4014">
    <p class='ocr_par' dir='ltr' id='par_1_100' title="bbox 2266 3939 3848 4014">
     <span class='ocr_line' id='line_1_101' title="bbox 2266 3939 3848 4014; baseline 0.013 -25"><span class='ocrx_word' id='word_1_597' title='bbox 2266 3946 2313 3989; x_wconf 91' lang='lat' dir='ltr'><strong>et</strong></span> <span class='ocrx_word' id='word_1_598' title='bbox 2343 3939 2511 3993; x_wconf 88' lang='lat' dir='ltr'><strong>sobrie</strong></span> <span class='ocrx_word' id='word_1_599' title='bbox 2535 3940 2680 3995; x_wconf 88' lang='lat' dir='ltr'><strong>debet</strong></span> <span class='ocrx_word' id='word_1_600' title='bbox 2713 3944 2874 4011; x_wconf 84' lang='lat' dir='ltr'><strong>arari,</strong></span> <span class='ocrx_word' id='word_1_601' title='bbox 2895 3959 3239 4000; x_wconf 89' lang='lat' dir='ltr'><strong>numerorum</strong></span> <span class='ocrx_word' id='word_1_602' title='bbox 3272 3963 3370 4014; x_wconf 87' lang='lat' dir='ltr'><strong>xv;</strong></span> <span class='ocrx_word' id='word_1_603' title='bbox 3395 3948 3635 4006; x_wconf 90' lang='lat' dir='ltr'><strong>decimus</strong></span> <span class='ocrx_word' id='word_1_604' title='bbox 3657 3952 3848 4009; x_wconf 86' lang='lat' dir='ltr'><strong>tertius</strong></span> 
     </span>
    </p>
   </div>
   <div class='ocr_carea' id='block_1_101' title="bbox 2261 4027 3847 4109">
    <p class='ocr_par' dir='ltr' id='par_1_101' title="bbox 2261 4027 3847 4109">
     <span class='ocr_line' id='line_1_102' title="bbox 2261 4027 3847 4109; baseline 0.013 -28"><span class='ocrx_word' id='word_1_605' title='bbox 2261 4027 2342 4083; x_wconf 87' lang='lat' dir='ltr'><strong>De</strong></span> <span class='ocrx_word' id='word_1_606' title='bbox 2369 4047 2429 4084; x_wconf 89' lang='lat' dir='ltr'><strong>eo</strong></span> <span class='ocrx_word' id='word_1_607' title='bbox 2458 4034 2595 4101; x_wconf 85' lang='lat' dir='ltr'><strong>quod</strong></span> <span class='ocrx_word' id='word_1_608' title='bbox 2632 4046 2861 4105; x_wconf 86' lang='lat' dir='ltr'><strong>oporteat</strong></span> <span class='ocrx_word' id='word_1_609' title='bbox 2891 4038 3198 4106; x_wconf 80' lang='lat' dir='ltr'><strong>hospitalem</strong></span> <span class='ocrx_word' id='word_1_610' title='bbox 3229 4057 3358 4109; x_wconf 84' lang='lat' dir='ltr'><strong>esse,</strong></span> <span class='ocrx_word' id='word_1_611' title='bbox 3391 4052 3439 4097; x_wconf 88' lang='lat' dir='ltr'><strong>et</strong></span> <span class='ocrx_word' id='word_1_612' title='bbox 3466 4044 3847 4101; x_wconf 81' lang='lat' dir='ltr'><strong>misericordem</strong></span> 
     </span>
    </p>
   </div>
   <div class='ocr_carea' id='block_1_102' title="bbox 2258 4122 3848 4207">
    <p class='ocr_par' dir='ltr' id='par_1_102' title="bbox 2258 4122 3848 4207">
     <span class='ocr_line' id='line_1_103' title="bbox 2258 4122 3848 4207; baseline 0.012 -32"><span class='ocrx_word' id='word_1_613' title='bbox 2258 4122 2313 4176; x_wconf 89' lang='lat' dir='ltr'><strong>in</strong></span> <span class='ocrx_word' id='word_1_614' title='bbox 2342 4122 2622 4193; x_wconf 85' lang='lat' dir='ltr'><strong>hilaritate,</strong></span> <span class='ocrx_word' id='word_1_615' title='bbox 2668 4145 3012 4186; x_wconf 85' lang='lat' dir='ltr'><strong>numerorum</strong></span> <span class='ocrx_word' id='word_1_616' title='bbox 3044 4148 3142 4199; x_wconf 85' lang='lat' dir='ltr'><strong>xv;</strong></span> <span class='ocrx_word' id='word_1_617' title='bbox 3198 4134 3440 4191; x_wconf 89' lang='lat' dir='ltr'><strong>decimus</strong></span> <span class='ocrx_word' id='word_1_618' title='bbox 3487 4147 3709 4207; x_wconf 85' lang='lat' dir='ltr'><strong>quartus</strong></span> <span class='ocrx_word' id='word_1_619' title='bbox 3769 4138 3848 4194; x_wconf 82' lang='lat' dir='ltr'><strong>De</strong></span> 
     </span>
    </p>
   </div>
   <div class='ocr_carea' id='block_1_103' title="bbox 2263 4215 3850 4299">
    <p class='ocr_par' dir='ltr' id='par_1_103' title="bbox 2263 4215 3850 4299">
     <span class='ocr_line' id='line_1_104' title="bbox 2263 4215 3850 4299; baseline 0.011 -31"><span class='ocrx_word' id='word_1_620' title='bbox 2263 4215 2605 4286; x_wconf 81' lang='lat' dir='ltr'><strong>Ubedientia,</strong></span> <span class='ocrx_word' id='word_1_621' title='bbox 2657 4237 3003 4278; x_wconf 90' lang='lat' dir='ltr'><strong>numerorum</strong></span> <span class='ocrx_word' id='word_1_622' title='bbox 3039 4240 3164 4291; x_wconf 70' lang='lat' dir='ltr'><strong>xu;</strong></span> <span class='ocrx_word' id='word_1_623' title='bbox 3207 4226 3450 4282; x_wconf 88' lang='lat' dir='ltr'><strong>decimus</strong></span> <span class='ocrx_word' id='word_1_624' title='bbox 3499 4229 3718 4299; x_wconf 89' lang='lat' dir='ltr'><strong>quintus</strong></span> <span class='ocrx_word' id='word_1_625' title='bbox 3772 4230 3850 4285; x_wconf 86' lang='lat' dir='ltr'><strong>De</strong></span> 
     </span>
    </p>
   </div>
   <div class='ocr_carea' id='block_1_104' title="bbox 2261 4309 3848 4392">
    <p class='ocr_par' dir='ltr' id='par_1_104' title="bbox 2261 4309 3848 4392">
     <span class='ocr_line' id='line_1_105' title="bbox 2261 4309 3848 4392; baseline 0.012 -32"><span class='ocrx_word' id='word_1_626' title='bbox 2261 4309 2590 4377; x_wconf 85' lang='lat' dir='ltr'><strong>humilitate,</strong></span> <span class='ocrx_word' id='word_1_627' title='bbox 2653 4330 2997 4371; x_wconf 90' lang='lat' dir='ltr'><strong>numerorum</strong></span> <span class='ocrx_word' id='word_1_628' title='bbox 3050 4334 3285 4383; x_wconf 73' lang='lat' dir='ltr'><strong>Lxxxix;</strong></span> <span class='ocrx_word' id='word_1_629' title='bbox 3339 4318 3549 4392; x_wconf 77' lang='lat' dir='ltr'><strong>[vatuj</strong></span> <span class='ocrx_word' id='word_1_630' title='bbox 3607 4322 3848 4380; x_wconf 88' lang='lat' dir='ltr'><strong>decimus</strong></span> 
     </span>
    </p>
   </div>
   <div class='ocr_carea' id='block_1_105' title="bbox 2254 4403 3845 4480">
    <p class='ocr_par' dir='ltr' id='par_1_105' title="bbox 2254 4403 3845 4480">
     <span class='ocr_line' id='line_1_106' title="bbox 2254 4403 3845 4480; baseline 0.013 -27"><span class='ocrx_word' id='word_1_631' title='bbox 2254 4409 2441 4455; x_wconf 87' lang='lat' dir='ltr'><strong>sextus</strong></span> <span class='ocrx_word' id='word_1_632' title='bbox 2505 4403 2583 4457; x_wconf 77' lang='lat' dir='ltr'><strong>De</strong></span> <span class='ocrx_word' id='word_1_633' title='bbox 2636 4405 2940 4476; x_wconf 83' lang='lat' dir='ltr'><strong>Patientia,</strong></span> <span class='ocrx_word' id='word_1_634' title='bbox 3001 4426 3349 4467; x_wconf 89' lang='lat' dir='ltr'><strong>numerorum</strong></span> <span class='ocrx_word' id='word_1_635' title='bbox 3428 4429 3543 4480; x_wconf 86' lang='lat' dir='ltr'><strong>xtx;</strong></span> <span class='ocrx_word' id='word_1_636' title='bbox 3599 4415 3845 4474; x_wconf 86' lang='lat' dir='ltr'><strong>decimus</strong></span> 
     </span>
    </p>
   </div>
   <div class='ocr_carea' id='block_1_106' title="bbox 2251 4494 3845 4574">
    <p class='ocr_par' dir='ltr' id='par_1_106' title="bbox 2251 4494 3845 4574">
     <span class='ocr_line' id='line_1_107' title="bbox 2251 4494 3845 4574; baseline 0.013 -27"><span class='ocrx_word' id='word_1_637' title='bbox 2251 4494 2515 4564; x_wconf 88' lang='lat' dir='ltr'><strong>septimus</strong></span> <span class='ocrx_word' id='word_1_638' title='bbox 2570 4496 2646 4551; x_wconf 88' lang='lat' dir='ltr'><strong>De</strong></span> <span class='ocrx_word' id='word_1_639' title='bbox 2696 4499 2976 4571; x_wconf 81' lang='lat' dir='ltr'><strong>Charitate,</strong></span> <span class='ocrx_word' id='word_1_640' title='bbox 3033 4518 3383 4560; x_wconf 87' lang='lat' dir='ltr'><strong>numerorum</strong></span> <span class='ocrx_word' id='word_1_641' title='bbox 3425 4523 3570 4574; x_wconf 77' lang='lat' dir='ltr'><strong>xxv;</strong></span> <span class='ocrx_word' id='word_1_642' title='bbox 3604 4510 3845 4567; x_wconf 84' lang='lat' dir='ltr'><strong>decimus</strong></span> 
     </span>
    </p>
   </div>
   <div class='ocr_carea' id='block_1_107' title="bbox 2249 4588 3839 4671">
    <p class='ocr_par' dir='ltr' id='par_1_107' title="bbox 2249 4588 3839 4671">
     <span class='ocr_line' id='line_1_108' title="bbox 2249 4588 3839 4671; baseline 0.012 -33"><span class='ocrx_word' id='word_1_643' title='bbox 2249 4592 2478 4642; x_wconf 86' lang='lat' dir='ltr'><strong>octavus</strong></span> <span class='ocrx_word' id='word_1_644' title='bbox 2508 4588 2586 4642; x_wconf 89' lang='lat' dir='ltr'><strong>De</strong></span> <span class='ocrx_word' id='word_1_645' title='bbox 2615 4590 2963 4647; x_wconf 72' lang='lat' dir='ltr'><strong>Prwridentia</strong></span> <span class='ocrx_word' id='word_1_646' title='bbox 2990 4594 3095 4650; x_wconf 88' lang='lat' dir='ltr'><strong>sive</strong></span> <span class='ocrx_word' id='word_1_647' title='bbox 3120 4594 3568 4667; x_wconf 84' lang='lat' dir='ltr'><strong>Contemplatione</strong></span> <span class='ocrx_word' id='word_1_648' title='bbox 3592 4647 3606 4671; x_wconf 90' lang='lat'><strong>,</strong></span> <span class='ocrx_word' id='word_1_649' title='bbox 3650 4617 3839 4659; x_wconf 68' lang='lat' dir='ltr'><strong>nume«</strong></span> 
     </span>
    </p>
   </div>
   <div class='ocr_carea' id='block_1_108' title="bbox 2252 4690 2552 4734">
    <p class='ocr_par' dir='ltr' id='par_1_108' title="bbox 2252 4690 2552 4734">
     <span class='ocr_line' id='line_1_109' title="bbox 2252 4690 2552 4734; baseline 0.017 -5"><span class='ocrx_word' id='word_1_650' title='bbox 2252 4690 2436 4733; x_wconf 89' lang='lat' dir='ltr'><strong>rorum</strong></span> <span class='ocrx_word' id='word_1_651' title='bbox 2464 4695 2552 4734; x_wconf 72' lang='lat' dir='ltr'><strong>XX.</strong></span> 
     </span>
    </p>
   </div>
   <div class='ocr_carea' id='block_1_109' title="bbox 2330 4794 3843 4878">
    <p class='ocr_par' dir='ltr' id='par_1_109' title="bbox 2330 4794 3843 4878">
     <span class='ocr_line' id='line_1_110' title="bbox 2330 4794 3843 4878; baseline 0.009 -25"><span class='ocrx_word' id='word_1_652' title='bbox 2330 4794 2525 4854; x_wconf 87' lang='lat' dir='ltr'><strong>Sextus</strong></span> <span class='ocrx_word' id='word_1_653' title='bbox 2560 4797 2695 4854; x_wconf 92' lang='lat' dir='ltr'><strong>liber</strong></span> <span class='ocrx_word' id='word_1_654' title='bbox 2726 4810 2943 4858; x_wconf 86' lang='lat' dir='ltr'><strong>auctore</strong></span> <span class='ocrx_word' id='word_1_655' title='bbox 2977 4804 3168 4860; x_wconf 78' lang='lat' dir='ltr'><strong>Grznco</strong></span> <span class='ocrx_word' id='word_1_656' title='bbox 3197 4821 3410 4878; x_wconf 89' lang='lat' dir='ltr'><strong>quoque</strong></span> <span class='ocrx_word' id='word_1_657' title='bbox 3437 4808 3664 4876; x_wconf 85' lang='lat' dir='ltr'><strong>incerto,</strong></span> <span class='ocrx_word' id='word_1_658' title='bbox 3691 4823 3843 4866; x_wconf 79' lang='lat' dir='ltr'><strong>certo</strong></span> 
     </span>
    </p>
   </div>
   <div class='ocr_carea' id='block_1_110' title="bbox 2258 4894 3839 4971">
    <p class='ocr_par' dir='ltr' id='par_1_110' title="bbox 2258 4894 3839 4971">
     <span class='ocr_line' id='line_1_111' title="bbox 2258 4894 3839 4971; baseline 0.01 -27"><span class='ocrx_word' id='word_1_659' title='bbox 2258 4896 2433 4948; x_wconf 85' lang='lat' dir='ltr'><strong>tamen</strong></span> <span class='ocrx_word' id='word_1_660' title='bbox 2485 4894 2777 4966; x_wconf 90' lang='lat' dir='ltr'><strong>interprete</strong></span> <span class='ocrx_word' id='word_1_661' title='bbox 2831 4896 3038 4953; x_wconf 83' lang='lat' dir='ltr'><strong>Joanne</strong></span> <span class='ocrx_word' id='word_1_662' title='bbox 3106 4902 3163 4956; x_wconf 91' lang='lat' dir='ltr'><strong>S.</strong></span> <span class='ocrx_word' id='word_1_663' title='bbox 3232 4901 3297 4956; x_wconf 83' lang='lat' dir='ltr'><strong>R.</strong></span> <span class='ocrx_word' id='word_1_664' title='bbox 3356 4901 3417 4956; x_wconf 84' lang='grc' dir='ltr'><strong><em>Ε.</em></strong></span> <span class='ocrx_word' id='word_1_665' title='bbox 3467 4903 3839 4971; x_wconf 85' lang='lat' dir='ltr'><strong>subdiacono,</strong></span> 
     </span>
    </p>
   </div>
   <div class='ocr_carea' id='block_1_111' title="bbox 2254 4984 3840 5070">
    <p class='ocr_par' dir='ltr' id='par_1_111' title="bbox 2254 4984 3840 5070">
     <span class='ocr_line' id='line_1_112' title="bbox 2254 4984 3840 5070; baseline 0.011 -32"><span class='ocrx_word' id='word_1_666' title='bbox 2254 4984 2417 5040; x_wconf 90' lang='lat' dir='ltr'><strong>etiam</strong></span> <span class='ocrx_word' id='word_1_667' title='bbox 2443 4985 2615 5043; x_wconf 91' lang='lat' dir='ltr'><strong>Verba</strong></span> <span class='ocrx_word' id='word_1_668' title='bbox 2636 4989 2908 5046; x_wconf 89' lang='lat' dir='ltr'><strong>seniorum</strong></span> <span class='ocrx_word' id='word_1_669' title='bbox 2936 4993 3248 5063; x_wconf 88' lang='lat' dir='ltr'><strong>exsequitur</strong></span> <span class='ocrx_word' id='word_1_670' title='bbox 3277 4997 3471 5052; x_wconf 88' lang='lat' dir='ltr'><strong>libellis</strong></span> <span class='ocrx_word' id='word_1_671' title='bbox 3497 5014 3544 5052; x_wconf 83' lang='lat' dir='ltr'><strong>iv</strong></span> <span class='ocrx_word' id='word_1_672' title='bbox 3570 5015 3585 5055; x_wconf 87' lang='lat'><strong>:</strong></span> <span class='ocrx_word' id='word_1_673' title='bbox 3610 5014 3840 5070; x_wconf 70' lang='lat' dir='ltr'><strong>quorum!</strong></span> 
     </span>
    </p>
   </div>
   <div class='ocr_carea' id='block_1_112' title="bbox 2253 5079 3844 5163">
    <p class='ocr_par' dir='ltr' id='par_1_112' title="bbox 2253 5079 3844 5163">
     <span class='ocr_line' id='line_1_113' title="bbox 2253 5079 3844 5163; baseline 0.011 -31"><span class='ocrx_word' id='word_1_674' title='bbox 2253 5079 2456 5145; x_wconf 76' lang='lat' dir='ltr'><strong>primus</strong></span> <span class='ocrx_word' id='word_1_675' title='bbox 2486 5092 2569 5134; x_wconf 74' lang='grc' dir='ltr'><strong>εει</strong></span> <span class='ocrx_word' id='word_1_676' title='bbox 2599 5080 2679 5136; x_wconf 89' lang='lat' dir='ltr'><strong>De</strong></span> <span class='ocrx_word' id='word_1_677' title='bbox 2702 5080 3047 5141; x_wconf 76' lang='lat' dir='ltr'><strong>Prcevidentia</strong></span> <span class='ocrx_word' id='word_1_678' title='bbox 3088 5090 3190 5145; x_wconf 79' lang='lat' dir='ltr'><strong>sive</strong></span> <span class='ocrx_word' id='word_1_679' title='bbox 3240 5088 3698 5163; x_wconf 84' lang='lat' dir='ltr'><strong>Contemplatione,</strong></span> <span class='ocrx_word' id='word_1_680' title='bbox 3730 5106 3844 5149; x_wconf 86' lang='lat' dir='ltr'><strong>est-</strong></span> 
     </span>
    </p>
   </div>
   <div class='ocr_carea' id='block_1_113' title="bbox 2256 5173 3840 5247">
    <p class='ocr_par' dir='ltr' id='par_1_113' title="bbox 2256 5173 3840 5247">
     <span class='ocr_line' id='line_1_114' title="bbox 2256 5173 3840 5247; baseline 0.012 -23"><span class='ocrx_word' id='word_1_681' title='bbox 2256 5185 2359 5241; x_wconf 84' lang='lat' dir='ltr'><strong>que</strong></span> <span class='ocrx_word' id='word_1_682' title='bbox 2388 5188 2509 5242; x_wconf 80' lang='lat' dir='ltr'><strong>pars</strong></span> <span class='ocrx_word' id='word_1_683' title='bbox 2539 5173 2714 5229; x_wconf 87' lang='lat' dir='ltr'><strong>ultimi</strong></span> <span class='ocrx_word' id='word_1_684' title='bbox 2745 5176 2909 5233; x_wconf 90' lang='lat' dir='ltr'><strong>libelli</strong></span> <span class='ocrx_word' id='word_1_685' title='bbox 2962 5180 3330 5247; x_wconf 65' lang='lat' dir='ltr'><strong>praecedentis.</strong></span> <span class='ocrx_word' id='word_1_686' title='bbox 3388 5186 3614 5239; x_wconf 64' lang='lat' dir='ltr'><strong>Constat</strong></span> <span class='ocrx_word' id='word_1_687' title='bbox 3655 5196 3840 5242; x_wconf 87' lang='lat' dir='ltr'><strong>autem</strong></span> 
     </span>
    </p>
   </div>
   <div class='ocr_carea' id='block_1_114' title="bbox 2252 5269 3839 5352">
    <p class='ocr_par' dir='ltr' id='par_1_114' title="bbox 2252 5269 3839 5352">
     <span class='ocr_line' id='line_1_115' title="bbox 2252 5269 3839 5352; baseline 0.012 -33"><span class='ocrx_word' id='word_1_688' title='bbox 2252 5269 2487 5323; x_wconf 77' lang='lat' dir='ltr'><strong>numeris</strong></span> <span class='ocrx_word' id='word_1_689' title='bbox 2520 5285 2662 5336; x_wconf 84' lang='lat' dir='ltr'><strong>xvu;</strong></span> <span class='ocrx_word' id='word_1_690' title='bbox 2697 5274 2964 5330; x_wconf 86' lang='lat' dir='ltr'><strong>secundus</strong></span> <span class='ocrx_word' id='word_1_691' title='bbox 2999 5276 3073 5331; x_wconf 90' lang='lat' dir='ltr'><strong>De</strong></span> <span class='ocrx_word' id='word_1_692' title='bbox 3119 5280 3311 5333; x_wconf 73' lang='lat' dir='ltr'><strong>sanctis</strong></span> <span class='ocrx_word' id='word_1_693' title='bbox 3358 5280 3645 5335; x_wconf 77' lang='lat' dir='ltr'><strong>senioribus</strong></span> <span class='ocrx_word' id='word_1_694' title='bbox 3678 5323 3694 5351; x_wconf 95' lang='lat'><strong>,</strong></span> <span class='ocrx_word' id='word_1_695' title='bbox 3744 5284 3839 5352; x_wconf 80' lang='lat' dir='ltr'><strong>qui</strong></span> 
     </span>
    </p>
   </div>
   <div class='ocr_carea' id='block_1_115' title="bbox 2249 5362 3836 5435">
    <p class='ocr_par' dir='ltr' id='par_1_115' title="bbox 2249 5362 3836 5435">
     <span class='ocr_line' id='line_1_116' title="bbox 2249 5362 3836 5435; baseline 0.01 -21"><span class='ocrx_word' id='word_1_696' title='bbox 2249 5362 2397 5433; x_wconf 83' lang='lat' dir='ltr'><strong>signa</strong></span> <span class='ocrx_word' id='word_1_697' title='bbox 2448 5365 2736 5434; x_wconf 78' lang='lat' dir='ltr'><strong>faciebant,</strong></span> <span class='ocrx_word' id='word_1_698' title='bbox 2783 5370 3017 5425; x_wconf 81' lang='lat' dir='ltr'><strong>numeris</strong></span> <span class='ocrx_word' id='word_1_699' title='bbox 3053 5387 3196 5435; x_wconf 84' lang='lat' dir='ltr'><strong>xvtt;</strong></span> <span class='ocrx_word' id='word_1_700' title='bbox 3249 5373 3436 5428; x_wconf 88' lang='lat' dir='ltr'><strong>tertius</strong></span> <span class='ocrx_word' id='word_1_701' title='bbox 3468 5373 3541 5428; x_wconf 79' lang='lat' dir='ltr'><strong>De</strong></span> <span class='ocrx_word' id='word_1_702' title='bbox 3563 5392 3836 5430; x_wconf 76' lang='lat' dir='ltr'><strong>conrersa-</strong></span> 
     </span>
    </p>
   </div>
   <div class='ocr_carea' id='block_1_116' title="bbox 2248 5455 3834 5537">
    <p class='ocr_par' dir='ltr' id='par_1_116' title="bbox 2248 5455 3834 5537">
     <span class='ocr_line' id='line_1_117' title="bbox 2248 5455 3834 5537; baseline 0.012 -32"><span class='ocrx_word' id='word_1_703' title='bbox 2248 5455 2383 5509; x_wconf 83' lang='lat' dir='ltr'><strong>tione</strong></span> <span class='ocrx_word' id='word_1_704' title='bbox 2436 5457 2628 5525; x_wconf 80' lang='lat' dir='ltr'><strong>Optima</strong></span> <span class='ocrx_word' id='word_1_705' title='bbox 2655 5459 2972 5515; x_wconf 86' lang='lat' dir='ltr'><strong>diversorum</strong></span> <span class='ocrx_word' id='word_1_706' title='bbox 3010 5472 3323 5531; x_wconf 86' lang='lat' dir='ltr'><strong>sanctorum,</strong></span> <span class='ocrx_word' id='word_1_707' title='bbox 3365 5467 3605 5521; x_wconf 85' lang='lat' dir='ltr'><strong>numeris</strong></span> <span class='ocrx_word' id='word_1_708' title='bbox 3654 5482 3781 5523; x_wconf 71' lang='lat' dir='ltr'><strong>svnt</strong></span> <span class='ocrx_word' id='word_1_709' title='bbox 3817 5486 3834 5537; x_wconf 91' lang='lat'><strong>;</strong></span> 
     </span>
    </p>
   </div>
   <div class='ocr_carea' id='block_1_117' title="bbox 2246 5549 3860 5629">
    <p class='ocr_par' dir='ltr' id='par_1_117' title="bbox 2246 5549 3860 5629">
     <span class='ocr_line' id='line_1_118' title="bbox 2246 5549 3860 5629; baseline 0.009 -28"><span class='ocrx_word' id='word_1_710' title='bbox 2246 5558 2468 5615; x_wconf 86' lang='lat' dir='ltr'><strong>quartus</strong></span> <span class='ocrx_word' id='word_1_711' title='bbox 2504 5549 2709 5622; x_wconf 84' lang='lat' dir='ltr'><strong>Septem</strong></span> <span class='ocrx_word' id='word_1_712' title='bbox 2741 5556 2967 5625; x_wconf 87' lang='lat' dir='ltr'><strong>capitula</strong></span> <span class='ocrx_word' id='word_1_713' title='bbox 3012 5557 3298 5623; x_wconf 74' lang='lat' dir='ltr'><strong>verborum,</strong></span> <span class='ocrx_word' id='word_1_714' title='bbox 3338 5575 3453 5629; x_wconf 80' lang='lat' dir='ltr'><strong>qua:</strong></span> <span class='ocrx_word' id='word_1_715' title='bbox 3498 5561 3629 5614; x_wconf 79' lang='lat' dir='ltr'><strong>misit</strong></span> <span class='ocrx_word' id='word_1_716' title='bbox 3678 5556 3860 5615; x_wconf 70' lang='lat' dir='ltr'><strong>abbas‘</strong></span> 
     </span>
    </p>
   </div>
   <div class='ocr_carea' id='block_1_118' title="bbox 2248 5636 3836 5720">
    <p class='ocr_par' dir='ltr' id='par_1_118' title="bbox 2248 5636 3836 5720">
     <span class='ocr_line' id='line_1_119' title="bbox 2248 5636 3836 5720; baseline 0.013 -29"><span class='ocrx_word' id='word_1_717' title='bbox 2248 5636 2455 5712; x_wconf 82' lang='lat' dir='ltr'><strong>Moyses</strong></span> <span class='ocrx_word' id='word_1_718' title='bbox 2480 5642 2648 5698; x_wconf 89' lang='lat' dir='ltr'><strong>abbati</strong></span> <span class='ocrx_word' id='word_1_719' title='bbox 2702 5644 3006 5713; x_wconf 63' lang='lat' dir='ltr'><strong>Parmenio;</strong></span> <span class='ocrx_word' id='word_1_720' title='bbox 3054 5657 3102 5703; x_wconf 83' lang='lat' dir='ltr'><strong>et</strong></span> <span class='ocrx_word' id='word_1_721' title='bbox 3147 5652 3235 5719; x_wconf 86' lang='lat' dir='ltr'><strong>qui</strong></span> <span class='ocrx_word' id='word_1_722' title='bbox 3278 5654 3572 5708; x_wconf 79' lang='lat' dir='ltr'><strong>custodierit</strong></span> <span class='ocrx_word' id='word_1_723' title='bbox 3600 5671 3675 5720; x_wconf 88' lang='lat' dir='ltr'><strong>ea,</strong></span> <span class='ocrx_word' id='word_1_724' title='bbox 3701 5655 3836 5710; x_wconf 80' lang='lat' dir='ltr'><strong>libe-</strong></span> 
     </span>
    </p>
   </div>
   <div class='ocr_carea' id='block_1_119' title="bbox 2242 5735 3550 5811">
    <p class='ocr_par' dir='ltr' id='par_1_119' title="bbox 2242 5735 3550 5811">
     <span class='ocr_line' id='line_1_120' title="bbox 2242 5735 3550 5811; baseline 0.011 -24"><span class='ocrx_word' id='word_1_725' title='bbox 2242 5735 2443 5790; x_wconf 89' lang='lat' dir='ltr'><strong>rabitur</strong></span> <span class='ocrx_word' id='word_1_726' title='bbox 2469 5754 2501 5791; x_wconf 91' lang='lat' dir='ltr'><strong>a</strong></span> <span class='ocrx_word' id='word_1_727' title='bbox 2527 5756 2694 5807; x_wconf 64' lang='lat' dir='ltr'><strong>perna,</strong></span> <span class='ocrx_word' id='word_1_728' title='bbox 2724 5751 3038 5811; x_wconf 84' lang='lat' dir='ltr'><strong>constatque</strong></span> <span class='ocrx_word' id='word_1_729' title='bbox 3066 5746 3305 5801; x_wconf 87' lang='lat' dir='ltr'><strong>numeris</strong></span> <span class='ocrx_word' id='word_1_730' title='bbox 3337 5762 3550 5802; x_wconf 79' lang='lat' dir='ltr'><strong>xxxvii.</strong></span> 
     </span>
    </p>
   </div>
   <div class='ocr_carea' id='block_1_120' title="bbox 2313 5824 3827 5908">
    <p class='ocr_par' dir='ltr' id='par_1_120' title="bbox 2313 5824 3827 5908">
     <span class='ocr_line' id='line_1_121' title="bbox 2313 5824 3827 5908; baseline 0.009 -25"><span class='ocrx_word' id='word_1_731' title='bbox 2313 5824 2586 5897; x_wconf 82' lang='lat' dir='ltr'><strong>Septimus</strong></span> <span class='ocrx_word' id='word_1_732' title='bbox 2616 5830 2749 5886; x_wconf 88' lang='lat' dir='ltr'><strong>liber</strong></span> <span class='ocrx_word' id='word_1_733' title='bbox 2778 5840 3052 5889; x_wconf 90' lang='lat' dir='ltr'><strong>auctorem</strong></span> <span class='ocrx_word' id='word_1_734' title='bbox 3080 5836 3239 5893; x_wconf 80' lang='lat' dir='ltr'><strong>habet</strong></span> <span class='ocrx_word' id='word_1_735' title='bbox 3261 5835 3509 5896; x_wconf 58' lang='lat' dir='ltr'><strong>Graecum</strong></span> <span class='ocrx_word' id='word_1_736' title='bbox 3537 5840 3827 5908; x_wconf 86' lang='lat' dir='ltr'><strong>incertum,</strong></span> 
     </span>
    </p>
   </div>
   <div class='ocr_carea' id='block_1_121' title="bbox 2244 5923 3823 5997">
    <p class='ocr_par' dir='ltr' id='par_1_121' title="bbox 2244 5923 3823 5997">
     <span class='ocr_line' id='line_1_122' title="bbox 2244 5923 3823 5997; baseline 0.007 -18"><span class='ocrx_word' id='word_1_737' title='bbox 2244 5930 2446 5979; x_wconf 81' lang='lat' dir='ltr'><strong>certum</strong></span> <span class='ocrx_word' id='word_1_738' title='bbox 2504 5924 2849 5997; x_wconf 88' lang='lat' dir='ltr'><strong>interpretem</strong></span> <span class='ocrx_word' id='word_1_739' title='bbox 2900 5923 3145 5986; x_wconf 87' lang='lat' dir='ltr'><strong>Latinum</strong></span> <span class='ocrx_word' id='word_1_740' title='bbox 3188 5931 3533 5991; x_wconf 85' lang='lat' dir='ltr'><strong>Pasoltasium</strong></span> <span class='ocrx_word' id='word_1_741' title='bbox 3563 5934 3601 5993; x_wconf 93' lang='lat' dir='ltr'><strong>S</strong></span> <span class='ocrx_word' id='word_1_742' title='bbox 3657 5933 3721 5992; x_wconf 72' lang='grc' dir='ltr'><strong><em>Β.</em></strong></span> <span class='ocrx_word' id='word_1_743' title='bbox 3756 5933 3823 5991; x_wconf 82' lang='grc' dir='ltr'><strong><em>Ε.</em></strong></span> 
     </span>
    </p>
   </div>
  </div>
