4124 6350
193 425 265 487 73
1132 382 1160 427 ·’
1475 424 1806 483 PROLEGOI

1911 425 2037 484 NON
2078 428 2242 485 xxu.
2531 380 2539 391 ’
3395 441 3466 502 τι

193 547 508 631 diaconum.
536 545 789 602 Contiuet
819 548 998 599 autem
1036 542 1212 600 Verba
1251 542 1521 598 seniorum
1549 543 1600 596 in
1627 541 1774 597 locos
1804 543 1860 602 Α
1885 548 2062 606 tutes,
2103 545 2252 612 quasi
2301 545 2561 614 pretiosos
2600 545 2833 617 lapides,
2876 550 3076 619 passim
3119 566 3420 622 proponens
3446 599 3461 625 ,

190 653 514 698 communes
542 638 768 708 digesta,
803 635 1204 705 absolviturque
1233 634 1495 704 capitibus
1528 649 1666 688 xuv.

267 736 442 804 Atque
494 747 614 804 quae
669 731 924 788 haetenus
974 729 1411 788 enumeravimus
1446 771 1462 798 ,
1514 729 1780 800 prioribus

191 827 524 887 editiouihus
561 828 708 882 varie
753 826 992 897 dispersa
1024 839 1118 896 pro
1147 825 1409 896 cujusque
1434 824 1780 880 concinnato-

193 922 272 978 ris
301 930 460 992 captu
493 918 738 990 prodiere
767 960 782 988 ,
832 935 952 988 qua:
1006 919 1219 989 vulgato
1271 917 1511 972 Vitarum
1562 917 1780 972 Patrum

196 1011 337 1070 libro
371 1014 522 1068 fuere
564 1012 975 1082 comprehensa.
1014 1011 1166 1067 Nunc
1197 1011 1474 1082 sequentia
1522 1019 1781 1082 praeterea

195 1108 483 1164 accedunt.

269 1202 504 1258 Octavus
533 1200 673 1257 liber
700 1210 905 1257 certum
929 1210 1202 1259 auctorem
1233 1202 1474 1273 agnoscit
1504 1201 1745 1256 Graecum
1766 1241 1784 1267 ,

199 1295 502 1353 Palladium
534 1295 921 1365 Helenopoleos
964 1296 1274 1368 episcopum
1301 1339 1316 1364 ,
1343 1304 1551 1350 certum
1574 1307 1786 1365 quoque

203 1391 454 1450 latinum
504 1392 851 1461 interpretem
903 1390 1222 1448 Gentianum
1261 1391 1572 1448 Hervetum.
1606 1389 1783 1445 Conti-

203 1497 294 1543 net
323 1495 506 1542 autem
538 1487 730 1543 breves
759 1486 975 1541 Patrum
1016 1486 1188 1554 Vitas,
1229 1495 1282 1542 et
1311 1485 1666 1556 quarumdam
1709 1483 1788 1538 fe-

202 1579 471 1636 minarum
505 1579 881 1645 ascetriarum,
913 1578 964 1632 in
994 1577 1155 1634 Lausi
1186 1577 1705 1649 praepositifgratiam
1735 1576 1789 1632 in

199 1685 366 1727 unum
411 1671 662 1728 volumen
712 1680 997 1742 congestas
1021 1715 1037 1741 ,
1071 1671 1212 1728 unde
1243 1671 1514 1727 Lausiaca:
1543 1671 1792 1727 Historiae

201 1779 398 1822 nomen
426 1764 678 1821 obtinuit.
711 1765 1021 1822 Absolvitur
1057 1766 1321 1836 capitibus
1347 1782 1450 1822 cm.

277 1857 466 1914 Nonus
509 1858 647 1916 liber
673 1859 769 1915 Dei
801 1863 1093 1917 amantium
1126 1861 1404 1918 historiam
1436 1861 1672 1915 virorum
1701 1874 1794 1929 pa-

205 1953 338 2008 riter
362 1965 424 2007 ac
453 1951 740 2008 mulierum
761 1954 1155 2024 complectitur,
1185 1969 1308 2025 qua:
1336 1953 1669 2018 Philotheus,
1698 1968 1792 2009 seu
1819 1938 1871 2002 Β

205 2045 536 2117 Theophiles
557 2038 776 2114 dicitur,
806 2057 957 2105 certo
985 2058 1204 2105 auctore
1223 2050 1436 2118 Graeco,
1455 2048 1791 2105 'l‘beodoreto

203 2139 328 2212 Cyri
380 2142 635 2213 episcopo
668 2184 684 2208 ,
748 2151 898 2199 certo
968 2159 1183 2215 quoque
1240 2143 1432 2200 Latino
1499 2143 1793 2214 interprete

207 2233 474 2291 Gentiano
500 2235 758 2303 Hcrveto;
792 2244 1107 2309 constatque
1134 2237 1397 2306 capitibus
1426 2252 1554 2292 xxx.

285 2327 532 2383 Decimus
563 2328 699 2383 liber
729 2337 1007 2386 auctorem
1045 2329 1294 2386 Gracum
1326 2329 1488 2385 habet
1530 2327 1795 2385 Joannem

209 2419 510 2489 Moschum,
537 2420 892 2492 interpretem
924 2421 1175 2478 Latinum
1207 2421 1557 2478 Ambrosium
1587 2421 1798 2478 Camal-

209 2510 514 2580 dulensem,
545 2522 600 2570 et
625 2529 820 2570 nomen
849 2515 1078 2572 obtinuit
1120 2515 1269 2570 Prati
1302 2514 1622 2585 spiritualis,
1656 2513 1798 2585 quod

209 2605 376 2662 variis
403 2617 710 2664 sanctorum
735 2608 956 2667 ﬂoribus
972 2610 1161 2666 niteat.
1178 2607 1599 2681 Comprehendit
1618 2617 1797 2664 autem

210 2700 388 2768 capita
414 2701 634 2756 omnino
662 2716 839 2757 ccxtx.

287 2793 414 2847 Post
444 2794 629 2849 decem
659 2794 758 2851 hos
783 2795 850 2852 de
875 2795 1013 2851 Vitis
1041 2796 1259 2853 Palmm
1288 2805 1343 2853 et
1371 2795 1557 2854 verbis
1614 2795 1799 2852 senio-

211 2897 331 2938 rum
366 2885 531 2941 libros
559 2887 772 2943 accedit
819 2889 1122 2959 Appendix,
1157 2904 1274 2960 quae
1295 2891 1418 2962 quia
1447 2890 1637 2946 eadem
1665 2904 1802 2960 pene

210 2977 394 3032 omnia
447 2980 686 3035 continet
741 2980 1009 3050 prioribus
1040 2981 1191 3037 libris
1229 2981 1645 3052 comprehensa,
1678 2982 1801 3037 ideo

215 3083 336 3125 eam
380 3071 432 3124 in
464 3071 666 3128 calcem
698 3071 818 3126 libri
843 3073 1022 3143 reieci,
1055 3083 1109 3128 et
1139 3073 1348 3129 minore
1365 3073 1678 3130 charactere
1701 3089 1801 3130 ex-

215 3162 377 3231 primi
402 3163 607 3218 curavi.
639 3163 844 3220 Placuit
869 3173 1047 3220 autem
1061 3165 1202 3221 hanc
1229 3165 1583 3236 appendicem
1602 3165 1800 3221 subne-

213 3263 385 3324 ctere,
413 3256 557 3326 quod
589 3271 694 3311 non
723 3257 986 3328 ingratam
1011 3271 1126 3312 rem
1155 3273 1245 3313 me
1272 3259 1595 3328 antiquariis
1626 3257 1799 3314 factu-

1886 633 2162 690 utilitatem
2191 651 2339 691 suam
2371 648 2481 693 toto
2513 639 2566 694 in
2599 655 2823 710 corpore
2865 643 3080 699 lectoris
3117 647 3287 700 oculis
3334 663 3462 718 pro-

1883 727 2038 783 batur
2064 729 2275 786 olferre.
2307 732 2500 788 Decem
2527 735 2720 805 quippe
2741 748 2790 791 et
2821 752 3010 793 novem
3034 738 3234 794 divisus
3260 742 3309 795 in
3343 757 3465 810 par-

1885 831 1988 890 tes,
2022 822 2298 880 distinctas
2322 825 2444 880 licet
2469 827 2712 882 videatur
2737 829 2934 884 habere
2955 831 3200 898 virtutes,
3224 841 3458 888 attamen

1886 913 2010 968 dum
2039 917 2320 972 occasione
2345 921 2501 973 unius
2527 919 2838 991 plerumque
2863 922 3084 979 virtutes
3108 933 3318 980 caetera:
3343 941 3468 994 pro-

1888 1006 2090 1063 miscue
2119 1010 2579 1080 commendantur,
2613 1013 2812 1068 collisis
2850 1015 2989 1070 inter
3035 1029 3095 1071 se
3141 1017 3458 1082 unionibus,

1892 1100 1992 1154 hoc
2018 1110 2134 1167 est,
2169 1102 2474 1158 collatisad
2519 1104 2746 1161 invicem
2778 1107 3097 1176 virtutibus,
3131 1123 3461 1178 gemmarum

1891 1196 2249 1264 Spiritualium
2291 1198 2609 1256 immortalis
2639 1203 2856 1259 claritas
2909 1219 3030 1260 sese
3079 1206 3464 1274 reverberans,

1893 1292 2115 1345 mutuati
2149 1293 2364 1347 luminis
2387 1295 2704 1351 detrimenta
2733 1312 2841 1352 non
2870 1299 3036 1353 novit.
3070 1279 3088 1350 ὲ

1970 1384 2185 1450 ’l‘ertio,
2232 1394 2399 1441 totum
2441 1388 2634 1443 librum
2679 1389 2955 1460 quintum,
2994 1392 3085 1462 qui
3123 1391 3358 1446 continet
3395 1390 3471 1444 De

1897 1478 2086 1533 caelesti
2129 1479 2500 1551 Egyptiorum
2543 1481 2759 1537 Patrum
2806 1487 3181 1542 conversatione
3226 1487 3472 1540 breviores

1895 1572 2187 1627 sententias.
2231 1576 2541 1644 Quanquam
2585 1578 2667 1632 hac
2696 1580 2976 1634 sententiae
3004 1579 3060 1634 in
3090 1579 3323 1634 secunda
3360 1579 3474 1636 edi-

1899 1665 2043 1721 tione
2075 1683 2167 1736 per
2207 1669 2384 1723 varios
2428 1669 2590 1725 libros
2629 1684 2827 1740 sparsa:
2869 1672 3182 1738 habeantur,
3217 1684 3269 1728 ut
3298 1690 3364 1730 ex
3402 1676 3472 1732 iis

1899 1758 2032 1813 nihil
2063 1761 2114 1813 in
2144 1774 2204 1815 ea
2246 1760 2583 1816 desideretur
2623 1772 2820 1832 praeter
2861 1763 3032 1819 solam
3074 1764 3472 1836 praefationem,

1900 1863 2058 1920 quam
2088 1851 2172 1906 hic
2201 1861 2559 1922 repracsento:

1975 1962 1994 1996 ‹
2023 1943 2172 2000 Licet
2200 1945 2267 2000 ab
2295 1947 2517 2002 exordio
2546 1949 2960 2016 conscriptionis
2998 1961 3199 2006 nostrae
3229 1951 3476 2008 voluntas

1895 2035 2049 2092 nobis
2094 2037 2286 2105 fuerit,
2329 2041 2508 2094 omnia
2548 2055 2667 2110 quae
2708 2041 2777 2096 de
2815 2043 3222 2099 conversatione
3262 2052 3480 2098 sancto‘

1897 2143 2016 2183 rum
2048 2129 2265 2184 Patrum
2297 2130 2435 2186 scire
2467 2134 2738 2202 potuimus
2759 2178 2774 2204 ,
2806 2142 3032 2204 quatuor
3053 2134 3203 2190 libris
3232 2149 3479 2205 compre-

1898 2216 2134 2275 hendere
2162 2236 2175 2286 ;
2209 2221 2548 2290 postmodum
2585 2231 2762 2278 tamen
2792 2224 3196 2280 considerantes
3232 2225 3437 2295 singula
3460 2266 3476 2292 ,

1899 2316 2144 2386 quintum
2173 2317 2616 2386 superaddimus,
2663 2333 2731 2375 ne
2772 2317 2910 2374 forte
2951 2319 3249 2388 legentibus
3289 2329 3379 2374 aut
3422 2319 3484 2374 li-

1899 2407 2120 2463 brorum
2153 2410 2423 2479 quantitas
2442 2453 2455 2478 ,
2483 2421 2577 2466 aut
2604 2411 2992 2466 sententiarum
3019 2411 3329 2480 displiceret
3357 2425 3487 2467 con-

1903 2503 2108 2557 tinuata
2153 2503 2532 2559 numerositas.
2582 2501 2714 2559 Cum
2762 2503 2904 2558 enim
2950 2503 3002 2558 in
3046 2511 3158 2559 toto
3197 2503 3484 2559 voluminis

1901 2595 2063 2666 hujus
2092 2611 2319 2665 corpore
2348 2595 2589 2651 brevium
2619 2597 3007 2652 sententiarum
3041 2604 3182 2651 tanta
3213 2595 3284 2652 sit
3309 2595 3484 2665 copia,

1903 2698 1962 2743 ut
2007 2702 2097 2743 cas
2143 2688 2361 2759 prolixae
2401 2687 2683 2742 sententia:
2725 2686 3064 2742 addecimare
3107 2686 3192 2742 vix
3241 2687 3487 2756 possint;

1903 2777 2088 2837 habito
2132 2781 2409 2836 nobiscum
2458 2780 2681 2836 rationis
2730 2779 2964 2850 judicio,
3011 2779 3256 2835 arbitrati
3303 2792 3488 2836 sumus

1903 2874 2008 2931 hoc
2065 2874 2226 2928 modo
2273 2875 2507 2930 laborem
2556 2883 2797 2930 nostrum
2851 2874 3071 2929 lectoris
3127 2883 3288 2942 atque
3340 2871 3490 2928 audi-

1906 2969 2035 3023 toris
2090 2967 2274 3037 gratiae
2331 2965 2836 3022 commendandum.
2896 2964 3172 3035 Siquidem
3223 2961 3379 3037 [Lxx]
3437 2974 3493 3019 et

1906 3062 2099 3118 breves
2142 3070 2195 3116 et
2243 3060 2414 3131 longae
2463 3060 2743 3116 sententiae
2786 3074 2880 3129 per
2922 3068 3154 3130 quatuor
3195 3057 3494 3112 anteriores

1905 3154 2074 3210 libros
2131 3154 2332 3209 mistim
2383 3153 2655 3210 relevandi
2699 3167 2857 3208 causa
2905 3150 3098 3207 fastidii
3139 3159 3490 3222 ponerentur,

1910 3247 2141 3302 collecta
2172 3261 2299 3302 vero
2327 3245 2770 3301 sententiolarum
2802 3245 3034 3315 plurima
3068 3252 3219 3316 parte
3247 3247 3302 3299 in
3329 3257 3496 3299 unum

216 3359 333 3404 rum
396 3348 764 3406 existimarem
792 3393 807 3420 ,
857 3352 902 3406 si
942 3361 1160 3408 veteres
1215 3351 1438 3406 Palladii
1483 3351 1806 3420 interpretes

1915 3339 2185 3404 libellum,
2236 3337 2390 3407 quasi
2438 3337 2675 3392 minutiae
2726 3335 3002 3407 quaedam,
3056 3343 3111 3391 et
3161 3349 3494 3406 gemmarum

219 3440 574 3508 producerem
602 3481 618 3507 ,
651 3449 710 3496 ut
738 3451 792 3495 et
836 3449 1014 3497 textus
1057 3441 1294 3497 varietas
1332 3441 1418 3497 vel
1461 3441 1809 3499 conformitas

222 3545 549 3603 appareret,
581 3543 637 3590 et
663 3535 788 3606 styli
818 3551 1032 3607 quoque
1059 3537 1348 3608 antiquitas
1385 3549 1809 3608 repraesentare-

222 3631 326 3679 tur.
380 3626 740 3682 Continentur
786 3638 962 3684 autem
995 3629 1291 3700 appendice
1321 3630 1436 3688 haec
1478 3633 1758 3704 sequentia
1791 3651 1804 3687 :

221 3715 394 3790 [uix]
423 3718 720 3776 lleraclidis
752 3719 1056 3790 Paradisns,
1090 3721 1294 3778 incerto
1333 3725 1428 3780 sed
1449 3726 1615 3780 veteri
1643 3728 1810 3781 inter-

224 3819 382 3879 prete
403 3810 668 3879 capitibus
715 3828 838 3869 LVIII
865 3831 878 3880 ;
912 3813 1133 3870 Palladii
1162 3815 1442 3884 Lausiaca,
1476 3816 1687 3872 incerto
1715 3817 1814 3874 sed

221 3904 395 3957 veteri
432 3902 764 3974 interprete,
799 3907 1061 3977 capitibus
1112 3925 1217 3974 xx;
1271 3909 1650 3981 Egyptiorum
1712 3911 1814 3966 Pa-

224 4004 366 4050 trum
395 3999 696 4063 sententiae,
729 4008 950 4055 auctore
981 3999 1170 4057 Graeco
1212 4001 1417 4058 incerto
1443 4047 1458 4073 ,
1520 4005 1813 4074 interprete

225 4088 459 4148 Μενύυο
485 4089 760 4148 Dumiensi
787 4094 1063 4162 episcopo.
1092 4097 1357 4154 Constant
1388 4099 1628 4155 numeris
1655 4114 1803 4155 cxtx.

645 4226 911 4284 PROLEG
921 4227 1199 4286 OMENON
1239 4231 1406 4289 XXII.

399 4365 536 4433 Quid
568 4381 780 4436 qua?un
818 4366 976 4421 editio
1011 4367 1266 4437 peculiare
1305 4375 1354 4423 et
1392 4367 1650 4425 diversum

785 4459 847 4513 ab
887 4460 1002 4514 aliis
1039 4461 1221 4515 habeat
1239 4463 1264 4515 ?

312 4573 381 4629 Ut
421 4588 509 4629 res
538 4573 651 4630 hrec
678 4575 824 4632 clare
854 4577 923 4632 ob
949 4577 1135 4635 oculos
1165 4589 1416 4650 ponatur,
1449 4583 1607 4638 statui
1637 4596 1822 4654 quam-

231 4679 336 4736 que
372 4667 662 4724 editionem
702 4671 837 4725 inter
878 4685 938 4727 se
975 4686 1310 4742 comparare.
1356 4676 1423 4730 Et
1463 4691 1531 4732 ne
1570 4676 1818 4736 confusio

229 4753 409 4825 detur,
441 4774 537 4828 per
565 4761 926 4834 paragraphos
955 4765 1386 4833 comparationes
1412 4765 1757 4838 distinguam.

340 4893 368 4964 §
411 4894 450 4948 l.
493 4893 819 4966 Comparatio
859 4900 1037 4967 prima
1073 4910 1120 4955 et
1160 4901 1400 4956 secunda:
1438 4902 1695 4958 editionis.

306 5028 490 5084 Prima
527 5029 690 5086 editio
729 5032 965 5104 quinque
1005 5045 1260 5092 constans
1299 5036 1452 5093 libris
1498 5038 1614 5094 hac
1663 5039 1825 5097 habet

228 5123 526 5192 peculiaria
565 5133 620 5179 et
661 5125 872 5182 diversa
909 5143 941 5184 a
978 5130 1212 5186 secunda
1253 5131 1490 5190 editione
1521 5152 1534 5188 :

303 5213 521 5282 Primo,
565 5223 733 5272 totum
777 5217 972 5276 librum
1014 5222 1230 5278 tertium
1251 5265 1265 5289 ,
1299 5239 1394 5280 seu
1424 5224 1649 5284 Palladit
1679 5227 1823 5284 Lau-

234 5305 438 5394 siacam
457 5350 472 5374 ,
506 5307 711 5366 incerto
739 5315 834 5369 sed
863 5316 1027 5372 veteri
1059 5317 1371 5388 interprete.

308 5401 593 5471 Secundo,
625 5406 679 5461 in
706 5407 841 5464 libro
867 5422 1059 5481 quarto
1085 5409 1244 5467 habet
1275 5413 1640 5482 praefationem
1660 5457 1676 5484 ,
1707 5432 1824 5490 qua:

243 5496 498 5552 secunda:
525 5498 745 5556 editioni
775 5501 946 5559 deest.
972 5503 1052 5562 No
1076 5506 1197 5576 quis
1221 5521 1340 5562 eam
1367 5510 1669 5579 desideret,
1700 5527 1828 5569 ecce

241 5585 327 5644 hic
369 5588 548 5646 habe:
587 5608 606 5643 ι
632 5590 765 5648 Cum
805 5595 982 5652 omnis
1019 5597 1264 5668 pmfatio
1293 5608 1493 5658 textum
1526 5615 1828 5675 opportune

237 5686 612 5755 praeveniens,
645 5697 736 5745 aut
762 5695 1036 5763 sequentis
1069 5697 1305 5752 materiae
1333 5699 1575 5767 praedicit
1601 5701 1832 5769 qualita-

242 5777 346 5828 tem
368 5821 384 5845 ,
412 5788 504 5831 aut
528 5780 864 5838 defensatum
893 5785 975 5840 sui
1004 5789 1346 5844 commendet
1379 5802 1686 5858 auctorem;
1719 5803 1832 5850 tum

243 5877 375 5920 vero
407 5875 691 5939 prtesenIis
717 5876 832 5931 libri
864 5881 1059 5935 seriem
1095 5883 1312 5952 proprio
1341 5885 1606 5957 contingit
1636 5887 1735 5943 hac
1767 5888 1835 5944 de

244 5971 403 6017 Causa
435 5965 656 6035 prologo
688 5968 926 6038 indigere
946 6013 960 6035 ,
995 5973 1117 6042 quia
1145 5976 1408 6035 soeciales
1436 5977 1695 6048 quasdam
1729 5982 1835 6037 vir~

522 6061 796 6128 Panos.
844 6068 1135 6135 LXXIII.

1913 3433 2173 3503 fragmina
2207 3432 2262 3486 in
2294 3446 2526 3486 massam
2570 3431 2804 3501 aliquam
2845 3431 3226 3486 conflarentur.
3270 3429 3498 3486 Senten-

1912 3527 2072 3582 tiolas
2101 3536 2277 3582 autem
2308 3525 2542 3582 dicimus
2563 3567 2580 3592 ,
2611 3534 2866 3596 quantum
2897 3524 2963 3578 ad
2994 3539 3271 3580 numerum
3302 3523 3497 3579 dictio-

1911 3634 2062 3674 num.
2108 3618 2373 3674 Ctetcrum
2418 3621 2662 3690 quaedam
2704 3617 3046 3673 inveniuntur
3086 3619 3140 3674 in
3180 3618 3258 3673 eis
3299 3625 3500 3687 quanto

1912 3713 2095 3769 verbis
2139 3712 2416 3768 breviores
2437 3753 2453 3779 ,
2487 3720 2637 3766 tanto
2678 3710 2924 3766 sensibus
2957 3709 3204 3764 fortiores
3234 3727 3245 3760 :
3276 3709 3411 3764 adeo
3441 3715 3499 3764 ut

1914 3806 1961 3861 si
2008 3805 2128 3874 quis
2179 3821 2270 3860 eas
2321 3804 2589 3874 profusius
2631 3817 2900 3872 exponere
2942 3809 3176 3872 quaerat,
3219 3809 3359 3856 totus
3399 3799 3504 3863 sibi

1917 3897 2109 3953 adesse
2152 3898 2459 3953 necessario
2499 3895 2713 3951 debeat.
2756 3895 2895 3951 Sane
2935 3893 3090 3948 nobis
3131 3893 3285 3947 aliter
3323 3892 3504 3961 dispo-

1917 3994 2195 4060 neptibus,
2226 4009 2254 4047 a
2285 3992 2514 4048 Domino
2541 3991 2739 4048 factum
2773 4005 2893 4047 esse
2923 3990 3190 4046 credimus
3219 3999 3274 4044 ut
3303 3987 3504 4058 JEgyp—

1920 4089 2116 4144 tiorum
2159 4091 2372 4144 Patrum
2414 4090 2647 4145 caelestis
2677 4088 3014 4144 conversatio
3053 4087 3302 4158 legalium
3332 4085 3504 4141 libro-

1919 4195 2036 4235 rum
2071 4195 2299 4236 numero
2327 4182 2651 4251 signaretur,
2687 4196 2821 4251 quos
2852 4181 2964 4251 ipse
2999 4180 3252 4236 Dominus
3295 4178 3362 4233 de
3403 4191 3506 4249 po-

1920 4280 2111 4328 testate
2138 4270 2387 4343 }Egypti,
2420 4272 2471 4326 id
2520 4283 2604 4328 est
2652 4273 3022 4337 tenebrarum,
3073 4270 3298 4337 eripuit,
3349 4277 3404 4324 et
3452 4269 3508 4323 in

1921 4365 2174 4420 cordibus
2220 4380 2406 4421 eorum
2460 4364 2795 4435 Evangelicm
2846 4364 2981 4434 legis
3025 4362 3241 4418 decreta
3280 4358 3510 4429 Spiritus

1923 4461 2095 4516 sancti
2144 4460 2284 4530 stylo
2329 4457 2670 4528 conscripsit.
2710 4456 2911 4511 Horum
2941 4469 3070 4523 ergo
3097 4453 3363 4508 intuentes
3392 4451 3510 4506 exi-

1927 4565 2038 4609 tum
2069 4551 2529 4617 conversationis,
2561 4551 2720 4605 fidem
2745 4590 2760 4617 ,
2793 4548 3126 4618 propositum
3159 4546 3429 4601 imitemur
3457 4551 3514 4600 et

1927 4650 2162 4704 studium
2186 4689 2200 4713 ,
2233 4655 2294 4701 ut
2341 4645 2470 4701 socii
2502 4645 2806 4714 passionum
2850 4641 3058 4712 effecti,
3089 4649 3363 4698 consortes
3388 4638 3513 4696 effl-

1847 4725 1905 4787 Ῑ)
1927 4744 2131 4799 ciamur
2156 4750 2210 4795 et
2236 4739 2462 4809 praemii.
2491 4755 2510 4790 ι

2005 4859 2059 4914 In
2109 4857 2255 4912 nullo
2302 4853 2666 4923 manuscripto
2709 4865 2828 4908 eam
2878 4851 3242 4922 prtefationem
3289 4836 3512 4916 inveni,

1932 4955 2009 5009 uti
2038 4967 2138 5009 nec
2164 4950 2438 5006 breviores
2466 4948 2780 5016 sententias,
2807 4946 2999 5018 quibus
3024 4962 3086 5003 ea
3111 4945 3351 5017 pratfatio
3379 4956 3518 5015 prte-

1934 5046 2165 5103 mittitur
2195 5063 2208 5110 ;
2254 5060 2419 5115 quare
2455 5042 2706 5099 existimo
2743 5055 2774 5096 a
2800 5041 2972 5112 primo
3014 5041 3396 5097 concinnatore
3423 5033 3518 5090 Vi-

1934 5147 2114 5197 tarum
2143 5136 2397 5202 Patrum,
2440 5135 2683 5206 quisquis
2725 5133 2813 5190 ille
2840 5137 2948 5202 sit,
2987 5148 3080 5190 eas
3118 5128 3410 5187 sententias
3449 5140 3516 5182 ex

1933 5235 2155 5304 reliquis
2207 5231 2359 5288 libris
2405 5238 2726 5300 excerptas,
2775 5229 2920 5299 quod
2977 5229 3091 5298 ipsa
3141 5220 3383 5295 praefatio
3435 5221 3517 5280 lo-

1943 5330 2131 5400 quitur.
2783 5333 2785 5336 ‘
3481 5400 3487 5405 .

2011 5422 2256 5479 Secunda
2308 5419 2473 5480 editio
2519 5429 2749 5493 quatuor
2796 5425 3049 5474 constans
3096 5416 3362 5487 partibus,
3407 5415 3523 5472 haec

1937 5515 2153 5584 propria
2184 5514 2382 5582 habet,
2416 5527 2532 5584 qua:
2561 5511 2614 5567 in
2645 5511 2816 5582 prima
2846 5507 3222 5566 desiderantur
3253 5527 3270 5566 :
3313 5508 3523 5580 primo,

1940 5605 2091 5661 Vitas
2118 5607 2236 5660 illas
2261 5605 2313 5660 in
2339 5605 2508 5675 prima
2531 5612 2682 5673 parte
2705 5613 2838 5670 quas
2859 5595 3241 5671 prolegomene
3265 5596 3328 5654 I9
3354 5599 3525 5653 nomi.

1938 5703 2104 5757 natim
2134 5699 2287 5766 dcdi,
2321 5706 2543 5765 excepta
2576 5696 2694 5750 Vita
2725 5693 2958 5760 Marinte,
2991 5709 3086 5751 Seu
3119 5694 3339 5759 Marini,
3365 5703 3524 5757 quam

1941 5795 2112 5864 prima
2143 5791 2308 5847 editio
2337 5789 2498 5843 habet
2530 5789 2581 5844 in
2615 5788 2719 5843 flne
2749 5789 2916 5859 quinti
2945 5789 3068 5844 libri
3095 5805 3110 5855 ;
3139 5785 3407 5848 secundo,
3440 5790 3526 5836 to-

1944 5895 2051 5939 tam
2095 5885 2306 5938 tertiam
2348 5889 2584 5949 partem,
2627 5897 2784 5952 quam
2826 5898 2891 5938 ex
2935 5882 3137 5938 Severo
3178 5888 3234 5935 ct
3271 5876 3535 5930 Cassiane

1945 5990 2251 6048 cxcerptam
2283 5990 2403 6032 esse
2431 5975 2586 6035 docui
2616 5977 2668 6034 in
2699 5978 2796 6036 hac
2823 5988 3009 6049 quarta
3042 5984 3222 6028 nostra
3253 5969 3524 6030 editione;

3142 6066 3180 6123 3
