  <div class='ocr_page' id='page_1' title='image "/cluster/home/n/w/nwhite01/storage/ocr_20150623/73/hvd.32044011474434/043.png"; bbox 0 0 4124 6350; ppageno 0'>
   <div class='ocr_carea' id='block_1_1' title="bbox 567 373 640 432">
    <p class='ocr_par' dir='ltr' id='par_1_1' title="bbox 567 373 640 432">
     <span class='ocr_line' id='line_1_1' title="bbox 567 373 640 432; baseline 0 0"><span class='ocrx_word' id='word_1_1' title='bbox 567 373 640 432; x_wconf 78' lang='lat'><strong>75</strong></span> 
     </span>
    </p>
   </div>
   <div class='ocr_carea' id='block_1_2' title="bbox 568 472 2239 559">
    <p class='ocr_par' dir='ltr' id='par_1_2' title="bbox 568 472 2239 559">
     <span class='ocr_line' id='line_1_2' title="bbox 568 472 2239 559; baseline -0.013 -10"><span class='ocrx_word' id='word_1_2' title='bbox 568 493 763 558; x_wconf 83' lang='lat' dir='ltr'><strong>tertio,</strong></span> <span class='ocrx_word' id='word_1_3' title='bbox 798 499 959 546; x_wconf 87' lang='lat' dir='ltr'><strong>totam</strong></span> <span class='ocrx_word' id='word_1_4' title='bbox 989 499 1231 559; x_wconf 75' lang='lat' dir='ltr'><strong>quartam</strong></span> <span class='ocrx_word' id='word_1_5' title='bbox 1276 496 1514 558; x_wconf 83' lang='lat' dir='ltr'><strong>partem,</strong></span> <span class='ocrx_word' id='word_1_6' title='bbox 1560 485 1610 539; x_wconf 99' lang='lat' dir='ltr'><strong>id</strong></span> <span class='ocrx_word' id='word_1_7' title='bbox 1652 494 1772 550; x_wconf 88' lang='lat' dir='ltr'><strong>est,</strong></span> <span class='ocrx_word' id='word_1_8' title='bbox 1807 480 2002 535; x_wconf 89' lang='lat' dir='ltr'><strong>librum</strong></span> <span class='ocrx_word' id='word_1_9' title='bbox 2033 473 2157 528; x_wconf 91' lang='lat' dir='ltr'><strong>Pas-</strong></span> <span class='ocrx_word' id='word_1_10' title='bbox 2183 472 2239 536; x_wconf 73' lang='grc' dir='ltr'>Α</span> 
     </span>
    </p>
   </div>
   <div class='ocr_carea' id='block_1_3' title="bbox 571 575 2083 652">
    <p class='ocr_par' dir='ltr' id='par_1_3' title="bbox 571 575 2083 652">
     <span class='ocr_line' id='line_1_3' title="bbox 571 575 2083 652; baseline -0.01 -11"><span class='ocrx_word' id='word_1_11' title='bbox 571 585 740 641; x_wconf 84' lang='lat' dir='ltr'><strong>chasii</strong></span> <span class='ocrx_word' id='word_1_12' title='bbox 763 627 776 651; x_wconf 95' lang='lat'><strong>,</strong></span> <span class='ocrx_word' id='word_1_13' title='bbox 805 594 860 640; x_wconf 85' lang='lat' dir='ltr'><strong>et</strong></span> <span class='ocrx_word' id='word_1_14' title='bbox 887 584 1205 652; x_wconf 82' lang='lat' dir='ltr'><strong>opusculum</strong></span> <span class='ocrx_word' id='word_1_15' title='bbox 1239 581 1316 636; x_wconf 86' lang='lat' dir='ltr'><strong>De</strong></span> <span class='ocrx_word' id='word_1_16' title='bbox 1348 581 1500 634; x_wconf 84' lang='lat' dir='ltr'><strong>laude</strong></span> <span class='ocrx_word' id='word_1_17' title='bbox 1528 589 1576 633; x_wconf 87' lang='lat' dir='ltr'><strong>et</strong></span> <span class='ocrx_word' id='word_1_18' title='bbox 1605 575 1788 645; x_wconf 74' lang='lat' dir='ltr'><strong>eﬂ&#39;ectu</strong></span> <span class='ocrx_word' id='word_1_19' title='bbox 1819 575 2083 628; x_wconf 70' lang='lat' dir='ltr'><strong>virtutum.</strong></span> 
     </span>
    </p>
   </div>
   <div class='ocr_carea' id='block_1_4' title="bbox 721 691 2016 774">
    <p class='ocr_par' dir='ltr' id='par_1_4' title="bbox 721 691 2016 774">
     <span class='ocr_line' id='line_1_4' title="bbox 721 691 2016 774; baseline -0.011 -17"><span class='ocrx_word' id='word_1_20' title='bbox 721 703 748 774; x_wconf 84' lang='lat'>§</span> <span class='ocrx_word' id='word_1_21' title='bbox 793 701 854 757; x_wconf 91' lang='lat' dir='ltr'><strong>ll.</strong></span> <span class='ocrx_word' id='word_1_22' title='bbox 896 701 1225 774; x_wconf 82' lang='lat' dir='ltr'><strong>Comparatio</strong></span> <span class='ocrx_word' id='word_1_23' title='bbox 1265 698 1446 768; x_wconf 73' lang='lat' dir='ltr'><strong>prima:</strong></span> <span class='ocrx_word' id='word_1_24' title='bbox 1475 707 1518 752; x_wconf 86' lang='lat' dir='ltr'><strong>et</strong></span> <span class='ocrx_word' id='word_1_25' title='bbox 1561 695 1724 752; x_wconf 74' lang='lat' dir='ltr'><strong>tertiw</strong></span> <span class='ocrx_word' id='word_1_26' title='bbox 1762 691 2016 748; x_wconf 72' lang='lat' dir='ltr'><strong>editionis.</strong></span> 
     </span>
    </p>
   </div>
   <div class='ocr_carea' id='block_1_5' title="bbox 647 805 2164 886">
    <p class='ocr_par' dir='ltr' id='par_1_5' title="bbox 647 805 2164 886">
     <span class='ocr_line' id='line_1_5' title="bbox 647 805 2164 886; baseline -0.011 -10"><span class='ocrx_word' id='word_1_27' title='bbox 647 820 823 876; x_wconf 88' lang='lat' dir='ltr'><strong>Prima</strong></span> <span class='ocrx_word' id='word_1_28' title='bbox 865 819 1028 875; x_wconf 90' lang='lat' dir='ltr'><strong>editio</strong></span> <span class='ocrx_word' id='word_1_29' title='bbox 1069 816 1204 872; x_wconf 85' lang='lat' dir='ltr'><strong>nihil</strong></span> <span class='ocrx_word' id='word_1_30' title='bbox 1246 813 1518 886; x_wconf 85' lang='lat' dir='ltr'><strong>peculiare</strong></span> <span class='ocrx_word' id='word_1_31' title='bbox 1557 811 1828 877; x_wconf 89' lang='lat' dir='ltr'><strong>continet,</strong></span> <span class='ocrx_word' id='word_1_32' title='bbox 1871 805 2014 879; x_wconf 91' lang='lat' dir='ltr'><strong>quod</strong></span> <span class='ocrx_word' id='word_1_33' title='bbox 2057 819 2164 861; x_wconf 87' lang='lat' dir='ltr'><strong>non</strong></span> 
     </span>
    </p>
   </div>
   <div class='ocr_carea' id='block_1_6' title="bbox 575 910 1254 978">
    <p class='ocr_par' dir='ltr' id='par_1_6' title="bbox 575 910 1254 978">
     <span class='ocr_line' id='line_1_6' title="bbox 575 910 1254 978; baseline -0.009 -11"><span class='ocrx_word' id='word_1_34' title='bbox 575 921 629 967; x_wconf 89' lang='lat' dir='ltr'><strong>et</strong></span> <span class='ocrx_word' id='word_1_35' title='bbox 661 911 710 965; x_wconf 89' lang='lat' dir='ltr'><strong>in</strong></span> <span class='ocrx_word' id='word_1_36' title='bbox 743 911 897 966; x_wconf 88' lang='lat' dir='ltr'><strong>tertia</strong></span> <span class='ocrx_word' id='word_1_37' title='bbox 933 910 1254 978; x_wconf 69' lang='lat' dir='ltr'><strong>reperiatur.</strong></span> 
     </span>
    </p>
   </div>
   <div class='ocr_carea' id='block_1_7' title="bbox 650 994 1874 1068">
    <p class='ocr_par' dir='ltr' id='par_1_7' title="bbox 650 994 1874 1068">
     <span class='ocr_line' id='line_1_7' title="bbox 650 994 1874 1068; baseline -0.007 -12"><span class='ocrx_word' id='word_1_38' title='bbox 650 1001 829 1057; x_wconf 88' lang='lat' dir='ltr'><strong>Tertia</strong></span> <span class='ocrx_word' id='word_1_39' title='bbox 871 1016 998 1057; x_wconf 90' lang='lat' dir='ltr'><strong>vero</strong></span> <span class='ocrx_word' id='word_1_40' title='bbox 1039 1000 1207 1056; x_wconf 88' lang='lat' dir='ltr'><strong>editio</strong></span> <span class='ocrx_word' id='word_1_41' title='bbox 1249 999 1363 1054; x_wconf 70' lang='lat' dir='ltr'><strong>lucc</strong></span> <span class='ocrx_word' id='word_1_42' title='bbox 1391 1013 1419 1053; x_wconf 89' lang='lat' dir='ltr'><strong>a</strong></span> <span class='ocrx_word' id='word_1_43' title='bbox 1452 1001 1622 1068; x_wconf 88' lang='lat' dir='ltr'><strong>prima</strong></span> <span class='ocrx_word' id='word_1_44' title='bbox 1661 994 1874 1051; x_wconf 85' lang='lat' dir='ltr'><strong>diversa</strong></span> 
     </span>
    </p>
   </div>
   <div class='ocr_carea' id='block_1_8' title="bbox 578 1085 2168 1163">
    <p class='ocr_par' dir='ltr' id='par_1_8' title="bbox 578 1085 2168 1163">
     <span class='ocr_line' id='line_1_8' title="bbox 578 1085 2168 1163; baseline -0.006 -15"><span class='ocrx_word' id='word_1_45' title='bbox 578 1094 753 1162; x_wconf 91' lang='lat' dir='ltr'><strong>primo</strong></span> <span class='ocrx_word' id='word_1_46' title='bbox 784 1092 918 1147; x_wconf 87' lang='lat' dir='ltr'><strong>libro</strong></span> <span class='ocrx_word' id='word_1_47' title='bbox 940 1135 954 1158; x_wconf 89' lang='lat'><strong>,</strong></span> <span class='ocrx_word' id='word_1_48' title='bbox 989 1108 1107 1163; x_wconf 80' lang='lat' dir='ltr'><strong>qua:</strong></span> <span class='ocrx_word' id='word_1_49' title='bbox 1138 1091 1308 1148; x_wconf 90' lang='lat' dir='ltr'><strong>tribus</strong></span> <span class='ocrx_word' id='word_1_50' title='bbox 1338 1097 1551 1146; x_wconf 90' lang='lat' dir='ltr'><strong>constat</strong></span> <span class='ocrx_word' id='word_1_51' title='bbox 1579 1088 1838 1159; x_wconf 89' lang='lat' dir='ltr'><strong>partibus.</strong></span> <span class='ocrx_word' id='word_1_52' title='bbox 1871 1085 2168 1142; x_wconf 78' lang='lat' dir='ltr'><strong>Peculiaria</strong></span> 
     </span>
    </p>
   </div>
   <div class='ocr_carea' id='block_1_9' title="bbox 580 1183 1601 1255">
    <p class='ocr_par' dir='ltr' id='par_1_9' title="bbox 580 1183 1601 1255">
     <span class='ocr_line' id='line_1_9' title="bbox 580 1183 1601 1255; baseline -0.002 -17"><span class='ocrx_word' id='word_1_53' title='bbox 580 1184 742 1240; x_wconf 92' lang='lat' dir='ltr'><strong>habet</strong></span> <span class='ocrx_word' id='word_1_54' title='bbox 774 1185 824 1239; x_wconf 91' lang='lat' dir='ltr'><strong>in</strong></span> <span class='ocrx_word' id='word_1_55' title='bbox 861 1185 1032 1255; x_wconf 86' lang='lat' dir='ltr'><strong>ptitna</strong></span> <span class='ocrx_word' id='word_1_56' title='bbox 1060 1193 1116 1240; x_wconf 88' lang='lat' dir='ltr'><strong>ct</strong></span> <span class='ocrx_word' id='word_1_57' title='bbox 1143 1183 1378 1239; x_wconf 86' lang='lat' dir='ltr'><strong>secunda</strong></span> <span class='ocrx_word' id='word_1_58' title='bbox 1411 1192 1560 1249; x_wconf 84' lang='lat' dir='ltr'><strong>parte</strong></span> <span class='ocrx_word' id='word_1_59' title='bbox 1589 1197 1601 1236; x_wconf 91' lang='lat'><strong>:</strong></span> 
     </span>
    </p>
   </div>
   <div class='ocr_carea' id='block_1_10' title="bbox 656 1271 2172 1344">
    <p class='ocr_par' dir='ltr' id='par_1_10' title="bbox 656 1271 2172 1344">
     <span class='ocr_line' id='line_1_10' title="bbox 656 1271 2172 1344; baseline -0.001 -16"><span class='ocrx_word' id='word_1_60' title='bbox 656 1276 869 1344; x_wconf 83' lang='lat' dir='ltr'><strong>Primo,</strong></span> <span class='ocrx_word' id='word_1_61' title='bbox 916 1282 1104 1331; x_wconf 88' lang='lat' dir='ltr'><strong>omnes</strong></span> <span class='ocrx_word' id='word_1_62' title='bbox 1149 1276 1298 1330; x_wconf 84' lang='lat' dir='ltr'><strong>Vitas</strong></span> <span class='ocrx_word' id='word_1_63' title='bbox 1341 1274 1459 1330; x_wconf 78' lang='lat' dir='ltr'><strong>illas</strong></span> <span class='ocrx_word' id='word_1_64' title='bbox 1499 1288 1631 1344; x_wconf 89' lang='lat' dir='ltr'><strong>quas</strong></span> <span class='ocrx_word' id='word_1_65' title='bbox 1659 1282 1713 1328; x_wconf 90' lang='lat' dir='ltr'><strong>et</strong></span> <span class='ocrx_word' id='word_1_66' title='bbox 1742 1271 1977 1328; x_wconf 83' lang='lat' dir='ltr'><strong>secunda</strong></span> <span class='ocrx_word' id='word_1_67' title='bbox 2005 1271 2172 1328; x_wconf 86' lang='lat' dir='ltr'><strong>editio</strong></span> 
     </span>
    </p>
   </div>
   <div class='ocr_carea' id='block_1_11' title="bbox 580 1363 2174 1438">
    <p class='ocr_par' dir='ltr' id='par_1_11' title="bbox 580 1363 2174 1438">
     <span class='ocr_line' id='line_1_11' title="bbox 580 1363 2174 1438; baseline -0.003 -15"><span class='ocrx_word' id='word_1_68' title='bbox 580 1369 739 1424; x_wconf 80' lang='lat' dir='ltr'><strong>habet</strong></span> <span class='ocrx_word' id='word_1_69' title='bbox 769 1378 890 1438; x_wconf 91' lang='lat' dir='ltr'><strong>post</strong></span> <span class='ocrx_word' id='word_1_70' title='bbox 925 1369 1068 1424; x_wconf 80' lang='lat' dir='ltr'><strong>Vitas</strong></span> <span class='ocrx_word' id='word_1_71' title='bbox 1098 1384 1129 1423; x_wconf 92' lang='lat' dir='ltr'><strong>a</strong></span> <span class='ocrx_word' id='word_1_72' title='bbox 1162 1366 1374 1424; x_wconf 74' lang='lat' dir='ltr'><strong>liuffino</strong></span> <span class='ocrx_word' id='word_1_73' title='bbox 1402 1368 1734 1436; x_wconf 86' lang='lat' dir='ltr'><strong>conscriptas</strong></span> <span class='ocrx_word' id='word_1_74' title='bbox 1759 1382 1774 1431; x_wconf 93' lang='lat'><strong>;</strong></span> <span class='ocrx_word' id='word_1_75' title='bbox 1802 1364 2000 1435; x_wconf 85' lang='lat' dir='ltr'><strong>quibus</strong></span> <span class='ocrx_word' id='word_1_76' title='bbox 2026 1363 2174 1419; x_wconf 85' lang='lat' dir='ltr'><strong>addit</strong></span> 
     </span>
    </p>
   </div>
   <div class='ocr_carea' id='block_1_12' title="bbox 581 1457 2174 1532">
    <p class='ocr_par' dir='ltr' id='par_1_12' title="bbox 581 1457 2174 1532">
     <span class='ocr_line' id='line_1_12' title="bbox 581 1457 2174 1532; baseline -0.006 -13"><span class='ocrx_word' id='word_1_77' title='bbox 581 1461 757 1519; x_wconf 89' lang='lat' dir='ltr'><strong>Vitam</strong></span> <span class='ocrx_word' id='word_1_78' title='bbox 795 1461 1016 1532; x_wconf 75' lang='lat' dir='ltr'><strong>Epicteti</strong></span> <span class='ocrx_word' id='word_1_79' title='bbox 1049 1471 1102 1518; x_wconf 90' lang='lat' dir='ltr'><strong>et</strong></span> <span class='ocrx_word' id='word_1_80' title='bbox 1131 1460 1408 1523; x_wconf 83' lang='lat' dir='ltr'><strong>Astionis;</strong></span> <span class='ocrx_word' id='word_1_81' title='bbox 1443 1475 1648 1516; x_wconf 90' lang='lat' dir='ltr'><strong>necnon</strong></span> <span class='ocrx_word' id='word_1_82' title='bbox 1692 1458 1771 1514; x_wconf 88' lang='lat' dir='ltr'><strong>De</strong></span> <span class='ocrx_word' id='word_1_83' title='bbox 1800 1458 2010 1512; x_wconf 80' lang='lat' dir='ltr'><strong>muliere</strong></span> <span class='ocrx_word' id='word_1_84' title='bbox 2053 1457 2174 1511; x_wconf 86' lang='lat' dir='ltr'><strong>Ver-</strong></span> 
     </span>
    </p>
   </div>
   <div class='ocr_carea' id='block_1_13' title="bbox 583 1550 2174 1626">
    <p class='ocr_par' dir='ltr' id='par_1_13' title="bbox 583 1550 2174 1626">
     <span class='ocr_line' id='line_1_13' title="bbox 583 1550 2174 1626; baseline -0.004 -15"><span class='ocrx_word' id='word_1_85' title='bbox 583 1556 790 1611; x_wconf 82' lang='lat' dir='ltr'><strong>celleusi</strong></span> <span class='ocrx_word' id='word_1_86' title='bbox 831 1557 1011 1626; x_wconf 80' lang='lat' dir='ltr'><strong>septies</strong></span> <span class='ocrx_word' id='word_1_87' title='bbox 1052 1555 1190 1620; x_wconf 84' lang='lat' dir='ltr'><strong>icta,</strong></span> <span class='ocrx_word' id='word_1_88' title='bbox 1232 1564 1452 1609; x_wconf 91' lang='lat' dir='ltr'><strong>auctore</strong></span> <span class='ocrx_word' id='word_1_89' title='bbox 1492 1553 1618 1608; x_wconf 90' lang='lat' dir='ltr'><strong>divo</strong></span> <span class='ocrx_word' id='word_1_90' title='bbox 1661 1551 1986 1622; x_wconf 80' lang='lat' dir='ltr'><strong>Hieronymo</strong></span> <span class='ocrx_word' id='word_1_91' title='bbox 2024 1558 2079 1604; x_wconf 89' lang='lat' dir='ltr'><strong>et</strong></span> <span class='ocrx_word' id='word_1_92' title='bbox 2119 1550 2174 1604; x_wconf 88' lang='lat' dir='ltr'><strong>in</strong></span> 
     </span>
    </p>
   </div>
   <div class='ocr_carea' id='block_1_14' title="bbox 584 1643 2172 1722">
    <p class='ocr_par' dir='ltr' id='par_1_14' title="bbox 584 1643 2172 1722">
     <span class='ocr_line' id='line_1_14' title="bbox 584 1643 2172 1722; baseline -0.005 -16"><span class='ocrx_word' id='word_1_93' title='bbox 584 1652 692 1706; x_wconf 89' lang='lat' dir='ltr'><strong>fine</strong></span> <span class='ocrx_word' id='word_1_94' title='bbox 721 1651 888 1722; x_wconf 89' lang='lat' dir='ltr'><strong>quinti</strong></span> <span class='ocrx_word' id='word_1_95' title='bbox 923 1650 1085 1718; x_wconf 91' lang='lat' dir='ltr'><strong>libri,</strong></span> <span class='ocrx_word' id='word_1_96' title='bbox 1124 1649 1298 1705; x_wconf 85' lang='lat' dir='ltr'><strong>Vitam</strong></span> <span class='ocrx_word' id='word_1_97' title='bbox 1330 1649 1577 1704; x_wconf 84' lang='lat' dir='ltr'><strong>Barlaam</strong></span> <span class='ocrx_word' id='word_1_98' title='bbox 1607 1657 1661 1704; x_wconf 90' lang='lat' dir='ltr'><strong>et</strong></span> <span class='ocrx_word' id='word_1_99' title='bbox 1689 1644 1968 1716; x_wconf 82' lang='lat' dir='ltr'><strong>Josaphat.</strong></span> <span class='ocrx_word' id='word_1_100' title='bbox 1999 1643 2172 1699; x_wconf 88' lang='lat' dir='ltr'><strong>Pecu-</strong></span> 
     </span>
    </p>
   </div>
   <div class='ocr_carea' id='block_1_15' title="bbox 584 1741 2175 1810">
    <p class='ocr_par' dir='ltr' id='par_1_15' title="bbox 584 1741 2175 1810">
     <span class='ocr_line' id='line_1_15' title="bbox 584 1741 2175 1810; baseline -0.006 -10"><span class='ocrx_word' id='word_1_101' title='bbox 584 1741 771 1800; x_wconf 83' lang='lat' dir='ltr'><strong>Iiarem</strong></span> <span class='ocrx_word' id='word_1_102' title='bbox 799 1744 959 1800; x_wconf 90' lang='lat' dir='ltr'><strong>etiam</strong></span> <span class='ocrx_word' id='word_1_103' title='bbox 991 1743 1153 1800; x_wconf 89' lang='lat' dir='ltr'><strong>habet</strong></span> <span class='ocrx_word' id='word_1_104' title='bbox 1184 1752 1351 1798; x_wconf 85' lang='lat' dir='ltr'><strong>totam</strong></span> <span class='ocrx_word' id='word_1_105' title='bbox 1384 1743 1603 1798; x_wconf 84' lang='lat' dir='ltr'><strong>tertiam</strong></span> <span class='ocrx_word' id='word_1_106' title='bbox 1637 1751 1840 1810; x_wconf 86' lang='lat' dir='ltr'><strong>partem</strong></span> <span class='ocrx_word' id='word_1_107' title='bbox 1881 1754 2003 1810; x_wconf 66' lang='lat' dir='ltr'><strong>quae</strong></span> <span class='ocrx_word' id='word_1_108' title='bbox 2040 1752 2175 1792; x_wconf 66' lang='lat' dir='ltr'><strong>conc</strong></span> 
     </span>
    </p>
   </div>
   <div class='ocr_carea' id='block_1_16' title="bbox 587 1833 1718 1907">
    <p class='ocr_par' dir='ltr' id='par_1_16' title="bbox 587 1833 1718 1907">
     <span class='ocr_line' id='line_1_16' title="bbox 587 1833 1718 1907; baseline -0.004 -14"><span class='ocrx_word' id='word_1_109' title='bbox 587 1840 720 1894; x_wconf 76' lang='lat' dir='ltr'><strong>tinet</strong></span> <span class='ocrx_word' id='word_1_110' title='bbox 749 1848 999 1907; x_wconf 73' lang='lat' dir='ltr'><strong>excerpta</strong></span> <span class='ocrx_word' id='word_1_111' title='bbox 1029 1853 1094 1892; x_wconf 88' lang='lat' dir='ltr'><strong>ex</strong></span> <span class='ocrx_word' id='word_1_112' title='bbox 1123 1837 1323 1892; x_wconf 90' lang='lat' dir='ltr'><strong>Severo</strong></span> <span class='ocrx_word' id='word_1_113' title='bbox 1352 1845 1407 1892; x_wconf 90' lang='lat' dir='ltr'><strong>et</strong></span> <span class='ocrx_word' id='word_1_114' title='bbox 1435 1833 1718 1890; x_wconf 83' lang='lat' dir='ltr'><strong>Cassiano.</strong></span> 
     </span>
    </p>
   </div>
   <div class='ocr_carea' id='block_1_17' title="bbox 657 1925 2178 2002">
    <p class='ocr_par' dir='ltr' id='par_1_17' title="bbox 657 1925 2178 2002">
     <span class='ocr_line' id='line_1_17' title="bbox 657 1925 2178 2002; baseline -0.004 -16"><span class='ocrx_word' id='word_1_115' title='bbox 657 1930 942 1997; x_wconf 84' lang='lat' dir='ltr'><strong>Secundo,</strong></span> <span class='ocrx_word' id='word_1_116' title='bbox 976 1930 1030 1985; x_wconf 90' lang='lat' dir='ltr'><strong>in</strong></span> <span class='ocrx_word' id='word_1_117' title='bbox 1056 1929 1243 2002; x_wconf 91' lang='lat' dir='ltr'><strong>quinto</strong></span> <span class='ocrx_word' id='word_1_118' title='bbox 1270 1928 1408 1986; x_wconf 92' lang='lat' dir='ltr'><strong>libro</strong></span> <span class='ocrx_word' id='word_1_119' title='bbox 1441 1927 1764 1999; x_wconf 83' lang='lat' dir='ltr'><strong>peculiarem</strong></span> <span class='ocrx_word' id='word_1_120' title='bbox 1795 1926 1955 1983; x_wconf 87' lang='lat' dir='ltr'><strong>habet</strong></span> <span class='ocrx_word' id='word_1_121' title='bbox 1983 1925 2178 1981; x_wconf 87' lang='lat' dir='ltr'><strong>librum</strong></span> 
     </span>
    </p>
   </div>
   <div class='ocr_carea' id='block_1_18' title="bbox 589 2019 880 2081">
    <p class='ocr_par' dir='ltr' id='par_1_18' title="bbox 589 2019 880 2081">
     <span class='ocr_line' id='line_1_18' title="bbox 589 2019 880 2081; baseline -0.007 0"><span class='ocrx_word' id='word_1_122' title='bbox 589 2019 880 2081; x_wconf 84' lang='lat' dir='ltr'><strong>Paschasii.</strong></span> 
     </span>
    </p>
   </div>
   <div class='ocr_carea' id='block_1_19' title="bbox 700 2135 2077 2208">
    <p class='ocr_par' dir='ltr' id='par_1_19' title="bbox 700 2135 2077 2208">
     <span class='ocr_line' id='line_1_19' title="bbox 700 2135 2077 2208; baseline -0.001 -16"><span class='ocrx_word' id='word_1_123' title='bbox 700 2137 729 2208; x_wconf 82' lang='lat'><strong>§</strong></span> <span class='ocrx_word' id='word_1_124' title='bbox 772 2136 860 2192; x_wconf 80' lang='lat' dir='ltr'><strong>lli.</strong></span> <span class='ocrx_word' id='word_1_125' title='bbox 903 2136 1235 2208; x_wconf 82' lang='lat' dir='ltr'><strong>Comparatio</strong></span> <span class='ocrx_word' id='word_1_126' title='bbox 1274 2137 1457 2207; x_wconf 67' lang='lat' dir='ltr'><strong>prima</strong></span> <span class='ocrx_word' id='word_1_127' title='bbox 1492 2145 1542 2191; x_wconf 87' lang='lat' dir='ltr'><strong>et</strong></span> <span class='ocrx_word' id='word_1_128' title='bbox 1577 2145 1780 2207; x_wconf 75' lang='lat' dir='ltr'><strong>quarta:</strong></span> <span class='ocrx_word' id='word_1_129' title='bbox 1815 2135 2077 2191; x_wconf 79' lang='lat' dir='ltr'><strong>editionis.</strong></span> 
     </span>
    </p>
   </div>
   <div class='ocr_carea' id='block_1_20' title="bbox 661 2250 2189 2325">
    <p class='ocr_par' dir='ltr' id='par_1_20' title="bbox 661 2250 2189 2325">
     <span class='ocr_line' id='line_1_20' title="bbox 661 2250 2189 2325; baseline -0.001 -18"><span class='ocrx_word' id='word_1_130' title='bbox 661 2250 838 2325; x_wconf 80' lang='lat' dir='ltr'><strong>[Lxxt]</strong></span> <span class='ocrx_word' id='word_1_131' title='bbox 865 2254 1042 2309; x_wconf 86' lang='lat' dir='ltr'><strong>Prima</strong></span> <span class='ocrx_word' id='word_1_132' title='bbox 1066 2253 1234 2310; x_wconf 84' lang='lat' dir='ltr'><strong>editio</strong></span> <span class='ocrx_word' id='word_1_133' title='bbox 1259 2253 1390 2308; x_wconf 88' lang='lat' dir='ltr'><strong>nihil</strong></span> <span class='ocrx_word' id='word_1_134' title='bbox 1413 2253 1596 2325; x_wconf 87' lang='lat' dir='ltr'><strong>habet,</strong></span> <span class='ocrx_word' id='word_1_135' title='bbox 1622 2253 1763 2324; x_wconf 92' lang='lat' dir='ltr'><strong>quod</strong></span> <span class='ocrx_word' id='word_1_136' title='bbox 1788 2267 1891 2308; x_wconf 87' lang='lat' dir='ltr'><strong>non</strong></span> <span class='ocrx_word' id='word_1_137' title='bbox 1915 2253 1968 2308; x_wconf 90' lang='lat' dir='ltr'><strong>in</strong></span> <span class='ocrx_word' id='word_1_138' title='bbox 1993 2260 2189 2323; x_wconf 88' lang='lat' dir='ltr'><strong>quarta</strong></span> 
     </span>
    </p>
   </div>
   <div class='ocr_carea' id='block_1_21' title="bbox 596 2343 2191 2417">
    <p class='ocr_par' dir='ltr' id='par_1_21' title="bbox 596 2343 2191 2417">
     <span class='ocr_line' id='line_1_21' title="bbox 596 2343 2191 2417; baseline 0.002 -19"><span class='ocrx_word' id='word_1_139' title='bbox 596 2343 698 2400; x_wconf 90' lang='lat' dir='ltr'><strong>hac</strong></span> <span class='ocrx_word' id='word_1_140' title='bbox 743 2355 922 2401; x_wconf 87' lang='lat' dir='ltr'><strong>nostra</strong></span> <span class='ocrx_word' id='word_1_141' title='bbox 965 2349 1202 2417; x_wconf 83' lang='lat' dir='ltr'><strong>reperias</strong></span> <span class='ocrx_word' id='word_1_142' title='bbox 1221 2387 1236 2414; x_wconf 93' lang='lat'><strong>,</strong></span> <span class='ocrx_word' id='word_1_143' title='bbox 1267 2357 1494 2416; x_wconf 83' lang='lat' dir='ltr'><strong>excepta</strong></span> <span class='ocrx_word' id='word_1_144' title='bbox 1523 2346 1836 2416; x_wconf 81' lang='lat' dir='ltr'><strong>praefatione</strong></span> <span class='ocrx_word' id='word_1_145' title='bbox 1861 2361 2021 2415; x_wconf 90' lang='lat' dir='ltr'><strong>quam</strong></span> <span class='ocrx_word' id='word_1_146' title='bbox 2051 2345 2191 2402; x_wconf 91' lang='lat' dir='ltr'><strong>libro</strong></span> 
     </span>
    </p>
   </div>
   <div class='ocr_carea' id='block_1_22' title="bbox 594 2439 2192 2512">
    <p class='ocr_par' dir='ltr' id='par_1_22' title="bbox 594 2439 2192 2512">
     <span class='ocr_line' id='line_1_22' title="bbox 594 2439 2192 2512; baseline 0.001 -18"><span class='ocrx_word' id='word_1_147' title='bbox 594 2452 697 2494; x_wconf 89' lang='lat' dir='ltr'><strong>suo</strong></span> <span class='ocrx_word' id='word_1_148' title='bbox 723 2449 912 2508; x_wconf 92' lang='lat' dir='ltr'><strong>quarto</strong></span> <span class='ocrx_word' id='word_1_149' title='bbox 939 2439 1050 2510; x_wconf 86' lang='lat' dir='ltr'><strong>(qui</strong></span> <span class='ocrx_word' id='word_1_150' title='bbox 1081 2440 1223 2511; x_wconf 90' lang='lat' dir='ltr'><strong>apud</strong></span> <span class='ocrx_word' id='word_1_151' title='bbox 1251 2455 1354 2496; x_wconf 93' lang='lat' dir='ltr'><strong>nos</strong></span> <span class='ocrx_word' id='word_1_152' title='bbox 1379 2441 1598 2512; x_wconf 88' lang='lat' dir='ltr'><strong>quintus</strong></span> <span class='ocrx_word' id='word_1_153' title='bbox 1624 2441 1728 2510; x_wconf 91' lang='lat' dir='ltr'><strong>est)</strong></span> <span class='ocrx_word' id='word_1_154' title='bbox 1757 2439 2003 2512; x_wconf 82' lang='lat' dir='ltr'><strong>praefigit,</strong></span> <span class='ocrx_word' id='word_1_155' title='bbox 2030 2454 2192 2510; x_wconf 89' lang='lat' dir='ltr'><strong>quam</strong></span> 
     </span>
    </p>
   </div>
   <div class='ocr_carea' id='block_1_23' title="bbox 595 2530 2193 2604">
    <p class='ocr_par' dir='ltr' id='par_1_23' title="bbox 595 2530 2193 2604">
     <span class='ocr_line' id='line_1_23' title="bbox 595 2530 2193 2604; baseline 0.003 -21"><span class='ocrx_word' id='word_1_156' title='bbox 595 2530 704 2602; x_wconf 75' lang='lat' dir='ltr'><strong>iam</strong></span> <span class='ocrx_word' id='word_1_157' title='bbox 736 2534 896 2601; x_wconf 89' lang='lat' dir='ltr'><strong>paulo</strong></span> <span class='ocrx_word' id='word_1_158' title='bbox 925 2544 1049 2589; x_wconf 87' lang='lat' dir='ltr'><strong>ante</strong></span> <span class='ocrx_word' id='word_1_159' title='bbox 1091 2532 1180 2588; x_wconf 91' lang='lat' dir='ltr'><strong>hic</strong></span> <span class='ocrx_word' id='word_1_160' title='bbox 1220 2534 1487 2604; x_wconf 69' lang='lat' dir='ltr'><strong>expressi.</strong></span> <span class='ocrx_word' id='word_1_161' title='bbox 1532 2534 1770 2604; x_wconf 84' lang='lat' dir='ltr'><strong>Excepto</strong></span> <span class='ocrx_word' id='word_1_162' title='bbox 1813 2534 1937 2588; x_wconf 87' lang='lat' dir='ltr'><strong>item</strong></span> <span class='ocrx_word' id='word_1_163' title='bbox 1981 2532 2118 2587; x_wconf 92' lang='lat' dir='ltr'><strong>lihro</strong></span> <span class='ocrx_word' id='word_1_164' title='bbox 2158 2545 2193 2588; x_wconf 87' lang='lat' dir='ltr'><strong>v</strong></span> 
     </span>
    </p>
   </div>
   <div class='ocr_carea' id='block_1_24' title="bbox 598 2624 2192 2693">
    <p class='ocr_par' dir='ltr' id='par_1_24' title="bbox 598 2624 2192 2693">
     <span class='ocr_line' id='line_1_24' title="bbox 598 2624 2192 2693; baseline -0.001 -14"><span class='ocrx_word' id='word_1_165' title='bbox 598 2625 785 2693; x_wconf 74' lang='lat' dir='ltr'><strong>prima:</strong></span> <span class='ocrx_word' id='word_1_166' title='bbox 814 2625 1098 2691; x_wconf 89' lang='lat' dir='ltr'><strong>editionis,</strong></span> <span class='ocrx_word' id='word_1_167' title='bbox 1130 2628 1218 2693; x_wconf 87' lang='lat' dir='ltr'><strong>qui</strong></span> <span class='ocrx_word' id='word_1_168' title='bbox 1261 2625 1601 2682; x_wconf 88' lang='lat' dir='ltr'><strong>brevioribus</strong></span> <span class='ocrx_word' id='word_1_169' title='bbox 1640 2634 1849 2681; x_wconf 90' lang='lat' dir='ltr'><strong>constat</strong></span> <span class='ocrx_word' id='word_1_170' title='bbox 1886 2624 2192 2680; x_wconf 86' lang='lat' dir='ltr'><strong>sententiis.</strong></span> 
     </span>
    </p>
   </div>
   <div class='ocr_carea' id='block_1_25' title="bbox 599 2716 2196 2790">
    <p class='ocr_par' dir='ltr' id='par_1_25' title="bbox 599 2716 2196 2790">
     <span class='ocr_line' id='line_1_25' title="bbox 599 2716 2196 2790; baseline 0 -18"><span class='ocrx_word' id='word_1_171' title='bbox 599 2716 691 2773; x_wconf 67' lang='lat' dir='ltr'><strong>Ere</strong></span> <span class='ocrx_word' id='word_1_172' title='bbox 723 2728 899 2773; x_wconf 88' lang='lat' dir='ltr'><strong>tatnen</strong></span> <span class='ocrx_word' id='word_1_173' title='bbox 931 2720 1211 2774; x_wconf 71' lang='lat' dir='ltr'><strong>sententia!</strong></span> <span class='ocrx_word' id='word_1_174' title='bbox 1252 2734 1442 2775; x_wconf 90' lang='lat' dir='ltr'><strong>omnes</strong></span> <span class='ocrx_word' id='word_1_175' title='bbox 1484 2719 1604 2774; x_wconf 89' lang='lat' dir='ltr'><strong>aliis</strong></span> <span class='ocrx_word' id='word_1_176' title='bbox 1639 2719 1793 2776; x_wconf 88' lang='lat' dir='ltr'><strong>libris</strong></span> <span class='ocrx_word' id='word_1_177' title='bbox 1833 2726 2039 2790; x_wconf 87' lang='lat' dir='ltr'><strong>quartae</strong></span> <span class='ocrx_word' id='word_1_178' title='bbox 2079 2716 2196 2773; x_wconf 91' lang='lat' dir='ltr'><strong>edi-</strong></span> 
     </span>
    </p>
   </div>
   <div class='ocr_carea' id='block_1_26' title="bbox 603 2811 1449 2868">
    <p class='ocr_par' dir='ltr' id='par_1_26' title="bbox 603 2811 1449 2868">
     <span class='ocr_line' id='line_1_26' title="bbox 603 2811 1449 2868; baseline -0.001 -2"><span class='ocrx_word' id='word_1_179' title='bbox 603 2811 768 2867; x_wconf 88' lang='lat' dir='ltr'><strong>tionis</strong></span> <span class='ocrx_word' id='word_1_180' title='bbox 793 2811 1110 2867; x_wconf 73' lang='lat' dir='ltr'><strong>intcrtnistat</strong></span> <span class='ocrx_word' id='word_1_181' title='bbox 1140 2821 1449 2868; x_wconf 90' lang='lat' dir='ltr'><strong>occurrunt.</strong></span> 
     </span>
    </p>
   </div>
   <div class='ocr_carea' id='block_1_27' title="bbox 674 2902 2196 2973">
    <p class='ocr_par' dir='ltr' id='par_1_27' title="bbox 674 2902 2196 2973">
     <span class='ocr_line' id='line_1_27' title="bbox 674 2902 2196 2973; baseline 0.001 -17"><span class='ocrx_word' id='word_1_182' title='bbox 674 2905 876 2973; x_wconf 84' lang='lat' dir='ltr'><strong>Quarta</strong></span> <span class='ocrx_word' id='word_1_183' title='bbox 907 2905 1072 2961; x_wconf 87' lang='lat' dir='ltr'><strong>editio</strong></span> <span class='ocrx_word' id='word_1_184' title='bbox 1104 2905 1221 2961; x_wconf 61' lang='lat' dir='ltr'><strong>haec</strong></span> <span class='ocrx_word' id='word_1_185' title='bbox 1250 2905 1499 2961; x_wconf 89' lang='lat' dir='ltr'><strong>distincta</strong></span> <span class='ocrx_word' id='word_1_186' title='bbox 1531 2920 1558 2959; x_wconf 94' lang='lat' dir='ltr'><strong>a</strong></span> <span class='ocrx_word' id='word_1_187' title='bbox 1592 2905 1758 2973; x_wconf 89' lang='lat' dir='ltr'><strong>prima</strong></span> <span class='ocrx_word' id='word_1_188' title='bbox 1791 2903 1987 2968; x_wconf 81' lang='lat' dir='ltr'><strong>habet,</strong></span> <span class='ocrx_word' id='word_1_189' title='bbox 2026 2902 2078 2956; x_wconf 57' lang='grc' dir='ltr'><strong>κιο</strong></span> <span class='ocrx_word' id='word_1_190' title='bbox 2111 2911 2196 2958; x_wconf 85' lang='grc' dir='ltr'><strong>ιο-</strong></span> 
     </span>
    </p>
   </div>
   <div class='ocr_carea' id='block_1_28' title="bbox 605 2997 2202 3070">
    <p class='ocr_par' dir='ltr' id='par_1_28' title="bbox 605 2997 2202 3070">
     <span class='ocr_line' id='line_1_28' title="bbox 605 2997 2202 3070; baseline 0 -18"><span class='ocrx_word' id='word_1_191' title='bbox 605 3005 718 3053; x_wconf 89' lang='lat' dir='ltr'><strong>tum</strong></span> <span class='ocrx_word' id='word_1_192' title='bbox 749 3001 980 3070; x_wconf 90' lang='lat' dir='ltr'><strong>primum</strong></span> <span class='ocrx_word' id='word_1_193' title='bbox 1012 2999 1240 3067; x_wconf 90' lang='lat' dir='ltr'><strong>librum,</strong></span> <span class='ocrx_word' id='word_1_194' title='bbox 1264 2999 1352 3070; x_wconf 91' lang='lat' dir='ltr'><strong>qui</strong></span> <span class='ocrx_word' id='word_1_195' title='bbox 1384 2998 1549 3054; x_wconf 88' lang='lat' dir='ltr'><strong>variis</strong></span> <span class='ocrx_word' id='word_1_196' title='bbox 1578 2997 1711 3053; x_wconf 82' lang='lat' dir='ltr'><strong>Vitis</strong></span> <span class='ocrx_word' id='word_1_197' title='bbox 1741 3005 2045 3054; x_wconf 89' lang='lat' dir='ltr'><strong>sanctorum</strong></span> <span class='ocrx_word' id='word_1_198' title='bbox 2077 3011 2202 3052; x_wconf 73' lang='grc' dir='ltr'><strong>ροη-</strong></span> 
     </span>
    </p>
   </div>
   <div class='ocr_carea' id='block_1_29' title="bbox 605 3083 2201 3161">
    <p class='ocr_par' dir='ltr' id='par_1_29' title="bbox 605 3083 2201 3161">
     <span class='ocr_line' id='line_1_29' title="bbox 605 3083 2201 3161; baseline -0.002 -15"><span class='ocrx_word' id='word_1_199' title='bbox 605 3099 748 3157; x_wconf 88' lang='lat' dir='ltr'><strong>stat,</strong></span> <span class='ocrx_word' id='word_1_200' title='bbox 798 3100 1023 3161; x_wconf 87' lang='lat' dir='ltr'><strong>excepta</strong></span> <span class='ocrx_word' id='word_1_201' title='bbox 1068 3089 1188 3147; x_wconf 90' lang='lat' dir='ltr'><strong>Vita</strong></span> <span class='ocrx_word' id='word_1_202' title='bbox 1229 3097 1430 3146; x_wconf 77' lang='lat' dir='ltr'><strong>sancta:</strong></span> <span class='ocrx_word' id='word_1_203' title='bbox 1473 3089 1730 3153; x_wconf 66' lang='lat' dir='ltr'><strong>Marium,</strong></span> <span class='ocrx_word' id='word_1_204' title='bbox 1780 3104 1900 3160; x_wconf 63' lang='lat' dir='ltr'><strong>quae</strong></span> <span class='ocrx_word' id='word_1_205' title='bbox 1941 3083 1994 3142; x_wconf 85' lang='lat' dir='ltr'><strong>in</strong></span> <span class='ocrx_word' id='word_1_206' title='bbox 2029 3087 2201 3158; x_wconf 86' lang='lat' dir='ltr'><strong>prima</strong></span> 
     </span>
    </p>
   </div>
   <div class='ocr_carea' id='block_1_30' title="bbox 604 3178 2201 3253">
    <p class='ocr_par' dir='ltr' id='par_1_30' title="bbox 604 3178 2201 3253">
     <span class='ocr_line' id='line_1_30' title="bbox 604 3178 2201 3253; baseline -0.002 -14"><span class='ocrx_word' id='word_1_207' title='bbox 604 3182 839 3240; x_wconf 86' lang='lat' dir='ltr'><strong>editione</strong></span> <span class='ocrx_word' id='word_1_208' title='bbox 869 3184 921 3238; x_wconf 92' lang='lat' dir='ltr'><strong>in</strong></span> <span class='ocrx_word' id='word_1_209' title='bbox 953 3184 1100 3239; x_wconf 85' lang='lat' dir='ltr'><strong>calce</strong></span> <span class='ocrx_word' id='word_1_210' title='bbox 1129 3182 1255 3239; x_wconf 86' lang='lat' dir='ltr'><strong>libri</strong></span> <span class='ocrx_word' id='word_1_211' title='bbox 1286 3197 1321 3237; x_wconf 89' lang='lat' dir='ltr'><strong>v</strong></span> <span class='ocrx_word' id='word_1_212' title='bbox 1353 3182 1657 3253; x_wconf 85' lang='lat' dir='ltr'><strong>reperitur;</strong></span> <span class='ocrx_word' id='word_1_213' title='bbox 1697 3178 1758 3234; x_wconf 79' lang='lat'><strong>2°</strong></span> <span class='ocrx_word' id='word_1_214' title='bbox 1792 3190 1961 3237; x_wconf 91' lang='lat' dir='ltr'><strong>totum</strong></span> <span class='ocrx_word' id='word_1_215' title='bbox 2006 3183 2201 3237; x_wconf 89' lang='lat' dir='ltr'><strong>librum</strong></span> 
     </span>
    </p>
   </div>
   <div class='ocr_carea' id='block_1_31' title="bbox 1499 338 2912 421">
    <p class='ocr_par' dir='ltr' id='par_1_31' title="bbox 1499 338 2912 421">
     <span class='ocr_line' id='line_1_31' title="bbox 1499 338 2912 421; baseline -0.019 0"><span class='ocrx_word' id='word_1_216' title='bbox 1499 365 1565 421; x_wconf 77' lang='grc' dir='ltr'><strong>ΙΝ</strong></span> <span class='ocrx_word' id='word_1_217' title='bbox 1606 359 1808 418; x_wconf 81' lang='lat' dir='ltr'><strong>VITAS</strong></span> <span class='ocrx_word' id='word_1_218' title='bbox 1848 350 2126 418; x_wconf 79' lang='lat' dir='ltr'><strong>PATRUM</strong></span> <span class='ocrx_word' id='word_1_219' title='bbox 2166 342 2680 412; x_wconf 76' lang='lat' dir='ltr'><strong>PROLEGOMENA</strong></span> <span class='ocrx_word' id='word_1_220' title='bbox 2719 338 2912 398; x_wconf 80' lang='lat' dir='ltr'><strong>XXVI.</strong></span> 
     </span>
    </p>
   </div>
   <div class='ocr_carea' id='block_1_32' title="bbox 3779 322 3852 383">
    <p class='ocr_par' dir='ltr' id='par_1_32' title="bbox 3779 322 3852 383">
     <span class='ocr_line' id='line_1_32' title="bbox 3779 322 3852 383; baseline 0.068 -5"><span class='ocrx_word' id='word_1_221' title='bbox 3779 322 3852 383; x_wconf 76' lang='grc'><strong>76</strong></span> 
     </span>
    </p>
   </div>
   <div class='ocr_carea' id='block_1_33' title="bbox 2601 463 3510 526">
    <p class='ocr_par' dir='ltr' id='par_1_33' title="bbox 2601 463 3510 526">
     <span class='ocr_line' id='line_1_33' title="bbox 2601 463 3510 526; baseline -0.018 -2"><span class='ocrx_word' id='word_1_222' title='bbox 2601 479 2746 526; x_wconf 77' lang='grc' dir='ltr'><strong>νιΤΑ</strong></span> <span class='ocrx_word' id='word_1_223' title='bbox 2790 467 3152 519; x_wconf 73' lang='grc' dir='ltr'><strong>ριιιιιετιΑΝι</strong></span> <span class='ocrx_word' id='word_1_224' title='bbox 3198 463 3510 512; x_wconf 74' lang='lat' dir='ltr'><strong>MONACKI.</strong></span> 
     </span>
    </p>
   </div>
   <div class='ocr_carea' id='block_1_34' title="bbox 2279 566 3854 656">
    <p class='ocr_par' dir='ltr' id='par_1_34' title="bbox 2279 566 3854 656">
     <span class='ocr_line' id='line_1_34' title="bbox 2279 566 3854 656; baseline -0.017 -14"><span class='ocrx_word' id='word_1_225' title='bbox 2279 591 2286 601; x_wconf 72' lang='lat'><strong><em>&quot;</em></strong></span> <span class='ocrx_word' id='word_1_226' title='bbox 2342 606 2362 641; x_wconf 72' lang='grc' dir='ltr'>ι</span> <span class='ocrx_word' id='word_1_227' title='bbox 2397 585 2628 656; x_wconf 82' lang='lat' dir='ltr'><strong>Quidam</strong></span> <span class='ocrx_word' id='word_1_228' title='bbox 2681 577 3150 642; x_wconf 85' lang='lat' dir='ltr'><strong>Cenomanensis,</strong></span> <span class='ocrx_word' id='word_1_229' title='bbox 3209 573 3428 631; x_wconf 86' lang='lat' dir='ltr'><strong>nomine</strong></span> <span class='ocrx_word' id='word_1_230' title='bbox 3473 566 3854 632; x_wconf 84' lang='lat' dir='ltr'><strong>Christianus,</strong></span> 
     </span>
    </p>
   </div>
   <div class='ocr_carea' id='block_1_35' title="bbox 2260 657 3860 752">
    <p class='ocr_par' dir='ltr' id='par_1_35' title="bbox 2260 657 3860 752">
     <span class='ocr_line' id='line_1_35' title="bbox 2260 657 3860 752; baseline -0.016 -17"><span class='ocrx_word' id='word_1_231' title='bbox 2260 679 2476 752; x_wconf 77' lang='lat' dir='ltr'><strong>juvenis</strong></span> <span class='ocrx_word' id='word_1_232' title='bbox 2515 690 2812 733; x_wconf 89' lang='lat' dir='ltr'><strong>conversus</strong></span> <span class='ocrx_word' id='word_1_233' title='bbox 2855 674 3128 744; x_wconf 85' lang='lat' dir='ltr'><strong>ingressus</strong></span> <span class='ocrx_word' id='word_1_234' title='bbox 3167 676 3250 724; x_wconf 91' lang='lat' dir='ltr'><strong>est</strong></span> <span class='ocrx_word' id='word_1_235' title='bbox 3283 662 3648 722; x_wconf 76' lang='lat' dir='ltr'><strong>eremitorinm</strong></span> <span class='ocrx_word' id='word_1_236' title='bbox 3687 657 3860 752; x_wconf 44' lang='lat' dir='ltr'><strong>quod:</strong></span> 
     </span>
    </p>
   </div>
   <div class='ocr_carea' id='block_1_36' title="bbox 2267 747 3861 840">
    <p class='ocr_par' dir='ltr' id='par_1_36' title="bbox 2267 747 3861 840">
     <span class='ocr_line' id='line_1_36' title="bbox 2267 747 3861 840; baseline -0.016 -8"><span class='ocrx_word' id='word_1_237' title='bbox 2267 747 2392 832; x_wconf 75' lang='lat' dir='ltr'><strong>dam</strong></span> <span class='ocrx_word' id='word_1_238' title='bbox 2449 772 2503 829; x_wconf 88' lang='lat' dir='ltr'><strong>in</strong></span> <span class='ocrx_word' id='word_1_239' title='bbox 2557 769 3026 840; x_wconf 76' lang='lat' dir='ltr'><strong>archiepiswpatu</strong></span> <span class='ocrx_word' id='word_1_240' title='bbox 3076 758 3411 822; x_wconf 88' lang='lat' dir='ltr'><strong>Turonensi,</strong></span> <span class='ocrx_word' id='word_1_241' title='bbox 3469 751 3659 829; x_wconf 78' lang='lat' dir='ltr'><strong>[Lxxn]</strong></span> <span class='ocrx_word' id='word_1_242' title='bbox 3714 747 3861 822; x_wconf 85' lang='lat' dir='ltr'><strong>quod</strong></span> 
     </span>
    </p>
   </div>
   <div class='ocr_carea' id='block_1_37' title="bbox 2269 855 3861 926">
    <p class='ocr_par' dir='ltr' id='par_1_37' title="bbox 2269 855 3861 926">
     <span class='ocr_line' id='line_1_37' title="bbox 2269 855 3861 926; baseline -0.018 0"><span class='ocrx_word' id='word_1_243' title='bbox 2269 867 2464 926; x_wconf 84' lang='lat' dir='ltr'><strong>dicitur</strong></span> <span class='ocrx_word' id='word_1_244' title='bbox 2501 866 2880 923; x_wconf 89' lang='lat' dir='ltr'><strong>Castinetum:</strong></span> <span class='ocrx_word' id='word_1_245' title='bbox 2934 860 3022 917; x_wconf 89' lang='lat' dir='ltr'><strong>ubi</strong></span> <span class='ocrx_word' id='word_1_246' title='bbox 3067 874 3190 915; x_wconf 90' lang='lat' dir='ltr'><strong>cum</strong></span> <span class='ocrx_word' id='word_1_247' title='bbox 3235 855 3448 911; x_wconf 89' lang='lat' dir='ltr'><strong>fortiter</strong></span> <span class='ocrx_word' id='word_1_248' title='bbox 3488 857 3785 908; x_wconf 81' lang='lat' dir='ltr'><strong>tentaretur</strong></span> <span class='ocrx_word' id='word_1_249' title='bbox 3832 863 3861 898; x_wconf 87' lang='lat' dir='ltr'><strong>a</strong></span> 
     </span>
    </p>
   </div>
   <div class='ocr_carea' id='block_1_38' title="bbox 1924 943 3862 1047">
    <p class='ocr_par' dir='ltr' id='par_1_38' title="bbox 1924 943 3862 1047">
     <span class='ocr_line' id='line_1_38' title="bbox 1924 943 3862 1047; baseline -0.02 -18"><span class='ocrx_word' id='word_1_250' title='bbox 1924 992 2082 1047; x_wconf 51' lang='lat' dir='ltr'><strong>habet</strong></span> <span class='ocrx_word' id='word_1_251' title='bbox 2113 969 2181 1044; x_wconf 64' lang='lat' dir='ltr'><strong>in‘</strong></span> <span class='ocrx_word' id='word_1_252' title='bbox 2269 977 2433 1020; x_wconf 90' lang='lat' dir='ltr'><strong>carne</strong></span> <span class='ocrx_word' id='word_1_253' title='bbox 2462 977 2592 1028; x_wconf 88' lang='lat' dir='ltr'><strong>sua,</strong></span> <span class='ocrx_word' id='word_1_254' title='bbox 2626 957 2900 1028; x_wconf 85' lang='lat' dir='ltr'><strong>afﬂigebat</strong></span> <span class='ocrx_word' id='word_1_255' title='bbox 2926 968 2986 1011; x_wconf 88' lang='lat' dir='ltr'><strong>se</strong></span> <span class='ocrx_word' id='word_1_256' title='bbox 3013 954 3065 1009; x_wconf 93' lang='lat' dir='ltr'><strong>in</strong></span> <span class='ocrx_word' id='word_1_257' title='bbox 3094 947 3503 1022; x_wconf 86' lang='lat' dir='ltr'><strong>quadragesima</strong></span> <span class='ocrx_word' id='word_1_258' title='bbox 3524 943 3775 1047; x_wconf 69' lang='lat' dir='ltr'><strong>ieiunans</strong></span> <span class='ocrx_word' id='word_1_259' title='bbox 3803 944 3862 1044; x_wconf 81' lang='lat' dir='ltr'><strong>et</strong></span> 
     </span>
    </p>
   </div>
   <div class='ocr_carea' id='block_1_39' title="bbox 2274 1033 3866 1117">
    <p class='ocr_par' dir='ltr' id='par_1_39' title="bbox 2274 1033 3866 1117">
     <span class='ocr_line' id='line_1_39' title="bbox 2274 1033 3866 1117; baseline -0.015 -7"><span class='ocrx_word' id='word_1_260' title='bbox 2274 1054 2559 1110; x_wconf 88' lang='lat' dir='ltr'><strong>abstinens</strong></span> <span class='ocrx_word' id='word_1_261' title='bbox 2610 1066 2668 1107; x_wconf 87' lang='lat' dir='ltr'><strong>se</strong></span> <span class='ocrx_word' id='word_1_262' title='bbox 2709 1050 2776 1106; x_wconf 88' lang='lat' dir='ltr'><strong>ab</strong></span> <span class='ocrx_word' id='word_1_263' title='bbox 2820 1048 2964 1104; x_wconf 89' lang='lat' dir='ltr'><strong>omni</strong></span> <span class='ocrx_word' id='word_1_264' title='bbox 3007 1056 3135 1117; x_wconf 91' lang='lat' dir='ltr'><strong>potu</strong></span> <span class='ocrx_word' id='word_1_265' title='bbox 3181 1051 3376 1112; x_wconf 68' lang='lat' dir='ltr'><strong>praeter</strong></span> <span class='ocrx_word' id='word_1_266' title='bbox 3419 1054 3584 1095; x_wconf 91' lang='lat' dir='ltr'><strong>unum</strong></span> <span class='ocrx_word' id='word_1_267' title='bbox 3625 1036 3767 1090; x_wconf 90' lang='lat' dir='ltr'><strong>diem</strong></span> <span class='ocrx_word' id='word_1_268' title='bbox 3810 1033 3866 1088; x_wconf 92' lang='lat' dir='ltr'><strong>in</strong></span> 
     </span>
    </p>
   </div>
   <div class='ocr_carea' id='block_1_40' title="bbox 2287 1126 3869 1220">
    <p class='ocr_par' dir='ltr' id='par_1_40' title="bbox 2287 1126 3869 1220">
     <span class='ocr_line' id='line_1_40' title="bbox 2287 1126 3869 1220; baseline -0.016 -17"><span class='ocrx_word' id='word_1_269' title='bbox 2287 1147 2603 1220; x_wconf 84' lang='lat' dir='ltr'><strong>septimana.</strong></span> <span class='ocrx_word' id='word_1_270' title='bbox 2637 1146 2693 1202; x_wconf 91' lang='lat' dir='ltr'><strong>lu</strong></span> <span class='ocrx_word' id='word_1_271' title='bbox 2725 1144 2903 1201; x_wconf 88' lang='lat' dir='ltr'><strong>hieme</strong></span> <span class='ocrx_word' id='word_1_272' title='bbox 2932 1141 3110 1196; x_wconf 87' lang='lat' dir='ltr'><strong>stabat</strong></span> <span class='ocrx_word' id='word_1_273' title='bbox 3141 1137 3368 1192; x_wconf 85' lang='lat' dir='ltr'><strong>vestitus</strong></span> <span class='ocrx_word' id='word_1_274' title='bbox 3409 1135 3460 1189; x_wconf 91' lang='lat' dir='ltr'><strong>in</strong></span> <span class='ocrx_word' id='word_1_275' title='bbox 3501 1147 3635 1199; x_wconf 81' lang='lat' dir='ltr'><strong>aqua</strong></span> <span class='ocrx_word' id='word_1_276' title='bbox 3677 1126 3869 1198; x_wconf 88' lang='lat' dir='ltr'><strong>frigida</strong></span> 
     </span>
    </p>
   </div>
   <div class='ocr_carea' id='block_1_41' title="bbox 2279 1226 3873 1312">
    <p class='ocr_par' dir='ltr' id='par_1_41' title="bbox 2279 1226 3873 1312">
     <span class='ocr_line' id='line_1_41' title="bbox 2279 1226 3873 1312; baseline -0.014 -15"><span class='ocrx_word' id='word_1_277' title='bbox 2279 1256 2448 1312; x_wconf 88' lang='lat' dir='ltr'><strong>usque</strong></span> <span class='ocrx_word' id='word_1_278' title='bbox 2477 1239 2546 1296; x_wconf 87' lang='lat' dir='ltr'><strong>ad</strong></span> <span class='ocrx_word' id='word_1_279' title='bbox 2577 1238 2815 1304; x_wconf 90' lang='lat' dir='ltr'><strong>collum,</strong></span> <span class='ocrx_word' id='word_1_280' title='bbox 2861 1232 3200 1303; x_wconf 88' lang='lat' dir='ltr'><strong>disciplinam</strong></span> <span class='ocrx_word' id='word_1_281' title='bbox 3243 1229 3348 1285; x_wconf 86' lang='lat' dir='ltr'><strong>sibi</strong></span> <span class='ocrx_word' id='word_1_282' title='bbox 3387 1226 3551 1281; x_wconf 80' lang='lat' dir='ltr'><strong>dabat</strong></span> <span class='ocrx_word' id='word_1_283' title='bbox 3594 1233 3873 1291; x_wconf 85' lang='lat' dir='ltr'><strong>usquequo</strong></span> 
     </span>
    </p>
   </div>
   <div class='ocr_carea' id='block_1_42' title="bbox 2276 1312 3876 1402">
    <p class='ocr_par' dir='ltr' id='par_1_42' title="bbox 2276 1312 3876 1402">
     <span class='ocr_line' id='line_1_42' title="bbox 2276 1312 3876 1402; baseline -0.013 -14"><span class='ocrx_word' id='word_1_284' title='bbox 2276 1333 2441 1402; x_wconf 79' lang='lat' dir='ltr'><strong>virgae</strong></span> <span class='ocrx_word' id='word_1_285' title='bbox 2470 1331 2930 1400; x_wconf 88' lang='lat' dir='ltr'><strong>dirumperentur.</strong></span> <span class='ocrx_word' id='word_1_286' title='bbox 2965 1325 3214 1394; x_wconf 87' lang='lat' dir='ltr'><strong>Quicum</strong></span> <span class='ocrx_word' id='word_1_287' title='bbox 3247 1319 3474 1392; x_wconf 86' lang='lat' dir='ltr'><strong>quadam</strong></span> <span class='ocrx_word' id='word_1_288' title='bbox 3518 1317 3606 1372; x_wconf 90' lang='lat' dir='ltr'><strong>die</strong></span> <span class='ocrx_word' id='word_1_289' title='bbox 3648 1318 3751 1370; x_wconf 92' lang='lat' dir='ltr'><strong>hoc</strong></span> <span class='ocrx_word' id='word_1_290' title='bbox 3795 1312 3876 1367; x_wconf 86' lang='lat' dir='ltr'><strong>fa-</strong></span> 
     </span>
    </p>
   </div>
   <div class='ocr_carea' id='block_1_43' title="bbox 2276 1409 3880 1498">
    <p class='ocr_par' dir='ltr' id='par_1_43' title="bbox 2276 1409 3880 1498">
     <span class='ocr_line' id='line_1_43' title="bbox 2276 1409 3880 1498; baseline -0.016 -10"><span class='ocrx_word' id='word_1_291' title='bbox 2276 1441 2426 1488; x_wconf 81' lang='lat' dir='ltr'><strong>ceret</strong></span> <span class='ocrx_word' id='word_1_292' title='bbox 2451 1475 2465 1498; x_wconf 89' lang='lat'><strong>,</strong></span> <span class='ocrx_word' id='word_1_293' title='bbox 2491 1435 2554 1483; x_wconf 72' lang='lat' dir='ltr'><strong>et</strong></span> <span class='ocrx_word' id='word_1_294' title='bbox 2581 1442 2640 1483; x_wconf 91' lang='lat' dir='ltr'><strong>se</strong></span> <span class='ocrx_word' id='word_1_295' title='bbox 2670 1425 2954 1482; x_wconf 90' lang='lat' dir='ltr'><strong>cecidisset</strong></span> <span class='ocrx_word' id='word_1_296' title='bbox 2982 1435 3153 1490; x_wconf 86' lang='lat' dir='ltr'><strong>usque</strong></span> <span class='ocrx_word' id='word_1_297' title='bbox 3181 1418 3248 1474; x_wconf 91' lang='lat' dir='ltr'><strong>ad</strong></span> <span class='ocrx_word' id='word_1_298' title='bbox 3279 1416 3591 1485; x_wconf 81' lang='lat' dir='ltr'><strong>sanguinem</strong></span> <span class='ocrx_word' id='word_1_299' title='bbox 3613 1450 3626 1474; x_wconf 89' lang='lat'><strong>,</strong></span> <span class='ocrx_word' id='word_1_300' title='bbox 3672 1409 3880 1465; x_wconf 78' lang='lat' dir='ltr'><strong>audivit</strong></span> 
     </span>
    </p>
   </div>
   <div class='ocr_carea' id='block_1_44' title="bbox 2277 1501 3882 1589">
    <p class='ocr_par' dir='ltr' id='par_1_44' title="bbox 2277 1501 3882 1589">
     <span class='ocr_line' id='line_1_44' title="bbox 2277 1501 3882 1589; baseline -0.014 -11"><span class='ocrx_word' id='word_1_301' title='bbox 2277 1536 2466 1578; x_wconf 88' lang='lat' dir='ltr'><strong>vocem</strong></span> <span class='ocrx_word' id='word_1_302' title='bbox 2508 1534 2539 1575; x_wconf 87' lang='lat' dir='ltr'><strong>a</strong></span> <span class='ocrx_word' id='word_1_303' title='bbox 2582 1527 2732 1589; x_wconf 88' lang='lat' dir='ltr'><strong>parte</strong></span> <span class='ocrx_word' id='word_1_304' title='bbox 2774 1514 3082 1573; x_wconf 79' lang='lat' dir='ltr'><strong>Occidentis</strong></span> <span class='ocrx_word' id='word_1_305' title='bbox 3123 1511 3424 1568; x_wconf 85' lang='lat' dir='ltr'><strong>dicentem:</strong></span> <span class='ocrx_word' id='word_1_306' title='bbox 3473 1504 3613 1560; x_wconf 82' lang='lat' dir='ltr'><strong>Nihil</strong></span> <span class='ocrx_word' id='word_1_307' title='bbox 3659 1501 3882 1574; x_wconf 80' lang='lat' dir='ltr'><strong>prodest</strong></span> 
     </span>
    </p>
   </div>
   <div class='ocr_carea' id='block_1_45' title="bbox 2281 1592 3881 1682">
    <p class='ocr_par' dir='ltr' id='par_1_45' title="bbox 2281 1592 3881 1682">
     <span class='ocr_line' id='line_1_45' title="bbox 2281 1592 3881 1682; baseline -0.014 -12"><span class='ocrx_word' id='word_1_308' title='bbox 2281 1614 2376 1670; x_wconf 91' lang='lat' dir='ltr'><strong>tibi</strong></span> <span class='ocrx_word' id='word_1_309' title='bbox 2409 1612 2549 1682; x_wconf 85' lang='lat' dir='ltr'><strong>quod</strong></span> <span class='ocrx_word' id='word_1_310' title='bbox 2581 1611 2712 1666; x_wconf 90' lang='lat' dir='ltr'><strong>facis</strong></span> <span class='ocrx_word' id='word_1_311' title='bbox 2733 1651 2747 1676; x_wconf 93' lang='lat'><strong>,</strong></span> <span class='ocrx_word' id='word_1_312' title='bbox 2777 1610 2879 1665; x_wconf 85' lang='lat' dir='ltr'><strong>iste</strong></span> <span class='ocrx_word' id='word_1_313' title='bbox 2907 1604 3051 1662; x_wconf 83' lang='lat' dir='ltr'><strong>Deus</strong></span> <span class='ocrx_word' id='word_1_314' title='bbox 3081 1619 3238 1676; x_wconf 89' lang='lat' dir='ltr'><strong>quem</strong></span> <span class='ocrx_word' id='word_1_315' title='bbox 3269 1602 3560 1666; x_wconf 87' lang='lat' dir='ltr'><strong>inclamas,</strong></span> <span class='ocrx_word' id='word_1_316' title='bbox 3593 1611 3697 1651; x_wconf 91' lang='lat' dir='ltr'><strong>non</strong></span> <span class='ocrx_word' id='word_1_317' title='bbox 3729 1592 3881 1649; x_wconf 87' lang='lat' dir='ltr'><strong>dabit</strong></span> 
     </span>
    </p>
   </div>
   <div class='ocr_carea' id='block_1_46' title="bbox 2283 1688 3884 1775">
    <p class='ocr_par' dir='ltr' id='par_1_46' title="bbox 2283 1688 3884 1775">
     <span class='ocr_line' id='line_1_46' title="bbox 2283 1688 3884 1775; baseline -0.014 -13"><span class='ocrx_word' id='word_1_318' title='bbox 2283 1707 2379 1762; x_wconf 90' lang='lat' dir='ltr'><strong>tibi</strong></span> <span class='ocrx_word' id='word_1_319' title='bbox 2405 1705 2547 1775; x_wconf 89' lang='lat' dir='ltr'><strong>quod</strong></span> <span class='ocrx_word' id='word_1_320' title='bbox 2581 1714 2752 1773; x_wconf 82' lang='lat' dir='ltr'><strong>petis;</strong></span> <span class='ocrx_word' id='word_1_321' title='bbox 2785 1701 2878 1757; x_wconf 90' lang='lat' dir='ltr'><strong>sed</strong></span> <span class='ocrx_word' id='word_1_322' title='bbox 2907 1711 3221 1758; x_wconf 79' lang='lat' dir='ltr'><strong>convertere</strong></span> <span class='ocrx_word' id='word_1_323' title='bbox 3249 1697 3316 1751; x_wconf 89' lang='lat' dir='ltr'><strong>ad</strong></span> <span class='ocrx_word' id='word_1_324' title='bbox 3348 1709 3466 1760; x_wconf 90' lang='lat' dir='ltr'><strong>me,</strong></span> <span class='ocrx_word' id='word_1_325' title='bbox 3498 1701 3554 1748; x_wconf 91' lang='lat' dir='ltr'><strong>et</strong></span> <span class='ocrx_word' id='word_1_326' title='bbox 3581 1688 3884 1744; x_wconf 76' lang='lat' dir='ltr'><strong>ausiliabor</strong></span> 
     </span>
    </p>
   </div>
   <div class='ocr_carea' id='block_1_47' title="bbox 2284 1779 3883 1864">
    <p class='ocr_par' dir='ltr' id='par_1_47' title="bbox 2284 1779 3883 1864">
     <span class='ocr_line' id='line_1_47' title="bbox 2284 1779 3883 1864; baseline -0.011 -11"><span class='ocrx_word' id='word_1_327' title='bbox 2284 1799 2403 1854; x_wconf 91' lang='lat' dir='ltr'><strong>tibi.</strong></span> <span class='ocrx_word' id='word_1_328' title='bbox 2433 1797 2586 1864; x_wconf 81' lang='lat' dir='ltr'><strong>Quod</strong></span> <span class='ocrx_word' id='word_1_329' title='bbox 2616 1797 2710 1852; x_wconf 92' lang='lat' dir='ltr'><strong>ille</strong></span> <span class='ocrx_word' id='word_1_330' title='bbox 2736 1794 2960 1851; x_wconf 87' lang='lat' dir='ltr'><strong>audiens</strong></span> <span class='ocrx_word' id='word_1_331' title='bbox 2996 1791 3260 1848; x_wconf 84' lang='lat' dir='ltr'><strong>intellexit</strong></span> <span class='ocrx_word' id='word_1_332' title='bbox 3287 1801 3474 1843; x_wconf 85' lang='lat' dir='ltr'><strong>vocem</strong></span> <span class='ocrx_word' id='word_1_333' title='bbox 3501 1798 3621 1841; x_wconf 89' lang='lat' dir='ltr'><strong>esse</strong></span> <span class='ocrx_word' id='word_1_334' title='bbox 3651 1779 3883 1838; x_wconf 89' lang='lat' dir='ltr'><strong>inimici.</strong></span> 
     </span>
    </p>
   </div>
   <div class='ocr_carea' id='block_1_48' title="bbox 2207 1865 3889 1948">
    <p class='ocr_par' dir='ltr' id='par_1_48' title="bbox 2207 1865 3889 1948">
     <span class='ocr_line' id='line_1_48' title="bbox 2207 1865 3889 1948; baseline -0.014 1"><span class='ocrx_word' id='word_1_335' title='bbox 2207 1865 2254 1930; x_wconf 71' lang='grc' dir='ltr'>Β</span> <span class='ocrx_word' id='word_1_336' title='bbox 2289 1889 2360 1948; x_wconf 88' lang='lat' dir='ltr'><strong>Et</strong></span> <span class='ocrx_word' id='word_1_337' title='bbox 2405 1905 2528 1945; x_wconf 91' lang='lat' dir='ltr'><strong>cum</strong></span> <span class='ocrx_word' id='word_1_338' title='bbox 2576 1897 2787 1946; x_wconf 83' lang='lat' dir='ltr'><strong>orasset</strong></span> <span class='ocrx_word' id='word_1_339' title='bbox 2837 1887 3004 1940; x_wconf 90' lang='lat' dir='ltr'><strong>Deum</strong></span> <span class='ocrx_word' id='word_1_340' title='bbox 3053 1894 3112 1938; x_wconf 91' lang='lat' dir='ltr'><strong>ut</strong></span> <span class='ocrx_word' id='word_1_341' title='bbox 3157 1880 3507 1936; x_wconf 79' lang='lat' dir='ltr'><strong>auxiliaretur</strong></span> <span class='ocrx_word' id='word_1_342' title='bbox 3550 1875 3652 1930; x_wconf 90' lang='lat' dir='ltr'><strong>sibi</strong></span> <span class='ocrx_word' id='word_1_343' title='bbox 3695 1881 3889 1928; x_wconf 80' lang='lat' dir='ltr'><strong>contra</strong></span> 
     </span>
    </p>
   </div>
   <div class='ocr_carea' id='block_1_49' title="bbox 2293 1965 3884 2053">
    <p class='ocr_par' dir='ltr' id='par_1_49' title="bbox 2293 1965 3884 2053">
     <span class='ocr_line' id='line_1_49' title="bbox 2293 1965 3884 2053; baseline -0.014 -10"><span class='ocrx_word' id='word_1_344' title='bbox 2293 1984 2658 2047; x_wconf 88' lang='lat' dir='ltr'><strong>tentationes,</strong></span> <span class='ocrx_word' id='word_1_345' title='bbox 2704 1980 2985 2053; x_wconf 88' lang='lat' dir='ltr'><strong>proposuit</strong></span> <span class='ocrx_word' id='word_1_346' title='bbox 3022 1976 3243 2048; x_wconf 78' lang='lat' dir='ltr'><strong>aggredi</strong></span> <span class='ocrx_word' id='word_1_347' title='bbox 3286 1971 3771 2044; x_wconf 76' lang='lat' dir='ltr'><strong>peregrinationem</strong></span> <span class='ocrx_word' id='word_1_348' title='bbox 3815 1965 3884 2022; x_wconf 88' lang='lat' dir='ltr'><strong>ad</strong></span> 
     </span>
    </p>
   </div>
   <div class='ocr_carea' id='block_1_50' title="bbox 2293 2060 3891 2136">
    <p class='ocr_par' dir='ltr' id='par_1_50' title="bbox 2293 2060 3891 2136">
     <span class='ocr_line' id='line_1_50' title="bbox 2293 2060 3891 2136; baseline -0.011 -3"><span class='ocrx_word' id='word_1_349' title='bbox 2293 2079 2542 2136; x_wconf 88' lang='lat' dir='ltr'><strong>diversos</strong></span> <span class='ocrx_word' id='word_1_350' title='bbox 2570 2083 2823 2135; x_wconf 89' lang='lat' dir='ltr'><strong>sanctos,</strong></span> <span class='ocrx_word' id='word_1_351' title='bbox 2853 2083 2912 2126; x_wconf 92' lang='lat' dir='ltr'><strong>ut</strong></span> <span class='ocrx_word' id='word_1_352' title='bbox 2942 2071 3013 2127; x_wconf 90' lang='lat' dir='ltr'><strong>ita</strong></span> <span class='ocrx_word' id='word_1_353' title='bbox 3048 2071 3229 2124; x_wconf 80' lang='lat' dir='ltr'><strong>finiret</strong></span> <span class='ocrx_word' id='word_1_354' title='bbox 3257 2067 3418 2122; x_wconf 90' lang='lat' dir='ltr'><strong>vitam</strong></span> <span class='ocrx_word' id='word_1_355' title='bbox 3461 2077 3614 2121; x_wconf 84' lang='lat' dir='ltr'><strong>suam</strong></span> <span class='ocrx_word' id='word_1_356' title='bbox 3654 2060 3891 2132; x_wconf 81' lang='lat' dir='ltr'><strong>peregri-</strong></span> 
     </span>
    </p>
   </div>
   <div class='ocr_carea' id='block_1_51' title="bbox 2292 2154 3894 2233">
    <p class='ocr_par' dir='ltr' id='par_1_51' title="bbox 2292 2154 3894 2233">
     <span class='ocr_line' id='line_1_51' title="bbox 2292 2154 3894 2233; baseline -0.011 -5"><span class='ocrx_word' id='word_1_357' title='bbox 2292 2171 2494 2228; x_wconf 88' lang='lat' dir='ltr'><strong>nando.</strong></span> <span class='ocrx_word' id='word_1_358' title='bbox 2530 2169 2596 2226; x_wconf 84' lang='lat' dir='ltr'><strong>Et</strong></span> <span class='ocrx_word' id='word_1_359' title='bbox 2629 2183 2751 2226; x_wconf 90' lang='lat' dir='ltr'><strong>cum</strong></span> <span class='ocrx_word' id='word_1_360' title='bbox 2793 2167 2887 2222; x_wconf 89' lang='lat' dir='ltr'><strong>diu</strong></span> <span class='ocrx_word' id='word_1_361' title='bbox 2929 2164 3034 2221; x_wconf 88' lang='lat' dir='ltr'><strong>hoc</strong></span> <span class='ocrx_word' id='word_1_362' title='bbox 3073 2161 3397 2233; x_wconf 83' lang='lat' dir='ltr'><strong>cogitasset,</strong></span> <span class='ocrx_word' id='word_1_363' title='bbox 3440 2165 3661 2227; x_wconf 86' lang='lat' dir='ltr'><strong>accepto</strong></span> <span class='ocrx_word' id='word_1_364' title='bbox 3699 2154 3894 2211; x_wconf 87' lang='lat' dir='ltr'><strong>baculo</strong></span> 
     </span>
    </p>
   </div>
   <div class='ocr_carea' id='block_1_52' title="bbox 2295 2253 3894 2338">
    <p class='ocr_par' dir='ltr' id='par_1_52' title="bbox 2295 2253 3894 2338">
     <span class='ocr_line' id='line_1_52' title="bbox 2295 2253 3894 2338; baseline -0.012 -14"><span class='ocrx_word' id='word_1_365' title='bbox 2295 2280 2550 2338; x_wconf 86' lang='lat' dir='ltr'><strong>egressus</strong></span> <span class='ocrx_word' id='word_1_366' title='bbox 2595 2274 2679 2320; x_wconf 89' lang='lat' dir='ltr'><strong>est</strong></span> <span class='ocrx_word' id='word_1_367' title='bbox 2729 2261 2888 2318; x_wconf 88' lang='lat' dir='ltr'><strong>nudis</strong></span> <span class='ocrx_word' id='word_1_368' title='bbox 2931 2259 3178 2336; x_wconf 89' lang='lat' dir='ltr'><strong>pedibus.</strong></span> <span class='ocrx_word' id='word_1_369' title='bbox 3223 2257 3290 2312; x_wconf 86' lang='lat' dir='ltr'><strong>Et</strong></span> <span class='ocrx_word' id='word_1_370' title='bbox 3327 2270 3448 2310; x_wconf 90' lang='lat' dir='ltr'><strong>cum</strong></span> <span class='ocrx_word' id='word_1_371' title='bbox 3492 2253 3727 2308; x_wconf 77' lang='lat' dir='ltr'><strong>venisset</strong></span> <span class='ocrx_word' id='word_1_372' title='bbox 3767 2258 3894 2305; x_wconf 87' lang='lat' dir='ltr'><strong>ante</strong></span> 
     </span>
    </p>
   </div>
   <div class='ocr_carea' id='block_1_53' title="bbox 2301 2343 3894 2432">
    <p class='ocr_par' dir='ltr' id='par_1_53' title="bbox 2301 2343 3894 2432">
     <span class='ocr_line' id='line_1_53' title="bbox 2301 2343 3894 2432; baseline -0.011 -15"><span class='ocrx_word' id='word_1_373' title='bbox 2301 2360 2587 2432; x_wconf 79' lang='lat' dir='ltr'><strong>quamdam</strong></span> <span class='ocrx_word' id='word_1_374' title='bbox 2638 2356 2957 2420; x_wconf 85' lang='lat' dir='ltr'><strong>ecclesiam,</strong></span> <span class='ocrx_word' id='word_1_375' title='bbox 3006 2352 3160 2409; x_wconf 82' lang='lat' dir='ltr'><strong>ﬂexis</strong></span> <span class='ocrx_word' id='word_1_376' title='bbox 3205 2349 3429 2422; x_wconf 77' lang='lat' dir='ltr'><strong>genibus</strong></span> <span class='ocrx_word' id='word_1_377' title='bbox 3473 2346 3682 2416; x_wconf 84' lang='lat' dir='ltr'><strong>rogavit</strong></span> <span class='ocrx_word' id='word_1_378' title='bbox 3723 2343 3894 2400; x_wconf 86' lang='lat' dir='ltr'><strong>Deum</strong></span> 
     </span>
    </p>
   </div>
   <div class='ocr_carea' id='block_1_54' title="bbox 2295 2443 3899 2512">
    <p class='ocr_par' dir='ltr' id='par_1_54' title="bbox 2295 2443 3899 2512">
     <span class='ocr_line' id='line_1_54' title="bbox 2295 2443 3899 2512; baseline -0.011 0"><span class='ocrx_word' id='word_1_379' title='bbox 2295 2463 2356 2512; x_wconf 90' lang='lat' dir='ltr'><strong>ut</strong></span> <span class='ocrx_word' id='word_1_380' title='bbox 2385 2455 2541 2511; x_wconf 85' lang='lat' dir='ltr'><strong>daret</strong></span> <span class='ocrx_word' id='word_1_381' title='bbox 2569 2453 2618 2510; x_wconf 90' lang='lat' dir='ltr'><strong>ei</strong></span> <span class='ocrx_word' id='word_1_382' title='bbox 2651 2453 2851 2512; x_wconf 83' lang='lat' dir='ltr'><strong>benum</strong></span> <span class='ocrx_word' id='word_1_383' title='bbox 2882 2447 3189 2505; x_wconf 89' lang='lat' dir='ltr'><strong>consilium.</strong></span> <span class='ocrx_word' id='word_1_384' title='bbox 3235 2444 3333 2502; x_wconf 93' lang='lat' dir='ltr'><strong>Vix</strong></span> <span class='ocrx_word' id='word_1_385' title='bbox 3379 2443 3447 2498; x_wconf 90' lang='lat' dir='ltr'><strong>ab</strong></span> <span class='ocrx_word' id='word_1_386' title='bbox 3489 2443 3732 2498; x_wconf 87' lang='lat' dir='ltr'><strong>oratione</strong></span> <span class='ocrx_word' id='word_1_387' title='bbox 3772 2455 3899 2495; x_wconf 85' lang='lat' dir='ltr'><strong>sur-</strong></span> 
     </span>
    </p>
   </div>
   <div class='ocr_carea' id='block_1_55' title="bbox 2297 2531 3898 2622">
    <p class='ocr_par' dir='ltr' id='par_1_55' title="bbox 2297 2531 3898 2622">
     <span class='ocr_line' id='line_1_55' title="bbox 2297 2531 3898 2622; baseline -0.014 -12"><span class='ocrx_word' id='word_1_388' title='bbox 2297 2561 2552 2622; x_wconf 86' lang='lat' dir='ltr'><strong>rexerat,</strong></span> <span class='ocrx_word' id='word_1_389' title='bbox 2587 2557 2642 2606; x_wconf 90' lang='lat' dir='ltr'><strong>et</strong></span> <span class='ocrx_word' id='word_1_390' title='bbox 2672 2562 2798 2609; x_wconf 88' lang='lat' dir='ltr'><strong>ecce</strong></span> <span class='ocrx_word' id='word_1_391' title='bbox 2828 2544 2999 2602; x_wconf 88' lang='lat' dir='ltr'><strong>sensit</strong></span> <span class='ocrx_word' id='word_1_392' title='bbox 3029 2543 3251 2597; x_wconf 87' lang='lat' dir='ltr'><strong>fetorem</strong></span> <span class='ocrx_word' id='word_1_393' title='bbox 3280 2553 3533 2610; x_wconf 85' lang='lat' dir='ltr'><strong>maguum</strong></span> <span class='ocrx_word' id='word_1_394' title='bbox 3557 2577 3571 2603; x_wconf 96' lang='lat'><strong>,</strong></span> <span class='ocrx_word' id='word_1_395' title='bbox 3616 2551 3711 2607; x_wconf 89' lang='lat' dir='ltr'><strong>per</strong></span> <span class='ocrx_word' id='word_1_396' title='bbox 3753 2531 3898 2605; x_wconf 88' lang='lat' dir='ltr'><strong>quod</strong></span> 
     </span>
    </p>
   </div>
   <div class='ocr_carea' id='block_1_56' title="bbox 2299 2629 3903 2701">
    <p class='ocr_par' dir='ltr' id='par_1_56' title="bbox 2299 2629 3903 2701">
     <span class='ocr_line' id='line_1_56' title="bbox 2299 2629 3903 2701; baseline -0.011 -3"><span class='ocrx_word' id='word_1_397' title='bbox 2299 2643 2571 2699; x_wconf 86' lang='lat' dir='ltr'><strong>intellexit</strong></span> <span class='ocrx_word' id='word_1_398' title='bbox 2604 2638 2882 2694; x_wconf 89' lang='lat' dir='ltr'><strong>diabolum</strong></span> <span class='ocrx_word' id='word_1_399' title='bbox 2926 2645 3192 2691; x_wconf 88' lang='lat' dir='ltr'><strong>astantent</strong></span> <span class='ocrx_word' id='word_1_400' title='bbox 3216 2676 3229 2699; x_wconf 93' lang='lat'><strong>,</strong></span> <span class='ocrx_word' id='word_1_401' title='bbox 3261 2633 3350 2700; x_wconf 86' lang='lat' dir='ltr'><strong>qui</strong></span> <span class='ocrx_word' id='word_1_402' title='bbox 3378 2632 3427 2690; x_wconf 89' lang='lat' dir='ltr'><strong>ei</strong></span> <span class='ocrx_word' id='word_1_403' title='bbox 3460 2629 3778 2701; x_wconf 76' lang='lat' dir='ltr'><strong>suggerebat</strong></span> <span class='ocrx_word' id='word_1_404' title='bbox 3813 2641 3903 2682; x_wconf 83' lang='lat' dir='ltr'><strong>re-</strong></span> 
     </span>
    </p>
   </div>
   <div class='ocr_carea' id='block_1_57' title="bbox 2210 2727 3903 2809">
    <p class='ocr_par' dir='ltr' id='par_1_57' title="bbox 2210 2727 3903 2809">
     <span class='ocr_line' id='line_1_57' title="bbox 2210 2727 3903 2809; baseline -0.01 -14"><span class='ocrx_word' id='word_1_405' title='bbox 2210 2798 2214 2801; x_wconf 71' lang='grc'><em>,</em></span> <span class='ocrx_word' id='word_1_406' title='bbox 2300 2738 2544 2809; x_wconf 88' lang='lat' dir='ltr'><strong>linquere</strong></span> <span class='ocrx_word' id='word_1_407' title='bbox 2570 2735 2816 2792; x_wconf 88' lang='lat' dir='ltr'><strong>habitum</strong></span> <span class='ocrx_word' id='word_1_408' title='bbox 2848 2733 3124 2805; x_wconf 85' lang='lat' dir='ltr'><strong>religionis</strong></span> <span class='ocrx_word' id='word_1_409' title='bbox 3154 2741 3210 2788; x_wconf 91' lang='lat' dir='ltr'><strong>et</strong></span> <span class='ocrx_word' id='word_1_410' title='bbox 3240 2731 3414 2786; x_wconf 89' lang='lat' dir='ltr'><strong>locum</strong></span> <span class='ocrx_word' id='word_1_411' title='bbox 3447 2744 3622 2784; x_wconf 89' lang='lat' dir='ltr'><strong>suum.</strong></span> <span class='ocrx_word' id='word_1_412' title='bbox 3673 2727 3738 2781; x_wconf 70' lang='lat' dir='ltr'><strong>lit</strong></span> <span class='ocrx_word' id='word_1_413' title='bbox 3779 2739 3903 2796; x_wconf 81' lang='lat' dir='ltr'><strong>gra-</strong></span> 
     </span>
    </p>
   </div>
   <div class='ocr_carea' id='block_1_58' title="bbox 2305 2816 3902 2901">
    <p class='ocr_par' dir='ltr' id='par_1_58' title="bbox 2305 2816 3902 2901">
     <span class='ocr_line' id='line_1_58' title="bbox 2305 2816 3902 2901; baseline -0.009 -15"><span class='ocrx_word' id='word_1_414' title='bbox 2305 2833 2404 2886; x_wconf 91' lang='lat' dir='ltr'><strong>tias</strong></span> <span class='ocrx_word' id='word_1_415' title='bbox 2451 2845 2617 2901; x_wconf 83' lang='lat' dir='ltr'><strong>agens</strong></span> <span class='ocrx_word' id='word_1_416' title='bbox 2663 2829 2892 2890; x_wconf 87' lang='lat' dir='ltr'><strong>Domino</strong></span> <span class='ocrx_word' id='word_1_417' title='bbox 2942 2827 3010 2883; x_wconf 92' lang='lat' dir='ltr'><strong>de</strong></span> <span class='ocrx_word' id='word_1_418' title='bbox 3053 2825 3144 2882; x_wconf 88' lang='lat' dir='ltr'><strong>tali</strong></span> <span class='ocrx_word' id='word_1_419' title='bbox 3183 2825 3375 2896; x_wconf 88' lang='lat' dir='ltr'><strong>signo,</strong></span> <span class='ocrx_word' id='word_1_420' title='bbox 3424 2834 3673 2878; x_wconf 85' lang='lat' dir='ltr'><strong>reversus</strong></span> <span class='ocrx_word' id='word_1_421' title='bbox 3709 2827 3795 2874; x_wconf 86' lang='lat' dir='ltr'><strong>est</strong></span> <span class='ocrx_word' id='word_1_422' title='bbox 3834 2816 3902 2873; x_wconf 91' lang='lat' dir='ltr'><strong>ad</strong></span> 
     </span>
    </p>
   </div>
   <div class='ocr_carea' id='block_1_59' title="bbox 2304 2911 3903 2992">
    <p class='ocr_par' dir='ltr' id='par_1_59' title="bbox 2304 2911 3903 2992">
     <span class='ocr_line' id='line_1_59' title="bbox 2304 2911 3903 2992; baseline -0.009 -12"><span class='ocrx_word' id='word_1_423' title='bbox 2304 2925 2503 2984; x_wconf 79' lang='lat' dir='ltr'><strong>fratres</strong></span> <span class='ocrx_word' id='word_1_424' title='bbox 2533 2939 2682 2982; x_wconf 89' lang='lat' dir='ltr'><strong>suos.</strong></span> <span class='ocrx_word' id='word_1_425' title='bbox 2718 2923 2816 2978; x_wconf 83' lang='lat' dir='ltr'><strong>Hic</strong></span> <span class='ocrx_word' id='word_1_426' title='bbox 2847 2919 3136 2992; x_wconf 88' lang='lat' dir='ltr'><strong>aliquando</strong></span> <span class='ocrx_word' id='word_1_427' title='bbox 3167 2919 3219 2974; x_wconf 93' lang='lat' dir='ltr'><strong>in</strong></span> <span class='ocrx_word' id='word_1_428' title='bbox 3251 2917 3388 2974; x_wconf 89' lang='lat' dir='ltr'><strong>festo</strong></span> <span class='ocrx_word' id='word_1_429' title='bbox 3429 2914 3600 2970; x_wconf 90' lang='lat' dir='ltr'><strong>saucti</strong></span> <span class='ocrx_word' id='word_1_430' title='bbox 3640 2911 3903 2983; x_wconf 86' lang='lat' dir='ltr'><strong>Stephani</strong></span> 
     </span>
    </p>
   </div>
   <div class='ocr_carea' id='block_1_60' title="bbox 2304 3005 3903 3081">
    <p class='ocr_par' dir='ltr' id='par_1_60' title="bbox 2304 3005 3903 3081">
     <span class='ocr_line' id='line_1_60' title="bbox 2304 3005 3903 3081; baseline -0.008 -7"><span class='ocrx_word' id='word_1_431' title='bbox 2304 3017 2605 3075; x_wconf 86' lang='lat' dir='ltr'><strong>dormiebat</strong></span> <span class='ocrx_word' id='word_1_432' title='bbox 2632 3015 2698 3072; x_wconf 89' lang='lat' dir='ltr'><strong>ad</strong></span> <span class='ocrx_word' id='word_1_433' title='bbox 2727 3014 3039 3072; x_wconf 88' lang='lat' dir='ltr'><strong>matutinas.</strong></span> <span class='ocrx_word' id='word_1_434' title='bbox 3069 3010 3138 3067; x_wconf 88' lang='lat' dir='ltr'><strong>Et</strong></span> <span class='ocrx_word' id='word_1_435' title='bbox 3162 3027 3284 3068; x_wconf 90' lang='lat' dir='ltr'><strong>cum</strong></span> <span class='ocrx_word' id='word_1_436' title='bbox 3313 3011 3584 3081; x_wconf 84' lang='lat' dir='ltr'><strong>legeretur</strong></span> <span class='ocrx_word' id='word_1_437' title='bbox 3611 3008 3699 3062; x_wconf 90' lang='lat' dir='ltr'><strong>illa</strong></span> <span class='ocrx_word' id='word_1_438' title='bbox 3725 3005 3903 3074; x_wconf 87' lang='lat' dir='ltr'><strong>lectio,</strong></span> 
     </span>
    </p>
   </div>
   <div class='ocr_carea' id='block_1_61' title="bbox 2314 3105 3906 3180">
    <p class='ocr_par' dir='ltr' id='par_1_61' title="bbox 2314 3105 3906 3180">
     <span class='ocr_line' id='line_1_61' title="bbox 2314 3105 3906 3180; baseline -0.009 -10"><span class='ocrx_word' id='word_1_439' title='bbox 2314 3114 2405 3170; x_wconf 90' lang='lat' dir='ltr'><strong>ubi</strong></span> <span class='ocrx_word' id='word_1_440' title='bbox 2447 3111 2682 3180; x_wconf 74' lang='lat' dir='ltr'><strong>legitur:</strong></span> <span class='ocrx_word' id='word_1_441' title='bbox 2729 3111 2798 3166; x_wconf 87' lang='lat' dir='ltr'><strong>Et</strong></span> <span class='ocrx_word' id='word_1_442' title='bbox 2841 3107 3216 3179; x_wconf 89' lang='lat' dir='ltr'><strong>lapidaverttnt</strong></span> <span class='ocrx_word' id='word_1_443' title='bbox 3254 3105 3613 3174; x_wconf 85' lang='lat' dir='ltr'><strong>Stephanum,</strong></span> <span class='ocrx_word' id='word_1_444' title='bbox 3645 3114 3906 3172; x_wconf 83' lang='lat' dir='ltr'><strong>experge-</strong></span> 
     </span>
    </p>
   </div>
   <div class='ocr_carea' id='block_1_62' title="bbox 2313 3196 3908 3273">
    <p class='ocr_par' dir='ltr' id='par_1_62' title="bbox 2313 3196 3908 3273">
     <span class='ocr_line' id='line_1_62' title="bbox 2313 3196 3908 3273; baseline -0.009 -9"><span class='ocrx_word' id='word_1_445' title='bbox 2313 3208 2486 3265; x_wconf 81' lang='lat' dir='ltr'><strong>factus</strong></span> <span class='ocrx_word' id='word_1_446' title='bbox 2515 3207 2584 3264; x_wconf 84' lang='lat' dir='ltr'><strong>ad</strong></span> <span class='ocrx_word' id='word_1_447' title='bbox 2612 3206 2716 3264; x_wconf 87' lang='lat' dir='ltr'><strong>hoc</strong></span> <span class='ocrx_word' id='word_1_448' title='bbox 2744 3204 2965 3260; x_wconf 87' lang='lat' dir='ltr'><strong>verbum</strong></span> <span class='ocrx_word' id='word_1_449' title='bbox 2990 3243 3006 3270; x_wconf 91' lang='lat'><strong>,</strong></span> <span class='ocrx_word' id='word_1_450' title='bbox 3041 3200 3389 3273; x_wconf 89' lang='lat' dir='ltr'><strong>reprehendit</strong></span> <span class='ocrx_word' id='word_1_451' title='bbox 3417 3215 3474 3254; x_wconf 87' lang='lat' dir='ltr'><strong>sc</strong></span> <span class='ocrx_word' id='word_1_452' title='bbox 3503 3198 3573 3254; x_wconf 90' lang='lat' dir='ltr'><strong>de</strong></span> <span class='ocrx_word' id='word_1_453' title='bbox 3600 3196 3908 3252; x_wconf 85' lang='lat' dir='ltr'><strong>somnolen-</strong></span> 
     </span>
    </p>
   </div>
   <div class='ocr_carea' id='block_1_63' title="bbox 606 3274 2205 3372">
    <p class='ocr_par' dir='ltr' id='par_1_63' title="bbox 606 3274 2198 3347">
     <span class='ocr_line' id='line_1_63' title="bbox 606 3274 2198 3347; baseline -0.002 -16"><span class='ocrx_word' id='word_1_454' title='bbox 606 3285 854 3346; x_wconf 86' lang='lat' dir='ltr'><strong>quartum</strong></span> <span class='ocrx_word' id='word_1_455' title='bbox 874 3319 889 3344; x_wconf 94' lang='lat'><strong>,</strong></span> <span class='ocrx_word' id='word_1_456' title='bbox 933 3276 1026 3347; x_wconf 89' lang='lat' dir='ltr'><strong>qui</strong></span> <span class='ocrx_word' id='word_1_457' title='bbox 1065 3292 1130 3333; x_wconf 79' lang='lat' dir='ltr'><strong>ex</strong></span> <span class='ocrx_word' id='word_1_458' title='bbox 1160 3276 1370 3333; x_wconf 89' lang='lat' dir='ltr'><strong>Severo</strong></span> <span class='ocrx_word' id='word_1_459' title='bbox 1398 3284 1454 3331; x_wconf 91' lang='lat' dir='ltr'><strong>et</strong></span> <span class='ocrx_word' id='word_1_460' title='bbox 1482 3275 1742 3332; x_wconf 87' lang='lat' dir='ltr'><strong>Cassiano</strong></span> <span class='ocrx_word' id='word_1_461' title='bbox 1773 3274 2039 3331; x_wconf 88' lang='lat' dir='ltr'><strong>conﬂatus</strong></span> <span class='ocrx_word' id='word_1_462' title='bbox 2070 3281 2198 3341; x_wconf 89' lang='lat' dir='ltr'><strong>est;</strong></span> 
     </span>
    </p>
   </div>
   <div class='ocr_carea' id='block_1_64' title="bbox 2305 3274 3908 3372">
    <p class='ocr_par' dir='ltr' id='par_1_64' title="bbox 2313 3290 3908 3372">
     <span class='ocr_line' id='line_1_64' title="bbox 2313 3290 3908 3372; baseline -0.009 -13"><span class='ocrx_word' id='word_1_463' title='bbox 2313 3303 2408 3372; x_wconf 87' lang='lat' dir='ltr'><strong>tia,</strong></span> <span class='ocrx_word' id='word_1_464' title='bbox 2437 3301 2660 3359; x_wconf 88' lang='lat' dir='ltr'><strong>dicens:</strong></span> <span class='ocrx_word' id='word_1_465' title='bbox 2691 3299 2784 3357; x_wconf 78' lang='lat' dir='ltr'><strong>Vae</strong></span> <span class='ocrx_word' id='word_1_466' title='bbox 2807 3298 2937 3355; x_wconf 91' lang='lat' dir='ltr'><strong>mihi</strong></span> <span class='ocrx_word' id='word_1_467' title='bbox 2957 3338 2972 3365; x_wconf 95' lang='lat'><strong>,</strong></span> <span class='ocrx_word' id='word_1_468' title='bbox 3000 3296 3125 3368; x_wconf 82' lang='lat' dir='ltr'><strong>quia</strong></span> <span class='ocrx_word' id='word_1_469' title='bbox 3154 3296 3233 3350; x_wconf 86' lang='lat' dir='ltr'><strong>sic</strong></span> <span class='ocrx_word' id='word_1_470' title='bbox 3262 3291 3477 3349; x_wconf 88' lang='lat' dir='ltr'><strong>dormio</strong></span> <span class='ocrx_word' id='word_1_471' title='bbox 3501 3291 3568 3347; x_wconf 79' lang='lat' dir='ltr'><strong>ad</strong></span> <span class='ocrx_word' id='word_1_472' title='bbox 3591 3290 3908 3357; x_wconf 83' lang='lat' dir='ltr'><strong>obsequium</strong></span> 
     </span>
    </p>
   </div>
   <div class='ocr_carea' id='block_1_65' title="bbox 606 3363 2196 3444">
    <p class='ocr_par' dir='ltr' id='par_1_65' title="bbox 606 3363 2196 3444">
     <span class='ocr_line' id='line_1_65' title="bbox 606 3363 2196 3444; baseline 0.003 -21"><span class='ocrx_word' id='word_1_473' title='bbox 606 3363 664 3423; x_wconf 69' lang='grc' dir='ltr'><strong>δ’</strong></span> <span class='ocrx_word' id='word_1_474' title='bbox 715 3377 885 3425; x_wconf 89' lang='lat' dir='ltr'><strong>totum</strong></span> <span class='ocrx_word' id='word_1_475' title='bbox 929 3369 1124 3427; x_wconf 90' lang='lat' dir='ltr'><strong>librum</strong></span> <span class='ocrx_word' id='word_1_476' title='bbox 1178 3372 1505 3441; x_wconf 90' lang='lat' dir='ltr'><strong>septimum,</strong></span> <span class='ocrx_word' id='word_1_477' title='bbox 1537 3371 1836 3444; x_wconf 89' lang='lat' dir='ltr'><strong>interprete</strong></span> <span class='ocrx_word' id='word_1_478' title='bbox 1867 3371 2196 3440; x_wconf 78' lang='lat' dir='ltr'><strong>l’aschasio;</strong></span> 
     </span>
    </p>
   </div>
   <div class='ocr_carea' id='block_1_66' title="bbox 610 3462 2202 3533">
    <p class='ocr_par' dir='ltr' id='par_1_66' title="bbox 610 3462 2202 3533">
     <span class='ocr_line' id='line_1_66' title="bbox 610 3462 2202 3533; baseline 0 -13"><span class='ocrx_word' id='word_1_479' title='bbox 610 3462 671 3520; x_wconf 69' lang='lat'><strong>4°</strong></span> <span class='ocrx_word' id='word_1_480' title='bbox 704 3474 873 3519; x_wconf 84' lang='lat' dir='ltr'><strong>tomm</strong></span> <span class='ocrx_word' id='word_1_481' title='bbox 907 3465 1104 3520; x_wconf 91' lang='lat' dir='ltr'><strong>librum</strong></span> <span class='ocrx_word' id='word_1_482' title='bbox 1135 3477 1383 3520; x_wconf 91' lang='lat' dir='ltr'><strong>octavum</strong></span> <span class='ocrx_word' id='word_1_483' title='bbox 1406 3506 1421 3532; x_wconf 95' lang='lat'><strong>,</strong></span> <span class='ocrx_word' id='word_1_484' title='bbox 1455 3480 1549 3520; x_wconf 91' lang='lat' dir='ltr'><strong>seu</strong></span> <span class='ocrx_word' id='word_1_485' title='bbox 1581 3465 1806 3521; x_wconf 88' lang='lat' dir='ltr'><strong>Palladii</strong></span> <span class='ocrx_word' id='word_1_486' title='bbox 1849 3465 2202 3533; x_wconf 90' lang='lat' dir='ltr'><strong>Lausiacam;</strong></span> 
     </span>
    </p>
   </div>
   <div class='ocr_carea' id='block_1_67' title="bbox 613 3554 2210 3623">
    <p class='ocr_par' dir='ltr' id='par_1_67' title="bbox 613 3554 2210 3623">
     <span class='ocr_line' id='line_1_67' title="bbox 613 3554 2210 3623; baseline 0.001 -12"><span class='ocrx_word' id='word_1_487' title='bbox 613 3554 672 3611; x_wconf 69' lang='lat'><strong>5°</strong></span> <span class='ocrx_word' id='word_1_488' title='bbox 719 3565 886 3610; x_wconf 91' lang='lat' dir='ltr'><strong>totum</strong></span> <span class='ocrx_word' id='word_1_489' title='bbox 941 3557 1142 3612; x_wconf 88' lang='lat' dir='ltr'><strong>librum</strong></span> <span class='ocrx_word' id='word_1_490' title='bbox 1197 3571 1437 3623; x_wconf 90' lang='lat' dir='ltr'><strong>nonum,</strong></span> <span class='ocrx_word' id='word_1_491' title='bbox 1495 3571 1593 3612; x_wconf 89' lang='lat' dir='ltr'><strong>seu</strong></span> <span class='ocrx_word' id='word_1_492' title='bbox 1645 3555 1977 3612; x_wconf 82' lang='lat' dir='ltr'><strong>Theodoreti</strong></span> <span class='ocrx_word' id='word_1_493' title='bbox 2031 3557 2210 3612; x_wconf 90' lang='lat' dir='ltr'><strong>Philo-</strong></span> 
     </span>
    </p>
   </div>
   <div class='ocr_carea' id='block_1_68' title="bbox 613 3647 2208 3715">
    <p class='ocr_par' dir='ltr' id='par_1_68' title="bbox 613 3647 2208 3715">
     <span class='ocr_line' id='line_1_68' title="bbox 613 3647 2208 3715; baseline 0 -11"><span class='ocrx_word' id='word_1_494' title='bbox 613 3647 796 3704; x_wconf 86' lang='lat' dir='ltr'><strong>theum</strong></span> <span class='ocrx_word' id='word_1_495' title='bbox 821 3665 836 3715; x_wconf 91' lang='lat'><strong>;</strong></span> <span class='ocrx_word' id='word_1_496' title='bbox 867 3649 924 3704; x_wconf 85' lang='lat'><strong>6&#39;</strong></span> <span class='ocrx_word' id='word_1_497' title='bbox 953 3657 1123 3704; x_wconf 90' lang='lat' dir='ltr'><strong>totum</strong></span> <span class='ocrx_word' id='word_1_498' title='bbox 1154 3648 1352 3705; x_wconf 85' lang='lat' dir='ltr'><strong>librum</strong></span> <span class='ocrx_word' id='word_1_499' title='bbox 1383 3649 1690 3714; x_wconf 89' lang='lat' dir='ltr'><strong>decimum,</strong></span> <span class='ocrx_word' id='word_1_500' title='bbox 1717 3663 1813 3704; x_wconf 90' lang='lat' dir='ltr'><strong>seu</strong></span> <span class='ocrx_word' id='word_1_501' title='bbox 1836 3647 2062 3705; x_wconf 80' lang='lat' dir='ltr'><strong>Joannis</strong></span> <span class='ocrx_word' id='word_1_502' title='bbox 2094 3649 2208 3704; x_wconf 83' lang='lat' dir='ltr'><strong>Mo-</strong></span> 
     </span>
    </p>
   </div>
   <div class='ocr_carea' id='block_1_69' title="bbox 615 3739 2214 3814">
    <p class='ocr_par' dir='ltr' id='par_1_69' title="bbox 615 3739 2214 3814">
     <span class='ocr_line' id='line_1_69' title="bbox 615 3739 2214 3814; baseline -0.001 -17"><span class='ocrx_word' id='word_1_503' title='bbox 615 3743 733 3798; x_wconf 84' lang='lat' dir='ltr'><strong>schi</strong></span> <span class='ocrx_word' id='word_1_504' title='bbox 773 3739 995 3798; x_wconf 82' lang='lat' dir='ltr'><strong>Pratum</strong></span> <span class='ocrx_word' id='word_1_505' title='bbox 1036 3741 1351 3813; x_wconf 90' lang='lat' dir='ltr'><strong>spirituale;</strong></span> <span class='ocrx_word' id='word_1_506' title='bbox 1381 3739 1443 3795; x_wconf 87' lang='lat'><strong>7°</strong></span> <span class='ocrx_word' id='word_1_507' title='bbox 1473 3759 1539 3798; x_wconf 87' lang='lat' dir='ltr'><strong>ex</strong></span> <span class='ocrx_word' id='word_1_508' title='bbox 1579 3741 1877 3814; x_wconf 90' lang='lat' dir='ltr'><strong>appendice</strong></span> <span class='ocrx_word' id='word_1_509' title='bbox 1919 3742 2214 3797; x_wconf 83' lang='lat' dir='ltr'><strong>Heraclidis</strong></span> 
     </span>
    </p>
   </div>
   <div class='ocr_carea' id='block_1_70' title="bbox 618 3832 2216 3908">
    <p class='ocr_par' dir='ltr' id='par_1_70' title="bbox 618 3832 2216 3908">
     <span class='ocr_line' id='line_1_70' title="bbox 618 3832 2216 3908; baseline 0.002 -18"><span class='ocrx_word' id='word_1_510' title='bbox 618 3834 932 3891; x_wconf 83' lang='lat' dir='ltr'><strong>Paradisutn</strong></span> <span class='ocrx_word' id='word_1_511' title='bbox 956 3876 970 3900; x_wconf 95' lang='lat'><strong>,</strong></span> <span class='ocrx_word' id='word_1_512' title='bbox 1016 3844 1070 3892; x_wconf 90' lang='lat' dir='ltr'><strong>et</strong></span> <span class='ocrx_word' id='word_1_513' title='bbox 1115 3832 1492 3908; x_wconf 68' lang='lat' dir='ltr'><strong>Egyptiorum</strong></span> <span class='ocrx_word' id='word_1_514' title='bbox 1534 3835 1750 3893; x_wconf 80' lang='lat' dir='ltr'><strong>Patrum</strong></span> <span class='ocrx_word' id='word_1_515' title='bbox 1774 3837 2101 3905; x_wconf 89' lang='lat' dir='ltr'><strong>sententias,</strong></span> <span class='ocrx_word' id='word_1_516' title='bbox 2133 3835 2216 3893; x_wconf 90' lang='lat' dir='ltr'><strong>in-</strong></span> 
     </span>
    </p>
   </div>
   <div class='ocr_carea' id='block_1_71' title="bbox 623 3927 1448 4000">
    <p class='ocr_par' dir='ltr' id='par_1_71' title="bbox 623 3927 1448 4000">
     <span class='ocr_line' id='line_1_71' title="bbox 623 3927 1448 4000; baseline 0 -17"><span class='ocrx_word' id='word_1_517' title='bbox 623 3936 857 4000; x_wconf 87' lang='lat' dir='ltr'><strong>terprete</strong></span> <span class='ocrx_word' id='word_1_518' title='bbox 890 3927 1118 3983; x_wconf 84' lang='lat' dir='ltr'><strong>Martino</strong></span> <span class='ocrx_word' id='word_1_519' title='bbox 1150 3928 1448 3985; x_wconf 89' lang='lat' dir='ltr'><strong>Dumiensi.</strong></span> 
     </span>
    </p>
   </div>
   <div class='ocr_carea' id='block_1_72' title="bbox 713 4043 2118 4116">
    <p class='ocr_par' dir='ltr' id='par_1_72' title="bbox 713 4043 2118 4116">
     <span class='ocr_line' id='line_1_72' title="bbox 713 4043 2118 4116; baseline -0.001 -16"><span class='ocrx_word' id='word_1_520' title='bbox 713 4045 741 4116; x_wconf 85' lang='lat'>§</span> <span class='ocrx_word' id='word_1_521' title='bbox 785 4043 876 4101; x_wconf 78' lang='lat' dir='ltr'><strong>IV.</strong></span> <span class='ocrx_word' id='word_1_522' title='bbox 918 4043 1251 4116; x_wconf 72' lang='lat' dir='ltr'><strong>(Iompgratio</strong></span> <span class='ocrx_word' id='word_1_523' title='bbox 1290 4048 1531 4102; x_wconf 66' lang='lat' dir='ltr'><strong>secunde</strong></span> <span class='ocrx_word' id='word_1_524' title='bbox 1567 4055 1616 4101; x_wconf 86' lang='lat' dir='ltr'><strong>et</strong></span> <span class='ocrx_word' id='word_1_525' title='bbox 1655 4047 1823 4102; x_wconf 69' lang='lat' dir='ltr'><strong>tertia’</strong></span> <span class='ocrx_word' id='word_1_526' title='bbox 1860 4046 2118 4102; x_wconf 78' lang='lat' dir='ltr'><strong>editionis.</strong></span> 
     </span>
    </p>
   </div>
   <div class='ocr_carea' id='block_1_73' title="bbox 693 4157 2218 4230">
    <p class='ocr_par' dir='ltr' id='par_1_73' title="bbox 693 4157 2218 4230">
     <span class='ocr_line' id='line_1_73' title="bbox 693 4157 2218 4230; baseline 0.001 -17"><span class='ocrx_word' id='word_1_527' title='bbox 693 4157 939 4215; x_wconf 87' lang='lat' dir='ltr'><strong>Secunda</strong></span> <span class='ocrx_word' id='word_1_528' title='bbox 965 4159 1130 4216; x_wconf 87' lang='lat' dir='ltr'><strong>editio</strong></span> <span class='ocrx_word' id='word_1_529' title='bbox 1156 4160 1207 4216; x_wconf 92' lang='lat' dir='ltr'><strong>in</strong></span> <span class='ocrx_word' id='word_1_530' title='bbox 1237 4160 1346 4217; x_wconf 85' lang='lat' dir='ltr'><strong>fine</strong></span> <span class='ocrx_word' id='word_1_531' title='bbox 1375 4161 1537 4217; x_wconf 85' lang='lat' dir='ltr'><strong>habet</strong></span> <span class='ocrx_word' id='word_1_532' title='bbox 1555 4161 1875 4230; x_wconf 87' lang='lat' dir='ltr'><strong>opusculum</strong></span> <span class='ocrx_word' id='word_1_533' title='bbox 1901 4159 1978 4216; x_wconf 84' lang='lat' dir='ltr'><strong>De</strong></span> <span class='ocrx_word' id='word_1_534' title='bbox 1996 4159 2150 4215; x_wconf 80' lang='lat' dir='ltr'><strong>laude</strong></span> <span class='ocrx_word' id='word_1_535' title='bbox 2171 4167 2218 4215; x_wconf 79' lang='lat' dir='ltr'><strong>et</strong></span> 
     </span>
    </p>
   </div>
   <div class='ocr_carea' id='block_1_74' title="bbox 623 4250 1973 4323">
    <p class='ocr_par' dir='ltr' id='par_1_74' title="bbox 623 4250 1973 4323">
     <span class='ocr_line' id='line_1_74' title="bbox 623 4250 1973 4323; baseline 0 -17"><span class='ocrx_word' id='word_1_536' title='bbox 623 4250 808 4319; x_wconf 75' lang='lat' dir='ltr'><strong>e/I‘ectu</strong></span> <span class='ocrx_word' id='word_1_537' title='bbox 841 4254 1123 4321; x_wconf 84' lang='lat' dir='ltr'><strong>virtutum,</strong></span> <span class='ocrx_word' id='word_1_538' title='bbox 1155 4252 1299 4323; x_wconf 91' lang='lat' dir='ltr'><strong>quod</strong></span> <span class='ocrx_word' id='word_1_539' title='bbox 1324 4251 1481 4309; x_wconf 87' lang='lat' dir='ltr'><strong>deest</strong></span> <span class='ocrx_word' id='word_1_540' title='bbox 1513 4254 1685 4309; x_wconf 69' lang='lat' dir='ltr'><strong>tertia</strong></span> <span class='ocrx_word' id='word_1_541' title='bbox 1714 4253 1973 4310; x_wconf 76' lang='lat' dir='ltr'><strong>editioni.’</strong></span> 
     </span>
    </p>
   </div>
   <div class='ocr_carea' id='block_1_75' title="bbox 697 4345 2220 4417">
    <p class='ocr_par' dir='ltr' id='par_1_75' title="bbox 697 4345 2220 4417">
     <span class='ocr_line' id='line_1_75' title="bbox 697 4345 2220 4417; baseline 0.002 -17"><span class='ocrx_word' id='word_1_542' title='bbox 697 4346 875 4401; x_wconf 86' lang='lat' dir='ltr'><strong>&#39;l‘ertia</strong></span> <span class='ocrx_word' id='word_1_543' title='bbox 903 4346 1068 4403; x_wconf 89' lang='lat' dir='ltr'><strong>editio</strong></span> <span class='ocrx_word' id='word_1_544' title='bbox 1096 4347 1212 4402; x_wconf 69' lang='lat' dir='ltr'><strong>haec</strong></span> <span class='ocrx_word' id='word_1_545' title='bbox 1242 4347 1584 4416; x_wconf 85' lang='lat' dir='ltr'><strong>particularia</strong></span> <span class='ocrx_word' id='word_1_546' title='bbox 1608 4345 1876 4413; x_wconf 87' lang='lat' dir='ltr'><strong>continet,</strong></span> <span class='ocrx_word' id='word_1_547' title='bbox 1905 4361 2025 4417; x_wconf 63' lang='lat' dir='ltr'><strong>quae</strong></span> <span class='ocrx_word' id='word_1_548' title='bbox 2049 4345 2104 4402; x_wconf 92' lang='lat' dir='ltr'><strong>in</strong></span> <span class='ocrx_word' id='word_1_549' title='bbox 2131 4359 2220 4404; x_wconf 87' lang='lat' dir='ltr'><strong>se-</strong></span> 
     </span>
    </p>
   </div>
   <div class='ocr_carea' id='block_1_76' title="bbox 627 4438 2221 4511">
    <p class='ocr_par' dir='ltr' id='par_1_76' title="bbox 627 4438 2221 4511">
     <span class='ocr_line' id='line_1_76' title="bbox 627 4438 2221 4511; baseline 0 -15"><span class='ocrx_word' id='word_1_550' title='bbox 627 4438 802 4496; x_wconf 88' lang='lat' dir='ltr'><strong>cunda</strong></span> <span class='ocrx_word' id='word_1_551' title='bbox 829 4439 1246 4506; x_wconf 88' lang='lat' dir='ltr'><strong>desiderantur;</strong></span> <span class='ocrx_word' id='word_1_552' title='bbox 1291 4441 1500 4511; x_wconf 90' lang='lat' dir='ltr'><strong>primo,</strong></span> <span class='ocrx_word' id='word_1_553' title='bbox 1536 4439 1711 4496; x_wconf 88' lang='lat' dir='ltr'><strong>Vitam</strong></span> <span class='ocrx_word' id='word_1_554' title='bbox 1755 4440 1980 4510; x_wconf 80' lang='lat' dir='ltr'><strong>Epicteti</strong></span> <span class='ocrx_word' id='word_1_555' title='bbox 2021 4447 2078 4494; x_wconf 91' lang='lat' dir='ltr'><strong>et</strong></span> <span class='ocrx_word' id='word_1_556' title='bbox 2119 4440 2221 4496; x_wconf 81' lang='lat' dir='ltr'><strong>As-</strong></span> 
     </span>
    </p>
   </div>
   <div class='ocr_carea' id='block_1_77' title="bbox 625 4529 2222 4602">
    <p class='ocr_par' dir='ltr' id='par_1_77' title="bbox 625 4529 2222 4602">
     <span class='ocr_line' id='line_1_77' title="bbox 625 4529 2222 4602; baseline 0 -16"><span class='ocrx_word' id='word_1_557' title='bbox 625 4531 788 4587; x_wconf 86' lang='lat' dir='ltr'><strong>tionis</strong></span> <span class='ocrx_word' id='word_1_558' title='bbox 809 4569 826 4597; x_wconf 87' lang='lat'><strong>,</strong></span> <span class='ocrx_word' id='word_1_559' title='bbox 859 4541 910 4587; x_wconf 91' lang='lat' dir='ltr'><strong>et</strong></span> <span class='ocrx_word' id='word_1_560' title='bbox 942 4530 1118 4587; x_wconf 90' lang='lat' dir='ltr'><strong>Vitam</strong></span> <span class='ocrx_word' id='word_1_561' title='bbox 1147 4531 1399 4588; x_wconf 87' lang='lat' dir='ltr'><strong>Barlaam</strong></span> <span class='ocrx_word' id='word_1_562' title='bbox 1441 4541 1494 4588; x_wconf 89' lang='lat' dir='ltr'><strong>et</strong></span> <span class='ocrx_word' id='word_1_563' title='bbox 1533 4531 1794 4602; x_wconf 84' lang='lat' dir='ltr'><strong>Josaphat</strong></span> <span class='ocrx_word' id='word_1_564' title='bbox 1814 4572 1829 4597; x_wconf 93' lang='lat'><strong>,</strong></span> <span class='ocrx_word' id='word_1_565' title='bbox 1859 4541 1912 4586; x_wconf 89' lang='lat' dir='ltr'><strong>et</strong></span> <span class='ocrx_word' id='word_1_566' title='bbox 1943 4530 2091 4586; x_wconf 84' lang='lat' dir='ltr'><strong>Vitas</strong></span> <span class='ocrx_word' id='word_1_567' title='bbox 2119 4529 2222 4586; x_wconf 89' lang='lat' dir='ltr'><strong>Fa-</strong></span> 
     </span>
    </p>
   </div>
   <div class='ocr_carea' id='block_1_78' title="bbox 627 4623 2219 4695">
    <p class='ocr_par' dir='ltr' id='par_1_78' title="bbox 627 4623 2219 4695">
     <span class='ocr_line' id='line_1_78' title="bbox 627 4623 2219 4695; baseline 0.003 -17"><span class='ocrx_word' id='word_1_568' title='bbox 627 4626 785 4679; x_wconf 79' lang='lat' dir='ltr'><strong>biolae</strong></span> <span class='ocrx_word' id='word_1_569' title='bbox 812 4633 867 4680; x_wconf 92' lang='lat' dir='ltr'><strong>et</strong></span> <span class='ocrx_word' id='word_1_570' title='bbox 897 4623 1179 4680; x_wconf 46' lang='lat' dir='ltr'><strong>Marcella).</strong></span> <span class='ocrx_word' id='word_1_571' title='bbox 1214 4623 1345 4680; x_wconf 85' lang='lat' dir='ltr'><strong>Item</strong></span> <span class='ocrx_word' id='word_1_572' title='bbox 1373 4624 1630 4695; x_wconf 81' lang='lat' dir='ltr'><strong>epistolas</strong></span> <span class='ocrx_word' id='word_1_573' title='bbox 1655 4624 1827 4679; x_wconf 84' lang='lat' dir='ltr'><strong>sancti</strong></span> <span class='ocrx_word' id='word_1_574' title='bbox 1874 4624 2092 4679; x_wconf 82' lang='lat' dir='ltr'><strong>Antonii</strong></span> <span class='ocrx_word' id='word_1_575' title='bbox 2117 4667 2134 4690; x_wconf 92' lang='lat'><strong>,</strong></span> <span class='ocrx_word' id='word_1_576' title='bbox 2163 4635 2219 4682; x_wconf 88' lang='lat' dir='ltr'><strong>et</strong></span> 
     </span>
    </p>
   </div>
   <div class='ocr_carea' id='block_1_79' title="bbox 628 4717 2214 4789">
    <p class='ocr_par' dir='ltr' id='par_1_79' title="bbox 628 4717 2214 4789">
     <span class='ocr_line' id='line_1_79' title="bbox 628 4717 2214 4789; baseline 0.001 -17"><span class='ocrx_word' id='word_1_577' title='bbox 628 4719 910 4789; x_wconf 87' lang='lat' dir='ltr'><strong>epistolam</strong></span> <span class='ocrx_word' id='word_1_578' title='bbox 942 4718 1193 4785; x_wconf 81' lang='lat' dir='ltr'><strong>Macarii,</strong></span> <span class='ocrx_word' id='word_1_579' title='bbox 1223 4730 1276 4773; x_wconf 91' lang='lat' dir='ltr'><strong>et</strong></span> <span class='ocrx_word' id='word_1_580' title='bbox 1305 4719 1617 4775; x_wconf 76' lang='lat' dir='ltr'><strong>Miraculum</strong></span> <span class='ocrx_word' id='word_1_581' title='bbox 1652 4717 1867 4787; x_wconf 83' lang='lat' dir='ltr'><strong>aliquod</strong></span> <span class='ocrx_word' id='word_1_582' title='bbox 1897 4718 2070 4773; x_wconf 85' lang='lat' dir='ltr'><strong>sancti</strong></span> <span class='ocrx_word' id='word_1_583' title='bbox 2099 4718 2214 4774; x_wconf 81' lang='lat' dir='ltr'><strong>An-</strong></span> 
     </span>
    </p>
   </div>
   <div class='ocr_carea' id='block_1_80' title="bbox 628 4813 2218 4879">
    <p class='ocr_par' dir='ltr' id='par_1_80' title="bbox 628 4813 2218 4879">
     <span class='ocr_line' id='line_1_80' title="bbox 628 4813 2218 4879; baseline -0.001 -11"><span class='ocrx_word' id='word_1_584' title='bbox 628 4813 760 4869; x_wconf 88' lang='lat' dir='ltr'><strong>tonii</strong></span> <span class='ocrx_word' id='word_1_585' title='bbox 789 4829 819 4869; x_wconf 93' lang='lat' dir='ltr'><strong>e</strong></span> <span class='ocrx_word' id='word_1_586' title='bbox 846 4813 1165 4868; x_wconf 89' lang='lat' dir='ltr'><strong>Germanico</strong></span> <span class='ocrx_word' id='word_1_587' title='bbox 1211 4813 1263 4867; x_wconf 91' lang='lat' dir='ltr'><strong>in</strong></span> <span class='ocrx_word' id='word_1_588' title='bbox 1306 4814 1553 4870; x_wconf 88' lang='lat' dir='ltr'><strong>Latinum</strong></span> <span class='ocrx_word' id='word_1_589' title='bbox 1609 4814 1964 4879; x_wconf 88' lang='lat' dir='ltr'><strong>translatum,</strong></span> <span class='ocrx_word' id='word_1_590' title='bbox 2009 4827 2218 4868; x_wconf 91' lang='lat' dir='ltr'><strong>necnon</strong></span> 
     </span>
    </p>
   </div>
   <div class='ocr_carea' id='block_1_81' title="bbox 628 4904 2219 4975">
    <p class='ocr_par' dir='ltr' id='par_1_81' title="bbox 628 4904 2219 4975">
     <span class='ocr_line' id='line_1_81' title="bbox 628 4904 2219 4975; baseline 0.001 -16"><span class='ocrx_word' id='word_1_591' title='bbox 628 4904 709 4961; x_wconf 87' lang='lat' dir='ltr'><strong>De</strong></span> <span class='ocrx_word' id='word_1_592' title='bbox 739 4906 947 4959; x_wconf 85' lang='lat' dir='ltr'><strong>muliere</strong></span> <span class='ocrx_word' id='word_1_593' title='bbox 981 4904 1289 4960; x_wconf 79' lang='lat' dir='ltr'><strong>Vercelleusi</strong></span> <span class='ocrx_word' id='word_1_594' title='bbox 1321 4907 1506 4975; x_wconf 81' lang='lat' dir='ltr'><strong>septies</strong></span> <span class='ocrx_word' id='word_1_595' title='bbox 1535 4907 1665 4973; x_wconf 87' lang='lat' dir='ltr'><strong>icta,</strong></span> <span class='ocrx_word' id='word_1_596' title='bbox 1694 4914 1914 4962; x_wconf 88' lang='lat' dir='ltr'><strong>auctore</strong></span> <span class='ocrx_word' id='word_1_597' title='bbox 1940 4905 2065 4961; x_wconf 85' lang='lat' dir='ltr'><strong>divo</strong></span> <span class='ocrx_word' id='word_1_598' title='bbox 2093 4904 2219 4961; x_wconf 83' lang='lat' dir='ltr'><strong>Ilie—</strong></span> 
     </span>
    </p>
   </div>
   <div class='ocr_carea' id='block_1_82' title="bbox 629 4997 2224 5071">
    <p class='ocr_par' dir='ltr' id='par_1_82' title="bbox 629 4997 2224 5071">
     <span class='ocr_line' id='line_1_82' title="bbox 629 4997 2224 5071; baseline -0.003 -15"><span class='ocrx_word' id='word_1_599' title='bbox 629 5014 891 5071; x_wconf 86' lang='lat' dir='ltr'><strong>ronymo;</strong></span> <span class='ocrx_word' id='word_1_600' title='bbox 923 4997 1196 5068; x_wconf 89' lang='lat' dir='ltr'><strong>secundo,</strong></span> <span class='ocrx_word' id='word_1_601' title='bbox 1229 5009 1395 5055; x_wconf 89' lang='lat' dir='ltr'><strong>totum</strong></span> <span class='ocrx_word' id='word_1_602' title='bbox 1438 4999 1650 5054; x_wconf 89' lang='lat' dir='ltr'><strong>tertium</strong></span> <span class='ocrx_word' id='word_1_603' title='bbox 1698 4998 1892 5054; x_wconf 91' lang='lat' dir='ltr'><strong>librum</strong></span> <span class='ocrx_word' id='word_1_604' title='bbox 1917 5039 1932 5064; x_wconf 94' lang='lat'><strong>,</strong></span> <span class='ocrx_word' id='word_1_605' title='bbox 1975 5013 2096 5068; x_wconf 68' lang='lat' dir='ltr'><strong>quae</strong></span> <span class='ocrx_word' id='word_1_606' title='bbox 2136 5007 2224 5054; x_wconf 89' lang='lat' dir='ltr'><strong>est</strong></span> 
     </span>
    </p>
   </div>
   <div class='ocr_carea' id='block_1_83' title="bbox 630 5090 2222 5161">
    <p class='ocr_par' dir='ltr' id='par_1_83' title="bbox 630 5090 2222 5161">
     <span class='ocr_line' id='line_1_83' title="bbox 630 5090 2222 5161; baseline -0.003 -13"><span class='ocrx_word' id='word_1_607' title='bbox 630 5092 887 5150; x_wconf 88' lang='lat' dir='ltr'><strong>Lausiaca</strong></span> <span class='ocrx_word' id='word_1_608' title='bbox 919 5091 1144 5148; x_wconf 86' lang='lat' dir='ltr'><strong>Palladii</strong></span> <span class='ocrx_word' id='word_1_609' title='bbox 1185 5107 1254 5147; x_wconf 85' lang='lat' dir='ltr'><strong>ex</strong></span> <span class='ocrx_word' id='word_1_610' title='bbox 1293 5090 1459 5147; x_wconf 89' lang='lat' dir='ltr'><strong>veteri</strong></span> <span class='ocrx_word' id='word_1_611' title='bbox 1498 5091 1984 5161; x_wconf 82' lang='lat' dir='ltr'><strong>interpretatione;</strong></span> <span class='ocrx_word' id='word_1_612' title='bbox 2031 5091 2222 5159; x_wconf 88' lang='lat' dir='ltr'><strong>tertio,</strong></span> 
     </span>
    </p>
   </div>
   <div class='ocr_carea' id='block_1_84' title="bbox 637 5183 2224 5258">
    <p class='ocr_par' dir='ltr' id='par_1_84' title="bbox 637 5183 2224 5258">
     <span class='ocr_line' id='line_1_84' title="bbox 637 5183 2224 5258; baseline -0.001 -17"><span class='ocrx_word' id='word_1_613' title='bbox 637 5198 843 5256; x_wconf 88' lang='lat' dir='ltr'><strong>partem</strong></span> <span class='ocrx_word' id='word_1_614' title='bbox 873 5188 996 5245; x_wconf 89' lang='lat' dir='ltr'><strong>libri</strong></span> <span class='ocrx_word' id='word_1_615' title='bbox 1025 5185 1228 5258; x_wconf 91' lang='lat' dir='ltr'><strong>quinti,</strong></span> <span class='ocrx_word' id='word_1_616' title='bbox 1261 5201 1377 5242; x_wconf 92' lang='lat' dir='ltr'><strong>eam</strong></span> <span class='ocrx_word' id='word_1_617' title='bbox 1407 5184 1694 5254; x_wconf 89' lang='lat' dir='ltr'><strong>videlicet,</strong></span> <span class='ocrx_word' id='word_1_618' title='bbox 1725 5185 1778 5241; x_wconf 93' lang='lat' dir='ltr'><strong>in</strong></span> <span class='ocrx_word' id='word_1_619' title='bbox 1809 5199 1914 5256; x_wconf 88' lang='lat' dir='ltr'><strong>qua</strong></span> <span class='ocrx_word' id='word_1_620' title='bbox 1942 5183 2224 5241; x_wconf 88' lang='lat' dir='ltr'><strong>continen-</strong></span> 
     </span>
    </p>
   </div>
   <div class='ocr_carea' id='block_1_85' title="bbox 637 5280 1362 5340">
    <p class='ocr_par' dir='ltr' id='par_1_85' title="bbox 637 5280 1362 5340">
     <span class='ocr_line' id='line_1_85' title="bbox 637 5280 1362 5340; baseline -0.006 -2"><span class='ocrx_word' id='word_1_621' title='bbox 637 5291 722 5339; x_wconf 90' lang='lat' dir='ltr'><strong>tur</strong></span> <span class='ocrx_word' id='word_1_622' title='bbox 752 5285 1030 5340; x_wconf 89' lang='lat' dir='ltr'><strong>breviores</strong></span> <span class='ocrx_word' id='word_1_623' title='bbox 1058 5280 1362 5339; x_wconf 73' lang='lat' dir='ltr'><strong>sententize.</strong></span> 
     </span>
    </p>
   </div>
   <div class='ocr_carea' id='block_1_86' title="bbox 727 5370 2131 5448">
    <p class='ocr_par' dir='ltr' id='par_1_86' title="bbox 727 5370 2131 5448">
     <span class='ocr_line' id='line_1_86' title="bbox 727 5370 2131 5448; baseline -0.003 -18"><span class='ocrx_word' id='word_1_624' title='bbox 727 5374 756 5446; x_wconf 84' lang='lat'>§</span> <span class='ocrx_word' id='word_1_625' title='bbox 795 5373 862 5429; x_wconf 89' lang='lat' dir='ltr'><strong>V.</strong></span> <span class='ocrx_word' id='word_1_626' title='bbox 903 5374 1234 5448; x_wconf 76' lang='lat' dir='ltr'><strong>Coniparatio</strong></span> <span class='ocrx_word' id='word_1_627' title='bbox 1272 5371 1512 5428; x_wconf 69' lang='lat' dir='ltr'><strong>secunda:</strong></span> <span class='ocrx_word' id='word_1_628' title='bbox 1548 5381 1598 5428; x_wconf 83' lang='lat' dir='ltr'><strong>et</strong></span> <span class='ocrx_word' id='word_1_629' title='bbox 1636 5384 1834 5442; x_wconf 80' lang='lat' dir='ltr'><strong>quartte</strong></span> <span class='ocrx_word' id='word_1_630' title='bbox 1870 5370 2131 5426; x_wconf 76' lang='lat' dir='ltr'><strong>editionis.</strong></span> 
     </span>
    </p>
   </div>
   <div class='ocr_carea' id='block_1_87' title="bbox 710 5463 2228 5539">
    <p class='ocr_par' dir='ltr' id='par_1_87' title="bbox 710 5463 2228 5539">
     <span class='ocr_line' id='line_1_87' title="bbox 710 5463 2228 5539; baseline -0.002 -18"><span class='ocrx_word' id='word_1_631' title='bbox 710 5465 954 5522; x_wconf 88' lang='lat' dir='ltr'><strong>Secunda</strong></span> <span class='ocrx_word' id='word_1_632' title='bbox 981 5468 1147 5523; x_wconf 89' lang='lat' dir='ltr'><strong>editio</strong></span> <span class='ocrx_word' id='word_1_633' title='bbox 1177 5465 1308 5524; x_wconf 90' lang='lat' dir='ltr'><strong>nihil</strong></span> <span class='ocrx_word' id='word_1_634' title='bbox 1338 5465 1610 5539; x_wconf 89' lang='lat' dir='ltr'><strong>singulare</strong></span> <span class='ocrx_word' id='word_1_635' title='bbox 1636 5464 1834 5533; x_wconf 82' lang='lat' dir='ltr'><strong>habet,</strong></span> <span class='ocrx_word' id='word_1_636' title='bbox 1863 5463 2005 5536; x_wconf 91' lang='lat' dir='ltr'><strong>quod</strong></span> <span class='ocrx_word' id='word_1_637' title='bbox 2035 5478 2140 5521; x_wconf 90' lang='lat' dir='ltr'><strong>non</strong></span> <span class='ocrx_word' id='word_1_638' title='bbox 2171 5463 2228 5519; x_wconf 87' lang='lat' dir='ltr'><strong>in</strong></span> 
     </span>
    </p>
   </div>
   <div class='ocr_carea' id='block_1_88' title="bbox 639 5554 2228 5632">
    <p class='ocr_par' dir='ltr' id='par_1_88' title="bbox 639 5554 2228 5632">
     <span class='ocr_line' id='line_1_88' title="bbox 639 5554 2228 5632; baseline -0.002 -17"><span class='ocrx_word' id='word_1_639' title='bbox 639 5569 828 5632; x_wconf 91' lang='lat' dir='ltr'><strong>quarta</strong></span> <span class='ocrx_word' id='word_1_640' title='bbox 857 5561 1180 5631; x_wconf 90' lang='lat' dir='ltr'><strong>reperiatur.</strong></span> <span class='ocrx_word' id='word_1_641' title='bbox 1212 5561 1383 5618; x_wconf 86' lang='lat' dir='ltr'><strong>Omisi</strong></span> <span class='ocrx_word' id='word_1_642' title='bbox 1412 5569 1619 5616; x_wconf 87' lang='lat' dir='ltr'><strong>tantum</strong></span> <span class='ocrx_word' id='word_1_643' title='bbox 1653 5575 1720 5618; x_wconf 89' lang='lat' dir='ltr'><strong>ex</strong></span> <span class='ocrx_word' id='word_1_644' title='bbox 1751 5558 1923 5629; x_wconf 88' lang='lat' dir='ltr'><strong>prima</strong></span> <span class='ocrx_word' id='word_1_645' title='bbox 1954 5566 2106 5630; x_wconf 89' lang='lat' dir='ltr'><strong>parte</strong></span> <span class='ocrx_word' id='word_1_646' title='bbox 2138 5554 2228 5612; x_wconf 85' lang='lat' dir='ltr'><strong>Vi-</strong></span> 
     </span>
    </p>
   </div>
   <div class='ocr_carea' id='block_1_89' title="bbox 641 5649 2229 5724">
    <p class='ocr_par' dir='ltr' id='par_1_89' title="bbox 641 5649 2229 5724">
     <span class='ocr_line' id='line_1_89' title="bbox 641 5649 2229 5724; baseline -0.001 -16"><span class='ocrx_word' id='word_1_647' title='bbox 641 5662 750 5708; x_wconf 87' lang='lat' dir='ltr'><strong>tam</strong></span> <span class='ocrx_word' id='word_1_648' title='bbox 781 5655 950 5708; x_wconf 86' lang='lat' dir='ltr'><strong>sancti</strong></span> <span class='ocrx_word' id='word_1_649' title='bbox 993 5653 1284 5710; x_wconf 86' lang='lat' dir='ltr'><strong>Christiani</strong></span> <span class='ocrx_word' id='word_1_650' title='bbox 1323 5653 1781 5721; x_wconf 85' lang='lat' dir='ltr'><strong>Cenomanensis,</strong></span> <span class='ocrx_word' id='word_1_651' title='bbox 1825 5668 1944 5724; x_wconf 87' lang='lat' dir='ltr'><strong>quae</strong></span> <span class='ocrx_word' id='word_1_652' title='bbox 1987 5652 2120 5708; x_wconf 88' lang='lat' dir='ltr'><strong>nihil</strong></span> <span class='ocrx_word' id='word_1_653' title='bbox 2159 5649 2229 5707; x_wconf 89' lang='lat' dir='ltr'><strong>ad</strong></span> 
     </span>
    </p>
   </div>
   <div class='ocr_carea' id='block_1_90' title="bbox 640 5744 2232 5819">
    <p class='ocr_par' dir='ltr' id='par_1_90' title="bbox 640 5744 2232 5819">
     <span class='ocr_line' id='line_1_90' title="bbox 640 5744 2232 5819; baseline -0.001 -19"><span class='ocrx_word' id='word_1_654' title='bbox 640 5744 796 5804; x_wconf 81' lang='lat' dir='ltr'><strong>Vitas</strong></span> <span class='ocrx_word' id='word_1_655' title='bbox 825 5746 1039 5803; x_wconf 87' lang='lat' dir='ltr'><strong>Patrum</strong></span> <span class='ocrx_word' id='word_1_656' title='bbox 1083 5746 1460 5819; x_wconf 60' lang='lat' dir='ltr'><strong>Egyptiorum</strong></span> <span class='ocrx_word' id='word_1_657' title='bbox 1501 5760 1554 5808; x_wconf 90' lang='lat' dir='ltr'><strong>et</strong></span> <span class='ocrx_word' id='word_1_658' title='bbox 1593 5747 1944 5808; x_wconf 85' lang='lat' dir='ltr'><strong>Orientalium</strong></span> <span class='ocrx_word' id='word_1_659' title='bbox 1983 5745 2147 5814; x_wconf 89' lang='lat' dir='ltr'><strong>facit,</strong></span> <span class='ocrx_word' id='word_1_660' title='bbox 2179 5752 2232 5802; x_wconf 90' lang='lat' dir='ltr'><strong>et</strong></span> 
     </span>
    </p>
   </div>
   <div class='ocr_carea' id='block_1_91' title="bbox 642 5839 2232 5918">
    <p class='ocr_par' dir='ltr' id='par_1_91' title="bbox 642 5839 2232 5918">
     <span class='ocr_line' id='line_1_91' title="bbox 642 5839 2232 5918; baseline 0.001 -22"><span class='ocrx_word' id='word_1_661' title='bbox 642 5841 829 5898; x_wconf 86' lang='lat' dir='ltr'><strong>nescio</strong></span> <span class='ocrx_word' id='word_1_662' title='bbox 859 5843 1130 5913; x_wconf 88' lang='lat' dir='ltr'><strong>quomodo</strong></span> <span class='ocrx_word' id='word_1_663' title='bbox 1157 5842 1298 5900; x_wconf 87' lang='lat' dir='ltr'><strong>inter</strong></span> <span class='ocrx_word' id='word_1_664' title='bbox 1328 5844 1426 5902; x_wconf 89' lang='lat' dir='ltr'><strong>has</strong></span> <span class='ocrx_word' id='word_1_665' title='bbox 1459 5845 1603 5902; x_wconf 88' lang='lat' dir='ltr'><strong>Vitas</strong></span> <span class='ocrx_word' id='word_1_666' title='bbox 1647 5844 1944 5918; x_wconf 81' lang='lat' dir='ltr'><strong>irrepserit.</strong></span> <span class='ocrx_word' id='word_1_667' title='bbox 1991 5839 2069 5900; x_wconf 76' lang='lat' dir='ltr'><strong>Ne</strong></span> <span class='ocrx_word' id='word_1_668' title='bbox 2111 5840 2232 5914; x_wconf 84' lang='lat' dir='ltr'><strong>quis</strong></span> 
     </span>
    </p>
   </div>
   <div class='ocr_carea' id='block_1_92' title="bbox 643 5937 1631 6007">
    <p class='ocr_par' dir='ltr' id='par_1_92' title="bbox 643 5937 1631 6007">
     <span class='ocr_line' id='line_1_92' title="bbox 643 5937 1631 6007; baseline 0.001 -15"><span class='ocrx_word' id='word_1_669' title='bbox 643 5944 825 5995; x_wconf 84' lang='lat' dir='ltr'><strong>tamen</strong></span> <span class='ocrx_word' id='word_1_670' title='bbox 855 5951 975 5995; x_wconf 88' lang='lat' dir='ltr'><strong>eam</strong></span> <span class='ocrx_word' id='word_1_671' title='bbox 1003 5937 1310 6007; x_wconf 87' lang='lat' dir='ltr'><strong>desideret,</strong></span> <span class='ocrx_word' id='word_1_672' title='bbox 1341 5938 1631 5996; x_wconf 88' lang='lat' dir='ltr'><strong>eccistam:</strong></span> 
     </span>
    </p>
   </div>
   <div class='ocr_carea' id='block_1_93' title="bbox 2315 3381 3910 3456">
    <p class='ocr_par' dir='ltr' id='par_1_93' title="bbox 2315 3381 3910 3456">
     <span class='ocr_line' id='line_1_93' title="bbox 2315 3381 3910 3456; baseline -0.009 -3"><span class='ocrx_word' id='word_1_673' title='bbox 2315 3396 2436 3454; x_wconf 90' lang='lat' dir='ltr'><strong>Dei.</strong></span> <span class='ocrx_word' id='word_1_674' title='bbox 2469 3395 2574 3452; x_wconf 87' lang='lat' dir='ltr'><strong>Iste</strong></span> <span class='ocrx_word' id='word_1_675' title='bbox 2606 3402 2823 3450; x_wconf 88' lang='lat' dir='ltr'><strong>sanctus</strong></span> <span class='ocrx_word' id='word_1_676' title='bbox 2850 3407 2960 3448; x_wconf 91' lang='lat' dir='ltr'><strong>non</strong></span> <span class='ocrx_word' id='word_1_677' title='bbox 2983 3387 3286 3445; x_wconf 86' lang='lat' dir='ltr'><strong>dormiebat</strong></span> <span class='ocrx_word' id='word_1_678' title='bbox 3308 3383 3524 3456; x_wconf 86' lang='lat' dir='ltr'><strong>quando</strong></span> <span class='ocrx_word' id='word_1_679' title='bbox 3552 3381 3910 3452; x_wconf 85' lang='lat' dir='ltr'><strong>lapidabatur,</strong></span> 
     </span>
    </p>
   </div>
   <div class='ocr_carea' id='block_1_94' title="bbox 2315 3477 3904 3561">
    <p class='ocr_par' dir='ltr' id='par_1_94' title="bbox 2315 3477 3904 3561">
     <span class='ocr_line' id='line_1_94' title="bbox 2315 3477 3904 3561; baseline -0.011 -14"><span class='ocrx_word' id='word_1_680' title='bbox 2315 3499 2371 3548; x_wconf 85' lang='lat' dir='ltr'><strong>et</strong></span> <span class='ocrx_word' id='word_1_681' title='bbox 2397 3505 2495 3561; x_wconf 90' lang='lat' dir='ltr'><strong>pro</strong></span> <span class='ocrx_word' id='word_1_682' title='bbox 2523 3486 2960 3561; x_wconf 86' lang='lat' dir='ltr'><strong>persecutoribus</strong></span> <span class='ocrx_word' id='word_1_683' title='bbox 2983 3482 3198 3549; x_wconf 85' lang='lat' dir='ltr'><strong>orabat;</strong></span> <span class='ocrx_word' id='word_1_684' title='bbox 3228 3489 3283 3538; x_wconf 88' lang='lat' dir='ltr'><strong>et</strong></span> <span class='ocrx_word' id='word_1_685' title='bbox 3305 3495 3403 3552; x_wconf 85' lang='lat' dir='ltr'><strong>ego</strong></span> <span class='ocrx_word' id='word_1_686' title='bbox 3427 3479 3590 3535; x_wconf 83' lang='lat' dir='ltr'><strong>miser</strong></span> <span class='ocrx_word' id='word_1_687' title='bbox 3611 3477 3904 3532; x_wconf 87' lang='lat' dir='ltr'><strong>debueram</strong></span> 
     </span>
    </p>
   </div>
   <div class='ocr_carea' id='block_1_95' title="bbox 2313 3579 3912 3653">
    <p class='ocr_par' dir='ltr' id='par_1_95' title="bbox 2313 3579 3912 3653">
     <span class='ocr_line' id='line_1_95' title="bbox 2313 3579 3912 3653; baseline -0.011 -13"><span class='ocrx_word' id='word_1_688' title='bbox 2313 3597 2506 3653; x_wconf 84' lang='lat' dir='ltr'><strong>rogare</strong></span> <span class='ocrx_word' id='word_1_689' title='bbox 2558 3582 2720 3637; x_wconf 90' lang='lat' dir='ltr'><strong>istum</strong></span> <span class='ocrx_word' id='word_1_690' title='bbox 2768 3589 3014 3635; x_wconf 87' lang='lat' dir='ltr'><strong>sanctum</strong></span> <span class='ocrx_word' id='word_1_691' title='bbox 3058 3586 3348 3648; x_wconf 84' lang='lat' dir='ltr'><strong>martyrem</strong></span> <span class='ocrx_word' id='word_1_692' title='bbox 3395 3581 3454 3630; x_wconf 86' lang='lat' dir='ltr'><strong>ut</strong></span> <span class='ocrx_word' id='word_1_693' title='bbox 3496 3580 3614 3628; x_wconf 85' lang='lat' dir='ltr'><strong>oret</strong></span> <span class='ocrx_word' id='word_1_694' title='bbox 3661 3586 3756 3640; x_wconf 88' lang='lat' dir='ltr'><strong>pro</strong></span> <span class='ocrx_word' id='word_1_695' title='bbox 3803 3579 3912 3623; x_wconf 79' lang='lat' dir='ltr'><strong>me.</strong></span> 
     </span>
    </p>
   </div>
   <div class='ocr_carea' id='block_1_96' title="bbox 2316 3667 3913 3746">
    <p class='ocr_par' dir='ltr' id='par_1_96' title="bbox 2316 3667 3913 3746">
     <span class='ocr_line' id='line_1_96' title="bbox 2316 3667 3913 3746; baseline -0.009 -12"><span class='ocrx_word' id='word_1_696' title='bbox 2316 3675 2382 3734; x_wconf 83' lang='lat' dir='ltr'><strong>Et</strong></span> <span class='ocrx_word' id='word_1_697' title='bbox 2421 3680 2546 3746; x_wconf 90' lang='lat' dir='ltr'><strong>post</strong></span> <span class='ocrx_word' id='word_1_698' title='bbox 2583 3673 2686 3728; x_wconf 83' lang='lat' dir='ltr'><strong>hoc</strong></span> <span class='ocrx_word' id='word_1_699' title='bbox 2727 3672 2894 3742; x_wconf 70' lang='lat' dir='ltr'><strong>erepit</strong></span> <span class='ocrx_word' id='word_1_700' title='bbox 2932 3670 3293 3728; x_wconf 88' lang='lat' dir='ltr'><strong>intentissime</strong></span> <span class='ocrx_word' id='word_1_701' title='bbox 3332 3667 3588 3739; x_wconf 82' lang='lat' dir='ltr'><strong>vigilare,</strong></span> <span class='ocrx_word' id='word_1_702' title='bbox 3621 3672 3678 3720; x_wconf 83' lang='lat' dir='ltr'><strong>et</strong></span> <span class='ocrx_word' id='word_1_703' title='bbox 3716 3677 3913 3734; x_wconf 83' lang='lat' dir='ltr'><strong>rogare</strong></span> 
     </span>
    </p>
   </div>
   <div class='ocr_carea' id='block_1_97' title="bbox 2319 3761 3917 3844">
    <p class='ocr_par' dir='ltr' id='par_1_97' title="bbox 2319 3761 3917 3844">
     <span class='ocr_line' id='line_1_97' title="bbox 2319 3761 3917 3844; baseline -0.009 -12"><span class='ocrx_word' id='word_1_704' title='bbox 2319 3782 2569 3832; x_wconf 89' lang='lat' dir='ltr'><strong>sanctum</strong></span> <span class='ocrx_word' id='word_1_705' title='bbox 2618 3771 2951 3844; x_wconf 88' lang='lat' dir='ltr'><strong>Stephanum</strong></span> <span class='ocrx_word' id='word_1_706' title='bbox 3002 3782 3060 3827; x_wconf 90' lang='lat' dir='ltr'><strong>ut</strong></span> <span class='ocrx_word' id='word_1_707' title='bbox 3095 3779 3275 3826; x_wconf 85' lang='lat' dir='ltr'><strong>oraret</strong></span> <span class='ocrx_word' id='word_1_708' title='bbox 3315 3783 3413 3837; x_wconf 85' lang='lat' dir='ltr'><strong>pro</strong></span> <span class='ocrx_word' id='word_1_709' title='bbox 3451 3782 3532 3822; x_wconf 85' lang='lat' dir='ltr'><strong>se.</strong></span> <span class='ocrx_word' id='word_1_710' title='bbox 3577 3762 3632 3820; x_wconf 83' lang='lat' dir='ltr'><strong>in</strong></span> <span class='ocrx_word' id='word_1_711' title='bbox 3671 3761 3917 3818; x_wconf 85' lang='lat' dir='ltr'><strong>crastino</strong></span> 
     </span>
    </p>
   </div>
   <div class='ocr_carea' id='block_1_98' title="bbox 2326 3856 3924 3934">
    <p class='ocr_par' dir='ltr' id='par_1_98' title="bbox 2326 3856 3924 3934">
     <span class='ocr_line' id='line_1_98' title="bbox 2326 3856 3924 3934; baseline -0.009 -10"><span class='ocrx_word' id='word_1_712' title='bbox 2326 3885 2450 3924; x_wconf 91' lang='lat' dir='ltr'><strong>eum</strong></span> <span class='ocrx_word' id='word_1_713' title='bbox 2481 3877 2626 3925; x_wconf 89' lang='lat' dir='ltr'><strong>esset</strong></span> <span class='ocrx_word' id='word_1_714' title='bbox 2655 3868 2708 3923; x_wconf 91' lang='lat' dir='ltr'><strong>in</strong></span> <span class='ocrx_word' id='word_1_715' title='bbox 2738 3865 3026 3924; x_wconf 88' lang='lat' dir='ltr'><strong>refectorio</strong></span> <span class='ocrx_word' id='word_1_716' title='bbox 3049 3906 3062 3931; x_wconf 93' lang='lat'><strong>,</strong></span> <span class='ocrx_word' id='word_1_717' title='bbox 3091 3873 3378 3934; x_wconf 87' lang='lat' dir='ltr'><strong>antequam</strong></span> <span class='ocrx_word' id='word_1_718' title='bbox 3409 3856 3609 3930; x_wconf 85' lang='lat' dir='ltr'><strong>aliquid</strong></span> <span class='ocrx_word' id='word_1_719' title='bbox 3644 3862 3924 3924; x_wconf 82' lang='lat' dir='ltr'><strong>gustaret,</strong></span> 
     </span>
    </p>
   </div>
   <div class='ocr_carea' id='block_1_99' title="bbox 2320 3949 3927 4028">
    <p class='ocr_par' dir='ltr' id='par_1_99' title="bbox 2320 3949 3927 4028">
     <span class='ocr_line' id='line_1_99' title="bbox 2320 3949 3927 4028; baseline -0.011 -9"><span class='ocrx_word' id='word_1_720' title='bbox 2320 3963 2470 4020; x_wconf 88' lang='lat' dir='ltr'><strong>venit</strong></span> <span class='ocrx_word' id='word_1_721' title='bbox 2497 3975 2603 4020; x_wconf 88' lang='lat' dir='ltr'><strong>vox</strong></span> <span class='ocrx_word' id='word_1_722' title='bbox 2635 3961 2704 4018; x_wconf 91' lang='lat' dir='ltr'><strong>ad</strong></span> <span class='ocrx_word' id='word_1_723' title='bbox 2731 3975 2885 4028; x_wconf 88' lang='lat' dir='ltr'><strong>eum,</strong></span> <span class='ocrx_word' id='word_1_724' title='bbox 2917 3958 3106 4014; x_wconf 85' lang='lat' dir='ltr'><strong>dicens</strong></span> <span class='ocrx_word' id='word_1_725' title='bbox 3133 3973 3148 4011; x_wconf 93' lang='lat'><strong>:</strong></span> <span class='ocrx_word' id='word_1_726' title='bbox 3179 3955 3261 4012; x_wconf 84' lang='lat' dir='ltr'><strong>Tu</strong></span> <span class='ocrx_word' id='word_1_727' title='bbox 3291 3951 3524 4010; x_wconf 87' lang='lat' dir='ltr'><strong>intendis</strong></span> <span class='ocrx_word' id='word_1_728' title='bbox 3566 3949 3632 4004; x_wconf 88' lang='lat' dir='ltr'><strong>ad</strong></span> <span class='ocrx_word' id='word_1_729' title='bbox 3674 3956 3927 4002; x_wconf 85' lang='lat' dir='ltr'><strong>terrenas</strong></span> 
     </span>
    </p>
   </div>
   <div class='ocr_carea' id='block_1_100' title="bbox 2329 4038 3926 4124">
    <p class='ocr_par' dir='ltr' id='par_1_100' title="bbox 2329 4038 3926 4124">
     <span class='ocr_line' id='line_1_100' title="bbox 2329 4038 3926 4124; baseline -0.012 -11"><span class='ocrx_word' id='word_1_730' title='bbox 2329 4069 2516 4124; x_wconf 86' lang='lat' dir='ltr'><strong>escas,</strong></span> <span class='ocrx_word' id='word_1_731' title='bbox 2545 4063 2600 4112; x_wconf 90' lang='lat' dir='ltr'><strong>et</strong></span> <span class='ocrx_word' id='word_1_732' title='bbox 2629 4068 2733 4110; x_wconf 90' lang='lat' dir='ltr'><strong>non</strong></span> <span class='ocrx_word' id='word_1_733' title='bbox 2766 4053 2974 4122; x_wconf 90' lang='lat' dir='ltr'><strong>cogitas</strong></span> <span class='ocrx_word' id='word_1_734' title='bbox 3005 4051 3074 4107; x_wconf 92' lang='lat' dir='ltr'><strong>de</strong></span> <span class='ocrx_word' id='word_1_735' title='bbox 3112 4049 3346 4119; x_wconf 85' lang='lat' dir='ltr'><strong>glorioso</strong></span> <span class='ocrx_word' id='word_1_736' title='bbox 3389 4050 3788 4114; x_wconf 85' lang='lat' dir='ltr'><strong>protomartyre</strong></span> <span class='ocrx_word' id='word_1_737' title='bbox 3825 4038 3926 4109; x_wconf 86' lang='lat' dir='ltr'><strong>qui</strong></span> 
     </span>
    </p>
   </div>
   <div class='ocr_carea' id='block_1_101' title="bbox 2322 4133 3930 4217">
    <p class='ocr_par' dir='ltr' id='par_1_101' title="bbox 2322 4133 3930 4217">
     <span class='ocr_line' id='line_1_101' title="bbox 2322 4133 3930 4217; baseline -0.009 -13"><span class='ocrx_word' id='word_1_738' title='bbox 2322 4157 2445 4204; x_wconf 90' lang='lat' dir='ltr'><strong>orat</strong></span> <span class='ocrx_word' id='word_1_739' title='bbox 2477 4161 2576 4217; x_wconf 90' lang='lat' dir='ltr'><strong>pro</strong></span> <span class='ocrx_word' id='word_1_740' title='bbox 2605 4154 2677 4201; x_wconf 90' lang='lat' dir='ltr'><strong>te.</strong></span> <span class='ocrx_word' id='word_1_741' title='bbox 2708 4144 2860 4200; x_wconf 90' lang='lat' dir='ltr'><strong>Tunc</strong></span> <span class='ocrx_word' id='word_1_742' title='bbox 2890 4141 3061 4213; x_wconf 90' lang='lat' dir='ltr'><strong>aperti</strong></span> <span class='ocrx_word' id='word_1_743' title='bbox 3102 4149 3228 4198; x_wconf 90' lang='lat' dir='ltr'><strong>sunt</strong></span> <span class='ocrx_word' id='word_1_744' title='bbox 3267 4136 3408 4194; x_wconf 90' lang='lat' dir='ltr'><strong>oculi</strong></span> <span class='ocrx_word' id='word_1_745' title='bbox 3450 4136 3603 4207; x_wconf 86' lang='lat' dir='ltr'><strong>ejus,</strong></span> <span class='ocrx_word' id='word_1_746' title='bbox 3646 4142 3701 4190; x_wconf 92' lang='lat' dir='ltr'><strong>et</strong></span> <span class='ocrx_word' id='word_1_747' title='bbox 3739 4133 3930 4190; x_wconf 77' lang='lat' dir='ltr'><strong>levans</strong></span> 
     </span>
    </p>
   </div>
   <div class='ocr_carea' id='block_1_102' title="bbox 2325 4235 3927 4305">
    <p class='ocr_par' dir='ltr' id='par_1_102' title="bbox 2325 4235 3927 4305">
     <span class='ocr_line' id='line_1_102' title="bbox 2325 4235 3927 4305; baseline -0.012 -7"><span class='ocrx_word' id='word_1_748' title='bbox 2325 4241 2515 4298; x_wconf 89' lang='lat' dir='ltr'><strong>oculos</strong></span> <span class='ocrx_word' id='word_1_749' title='bbox 2551 4241 2604 4295; x_wconf 91' lang='lat' dir='ltr'><strong>in</strong></span> <span class='ocrx_word' id='word_1_750' title='bbox 2633 4238 2865 4303; x_wconf 62' lang='lat' dir='ltr'><strong>caelum,</strong></span> <span class='ocrx_word' id='word_1_751' title='bbox 2902 4235 3034 4290; x_wconf 89' lang='lat' dir='ltr'><strong>vidit</strong></span> <span class='ocrx_word' id='word_1_752' title='bbox 3064 4242 3354 4305; x_wconf 85' lang='lat' dir='ltr'><strong>martyrem</strong></span> <span class='ocrx_word' id='word_1_753' title='bbox 3397 4238 3644 4286; x_wconf 89' lang='lat' dir='ltr'><strong>orantem</strong></span> <span class='ocrx_word' id='word_1_754' title='bbox 3687 4241 3786 4296; x_wconf 91' lang='lat' dir='ltr'><strong>pro</strong></span> <span class='ocrx_word' id='word_1_755' title='bbox 3824 4239 3927 4293; x_wconf 88' lang='lat' dir='ltr'><strong>se,</strong></span> 
     </span>
    </p>
   </div>
   <div class='ocr_carea' id='block_1_103' title="bbox 2322 4319 3930 4397">
    <p class='ocr_par' dir='ltr' id='par_1_103' title="bbox 2322 4319 3930 4397">
     <span class='ocr_line' id='line_1_103' title="bbox 2322 4319 3930 4397; baseline -0.012 -3"><span class='ocrx_word' id='word_1_756' title='bbox 2322 4336 2463 4394; x_wconf 86' lang='lat' dir='ltr'><strong>sicut</strong></span> <span class='ocrx_word' id='word_1_757' title='bbox 2487 4350 2591 4392; x_wconf 87' lang='lat' dir='ltr'><strong>vox</strong></span> <span class='ocrx_word' id='word_1_758' title='bbox 2620 4333 2671 4390; x_wconf 89' lang='lat' dir='ltr'><strong>ei</strong></span> <span class='ocrx_word' id='word_1_759' title='bbox 2697 4333 2924 4388; x_wconf 80' lang='lat' dir='ltr'><strong>dixerat.</strong></span> <span class='ocrx_word' id='word_1_760' title='bbox 2958 4328 3113 4397; x_wconf 88' lang='lat' dir='ltr'><strong>Quod</strong></span> <span class='ocrx_word' id='word_1_761' title='bbox 3142 4341 3262 4383; x_wconf 91' lang='lat' dir='ltr'><strong>cum</strong></span> <span class='ocrx_word' id='word_1_762' title='bbox 3289 4326 3553 4393; x_wconf 77' lang='lat' dir='ltr'><strong>dixisset,</strong></span> <span class='ocrx_word' id='word_1_763' title='bbox 3590 4319 3767 4378; x_wconf 88' lang='lat' dir='ltr'><strong>statim</strong></span> <span class='ocrx_word' id='word_1_764' title='bbox 3799 4334 3930 4375; x_wconf 86' lang='lat' dir='ltr'><strong>sur-</strong></span> 
     </span>
    </p>
   </div>
   <div class='ocr_carea' id='block_1_104' title="bbox 2326 4423 3932 4505">
    <p class='ocr_par' dir='ltr' id='par_1_104' title="bbox 2326 4423 3932 4505">
     <span class='ocr_line' id='line_1_104' title="bbox 2326 4423 3932 4505; baseline -0.012 -14"><span class='ocrx_word' id='word_1_765' title='bbox 2326 4436 2464 4492; x_wconf 87' lang='lat' dir='ltr'><strong>rexit</strong></span> <span class='ocrx_word' id='word_1_766' title='bbox 2507 4442 2563 4491; x_wconf 90' lang='lat' dir='ltr'><strong>et</strong></span> <span class='ocrx_word' id='word_1_767' title='bbox 2610 4431 2768 4505; x_wconf 89' lang='lat' dir='ltr'><strong>petiit</strong></span> <span class='ocrx_word' id='word_1_768' title='bbox 2817 4431 2993 4488; x_wconf 90' lang='lat' dir='ltr'><strong>locum</strong></span> <span class='ocrx_word' id='word_1_769' title='bbox 3044 4435 3313 4486; x_wconf 89' lang='lat' dir='ltr'><strong>secretum</strong></span> <span class='ocrx_word' id='word_1_770' title='bbox 3362 4425 3413 4480; x_wconf 93' lang='lat' dir='ltr'><strong>in</strong></span> <span class='ocrx_word' id='word_1_771' title='bbox 3458 4437 3566 4492; x_wconf 85' lang='lat' dir='ltr'><strong>quo</strong></span> <span class='ocrx_word' id='word_1_772' title='bbox 3611 4428 3822 4485; x_wconf 84' lang='lat' dir='ltr'><strong>oraret,</strong></span> <span class='ocrx_word' id='word_1_773' title='bbox 3871 4423 3932 4473; x_wconf 87' lang='lat' dir='ltr'><strong>et</strong></span> 
     </span>
    </p>
   </div>
   <div class='ocr_carea' id='block_1_105' title="bbox 2332 4511 3934 4594">
    <p class='ocr_par' dir='ltr' id='par_1_105' title="bbox 2332 4511 3934 4594">
     <span class='ocr_line' id='line_1_105' title="bbox 2332 4511 3934 4594; baseline -0.014 -8"><span class='ocrx_word' id='word_1_774' title='bbox 2332 4529 2508 4586; x_wconf 90' lang='lat' dir='ltr'><strong>dixit:</strong></span> <span class='ocrx_word' id='word_1_775' title='bbox 2551 4529 2751 4584; x_wconf 88' lang='lat' dir='ltr'><strong>Sancte</strong></span> <span class='ocrx_word' id='word_1_776' title='bbox 2793 4523 3096 4594; x_wconf 89' lang='lat' dir='ltr'><strong>Stepltane,</strong></span> <span class='ocrx_word' id='word_1_777' title='bbox 3141 4535 3275 4593; x_wconf 90' lang='lat' dir='ltr'><strong>quas</strong></span> <span class='ocrx_word' id='word_1_778' title='bbox 3314 4519 3408 4575; x_wconf 89' lang='lat' dir='ltr'><strong>tibi</strong></span> <span class='ocrx_word' id='word_1_779' title='bbox 3437 4518 3642 4589; x_wconf 84' lang='lat' dir='ltr'><strong>gratias</strong></span> <span class='ocrx_word' id='word_1_780' title='bbox 3670 4524 3823 4582; x_wconf 86' lang='lat' dir='ltr'><strong>agam</strong></span> <span class='ocrx_word' id='word_1_781' title='bbox 3857 4511 3934 4566; x_wconf 88' lang='lat' dir='ltr'><strong>de</strong></span> 
     </span>
    </p>
   </div>
   <div class='ocr_carea' id='block_1_106' title="bbox 2336 4603 3934 4683">
    <p class='ocr_par' dir='ltr' id='par_1_106' title="bbox 2336 4603 3934 4683">
     <span class='ocr_line' id='line_1_106' title="bbox 2336 4603 3934 4683; baseline -0.014 -3"><span class='ocrx_word' id='word_1_782' title='bbox 2336 4633 2485 4680; x_wconf 88' lang='lat' dir='ltr'><strong>tanto</strong></span> <span class='ocrx_word' id='word_1_783' title='bbox 2516 4618 2782 4678; x_wconf 84' lang='lat' dir='ltr'><strong>beneficio</strong></span> <span class='ocrx_word' id='word_1_784' title='bbox 2812 4615 2947 4673; x_wconf 66' lang='lat' dir='ltr'><strong>tuo!</strong></span> <span class='ocrx_word' id='word_1_785' title='bbox 2977 4614 3122 4672; x_wconf 86' lang='lat' dir='ltr'><strong>Nihil</strong></span> <span class='ocrx_word' id='word_1_786' title='bbox 3154 4614 3328 4670; x_wconf 88' lang='lat' dir='ltr'><strong>habeo</strong></span> <span class='ocrx_word' id='word_1_787' title='bbox 3354 4611 3626 4683; x_wconf 89' lang='lat' dir='ltr'><strong>proprium</strong></span> <span class='ocrx_word' id='word_1_788' title='bbox 3655 4603 3797 4676; x_wconf 88' lang='lat' dir='ltr'><strong>quod</strong></span> <span class='ocrx_word' id='word_1_789' title='bbox 3829 4603 3934 4658; x_wconf 85' lang='lat' dir='ltr'><strong>tibi</strong></span> 
     </span>
    </p>
   </div>
   <div class='ocr_carea' id='block_1_107' title="bbox 2328 4704 3933 4782">
    <p class='ocr_par' dir='ltr' id='par_1_107' title="bbox 2328 4704 3933 4782">
     <span class='ocr_line' id='line_1_107' title="bbox 2328 4704 3933 4782; baseline -0.014 -10"><span class='ocrx_word' id='word_1_790' title='bbox 2328 4716 2486 4782; x_wconf 87' lang='lat' dir='ltr'><strong>dem;</strong></span> <span class='ocrx_word' id='word_1_791' title='bbox 2521 4712 2617 4770; x_wconf 88' lang='lat' dir='ltr'><strong>sed</strong></span> <span class='ocrx_word' id='word_1_792' title='bbox 2651 4721 2828 4768; x_wconf 87' lang='lat' dir='ltr'><strong>tamen</strong></span> <span class='ocrx_word' id='word_1_793' title='bbox 2865 4710 2968 4766; x_wconf 89' lang='lat' dir='ltr'><strong>hoc</strong></span> <span class='ocrx_word' id='word_1_794' title='bbox 2999 4708 3068 4765; x_wconf 91' lang='lat' dir='ltr'><strong>do</strong></span> <span class='ocrx_word' id='word_1_795' title='bbox 3099 4708 3194 4763; x_wconf 88' lang='lat' dir='ltr'><strong>tibi</strong></span> <span class='ocrx_word' id='word_1_796' title='bbox 3223 4704 3364 4777; x_wconf 91' lang='lat' dir='ltr'><strong>quod</strong></span> <span class='ocrx_word' id='word_1_797' title='bbox 3393 4704 3588 4760; x_wconf 79' lang='lat' dir='ltr'><strong>amotio</strong></span> <span class='ocrx_word' id='word_1_798' title='bbox 3617 4714 3713 4771; x_wconf 89' lang='lat' dir='ltr'><strong>pro</strong></span> <span class='ocrx_word' id='word_1_799' title='bbox 3738 4706 3933 4752; x_wconf 86' lang='lat' dir='ltr'><strong>amore</strong></span> 
     </span>
    </p>
   </div>
   <div class='ocr_carea' id='block_1_108' title="bbox 2329 4788 3936 4870">
    <p class='ocr_par' dir='ltr' id='par_1_108' title="bbox 2329 4788 3936 4870">
     <span class='ocr_line' id='line_1_108' title="bbox 2329 4788 3936 4870; baseline -0.013 -7"><span class='ocrx_word' id='word_1_800' title='bbox 2329 4809 2404 4863; x_wconf 91' lang='lat' dir='ltr'><strong>tui</strong></span> <span class='ocrx_word' id='word_1_801' title='bbox 2451 4824 2558 4863; x_wconf 93' lang='lat' dir='ltr'><strong>non</strong></span> <span class='ocrx_word' id='word_1_802' title='bbox 2599 4807 2790 4862; x_wconf 88' lang='lat' dir='ltr'><strong>induar</strong></span> <span class='ocrx_word' id='word_1_803' title='bbox 2834 4805 3027 4870; x_wconf 87' lang='lat' dir='ltr'><strong>lineis,</strong></span> <span class='ocrx_word' id='word_1_804' title='bbox 3071 4802 3166 4859; x_wconf 89' lang='lat' dir='ltr'><strong>sed</strong></span> <span class='ocrx_word' id='word_1_805' title='bbox 3213 4802 3379 4857; x_wconf 85' lang='lat' dir='ltr'><strong>laneis</strong></span> <span class='ocrx_word' id='word_1_806' title='bbox 3421 4810 3664 4861; x_wconf 88' lang='lat' dir='ltr'><strong>tantum,</strong></span> <span class='ocrx_word' id='word_1_807' title='bbox 3698 4788 3842 4860; x_wconf 90' lang='lat' dir='ltr'><strong>quod</strong></span> <span class='ocrx_word' id='word_1_808' title='bbox 3873 4796 3936 4843; x_wconf 87' lang='lat' dir='ltr'><strong>et</strong></span> 
     </span>
    </p>
   </div>
   <div class='ocr_carea' id='block_1_109' title="bbox 2328 4883 3937 4965">
    <p class='ocr_par' dir='ltr' id='par_1_109' title="bbox 2328 4883 3937 4965">
     <span class='ocr_line' id='line_1_109' title="bbox 2328 4883 3937 4965; baseline -0.013 -9"><span class='ocrx_word' id='word_1_809' title='bbox 2328 4899 2476 4956; x_wconf 87' lang='lat' dir='ltr'><strong>fecit.</strong></span> <span class='ocrx_word' id='word_1_810' title='bbox 2512 4899 2607 4954; x_wconf 87' lang='lat' dir='ltr'><strong>Hic</strong></span> <span class='ocrx_word' id='word_1_811' title='bbox 2641 4914 2762 4954; x_wconf 93' lang='lat' dir='ltr'><strong>cum</strong></span> <span class='ocrx_word' id='word_1_812' title='bbox 2807 4905 2995 4965; x_wconf 86' lang='lat' dir='ltr'><strong>postea</strong></span> <span class='ocrx_word' id='word_1_813' title='bbox 3041 4907 3281 4950; x_wconf 79' lang='lat' dir='ltr'><strong>moneret</strong></span> <span class='ocrx_word' id='word_1_814' title='bbox 3327 4903 3557 4946; x_wconf 85' lang='lat' dir='ltr'><strong>caeteros</strong></span> <span class='ocrx_word' id='word_1_815' title='bbox 3600 4895 3655 4941; x_wconf 92' lang='lat' dir='ltr'><strong>ut</strong></span> <span class='ocrx_word' id='word_1_816' title='bbox 3690 4885 3745 4939; x_wconf 81' lang='lat' dir='ltr'><strong>in</strong></span> <span class='ocrx_word' id='word_1_817' title='bbox 3785 4883 3937 4937; x_wconf 90' lang='lat' dir='ltr'><strong>bono</strong></span> 
     </span>
    </p>
   </div>
   <div class='ocr_carea' id='block_1_110' title="bbox 2330 4973 3934 5065">
    <p class='ocr_par' dir='ltr' id='par_1_110' title="bbox 2330 4973 3934 5065">
     <span class='ocr_line' id='line_1_110' title="bbox 2330 4973 3934 5065; baseline -0.014 -14"><span class='ocrx_word' id='word_1_818' title='bbox 2330 4993 2613 5065; x_wconf 91' lang='lat' dir='ltr'><strong>proposito</strong></span> <span class='ocrx_word' id='word_1_819' title='bbox 2671 4992 3064 5061; x_wconf 86' lang='lat' dir='ltr'><strong>persisterent,</strong></span> <span class='ocrx_word' id='word_1_820' title='bbox 3118 4985 3414 5048; x_wconf 84' lang='lat' dir='ltr'><strong>narrabat,</strong></span> <span class='ocrx_word' id='word_1_821' title='bbox 3474 4981 3710 5038; x_wconf 90' lang='lat' dir='ltr'><strong>dicens:</strong></span> <span class='ocrx_word' id='word_1_822' title='bbox 3767 4973 3934 5032; x_wconf 85' lang='lat' dir='ltr'><strong>Eram</strong></span> 
     </span>
    </p>
   </div>
   <div class='ocr_carea' id='block_1_111' title="bbox 2334 5067 3934 5156">
    <p class='ocr_par' dir='ltr' id='par_1_111' title="bbox 2334 5067 3934 5156">
     <span class='ocr_line' id='line_1_111' title="bbox 2334 5067 3934 5156; baseline -0.01 -16"><span class='ocrx_word' id='word_1_823' title='bbox 2334 5084 2622 5156; x_wconf 86' lang='lat' dir='ltr'><strong>aliquando</strong></span> <span class='ocrx_word' id='word_1_824' title='bbox 2652 5084 2707 5139; x_wconf 90' lang='lat' dir='ltr'><strong>in</strong></span> <span class='ocrx_word' id='word_1_825' title='bbox 2738 5081 3230 5150; x_wconf 81' lang='lat' dir='ltr'><strong>Castiuetojacens</strong></span> <span class='ocrx_word' id='word_1_826' title='bbox 3275 5079 3327 5134; x_wconf 91' lang='lat' dir='ltr'><strong>in</strong></span> <span class='ocrx_word' id='word_1_827' title='bbox 3371 5080 3511 5132; x_wconf 86' lang='lat' dir='ltr'><strong>lecto</strong></span> <span class='ocrx_word' id='word_1_828' title='bbox 3556 5073 3717 5145; x_wconf 88' lang='lat' dir='ltr'><strong>pleno</strong></span> <span class='ocrx_word' id='word_1_829' title='bbox 3761 5067 3934 5140; x_wconf 81' lang='lat' dir='ltr'><strong>paleis</strong></span> 
     </span>
    </p>
   </div>
   <div class='ocr_carea' id='block_1_112' title="bbox 2332 5171 3934 5244">
    <p class='ocr_par' dir='ltr' id='par_1_112' title="bbox 2332 5171 3934 5244">
     <span class='ocr_line' id='line_1_112' title="bbox 2332 5171 3934 5244; baseline -0.012 -9"><span class='ocrx_word' id='word_1_830' title='bbox 2332 5179 2386 5235; x_wconf 91' lang='lat' dir='ltr'><strong>in</strong></span> <span class='ocrx_word' id='word_1_831' title='bbox 2415 5177 2615 5234; x_wconf 88' lang='lat' dir='ltr'><strong>solario</strong></span> <span class='ocrx_word' id='word_1_832' title='bbox 2641 5177 2908 5244; x_wconf 89' lang='lat' dir='ltr'><strong>quodatn,</strong></span> <span class='ocrx_word' id='word_1_833' title='bbox 2953 5185 3009 5233; x_wconf 88' lang='lat' dir='ltr'><strong>et</strong></span> <span class='ocrx_word' id='word_1_834' title='bbox 3053 5190 3173 5230; x_wconf 89' lang='lat' dir='ltr'><strong>cum</strong></span> <span class='ocrx_word' id='word_1_835' title='bbox 3208 5171 3401 5228; x_wconf 82' lang='lat' dir='ltr'><strong>vellem</strong></span> <span class='ocrx_word' id='word_1_836' title='bbox 3440 5181 3762 5239; x_wconf 75' lang='lat' dir='ltr'><strong>repensare,</strong></span> <span class='ocrx_word' id='word_1_837' title='bbox 3805 5176 3934 5217; x_wconf 87' lang='lat' dir='ltr'><strong>sen-</strong></span> 
     </span>
    </p>
   </div>
   <div class='ocr_carea' id='block_1_113' title="bbox 2333 5253 3931 5340">
    <p class='ocr_par' dir='ltr' id='par_1_113' title="bbox 2333 5253 3931 5340">
     <span class='ocr_line' id='line_1_113' title="bbox 2333 5253 3931 5340; baseline -0.012 -14"><span class='ocrx_word' id='word_1_838' title='bbox 2333 5271 2530 5326; x_wconf 89' lang='lat' dir='ltr'><strong>tiebam</strong></span> <span class='ocrx_word' id='word_1_839' title='bbox 2573 5270 2753 5325; x_wconf 88' lang='lat' dir='ltr'><strong>nescio</strong></span> <span class='ocrx_word' id='word_1_840' title='bbox 2793 5267 2919 5340; x_wconf 90' lang='lat' dir='ltr'><strong>quid</strong></span> <span class='ocrx_word' id='word_1_841' title='bbox 2969 5268 3110 5339; x_wconf 89' lang='lat' dir='ltr'><strong>quod</strong></span> <span class='ocrx_word' id='word_1_842' title='bbox 3157 5279 3217 5323; x_wconf 86' lang='lat' dir='ltr'><strong>se</strong></span> <span class='ocrx_word' id='word_1_843' title='bbox 3261 5267 3506 5325; x_wconf 74' lang='lat' dir='ltr'><strong>movebat</strong></span> <span class='ocrx_word' id='word_1_844' title='bbox 3550 5258 3654 5314; x_wconf 86' lang='lat' dir='ltr'><strong>sub</strong></span> <span class='ocrx_word' id='word_1_845' title='bbox 3698 5253 3931 5311; x_wconf 87' lang='lat' dir='ltr'><strong>renibus</strong></span> 
     </span>
    </p>
   </div>
   <div class='ocr_carea' id='block_1_114' title="bbox 2331 5348 3934 5434">
    <p class='ocr_par' dir='ltr' id='par_1_114' title="bbox 2331 5348 3934 5434">
     <span class='ocr_line' id='line_1_114' title="bbox 2331 5348 3934 5434; baseline -0.014 -12"><span class='ocrx_word' id='word_1_846' title='bbox 2331 5365 2487 5426; x_wconf 88' lang='lat' dir='ltr'><strong>meis.</strong></span> <span class='ocrx_word' id='word_1_847' title='bbox 2520 5364 2640 5426; x_wconf 81' lang='lat' dir='ltr'><strong>Dixi</strong></span> <span class='ocrx_word' id='word_1_848' title='bbox 2669 5379 2879 5434; x_wconf 89' lang='lat' dir='ltr'><strong>quoque</strong></span> <span class='ocrx_word' id='word_1_849' title='bbox 2909 5364 3012 5422; x_wconf 87' lang='lat' dir='ltr'><strong>hoc</strong></span> <span class='ocrx_word' id='word_1_850' title='bbox 3044 5362 3304 5431; x_wconf 81' lang='lat' dir='ltr'><strong>magistro</strong></span> <span class='ocrx_word' id='word_1_851' title='bbox 3335 5371 3486 5420; x_wconf 90' lang='lat' dir='ltr'><strong>meo,</strong></span> <span class='ocrx_word' id='word_1_852' title='bbox 3518 5352 3612 5410; x_wconf 88' lang='lat' dir='ltr'><strong>sed</strong></span> <span class='ocrx_word' id='word_1_853' title='bbox 3645 5350 3733 5406; x_wconf 67' lang='lat' dir='ltr'><strong>illa</strong></span> <span class='ocrx_word' id='word_1_854' title='bbox 3762 5348 3934 5403; x_wconf 76' lang='lat' dir='ltr'><strong>motio</strong></span> 
     </span>
    </p>
   </div>
   <div class='ocr_carea' id='block_1_115' title="bbox 2334 5440 3930 5531">
    <p class='ocr_par' dir='ltr' id='par_1_115' title="bbox 2334 5440 3930 5531">
     <span class='ocr_line' id='line_1_115' title="bbox 2334 5440 3930 5531; baseline -0.014 -16"><span class='ocrx_word' id='word_1_855' title='bbox 2334 5474 2442 5516; x_wconf 88' lang='lat' dir='ltr'><strong>non</strong></span> <span class='ocrx_word' id='word_1_856' title='bbox 2494 5458 2717 5531; x_wconf 54' lang='lat' dir='ltr'><strong>quiet-it.</strong></span> <span class='ocrx_word' id='word_1_857' title='bbox 2775 5456 3015 5525; x_wconf 78' lang='lat' dir='ltr'><strong>Quadam</strong></span> <span class='ocrx_word' id='word_1_858' title='bbox 3066 5463 3245 5511; x_wconf 85' lang='lat' dir='ltr'><strong>autem</strong></span> <span class='ocrx_word' id='word_1_859' title='bbox 3295 5451 3385 5506; x_wconf 89' lang='lat' dir='ltr'><strong>die</strong></span> <span class='ocrx_word' id='word_1_860' title='bbox 3434 5447 3734 5516; x_wconf 76' lang='lat' dir='ltr'><strong>inspirante</strong></span> <span class='ocrx_word' id='word_1_861' title='bbox 3794 5440 3930 5494; x_wconf 87' lang='lat' dir='ltr'><strong>mihi</strong></span> 
     </span>
    </p>
   </div>
   <div class='ocr_carea' id='block_1_116' title="bbox 2337 5541 3935 5622">
    <p class='ocr_par' dir='ltr' id='par_1_116' title="bbox 2337 5541 3935 5622">
     <span class='ocr_line' id='line_1_116' title="bbox 2337 5541 3935 5622; baseline -0.017 -10"><span class='ocrx_word' id='word_1_862' title='bbox 2337 5552 2568 5612; x_wconf 90' lang='lat' dir='ltr'><strong>Domino</strong></span> <span class='ocrx_word' id='word_1_863' title='bbox 2591 5594 2605 5619; x_wconf 93' lang='lat'><strong>,</strong></span> <span class='ocrx_word' id='word_1_864' title='bbox 2637 5552 2778 5622; x_wconf 72' lang='lat' dir='ltr'><strong>ccepi</strong></span> <span class='ocrx_word' id='word_1_865' title='bbox 2807 5559 3050 5608; x_wconf 89' lang='lat' dir='ltr'><strong>evertere</strong></span> <span class='ocrx_word' id='word_1_866' title='bbox 3079 5551 3284 5617; x_wconf 85' lang='lat' dir='ltr'><strong>paleam</strong></span> <span class='ocrx_word' id='word_1_867' title='bbox 3317 5543 3437 5600; x_wconf 82' lang='lat' dir='ltr'><strong>lecti</strong></span> <span class='ocrx_word' id='word_1_868' title='bbox 3471 5541 3606 5605; x_wconf 74' lang='lat' dir='ltr'><strong>mei,</strong></span> <span class='ocrx_word' id='word_1_869' title='bbox 3651 5546 3707 5594; x_wconf 89' lang='lat' dir='ltr'><strong>et</strong></span> <span class='ocrx_word' id='word_1_870' title='bbox 3745 5545 3935 5591; x_wconf 83' lang='lat' dir='ltr'><strong>eversa</strong></span> 
     </span>
    </p>
   </div>
   <div class='ocr_carea' id='block_1_117' title="bbox 2341 5627 3936 5718">
    <p class='ocr_par' dir='ltr' id='par_1_117' title="bbox 2341 5627 3936 5718">
     <span class='ocr_line' id='line_1_117' title="bbox 2341 5627 3936 5718; baseline -0.017 -14"><span class='ocrx_word' id='word_1_871' title='bbox 2341 5649 2492 5718; x_wconf 89' lang='lat' dir='ltr'><strong>palea</strong></span> <span class='ocrx_word' id='word_1_872' title='bbox 2522 5662 2644 5702; x_wconf 89' lang='lat' dir='ltr'><strong>cum</strong></span> <span class='ocrx_word' id='word_1_873' title='bbox 2673 5645 2746 5701; x_wconf 92' lang='lat' dir='ltr'><strong>nil</strong></span> <span class='ocrx_word' id='word_1_874' title='bbox 2778 5643 3108 5707; x_wconf 89' lang='lat' dir='ltr'><strong>invenirem,</strong></span> <span class='ocrx_word' id='word_1_875' title='bbox 3142 5642 3311 5696; x_wconf 89' lang='lat' dir='ltr'><strong>levavi</strong></span> <span class='ocrx_word' id='word_1_876' title='bbox 3342 5651 3506 5694; x_wconf 91' lang='lat' dir='ltr'><strong>unum</strong></span> <span class='ocrx_word' id='word_1_877' title='bbox 3548 5634 3617 5689; x_wconf 82' lang='lat' dir='ltr'><strong>de</strong></span> <span class='ocrx_word' id='word_1_878' title='bbox 3657 5627 3936 5686; x_wconf 81' lang='lat' dir='ltr'><strong>asseribus</strong></span> 
     </span>
    </p>
   </div>
   <div class='ocr_carea' id='block_1_118' title="bbox 2336 5722 3936 5812">
    <p class='ocr_par' dir='ltr' id='par_1_118' title="bbox 2336 5722 3936 5812">
     <span class='ocr_line' id='line_1_118' title="bbox 2336 5722 3936 5812; baseline -0.019 -12"><span class='ocrx_word' id='word_1_879' title='bbox 2336 5743 2523 5800; x_wconf 74' lang='lat' dir='ltr'><strong>antarii</strong></span> <span class='ocrx_word' id='word_1_880' title='bbox 2544 5786 2559 5811; x_wconf 92' lang='lat'><strong>,</strong></span> <span class='ocrx_word' id='word_1_881' title='bbox 2592 5741 2694 5798; x_wconf 89' lang='lat' dir='ltr'><strong>sub</strong></span> <span class='ocrx_word' id='word_1_882' title='bbox 2723 5755 2831 5812; x_wconf 90' lang='lat' dir='ltr'><strong>quo</strong></span> <span class='ocrx_word' id='word_1_883' title='bbox 2861 5738 3039 5795; x_wconf 85' lang='lat' dir='ltr'><strong>inveni</strong></span> <span class='ocrx_word' id='word_1_884' title='bbox 3075 5751 3236 5792; x_wconf 91' lang='lat' dir='ltr'><strong>unum</strong></span> <span class='ocrx_word' id='word_1_885' title='bbox 3268 5734 3515 5806; x_wconf 84' lang='lat' dir='ltr'><strong>pedalem</strong></span> <span class='ocrx_word' id='word_1_886' title='bbox 3537 5769 3554 5797; x_wconf 91' lang='lat'><strong>,</strong></span> <span class='ocrx_word' id='word_1_887' title='bbox 3581 5737 3634 5784; x_wconf 91' lang='lat' dir='ltr'><strong>et</strong></span> <span class='ocrx_word' id='word_1_888' title='bbox 3663 5728 3716 5778; x_wconf 89' lang='lat' dir='ltr'><strong>in</strong></span> <span class='ocrx_word' id='word_1_889' title='bbox 3745 5722 3936 5812; x_wconf 81' lang='lat' dir='ltr'><strong>eodem</strong></span> 
     </span>
    </p>
   </div>
   <div class='ocr_carea' id='block_1_119' title="bbox 2341 5809 3936 5906">
    <p class='ocr_par' dir='ltr' id='par_1_119' title="bbox 2341 5809 3936 5906">
     <span class='ocr_line' id='line_1_119' title="bbox 2341 5809 3936 5906; baseline -0.023 -11"><span class='ocrx_word' id='word_1_890' title='bbox 2341 5850 2588 5906; x_wconf 87' lang='lat' dir='ltr'><strong>magnam</strong></span> <span class='ocrx_word' id='word_1_891' title='bbox 2633 5809 2871 5890; x_wconf 83' lang='lat' dir='ltr'><strong>massam</strong></span> <span class='ocrx_word' id='word_1_892' title='bbox 2912 5829 3272 5888; x_wconf 88' lang='lat' dir='ltr'><strong>denariorum.</strong></span> <span class='ocrx_word' id='word_1_893' title='bbox 3322 5827 3470 5893; x_wconf 85' lang='lat' dir='ltr'><strong>Quos</strong></span> <span class='ocrx_word' id='word_1_894' title='bbox 3519 5834 3640 5875; x_wconf 90' lang='lat' dir='ltr'><strong>cum</strong></span> <span class='ocrx_word' id='word_1_895' title='bbox 3690 5809 3936 5869; x_wconf 74' lang='lat' dir='ltr'><strong>invenis-</strong></span> 
     </span>
    </p>
   </div>
   <div class='ocr_carea' id='block_1_120' title="bbox 2342 5905 3936 6001">
    <p class='ocr_par' dir='ltr' id='par_1_120' title="bbox 2342 5905 3936 6001">
     <span class='ocr_line' id='line_1_120' title="bbox 2342 5905 3936 6001; baseline -0.022 -11"><span class='ocrx_word' id='word_1_896' title='bbox 2342 5947 2489 6001; x_wconf 86' lang='lat' dir='ltr'><strong>sem,</strong></span> <span class='ocrx_word' id='word_1_897' title='bbox 2522 5929 2726 5988; x_wconf 78' lang='lat' dir='ltr'><strong>relictis</strong></span> <span class='ocrx_word' id='word_1_898' title='bbox 2756 5927 2862 5987; x_wconf 87' lang='lat' dir='ltr'><strong>illis</strong></span> <span class='ocrx_word' id='word_1_899' title='bbox 2891 5924 3103 5985; x_wconf 88' lang='lat' dir='ltr'><strong>cucurri</strong></span> <span class='ocrx_word' id='word_1_900' title='bbox 3132 5923 3198 5980; x_wconf 87' lang='lat' dir='ltr'><strong>ad</strong></span> <span class='ocrx_word' id='word_1_901' title='bbox 3229 5920 3539 5991; x_wconf 84' lang='lat' dir='ltr'><strong>magistrum</strong></span> <span class='ocrx_word' id='word_1_902' title='bbox 3572 5917 3814 5969; x_wconf 79' lang='lat' dir='ltr'><strong>nostrum</strong></span> <span class='ocrx_word' id='word_1_903' title='bbox 3835 5942 3856 5971; x_wconf 79' lang='lat'><strong>,</strong></span> <span class='ocrx_word' id='word_1_904' title='bbox 3881 5905 3936 5956; x_wconf 81' lang='lat' dir='ltr'><strong>ot</strong></span> 
     </span>
    </p>
   </div>
  </div>
