4124 6350
247 374 313 432 7⁸1
1524 387 1701 444 PROL
1711 388 2083 448 EGOMENON
2125 392 2309 450 XXIII.
3465 397 3534 457 78

249 492 530 552 confessus
561 512 680 553 sum
711 499 838 570 quid
885 499 1234 558 invenissem.
1280 502 1373 559 Ille
1411 503 1567 573 jussit
1610 504 1742 559 mihi
1786 514 1843 561 ut
1869 509 1922 571 Α
1949 507 2022 562 tio
2045 524 2134 562 sex
2158 509 2326 564 libris.
2354 509 2498 566 Libri
2523 512 2679 581 plane
2707 514 2927 569 miscelli
2952 522 3094 581 sunt,
3125 512 3337 571 insertis
3363 517 3525 573 etiam

249 584 512 644 referrem
562 589 684 647 illos
731 591 798 647 ad
823 607 901 648 se.
955 592 1108 661 Quod
1158 609 1278 650 cum
1321 594 1567 651 fecissem
1593 639 1608 664 ,
1657 611 1844 654 omnes
1949 599 2261 670 quibusdam
2295 602 2446 668 Vitis,
2477 619 2594 673 quae
2639 605 2692 658 in
2739 606 2881 660 nulla
2911 606 3143 661 editione
3172 605 3358 660 Latina
3383 604 3532 661 Vita-

250 678 452 738 fratres
497 684 656 753 jussit
695 689 1011 758 congregari
1044 708 1058 756 ;
1104 689 1192 759 qui
1237 704 1424 748 omnes
1467 691 1842 747 excommuni-
1948 708 2064 747 rum
2088 693 2303 748 Patrum
2335 708 2669 767 comparent.
2702 697 2911 752 Primus
2937 699 3070 753 liber
3092 708 3361 753 auctorem
3392 715 3530 766 prm-

247 786 509 830 caverunt
550 776 702 833 illum
747 780 836 848 qui
871 780 974 836 hoc
1003 781 1224 837 fecerat.
1267 783 1418 850 Quod
1449 799 1571 840 cum
1603 784 1844 842 audisset
1947 787 2050 842 fert
2071 798 2310 843 sanctum
2337 789 2736 860 Hieronymum.
2762 793 2864 846 Sed
2891 792 3139 861 pleraque
3162 804 3284 846 sunt
3305 791 3526 845 aliorum

245 869 625 938 carpentarius
664 873 913 942 quidam,
963 875 1094 930 dixit
1124 875 1345 950 [Lxxni]
1377 892 1437 932 se
1479 879 1580 934 hoc
1609 878 1838 947 fecisse;
1945 887 2239 947 auctorum,
2267 885 2492 937 maxime
2527 882 2746 952 llufﬁni,
2775 900 2837 938 ex
2869 887 3106 939 secundo
3134 884 3220 938 hic
3249 883 3409 938 libro.
3433 884 3532 939 Se-

243 971 297 1017 et
340 963 534 1032 petivit
576 966 823 1033 veniam,
873 967 1147 1025 humiliter
1188 971 1576 1027 correctionem
1620 974 1842 1041 promit-
1943 973 2148 1028 cundus
2174 972 2309 1028 liber
2337 974 2584 1028 lii-adium
2615 974 2934 1029 monachum
2959 973 3216 1044 agnoscit.
3249 975 3344 1039 Est
3369 973 3528 1027 Para-

245 1061 386 1111 lens.
448 1056 703 1128 Magister
759 1069 936 1116 autem
993 1061 1214 1118 indulsit
1263 1063 1350 1133 ei,
1405 1073 1458 1119 et
1509 1063 1740 1134 injunxit
1789 1064 1842 1121 ei
1943 1068 2092 1124 disus
2124 1069 2443 1135 Heraclidis,
2473 1070 2624 1139 cujus
2654 1084 2848 1125 nomen
2879 1071 2929 1123 in
2975 1069 3226 1122 Eradium
3265 1067 3528 1136 deprava-

245 1152 646 1222 ptenitentiam.
693 1155 802 1212 Sed
830 1157 1083 1214 denarios
1111 1159 1253 1214 male
1283 1159 1574 1231 acquisitos
1604 1160 1841 1216 retinere
1943 1169 2053 1215 tum
2103 1161 2267 1217 fuisse
2313 1163 2582 1217 existimo.
2616 1163 2826 1217 Tertius
2870 1162 3002 1216 liber
3047 1161 3296 1215 tribuitur
3339 1151 3530 1214 Joanni

243 1244 450 1310 uoluit,
501 1245 611 1302 imo
654 1247 836 1305 divisit
882 1266 976 1307 eos
1017 1251 1340 1322 pauperibus
1384 1261 1440 1307 et
1477 1253 1778 1323 egentibus.
1813 1272 1833 1306 ›
1941 1255 2206 1309 monacho
2256 1255 2730 1326 Jerosolymitano.
2791 1255 3021 1322 Quartus
3069 1253 3202 1308 liber
3252 1251 3532 1307 ascribitur

241 1343 375 1411 Quae
408 1344 694 1414 desumpta
726 1357 852 1404 sunt
883 1363 949 1404 ex
978 1347 1214 1419 Speculo
1243 1347 1514 1405 Historiali
1544 1349 1836 1417 Vincentii,
1942 1348 2164 1403 Leontio
2191 1347 2488 1418 Neapoleos
2517 1348 2674 1421 Cypri
2708 1349 2982 1418 episcopo.
3035 1348 3125 1401 Est
3151 1346 3268 1400 Vita
3311 1342 3530 1399 Joannis

237 1433 336 1490 lib.
373 1451 515 1492 xm
537 1475 552 1503 ,
581 1452 701 1510 cap.
731 1441 820 1510 ll,
847 1442 937 1511 qui
967 1457 1027 1497 ea
1058 1444 1186 1498 citat
1215 1457 1280 1497 ex
1309 1441 1628 1498 Iielinando.
1659 1442 1834 1509 Idem,
1939 1439 2386 1511 Eleemosynarii,
2421 1443 2486 1497 ab
2515 1458 2579 1497 eo
2608 1445 2931 1512 conscripta,
2959 1440 3045 1496 cui
3070 1443 3188 1495 alia:
3212 1438 3405 1508 aliquot
3435 1436 3530 1490 ad-

234 1542 360 1600 cap.
395 1528 501 1597 l2,
533 1531 698 1586 tradit
727 1532 1001 1602 quomodo
1042 1533 1378 1590 Christianus
1419 1536 1522 1590 iste
1565 1532 1839 1590 transierit
1939 1534 2157 1589 duntur.
2185 1534 2411 1602 Quintus
2457 1536 2590 1590 liber
2621 1536 2926 1590 inscribitur
2982 1534 3304 1603 Theophila,
3339 1529 3527 1598 Sergio

235 1622 306 1678 ad
353 1623 602 1692 ordinem
653 1625 1082 1684 Cistertiensem.
1128 1629 1273 1685 Vixit
1320 1639 1500 1686 autem
1542 1629 1684 1686 circa
1733 1643 1834 1684 an-
1937 1634 1992 1681 et
2017 1625 2269 1682 Elchino.
2301 1628 2398 1682 Est
2423 1627 2543 1683 Vita
2573 1627 2787 1683 Macarii
2817 1627 3044 1682 Romani
3084 1627 3150 1679 iis
3198 1624 3523 1688 auctoribus,

233 1726 364 1769 num
400 1714 559 1772 1160,
1934 1719 2021 1774 cui
2053 1730 2104 1774 et
2135 1721 2238 1775 alia
2279 1723 2522 1792 quzedam
2555 1723 2962 1777 subnectuntur.
3015 1721 3208 1775 Sextus
3249 1719 3382 1772 liber
3426 1719 3527 1771 au-‘

306 1808 563 1864 Continet
587 1817 847 1878 praeterea
878 1813 1111 1869 secunda
1133 1813 1297 1870 editio
1317 1814 1370 1869 in
1394 1814 1542 1870 calce
1572 1814 1692 1870 libri
1716 1814 1832 1885 epi-
1933 1823 2140 1870 ctorem
2165 1815 2326 1869 habet
2369 1815 2632 1870 Joannem
2665 1815 2957 1870 Eviratutn.
2993 1814 3084 1869 Est
3115 1813 3330 1866 Pratum
3357 1808 3525 1878 spiri-

229 1897 430 1952 stolam
460 1898 696 1967 Macarii,
723 1909 779 1957 et
807 1905 1123 1974 opusculum
1158 1903 1237 1960 De
1266 1905 1423 1962 laude
1451 1914 1499 1960 et
1522 1904 1705 1972 eﬁectu
1728 1907 1826 1961 vir-
1858 1918 1909 1982 Β
1935 1908 2076 1964 tuale
2102 1907 2321 1962 Joannis
2349 1907 2574 1964 Moschi.

229 2000 420 2047 tutum.
448 1991 578 2059 Quae
607 1996 730 2064 quia
758 1997 1019 2054 didactica
1047 2009 1192 2064 sunt,
1221 2015 1322 2057 nec
1350 2002 1568 2072 proprie
1586 2002 1652 2058 ad
1677 2002 1827 2059 Vitas
2012 2003 2220 2058 Rursus
2240 2002 2420 2058 Italica
2442 2001 2556 2057 haec
2577 2002 2742 2058 editio
2771 2002 2961 2058 iterata
2985 1999 3082 2054 iuit
3103 2000 3372 2068 in-quarto
3399 2009 3522 2051 cum

226 2085 311 2140 vel
347 2086 512 2141 verba
541 2088 812 2145 seniorum
842 2100 1101 2162 spectant,
1146 2093 1344 2150 rectius
1369 2105 1708 2151 reservantur
1745 2097 1825 2152 ai-
1928 2095 2133 2166 ﬁguris,
2163 2109 2303 2150 novo
2321 2096 2614 2164 interprete
2643 2093 2848 2148 Joanne
2877 2092 3041 2145 Mario
3064 2089 3369 2144 Verdizotto
3415 2085 3522 2142 Ve-

226 2178 330 2232 teri
360 2180 717 2237 asceticorum
741 2192 906 2251 tomo,
931 2185 1024 2257 qui
1053 2186 1233 2242 omnia
1261 2186 1480 2245 Patrum
1506 2189 1734 2246 ascetica
1770 2197 1825 2246 et
1927 2187 2107 2252 netiis,
2141 2203 2207 2244 ex
2239 2188 2583 2260 typographia
2611 2188 2679 2245 de
2707 2187 2972 2252 iGuerra,
3004 2185 3158 2239 1589.

223 2267 494 2327 didactica
523 2274 719 2344 scripta
741 2276 1182 2346 comprehendat.
1240 2293 1264 2314 ο
1998 2281 2198 2336 Gallica
2215 2282 2378 2337 editio
2397 2281 2629 2348 iri-folio,
2644 2298 2764 2337 cum
2782 2281 2987 2351 ﬁguris,
3011 2281 3299 2348 interprete
3313 2292 3518 2349 anony-

297 2363 501 2432 Quarta
530 2369 695 2425 editio
723 2370 837 2428 haec
863 2373 1116 2430 distincta
1147 2391 1178 2431 a
1204 2377 1441 2433 secunda
1469 2376 1632 2435 habet
1661 2395 1678 2436 :
1710 2378 1826 2435 Pri-
1925 2387 2036 2438 mo,
2055 2372 2290 2438 Parisiis,
2309 2373 2624 2442 amicitiis,
2644 2373 2780 2442 apud
2796 2373 3051 2428 Joannem
3071 2370 3517 2438 duPré.Expres-

225 2474 338 2528 mo,
373 2462 425 2516 in
454 2463 628 2530 primo
656 2465 816 2534 libro,
845 2466 1017 2523 Vitam
1040 2471 1212 2526 sancti
1243 2471 1491 2540 Ephraam
1513 2472 1822 2529 distinctam
1925 2481 1986 2524 sa
2006 2476 2167 2522 estex
2189 2467 2669 2522 secundaeditione
2687 2465 2892 2521 Latina.
2916 2465 3095 2530 Quare
3120 2463 3376 2535 quidquid
3402 2462 3517 2518 dixi

222 2548 296 2604 ab
317 2550 578 2609 hactenus
599 2555 846 2628 vulgata;
871 2568 928 2615 et
950 2559 1127 2617 Vitam
1153 2561 1382 2633 Epicteti
1404 2575 1459 2620 et
1479 2566 1738 2635 Agrianis,
1768 2575 1824 2623 οι
1924 2561 2304 2632 prolegomeno
2331 2560 2394 2615 l9
2422 2565 2700 2617 continere
2742 2561 3029 2617 secundam
3052 2559 3342 2615 editionem
3367 2557 3518 2613 Lati-

222 2642 403 2702 Vitam
435 2647 679 2707 Barlaam
706 2661 760 2708 et
783 2653 1074 2726 Josaphat;
1112 2658 1375 2728 secundo,
1419 2669 1588 2716 totum
1625 2662 1820 2719 librum
1923 2668 2074 2720 nam,
2105 2653 2271 2710 etiam
2301 2655 2418 2710 haec
2451 2652 2655 2710 Gallica
2684 2656 2942 2708 continet.
2979 2653 3127 2708 Unde
3156 2652 3308 2707 facile
3335 2659 3418 2707 est
3446 2666 3516 2707 ex

216 2754 495 2817 octavum,
546 2764 642 2805 seu
687 2749 908 2808 Palladii
951 2755 1300 2824 Lausiacam;
1335 2759 1516 2829 tertio,
1550 2767 1717 2814 totum
1750 2756 1819 2812 li-
1923 2749 2308 2820 prolegomeno
2337 2747 2429 2816 2‘2,
2461 2749 2550 2804 ubi
2597 2749 2815 2803 Latinas
2857 2749 3123 2803 editiones
3172 2750 3310 2802 inter
3355 2759 3415 2801 se
3459 2750 3516 2799 et

217 2835 380 2896 brum
405 2857 630 2912 nonum,
676 2859 772 2900 seu
813 2846 1138 2906 Theodoreti
1177 2850 1550 2919 Philotheum;
1601 2859 1815 2922 quarto,
1923 2859 2044 2901 cum
2075 2847 2176 2900 hac
2197 2853 2384 2916 quarta
2409 2845 2737 2915 comparavi,
2761 2843 3028 2914 diSpicere
3055 2843 3144 2912 qui
3175 2841 3290 2896 hazc
3310 2839 3515 2896 Gallica

215 2937 392 2987 totum
415 2933 608 2991 librum
634 2935 924 3008 decimum,
949 2956 1045 2997 seu
1065 2942 1219 2997 Joan.
1249 2942 1448 2999 Moschi
1471 2944 1688 3001 Pratum
1710 2944 1820 3016 spi-
1921 2949 2044 2992 Cum
2075 2945 2257 2992 IIOSlta
2283 2948 2471 3008 quarta
2493 2935 2680 2991 Latina
2706 2936 3014 2991 εοηνειιὶίηο

214 3022 412 3080 rituale
440 3044 454 3092 ;
500 3028 710 3096 quinto,
738 3040 901 3088 tctam
929 3031 1306 3104 appendicem.
1991 3030 2109 3084 Alia
2138 3029 2306 3086 editio
2327 3029 2532 3086 Gallica
2562 3030 2616 3083 in
2641 3044 2805 3100 parvo
2828 3027 2958 3084 folio
2983 3042 3077 3084 seu
3102 3041 3297 3094 magno
3321 3032 3515 3093 quarto

347 3117 376 3188 ᾗ
419 3117 507 3174 Vl.
550 3119 879 3194 Comparatio
915 3127 1076 3181 tertia:
1112 3136 1159 3182 et
1198 3138 1394 3199 quam:
1430 3129 1688 3184 editionis.
1923 3138 2047 3180 cum
2077 3124 2283 3196 ﬁguris,
2316 3124 2554 3189 Parisiis,
2595 3125 2714 3179 sine
2752 3124 2950 3179 indicio
2991 3122 3117 3176 anni
3147 3122 3230 3175 vel
3261 3131 3514 3192 typogra-

284 3209 476 3267 Tertia
502 3212 667 3270 editio
696 3216 827 3272 nihil
849 3219 1122 3289 peculiare
1149 3219 1418 3277 diversum
1447 3235 1478 3277 a
1507 3230 1694 3292 quarta
1722 3222 1818 3278 ba-
1917 3218 2034 3289 pbi.
2059 3219 2225 3274 Plane
2253 3233 2374 3274 cum
2405 3218 2743 3289 praecedente
2760 3217 3031 3285 convenit,
3062 3225 3114 3270 et
3143 3214 3255 3270 fors
3276 3227 3338 3269 ea
3362 3212 3510 3284 prior

210 3298 303 3357 bet
332 3313 534 3373 prreter
548 3305 721 3364 Vitam
742 3309 1031 3367 Christiani
1051 3312 1496 3380 Cenomanensis,
1519 3330 1682 3386 quam
1699 3316 1811 3387 jam
1835 3315 1886 3380 Ο
1916 3320 2020 3369 est-

210 3393 322 3450 dixi
353 3397 488 3453 nihil
517 3397 624 3455 huc
651 3401 859 3471 facere;
891 3413 945 3461 et
976 3405 1052 3461 De
1079 3407 1294 3462 muliere
1320 3409 1504 3480 septies
1541 3409 1664 3478 icta,
1715 3424 1812 3465 au-
1990 3404 2108 3460 Alia
2137 3404 2302 3460 editio
2330 3401 2532 3459 Gallica
2572 3402 2866 3473 in-quarto,
2919 3417 3040 3458 cum
3081 3400 3284 3472 ﬁguris,
3341 3401 3512 3456 inter-

211 3496 368 3546 ctore
393 3490 522 3546 divo
553 3493 902 3567 Hieronymo,
936 3513 1053 3568 qua:
1081 3498 1242 3554 etiam
1280 3499 1385 3555 huc
1417 3516 1525 3556 non
1565 3509 1810 3572 spectat;
1917 3507 2071 3573 prete
2091 3500 2394 3556 recentiore
2415 3513 2706 3572 anonymo,
2734 3497 2970 3566 Parisiis,
2996 3499 3134 3567 apud
3162 3496 3509 3550 Guilielmum

207 3588 265 3635 et
290 3582 591 3641 sententias
620 3587 916 3656 breviores,
949 3607 1083 3662 quas
1112 3591 1274 3648 etiam
1311 3593 1422 3650 dixi
1475 3598 1702 3668 sparsim
1755 3599 1810 3654 in
1917 3591 2230 3658 Chaudiéfe.
2256 3606 2397 3647 anno
2433 3589 2592 3645 1605-
2629 3592 2901 3662 Ειρτθδεε
2958 3599 3041 3645 εει
3077 3589 3191 3644 hac
3236 3602 3302 3643 ει
3357 3587 3510 3644 “mia

210 3672 335 3729 aliis
363 3689 569 3746 quartae
603 3679 851 3736 editionis
893 3681 1042 3740 libris
1087 3699 1405 3754 occurrere;
1452 3699 1509 3745 et
1554 3689 1811 3760 epistolas
1916 3685 2152 3742 editione
2185 3686 2391 3751 Latina,
2424 3686 2770 3755 continetque
2801 3693 3007 3739 tantum
3049 3689 3278 3752 quatuor
3326 3680 3510 3746 libros,

207 3768 386 3823 sancti
406 3772 648 3840 Antonii,
679 3783 734 3829 et
755 3776 1033 3846 epistolam
1057 3779 1291 3848 Macarii,
1321 3798 1439 3853 quae
1466 3795 1813 3842 reservantur

1916 3780 2120 3834 omisso
2141 3788 2253 3835 toto
2284 3780 2474 3850 quinto
2500 3778 2657 3845 libro,
2691 3788 2746 3833 et
2770 3778 3077 3843 Paschasio,
3101 3777 3192 3848 qui
3215 3787 3333 3848 post
3353 3791 3509 3847 quan-

208 3861 370 3919 alteri
406 3865 666 3923 Asceseos
693 3868 974 3928 didactica:
1010 3883 1171 3930 torno.
1203 3875 1378 3934 liabet
1412 3888 1673 3948 pratterea
1703 3880 1811 3934 mi-
1918 3881 2028 3927 tum
2058 3872 2273 3929 additur
2299 3873 2350 3927 in
2384 3873 2574 3928 Latino
2602 3882 2769 3928 ιειιιι-

210 3957 455 4013 raculum
487 3960 701 4030 aliquod
735 3964 907 4022 sancti
940 3966 1156 4023 Antonii
1179 3985 1245 4024 ex
1277 3968 1595 4026 Germanico
1628 3972 1680 4026 in
1707 3971 1812 4027 La-
1988 3966 2104 4023 Alia
2137 3968 2336 4023 Gallica
2364 3968 2530 4023 editio
2553 3969 2606 4022 in
2636 3977 2843 4036 octavo,
2897 3967 3189 4037 interprete
3218 3965 3287 4022 M.
3310 3963 3509 4022 Jacobo

208 4049 390 4106 tinum
423 4053 763 4124 translatum,
795 4058 938 4127 quod
968 4063 1150 4116 nescio
1196 4061 1339 4117 unde
1383 4074 1688 4136 promptum
1717 4063 1808 4136 sit,
1917 4060 2173 4130 Gauttier,
2205 4060 2447 4128 Parisiis,
2477 4061 2618 4133 apud
2642 4062 2988 4119 Guilielmum
3024 4062 3085 4116 de
3123 4062 3174 4114 la
3204 4059 3378 4127 Noue,
3410 4073 3510 4114 an-

213 4158 311 4201 nec
338 4161 442 4216 qua
475 4147 598 4201 ﬁde.
1916 4167 1990 4208 no
2015 4152 2174 4209 16:46.
2199 4152 2450 4210 Continet
2474 4155 2698 4224 primmn
2725 4153 2907 4227 [Lxxv]
2927 4163 2980 4210 et
3000 4153 3290 4210 secundum
3313 4153 3507 4209 librum

278 4239 487 4307 Quarta
516 4241 684 4297 editio
712 4242 829 4300 haec
857 4244 1113 4302 distincta
1141 4261 1170 4302 α
1198 4247 1353 4304 tertia
1380 4247 1580 4306 habet:
1610 4249 1810 4317 Primo,
1912 4244 2065 4319 juxta
2092 4247 2370 4316 exemplar
2399 4249 2649 4304 secundm
2681 4248 2932 4304 editionis
2965 4248 3186 4304 Latiare.

210 4331 266 4387 in
293 4335 472 4402 primo
502 4335 639 4391 libro
666 4336 837 4393 Vitam
865 4341 1035 4395 sancti
1067 4341 1342 4410 Ephraem,
1399 4343 1714 4399 distinctam
1743 4345 1810 4400 ab
1991 4339 2272 4395 Flandrica
2312 4341 2477 4397 editio
2520 4342 2731 4398 iri-folio
2782 4357 2965 4412 parvo,
2999 4343 3116 4398 sine
3145 4341 3343 4397 Indicio
3379 4340 3508 4408 loci,

211 4439 274 4481 ea
306 4443 432 4497 qua:
465 4429 726 4487 hactenus
757 4433 811 4486 in
847 4434 965 4489 aliis
1009 4434 1333 4492 editionibus
1376 4437 1507 4505 fuit;
1550 4439 1808 4505 secundo,
1919 4447 2014 4503 per
2054 4434 2273 4490 Petrum
2293 4449 2391 4489 van
2420 4435 2514 4501 Os,
2547 4449 2690 4489 anno
2717 4435 2871 4490 1490.
2895 4434 3121 4489 Constat
3142 4434 3313 4488 tribus
3342 4434 3510 4504 parti-

213 4526 390 4575 ῑοιυω
424 4521 616 4578 librum
644 4531 915 4592 oetavum,
945 4542 1040 4583 seu
1082 4528 1306 4586 Palladii
1337 4531 1672 4600 Lausiacam,
1719 4549 1814 4589 au-
1917 4526 2020 4583 bus
2040 4527 2187 4583 varie
2218 4527 2495 4596 dispositis
2518 4537 2570 4582 et
2597 4527 2791 4581 mistis.
2823 4526 3073 4582 Continet
3101 4535 3305 4580 tantum
3328 4540 3393 4580 ex
3419 4543 3509 4582 no.

209 4614 439 4670 etiorem
464 4634 624 4686 quam
646 4619 838 4676 habeat
859 4624 1015 4678 tertia
1039 4625 1224 4695 editio,
1255 4641 1318 4680 ex
1340 4627 1543 4683 recenti
1563 4628 1814 4684 versione

1917 4629 2034 4676 stro
2065 4619 2202 4675 libro
2227 4621 2423 4689 primo,
2449 4621 2624 4674 Vitam
2649 4620 2819 4686 Pauli,
2856 4621 3024 4675 sancti
3051 4619 3353 4688 Hilarionis,
3378 4619 3509 4677 Mai-

211 4703 465 4764 Gentiani
501 4711 750 4780 Herveti;
782 4716 964 4782 tertio,
1009 4710 1177 4772 totum
1209 4718 1403 4773 librum
1446 4737 1670 4787 nonum,
1716 4736 1812 4778 seu

1879 4714 2028 4786 pchi,
2063 4711 2346 4783 Onuphrii,
2386 4712 2618 4768 Abrahae
2661 4714 2922 4779 eremitte,
2964 4713 3232 4769 Simeonis
3278 4715 3507 4786 Stylitac,

215 4799 546 4862 Theodoreti
577 4807 954 4879 Philotheum;
986 4823 1198 4882 quarto,
1250 4821 1419 4868 totum
1448 4814 1642 4871 librum
1667 4816 1811 4872 (καί.
1917 4806 2132 4862 Thaisis
2180 4806 2499 4873 meretricis,
2552 4807 2790 4861 Marinae.
2838 4805 3056 4863 Librum
3087 4807 3401 4863 secundum.
3454 4808 3510 4865 ln

213 4907 390 4963 mum,
422 4913 516 4955 seu
546 4898 700 4956 Joan.
736 4903 945 4959 Moschi
976 4905 1192 4962 Pratum
1245 4908 1553 4978 spirituale;
1606 4912 1811 4983 quinto,
1919 4903 2075 4958 tertia
2115 4912 2269 4973 parte
2297 4903 2537 4957 continet
2563 4903 2708 4957 varia
2732 4902 2976 4973 exempla
3007 4912 3061 4958 et
3089 4903 3226 4958 dicta
3258 4919 3322 4958 ex
3350 4901 3510 4956 variis

211 4998 273 5040 ex
301 4990 626 5059 appendice,
661 4992 974 5051 Paradisum
998 4997 1315 5065 Heraclidis,
1362 5010 1415 5056 et
1440 5001 1812 5072 Aigyptiorum
1920 4998 2071 5054 libris
2096 5009 2368 5068 excerpta.
2401 4997 2526 5053 llaec
2555 4997 2721 5054 editio
2755 4996 2854 5053 etsi
2883 4999 3084 5054 nullum
3109 4999 3209 5053 loci
3253 4994 3509 5050 indicium

212 5072 434 5134 Patrum
461 5085 783 5153 sententias,
815 5088 1111 5159 interprete
1137 5089 1368 5149 Martino
1397 5093 1671 5152 Dumiensi
1700 5095 1816 5167 epi-
1920 5091 2194 5164 praeferat,
2225 5093 2474 5148 existimo
2509 5103 2685 5147 tamen
2717 5090 2934 5148 Swollae
2978 5093 3322 5162 impressum,
3369 5086 3510 5156 quod

210 5179 392 5237 κορο·
1922 5183 2123 5239 librum
2163 5181 2389 5238 viderim
2423 5182 2762 5238 Flandricum
2789 5184 2859 5240 de
2890 5185 3037 5238 Bono
3068 5179 3382 5247 universali,
3417 5194 3508 5234 seu

281 5261 565 5321 Accedunt
597 5277 856 5336 praeterea
883 5288 1002 5344 quae
1032 5275 1284 5333 omnibus
1329 5279 1446 5336 aliis
1486 5281 1810 5340 editionibus
1921 5276 2117 5334 librum
2146 5277 2343 5346 Apum,
2385 5276 2708 5348 impressum
2739 5278 2976 5342 Swollre,
3008 5289 3148 5330 anno
3184 5271 3337 5342 I488,
3371 5275 3510 5345 apud

207 5349 427 5420 desunt,
462 5359 868 5431 prolegomena,
920 5367 1197 5436 praeludis,
1228 5370 1553 5440 notationes,
1582 5388 1808 5431 onoma-
1920 5372 2137 5429 Petrum
2162 5387 2262 5428 van
2291 5372 2384 5442 Os,
2430 5373 2521 5443 qui
2573 5383 2627 5428 et
2676 5373 2834 5442 hujus
2886 5370 3005 5424 libri
3041 5368 3108 5424 de
3127 5367 3262 5423 Vitis
3292 5369 3509 5425 Patrum

211 5447 412 5520 Micon,
443 5461 502 5510 et
527 5456 662 5511 varii
693 5457 965 5515 variarum
994 5475 1176 5517 rerum
1207 5462 1436 5521 indices.
1922 5465 2206 5521 Fiandrice
2226 5464 2587 5535 typographus
2608 5471 2708 5519 est.
2726 5461 2947 5531 Utrique
2976 5458 3112 5514 libro
3132 5458 3276 5516 idem
3302 5460 3510 5531 insigne

613 5591 1174 5656 PROLEGOMENON
1214 5599 1401 5658 xxur.
1920 5556 2264 5666 δίθὲῗδπῗῖζ
2335 5651 2416 5666 ...ί
2451 5665 2457 5666 ί
2487 5650 2503 5666 ,

1994 5653 2110 5708 Alia
2138 5651 2302 5709 editio
2335 5650 2618 5708 Flandrica
2646 5646 2858 5702 in-folio
2897 5661 3084 5719 parvo,
3117 5648 3336 5720 Delphis
3362 5647 3504 5718 apud

314 5698 395 5757 De
423 5705 579 5763 variis
616 5708 927 5767 editionibus
965 5717 1177 5786 vulgata
1215 5719 1457 5790 variaque
1493 5719 1692 5792 lingua.
1919 5745 1942 5802 ι

1919 5745 2209 5803 Henricum
2236 5745 2430 5800 Eckert
2451 5759 2553 5797 van
2583 5698 2926 5812 Ilomberch,Ir
2935 5757 3076 5800 anno
3107 5698 3264 5801 H95.
3287 5698 3507 5800 Constat

273 5810 486 5892 [Lxxtv]
526 5819 706 5880 Italica
732 5825 897 5883 editio
926 5827 1150 5900 in-folio,
1176 5832 1437 5903 Venetiis,
1470 5851 1610 5892 anno
1640 5834 1804 5904 M76,
1917 5840 2089 5896 tribus
2121 5839 2378 5909 partibus,
2413 5835 2486 5891 uti
2512 5836 2658 5906 prior
2677 5839 2860 5894 editio.

203 5911 349 5976 apud
370 5913 668 5977 Antonium
689 5919 1088 5984 Bartbolomazi.
1107 5927 1331 5988 Constat
1358 5943 1537 5989 autem
1556 5932 1668 5989 hac
1691 5931 1807 5988 edi-
1991 5933 2108 5989 Alia
2159 5931 2323 5988 editio
2363 5929 2642 5988 Flandrica
2672 5933 2726 5990 in
2760 5932 2888 5991 folio
2915 5948 3101 6005 parvo,
3132 5931 3325 6006 Leyda:
3353 5930 3497 6003 apud
