4124 6350
1572 110 1596 145 1

616 354 689 416 79
1566 355 1632 412 l-N
1673 352 1873 412 VITAS
1912 350 2196 412 PATRUM
2235 345 2752 409 PROLEGOMENA
2790 349 2975 408 XXVI.
3826 353 3897 414 8O

616 474 879 531 Joannem
928 470 1247 542 Seversoen,
1301 484 1444 528 anno
1494 470 1654 528 15H.
1699 470 1953 541 Sequitur
2001 470 2207 541 priores
2233 470 2289 530 Δ
2385 468 2484 524 llis.
2518 468 2686 525 sancti
2719 466 2980 535 Floriani,
3013 464 3246 532 iit-folio,
3282 467 3616 536 membrana,
3644 470 3897 526 vetustis-

616 566 902 625 editiones.

690 660 1005 717 Germanica
1040 660 1205 716 editio
1256 656 1475 717 in-folio
1512 672 1635 715 cum
1687 656 1888 729 ﬁguris.
1941 654 2206 714 Convenit

614 751 730 811 tere
756 767 875 808 cum
906 752 1183 809 Flandrica
1210 740 1476 806 editione.~

688 848 980 917 Angltcana
1020 845 1184 901 editio
1226 844 1440 901 inJoIio
1484 859 1609 901 cum
1648 835 1853 916 ﬁguris,
1907 827 2204 914 interprete

615 938 901 997 Guiliclmo
916 940 1121 1009 Capton
1134 938 1259 994 Wes
1268 938 1723 1006 tmonasteriensi,
1738 935 2205 1022 \Vestmonasterii

613 1037 755 1104 apud
778 1030 1031 1088 Wiinkiin
1053 1033 1121 1087 de
1142 1030 1362 1099 Worde,
1389 1047 1533 1089 anno
1561 1030 1722 1098 M95,
1750 1032 1903 1103 juxta
1925 1029 2206 1100 exemplar

612 1125 875 1182 Gallicum
907 1124 1233 1193 impressum
1260 1125 1506 1196 Lugduni
1533 1140 1674 1182 anno
1707 1124 1867 1182 1486.
1912 1123 2042 1178 Eam
2093 1121 2207 1179 edi-

609 1216 811 1273 tionem
842 1216 1254 1289 Lugdunensem
1285 1217 1547 1275 Gallicam
1579 1236 1685 1275 non
1714 1220 1843 1286 vidi,
1875 1216 1970 1275 sed
1995 1232 2062 1273 ex
2090 1217 2203 1272 An-

608 1310 807 1382 glicani
848 1312 1062 1369 Codicis
1105 1312 1294 1369 ordine
1323 1312 1481 1368 video
1518 1311 1764 1368 eamdem
1789 1325 1911 1367 esse
1938 1326 2057 1365 cum
2086 1309 2207 1366 aliis

612 1403 940 1460 editionibus
966 1404 1171 1461 Latinis
1193 1405 1657 1477 Lttgdunensibus.
1708 1404 1883 1473 Quare
1909 1402 2075 1458 editio
2098 1403 2206 1458 An-

609 1495 819 1566 glicana
844 1498 1255 1569 comprehcndit
1276 1499 1459 1555 omnia
1485 1513 1605 1569 quae
1634 1496 1746 1553 dixi
1777 1511 1938 1568 supra
1969 1496 2207 1567 prolego-

609 1602 772 1645 meno
797 1589 863 1644 19
897 1590 1357 1661 comprehendere
1382 1590 1674 1647 secundam
1705 1590 2016 1647 editionem.
2053 1586 2207 1644 Unde

606 1695 677 1738 ex
704 1682 1084 1754 prolegomeno
1103 1682 1196 1753 Q2,
1225 1682 1319 1740 ubi
1344 1682 1610 1741 editiones
1631 1698 1820 1739 omnes
1843 1683 2055 1737 Latinas
2082 1695 2204 1735 cum

608 1772 716 1832 hac
736 1788 925 1846 quarta
951 1785 1136 1832 nostra
1166 1777 1390 1845 contuli,
1422 1776 1579 1833 facile
1609 1785 1693 1833 est
1725 1777 1909 1832 videre
1937 1774 2207 1847 quomodo

2307 564 2495 629 simus,
2548 571 2673 619 ante
2718 578 2889 619 annos
2921 577 3087 632 prope
3116 577 3245 617 nccc
3275 563 3528 633 scriptus.
3563 563 3640 619 lla
3669 562 3812 619 enim
3847 563 3903 621 in

2307 656 2416 713 line
2446 657 2606 713 habet
2627 676 2640 712 :
2659 656 2761 712 Hic
2791 658 2916 712 liber
2942 656 3038 727 fuit
3064 656 3329 711 inchoatus
3356 658 3409 711 in
3441 655 3640 727 Hunia,
3673 657 3728 711 in
3752 672 3905 712 exer-

2305 751 2431 817 citu,
2446 740 2582 804 anno
2604 748 2812 804 Domini
2829 750 2954 817 8l9,
2978 765 3030 805 tv
3052 748 3198 807 Non.
3214 750 3385 819 Junii,
3406 760 3451 805 et
3473 750 3742 821 per/initus
3762 749 3905 821 apud

2308 841 2561 899 Sanctum
2586 840 2893 897 Florianum
2921 858 2959 897 tt
2986 839 3074 896 Id.
3111 842 3404 914 Septembr.
3429 843 3599 897 inc/ta.
3627 856 3799 896 xvma.
3821 844 3905 897 An

2306 936 2558 993 ultimum
2586 936 2687 993 hoc
2716 946 2801 993 est
2828 938 3013 993 indict.
3044 938 3157 993 xv?
3201 938 3418 993 Rectius
3448 937 3791 1002 divinaveris,
3849 936 3905 991 in

2310 1028 2631 1087 hcbdomada
2679 1048 2853 1103 xvma,
2894 1030 2949 1087 id
2988 1040 3089 1099 est,
3132 1031 3314 1101 quinta
3357 1030 3584 1088 decima.
3631 1032 3807 1101 Atque
3834 1032 3907 1086 ita

2308 1123 2609 1181 Aventinus
2640 1123 2759 1180 loco
2787 1138 2910 1180 mox
2944 1123 3162 1181 citando
3190 1124 3318 1180 olim
3359 1124 3505 1195 legit,
3555 1138 3676 1179 cum
3709 1123 3910 1178 litterae

2307 1218 2544 1275 nondum
2570 1219 2643 1275 ita
2666 1218 3038 1274 evanuissent.
3068 1215 3321 1275 Continet
3341 1234 3407 1274 ex
3434 1217 3572 1274 libro
3595 1218 3790 1287 primo,
3817 1215 3911 1271 Vi-

2307 1317 2416 1365 tam
2444 1309 2622 1377 Pauli,
2644 1310 2886 1377 Antonii,
2913 1310 3202 1367 Hilarionis
3248 1318 3304 1367 et
3332 1308 3542 1365 Malclti.
3570 1307 3789 1365 Librum
3814 1321 3909 1364 se-

2307 1405 2567 1462 cundum.
2601 1406 2681 1463 Ex
2712 1406 2849 1462 libro
2878 1406 3069 1477 quinto
3098 1405 3351 1461 nonnulla
3384 1405 3487 1462 hoc
3527 1403 3682 1460 titulo
3720 1420 3735 1457 :
3764 1400 3910 1457 Inci-

2309 1499 2457 1571 piunt
2504 1498 2890 1555 adhortationes
2934 1512 3233 1555 sanctorum
3275 1499 3514 1567 Patrum,
3569 1498 3910 1569 perfectiones

2308 1590 2696 1660 monachorum,
2720 1609 2847 1663 quas
2868 1593 2933 1647 de
2954 1591 3134 1649 erco
3161 1594 3215 1648 in
3236 1591 3481 1648 Latinum
3508 1592 3768 1647 transtulit
3795 1592 3910 1647 bea~

2311 1694 2392 1737 tus
2424 1682 2797 1757 Hieronymus.
2840 1685 3061 1741 Librunt
3102 1685 3410 1758 septimum.
3454 1684 3535 1740 Ex
3589 1682 3911 1755 appendice,

2311 1772 2685 1846 AEgyptiorum
2709 1776 2930 1832 Patrum
2970 1779 3287 1844 sententias,
3322 1777 3424 1834 hoc
3456 1778 3606 1833 titulo
3635 1796 3646 1831 :
3676 1775 3911 1832 Interro-

607 1866 728 1925 haac
758 1870 1047 1941 Anglicana
1075 1869 1241 1926 editio
1262 1886 1383 1927 cum
1413 1870 1515 1926 hac
1546 1880 1729 1925 nostra
1756 1868 2061 1926 conveniat.
2096 1867 2203 1923 Na-
2230 1862 2280 1925 B
2306 1872 2536 1941 gationes
2556 1872 2633 1925 vel
2649 1873 3003 1941 responsiones
3029 1870 3401 1944 zEgyptiorum
3426 1870 3666 1939 Patrum,
3694 1889 3824 1943 quas
3848 1873 3911 1927 dt

612 1971 731 2018 ctus
771 1977 891 2018 sum
932 1964 1074 2021 hunc
1100 1963 1355 2022 Codicem
1386 1980 1453 2021 ex
1482 1956 1773 2021 Carthusia
1804 1963 2197 2032 Mechliniensi,

611 2055 898 2127 admodum
921 2057 989 2113 Β.
1022 2058 1085 2114 D.
1113 2059 1289 2129 priore
1316 2059 1712 2130 promptissime
1734 2057 2123 2130 suppeditante.

1009 2191 1569 2249 PROLEGOHENON
1608 2190 1801 2248 XXIV.

608 2283 688 2340 De
723 2286 1093 2355 manuscriptis
1133 2286 1299 2350 libris,
1340 2287 1525 2357 quibus
1563 2286 1631 2339 ad
1669 2295 1903 2355 quartam
1939 2284 2075 2340 hanc
2100 2283 2206 2339 edi-

949 2359 1135 2412 tionem
1172 2359 1532 2412 aaornandam
1569 2374 1685 2413 sum
1724 2375 1865 2413 usus.

676 2446 857 2503 Prima
885 2448 1013 2504 mihi
1051 2463 1178 2505 cura
1211 2450 1327 2517 luit,
1357 2465 1424 2506 nc
1445 2450 1571 2520 quid
1608 2460 1810 2507 temere
1833 2451 1883 2505 in
1908 2459 2055 2506 textu
2080 2466 2202 2506 mu-

608 2550 777 2597 tarem
806 2560 817 2595 :
848 2543 978 2598 nihil
1010 2558 1334 2613 magnopere
1363 2544 1601 2614 ingenio,
1630 2543 1785 2612 nihil.
1805 2542 2203 2599 blandientibus

608 2630 661 2688 in
693 2633 924 2703 speciem
957 2634 1287 2702 conjecturis
1312 2635 1456 2690 dedi.
1512 2635 1753 2690 Primum
1796 2634 1927 2690 mihi
1953 2650 1985 2689 a
2015 2651 2204 2691 manu-

608 2728 820 2795 scriptis
853 2726 1150 2782 subsidium
1180 2727 1303 2795 fuit,
1334 2729 1496 2783 etiam
1526 2742 1557 2784 e
1583 2727 1900 2784 Germanica
1941 2730 2202 2797 evocatis,

584 2818 757 2873 'ttude
787 2818 920 2875 mihi
942 2822 1178 2892 quinque
1198 2822 1527 2891 exemplaria
1548 2819 1751 2894 [Lxxvr]
1775 2822 2022 2877 submisit
2049 2822 2115 2877 Β.
2140 2823 2201 2878 Ρ.

605 2910 838 2970 Jacobus
863 2913 1153 2971 Gretzerus
1183 2923 1385 2971 noster.
1418 2914 1725 2995 Secundum
1762 2928 1793 2969 a
1824 2915 2204 2973 vetustissimis

604 3008 956 3065 editionibus.
991 3008 1235 3067 Tertium
1264 3010 1540 3067 rarissime
1578 3018 1779 3081 tamen,
1806 3025 1837 3066 a
1867 3010 2199 3082 conjectura,

605 3116 715 3159 non
765 3113 973 3159 remota
1026 3112 1201 3160 tamen
1231 3119 1317 3169 ea,
1345 3103 1441 3161 scd
1467 3103 1786 3175 propinqua.
1832 3103 1966 3159 Cum
2020 3112 2201 3160 autem

605 3195 797 3251 decem
826 3196 992 3251 libros
1022 3195 1214 3252 demus
1245 3194 1481 3252 Vitarum
1528 3196 1772 3264 Patrum,
1814 3211 2041 3268 quorum
2090 3206 2201 3252 tres

2307 1962 2486 2019 erco
2519 1963 2742 2037 [Lxxvtt]
2767 1967 2822 2021 in
2850 1966 3090 2021 Latinum
3120 1966 3384 2021 transtulit
3428 1963 3685 2019 Martinus
3717 1965 3911 2036 episco-

2303 2072 2401 2127 pus
2423 2056 2475 2111 in
2501 2058 2811 2113 monasterio
2842 2057 3110 2114 Domense.

2380 2150 2515 2206 Nota
2547 2152 2634 2208 hic
2661 2152 2780 2209 libri
2814 2152 2968 2223 hujus
2999 2151 3310 2209 meminisse
3337 2150 3685 2219 Aventinum,
3728 2149 3824 2205 lib.
3856 2164 3910 2205 tv

2304 2242 2594 2299 Annalium
2642 2244 2914 2311 Boiorum,
2949 2245 3039 2301 ubi
3079 2245 3189 2316 agit
3213 2245 3283 2301 de
3311 2243 3580 2300 Ludovico
3608 2243 3703 2298 Pio
3732 2242 3909 2314 impe-

2304 2348 2483 2394 ratore
2513 2339 2603 2408 qui
2625 2340 2833 2394 curavit
2858 2354 2922 2396 ex
2957 2338 3238 2407 Dtlntatia,
3270 2354 3430 2410 quam
3461 2338 3754 2408 invaserat,
3782 2354 3910 2408 pro-

2304 2430 2479 2503 ﬂigari
2510 2431 2869 2487 Lindewitum
2899 2430 3138 2489 Slavum.
3172 2452 3191 2485 ι
3223 2432 3355 2499 Hoc,
3389 2433 3578 2504 inquit,
3608 2432 3749 2489 bello
3771 2431 3912 2487 scri-

2305 2535 2427 2595 ptus
2457 2535 2541 2580 est
2581 2524 2784 2593 Codex,
2815 2525 2907 2597 qui
2934 2542 3001 2583 ex
3033 2526 3361 2582 membranis
3390 2536 3723 2596 cumpactus,
3753 2541 3911 2582 mon-

2304 2628 2507 2675 stratur
2551 2619 2607 2676 in
2650 2621 3039 2676 monachorum
3086 2622 3445 2691 monasterio,
3492 2620 3635 2691 quod
3665 2635 3695 2675 a
3738 2619 3913 2691 patria

2306 2726 2426 2767 mea
2466 2696 2654 2767 deaem
2686 2710 2852 2767 millia
2887 2727 3139 2783 passuum
3170 2713 3514 2771 Occidentem
3568 2727 3755 2768 versus
3789 2712 3912 2769 hie-

2307 2803 2539 2873 malem,
2592 2804 2645 2859 in
2691 2804 2805 2874 ripa
2857 2804 2974 2861 llmi
3004 2804 3278 2861 conditum
3327 2814 3523 2863 exstat.
3570 2809 3708 2861 Sunt
3735 2806 3789 2860 in
3817 2804 3917 2861 illo

2308 2895 2449 2951 libro
2479 2896 2771 2967 descripta:
2811 2896 2948 2953 Vitae
2997 2896 3246 2954 divorum
3271 2914 3300 2953 a
3329 2897 3620 2954 Paschasio
3662 2913 3694 2952 e
3722 2896 3919 2953 Graeca

2307 2986 2485 3059 lingua
2509 2988 2561 3045 in
2584 2989 2880 3046 Romanam
2906 2991 3199 3048 translatae.
3223 2990 3353 3048 Item
3381 2992 3621 3048 Hilarion
3648 2989 3758 3047 divi
3788 2992 3921 3050 llic-

2306 3084 2541 3155 ronymi,
2574 3083 2709 3140 adeo
2737 3085 2973 3156 antiquis
3018 3085 3231 3154 litteris,
3266 3094 3323 3141 ut
3353 3084 3484 3141 mihi
3524 3098 3921 3155 repuerascen-

2307 3175 2474 3244 dum,
2512 3186 2567 3233 et
2613 3177 2681 3234 ad
2730 3176 2904 3249 prima
2940 3178 3206 3235 elementa
3262 3176 3597 3235 redeundum
3647 3177 3830 3233 fuerit.
3891 3195 3916 3231 ι

604 3289 933 3358 posteriores
954 3302 1096 3344 nunc
1116 3288 1350 3360 primum
1375 3290 1637 3345 accedunt
1664 3303 1731 3346 ex
1756 3265 2202 3359 interpretatione

2308 3269 2580 3329 Hactenus
2629 3273 2741 3330 ille.
2790 3272 3076 3344 Hundius,
3122 3273 3175 3330 in
3204 3274 3485 3344 Metropoli
3533 3287 3631 3329 sua
3671 3271 3920 3330 Salisbu-

607 3381 973 3437 recentiorum
1012 3380 1106 3451 qui
1132 3382 1318 3438 vixere
1358 3381 1578 3439 Patrum
1630 3384 1913 3450 memoria,
1967 3398 2073 3439 non
2121 3391 2207 3439 est

611 3472 756 3543 quod
787 3473 1028 3528 omniurn
1052 3472 1311 3529 librorum
1352 3474 1711 3545 manuscripta
1743 3474 2072 3546 exemplaria
2113 3490 2205 3531 ex-

611 3571 845 3633 spectes.
878 3562 1080 3619 Eorum
1112 3564 1272 3635 igitur
1315 3573 1521 3621 tantum
1550 3566 1808 3623 librorum
1841 3568 2206 3639 manuscripta

608 3665 865 3727 exspecta
906 3657 1236 3729 exemplaria
1280 3659 1372 3730 qui
1405 3659 1517 3731 jam
1562 3660 1690 3715 olim
1745 3634 2202 3729 translati.fue—re,

611 3748 803 3818 quales
830 3758 1041 3819 septem
1069 3751 1300 3822 priores,
1333 3754 1532 3823 quique
1561 3751 1822 3810 hactenus
1851 3752 2005 3810 titulo
2050 3752 2204 3810 Vita-

606 3857 727 3899 rum
760 3843 975 3900 Patrum
1003 3844 1253 3914 impressi
1273 3854 1417 3902 sunt.

680 3934 1170 4006 Manuscriptorum
1214 3935 1411 4008 quibus
1441 3952 1571 3994 usus
1598 3952 1743 4007 sum,
1775 3939 1979 3996 ecciste
2004 3916 2208 3997 catalo-E

606 4040 728 4097 gus,
758 4042 915 4097 quem
942 4027 1013 4083 do
1030 4028 1185 4099 juxta
1213 4040 1533 4088 vetustatem
1559 4031 1912 4103 characteris,
1946 4042 2203 4103 quantum

610 4120 828 4191 quidem
878 4121 1012 4177 mihi
1041 4122 1297 4194 colligere
1326 4124 1499 4191 licuit,
1533 4125 1620 4181 vel
1650 4140 1717 4182 ex
1756 4140 1901 4182 anno
1943 4125 2204 4197 ascripto,

604 4215 695 4270 vel
742 4230 810 4270 ex
851 4214 1190 4272 charactere.
1232 4216 1423 4273 Sciunt
1449 4218 1737 4290 antiquarii
1774 4219 1991 4291 aliquod
2022 4219 2205 4278 szeculi

603 4308 867 4367 iudicium
892 4326 924 4367 a
959 4312 1290 4369 characteris
1320 4329 1520 4385 genere
1540 4316 1701 4372 sumi.
1734 4316 1857 4373 Cito
1901 4326 2081 4375 autem
2111 4331 2205 4375 eos

602 4400 892 4459 referendo
916 4402 983 4459 ad
1010 4403 1301 4462 editionem
1333 4405 1470 4462 hanc
1500 4416 1769 4478 quartam.

677 4492 780 4549 Ms.
821 4492 1169 4566 Vedastinus,
1193 4512 1226 4553 e
1256 4497 1610 4555 celeberrimo
1640 4499 1811 4557 sancti
1840 4501 2058 4559 Vedasti
2083 4518 2203 4561 mo-

604 4584 847 4640 nasterio
876 4586 1329 4645 membranaceus
1355 4588 1597 4659 in-folio,
1630 4592 1994 4650 vetustissima
2015 4609 2199 4666 manu,

2309 3364 2497 3435 riensi,
2527 3367 2735 3434 scribit,
2766 3382 2888 3423 eum
2914 3367 3106 3423 librum
3138 3367 3268 3423 olim
3298 3366 3465 3424 fuisse
3494 3364 3547 3421 in
3580 3365 3920 3422 monasterio

2309 3458 2909 3516 Municbmunsteriensi
2956 3459 3012 3515 in
3060 3459 3285 3515 Bavaria
3333 3461 3399 3514 ad
3433 3456 3728 3514 Danubium
3774 3456 3923 3513 infra

2307 3551 2595 3624 Vohburg;
2636 3553 2733 3611 sed
2766 3569 2907 3610 anno
2936 3554 3079 3611 1580
3108 3569 3168 3612 se
3195 3568 3318 3611 eum
3350 3552 3423 3609 ibi
3454 3568 3558 3609 non
3598 3551 3922 3622 reperisse;

2307 3645 2621 3702 existimare
2644 3653 2826 3703 autem
2858 3646 3174 3703 translatum
3206 3662 3327 3704 esse
3357 3645 3695 3703 Monachium
3726 3642 3794 3698 ad
3822 3643 3923 3698 Bi-

2306 3737 2634 3797 bliothecam
2660 3741 2905 3798 ducalem
2950 3756 3074 3798 cum
3123 3740 3440 3813 quibusdam
3482 3738 3602 3795 aliis
3630 3736 3803 3794 libris.
3840 3734 3923 3793 Ita

2309 3832 2571 3890 ﬂundius.
2611 3833 2832 3905 lrrepsit
2863 3850 3018 3891 error
3058 3834 3114 3891 in
3140 3833 3447 3891 Chronicon
3495 3831 3703 3888 ordinis
3741 3829 3924 3885 Bene-

2306 3926 2440 3983 dict.
2468 3927 2536 3983 ab
2564 3926 2850 3983 admodum
2880 3926 3334 3985 reverendissimo
3363 3926 3426 3981 ι).
3453 3924 3693 3981 Auberto
3723 3920 3919 3979 Mirao

2308 4024 2706 4091 concinnatum,
2732 4038 2855 4079 cum
2878 4022 3121 4082 liberille
3139 4023 3373 4096 scriptus
3393 4022 3591 4079 dicitur
3610 4035 3752 4078 anno
3771 4018 3919 4091 918;

2306 4117 2526 4175 omnino
2558 4117 2661 4175 819
2690 4117 2945 4189 oportuit.

2378 4234 2481 4291 Ms.
2513 4233 2976 4305 lngolstadiensis,
3006 4233 3217 4305 collegii
3246 4233 3415 4291 nostri
3456 4231 3688 4299 in-folio,
3736 4244 3919 4309 mem-

2306 4324 2507 4393 brana,
2537 4325 2694 4381 valde
2723 4334 2986 4383 vetustus.
3038 4325 3294 4383 Continet
3333 4326 3525 4382 librum
3573 4322 3916 4397 secundum,

2308 4419 2552 4485 tertium,
2584 4428 2854 4491 quartum.
3704 4476 3709 4481 ,

2308 4570 2313 4573 .
2377 4515 2478 4571 Ms.
2504 4514 2841 4571 Amandinus
2869 4530 2900 4570 c
2928 4514 3284 4571 celeberrimo
3309 4514 3479 4569 sancti
3526 4510 3753 4568 Amandi
3800 4524 3920 4567 οω-

2308 4606 2505 4673 nobio,
2552 4622 2581 4664 a
2609 4616 2819 4663 vetusta
2864 4620 3067 4676 manu,
3115 4606 3205 4677 qui
3251 4605 3548 4662 Heraclidis
3596 4603 3920 4661 Paradisum

607 4677 817 4771 quippe
834 4681 1242 4739 characteribus
1263 4657 1591 4754 capitalibus
1604 4687 1965 4759 conscriptus.
1990 4657 2205 4745 Descri;
2229 4657 2285 4721 Β
3099 4657 3349 4771 εἶξιυξξιξ
3362 4657 3553 4756 ξιξέῇ
3592 4657 3918 4769 haemi)“.—

608 4778 735 4842 plus
765 4770 855 4828 hic
885 4781 1004 4829 erat
1032 4785 1221 4845 rogatu
1248 4776 1457 4833 abbatis
1486 4776 1750 4846 Nomedii,
1779 4779 1870 4849 qui
1906 4794 2029 4836 eum
2059 4780 2203 4838 basi-
2252 4781 2257 4785 ’

604 4862 729 4920 lica:
750 4865 920 4919 sancti
945 4863 1189 4921 Medardi
1218 4866 1504 4923 obtulerat.
1566 4868 1719 4926 Unde
1764 4868 2078 4940 Suessione,
2112 4872 2201 4930 ubi

601 4952 833 5028 insignis
866 4958 1039 5013 sancti
1078 4958 1322 5016 Medardi
1351 4959 1596 5027 basilica,
1626 4962 1822 5018 librum
1845 4963 1989 5020 hunc
2021 4965 2200 5035 profe-

604 5059 751 5106 ctum
774 5065 1027 5122 auguror.
1057 5051 1267 5108 Titulus
1286 5064 1467 5111 autem
1491 5055 1613 5112 libri
1639 5058 1727 5113 hic
1746 5069 1861 5116 erat
1885 5076 1900 5115 :
1924 5061 2077 5117 Liber
2095 5080 2202 5118 ser-

605 5164 817 5203 monum
841 5149 917 5206 vel
945 5148 1328 5206 adhortationis
1357 5150 1582 5208 Patrum
1611 5155 1681 5209 ad
1707 5157 1991 5228 profectum
2018 5174 2199 5215 mona-

607 5239 843 5297 chorum.
866 5243 1029 5301 Liber
1048 5253 1227 5303 autem
1252 5244 1339 5301 hic
1359 5260 1462 5302 ms.
1483 5256 1687 5305 tantum
1712 5251 1951 5308 continet
1976 5267 2044 5308 ex
2065 5253 2202 5311 libro

606 5342 795 5391 nostro
844 5340 1035 5410 quinto
1081 5339 1298 5397 libellos
1347 5356 1435 5409 xv,
1468 5350 1524 5397 et
1556 5342 1671 5398 ﬁnit
1700 5343 1753 5399 in
1783 5360 2012 5402 numero
2041 5344 2110 5401 26
2140 5346 2203 5403 li-

602 5426 735 5483 belli
756 5445 845 5485 xv.
871 5432 1045 5500 Quare
1066 5450 1171 5492 non
1196 5434 1357 5493 habet
1378 5436 1584 5506 integre
1604 5452 1725 5509 quae
1751 5440 1909 5495 vertit
1929 5440 2199 5514 Pelagius.

606 5518 756 5577 Finis
787 5523 948 5580 totius
971 5526 1092 5584 libri
1122 5539 1238 5586 erat
1262 5549 1274 5586 :
1304 5528 1536 5603 Explicit
1559 5531 1685 5587 liber
1708 5534 1843 5602 quod
1864 5545 2071 5590 vocatur
2098 5535 2202 5591 Vi-

609 5622 690 5669 tas
722 5615 940 5673 Patrum
986 5620 1055 5673 ad
1084 5627 1369 5693 profectum
1396 5626 1761 5681 monachorum
1788 5626 1892 5681 sive
1919 5628 2200 5684 imitatores

2309 4792 2427 4849 cula
2475 4793 2527 4849 in
2560 4793 2857 4865 appendice
2884 4790 3193 4864 recognovi.

2389 4884 2489 4941 his.
2513 4884 2936 4941 Audomarensis
2961 4899 3027 4941 ex
3055 4882 3282 4941 ecclesia
3305 4882 3585 4955 collegiata
3610 4880 3782 4939 sancti
3806 4880 3921 4936 Au-

2309 4976 2537 5044 domari,
2563 4986 2826 5045 vetustus,
2875 4985 2933 5033 et
2971 4977 3205 5034 maxime
3234 4976 3527 5049 perlectus,
3556 4976 3643 5046 qui
3670 4975 3920 5030 maximo

2306 5070 2439 5127 mihi
2477 5070 2546 5126 ad
2597 5070 2735 5127 hanc
2783 5069 3206 5142 recognitionem
3254 5071 3568 5141 adiumento
3614 5067 3750 5134 fuit,
3799 5078 3916 5122 tum

2308 5164 2453 5236 quod
2512 5165 2690 5236 plures
2738 5165 2905 5222 libros
2957 5165 3289 5232 contineret,
3339 5173 3453 5221 tum
3505 5162 3648 5234 quod
3702 5160 3923 5231 egregie

2306 5258 2540 5329 scriptus
2585 5266 2749 5315 esset.
2796 5256 3118 5315 Continebat
3160 5267 3341 5315 autem
3383 5273 3454 5314 ex
3503 5254 3642 5313 libro
3683 5253 3865 5325 primo
3901 5270 3916 5308 :

2314 5352 2488 5408 Vitam
2563 5351 2735 5409 sancti
2794 5352 3012 5429 Antonii
3082 5366 3187 5431 per.
3226 5360 3469 5408 sanctum
3522 5346 3917 5416 Athanasium,

2309 5444 2601 5516 interprete
2667 5445 2929 5517 Evagrio;
2992 5444 3167 5501 Vitam
3232 5445 3404 5500 sancti
3452 5440 3747 5498 Hilarionis
3817 5453 3922 5494 au-

2310 5546 2461 5593 ctore
2520 5546 2707 5593 sancto
2764 5536 3131 5613 Hieronymo;
3178 5533 3355 5591 Vitam
3413 5532 3607 5590 Malchi
3660 5528 3920 5587 monachi

2309 5632 2505 5702 captivi
2555 5646 2651 5702 per
2693 5630 2973 5696 eumdem;
3024 5628 3196 5685 Vitam
3246 5614 3489 5684 Abrahte
3525 5626 3769 5682 eremitae
3813 5637 3921 5694 per

610 5706 2205 5783 eorum.Vixdubiummihi,anteannosnccclibrumhunc
2307 5724 2522 5780 beatum
2578 5721 2865 5792 prrmm;
2917 5721 3088 5776 Vitam
3148 5721 3287 5776 beati
3351 5718 3667 5783 Frontonii;
3732 5714 3917 5772 Vitam

610 5803 994 5876 conscriptum.
1027 5805 1103 5862 Ex
1129 5804 1374 5868 Nomedii
1403 5822 1561 5872 aetate
1586 5829 1675 5872 res
1697 5812 1897 5872 certior
1919 5815 2081 5872 statui
2107 5831 2202 5887 po-
2308 5817 2527 5873 Marinae
2575 5816 2800 5887 puellae;
2843 5814 3036 5874 lihrnm
3080 5812 3399 5879 secundum,
3433 5810 3537 5865 hoc
3581 5808 3772 5865 initio:
3808 5801 3917 5858 In-

607 5896 753 5953 ¹θ¹¹ίῑο
2308 5912 2427 5982 cipit
2474 5910 2715 5982 prwfatio
2770 5906 2961 5977 [lu/lini
2985 5906 3049 5963 de
3081 5906 3201 5963 Vita
3246 5904 3637 5975 monac/torum.
3687 5897 3918 5957 Benedi-
