4124 6350
263 370 328 430 si
1523 367 2083 451 paenecounnou
2124 372 2311 431 xxrv.
3494 394 3564 452 32

261 500 394 560 ctus,
423 499 533 546 etc.
558 507 571 556 ;
603 490 798 547 librum
831 489 1068 558 tertium,
1098 504 1196 562 per
1238 490 1604 563 paragraphos
1632 504 1727 546 seu
1759 505 1857 546 nu-
1880 489 1936 551 Α
1961 504 2110 548 num.
2139 491 2238 557 24,
2285 493 2373 562 qui
2418 491 2593 551 eidem
2624 495 3008 557 Posthumiano
3037 501 3306 558 tribuitur.
3335 503 3555 566 Librum

259 598 442 643 meros
471 597 643 643 ccvn;
672 582 864 638 librum
892 593 1163 652 quartum,
1189 584 1427 653 exceptis
1450 585 1635 655 primis
1663 601 1749 640 xrv
1771 601 1860 642 ca-

255 675 495 748 pitibus,
542 689 664 745 qua:
707 689 774 730 ex
821 673 1022 730 Severo
1051 675 1291 745 Sulpicio
1321 685 1446 732 sunt
1472 688 1751 748 excerpta,
1796 694 1860 736 ea

257 767 404 825 enim
436 768 692 834 deerant;
726 767 921 823 librum
965 770 1207 840 quintum
1237 814 1252 838 ,
1297 771 1449 841 cujus
1494 773 1678 830 titulus
1725 785 1810 831 est
1841 793 1855 830 :

255 858 527 933 Incipiunt
556 863 943 917 adhortationes
980 873 1272 918 sanctorum
1304 864 1556 934 Patrum,
1590 868 1859 937 perfectio-

254 970 450 1026 nesque
477 955 868 1021 monachorum,
901 973 1028 1026 quas
1057 955 1122 1011 de
1159 956 1340 1012 erco
1368 959 1420 1014 in
1451 959 1688 1015 Latinum
1715 971 1858 1016 tran-

256 1049 403 1105 stulit
451 1047 798 1119 Hieronymus
842 1048 1123 1120 presbyter.
1159 1050 1440 1107 Manifesto
1485 1068 1689 1110 errore.
1724 1054 1857 1111 Nam

258 1140 401 1196 idem
432 1140 565 1196 liber
594 1139 842 1213 [Lxxvm]
871 1144 1270 1214 manuscriptus
1300 1146 1352 1200 in
1385 1147 1489 1204 line
1522 1147 1681 1203 libelli
1707 1166 1853 1217 xvm,

257 1236 346 1305 qui
377 1235 432 1290 in
456 1235 557 1290 hoc
579 1235 766 1306 quinto
795 1236 932 1291 libro
965 1237 1181 1294 ultimus
1209 1248 1310 1308 est,
1344 1240 1456 1296 haec
1483 1242 1641 1298 habet
1668 1261 1680 1299 :
1716 1245 1857 1300 Iluc-

256 1339 418 1393 usque
449 1326 512 1379 de
551 1325 732 1381 Gra'co
790 1328 843 1381 in
871 1326 1113 1383 Latinum
1157 1334 1420 1386 transtulit
1468 1332 1714 1407 Pelagius
1743 1338 1857 1391 dia-

255 1433 417 1473 conus
446 1417 691 1474 Ecclesia:
723 1419 990 1488 Romanis,
1033 1430 1082 1476 et
1113 1422 1297 1478 abhinc
1340 1424 1580 1482 deorsum
1629 1427 1855 1486 Joannes

252 1511 622 1569 subdiaconus.
664 1512 881 1570 Librum
930 1525 1176 1585 sextum,
1225 1516 1516 1589 interprete
1543 1520 1750 1580 Joanne
1793 1525 1851 1583 S.

255 1602 323 1664 Β.
370 1604 436 1659 Ε.
468 1605 818 1663 subdiacono.

325 1695 428 1752 Ms.
461 1696 877 1770 Afﬂigemiensis
916 1716 983 1758 ex
1011 1700 1207 1776 insigni
1253 1707 1464 1766 abbatia
1500 1711 1672 1768 sancti
1708 1711 1854 1770 Petri

251 1788 391 1859 apud
423 1790 693 1847 Alostrum
724 1791 948 1862 in-t‘olio,
979 1797 1314 1869 membrana,
1345 1803 1499 1860 bona:
1527 1816 1687 1863 notae.
1713 1807 1853 1863 Con-

1964 593 2246 654 quartum,
2278 587 2370 657 qui
2409 588 2602 645 Joanni
2655 591 2910 650 Cassiano
2957 599 3279 668 assignatur.
3337 600 3556 660 Librum

1962 677 2227 748 quintum.
2280 680 2488 738 Titulus
2514 695 2690 741 autem
2740 688 2825 743 hic
2872 699 2953 745 est
2985 710 2998 746 :
3033 691 3300 763 Incipiunt
3330 701 3557 767 capitula

1961 771 2080 827 libri
2108 776 2273 830 sancti
2306 775 2612 850 Hieronymi
2639 782 2700 836 de
2740 780 2858 836 Vita
2883 794 2928 838 et
2957 788 3154 843 actibus
3183 789 3289 844 SS.
3332 791 3554 848 Patrum

1960 868 2303 935 eremitarum,
2336 874 2614 926 translatus
2664 875 2726 927 ab
2754 893 2809 930 eo
2851 878 2914 932 de
2941 878 3119 935 Graeco
3164 884 3294 952 stylo
3323 885 3375 938 in
3407 863 3554 939 Lati-

1961 976 2102 1014 num.
2136 961 2190 1015 In
2222 964 2402 1019 medio
2439 981 2567 1021 vero
2615 967 2779 1024 libelli
2810 987 2894 1026 xvr
2927 974 3048 1046 (qui
3100 991 3227 1031 vere
3257 994 3380 1033 xvm
3430 991 3511 1035 est
3535 1023 3552 1050 ,

1959 1053 2054 1108 sed
2081 1054 2187 1109 duo
2218 1055 2384 1111 libelli
2413 1074 2530 1125 xui,
2564 1059 2631 1115 de
2658 1061 3051 1132 llospitalitale,
3082 1075 3136 1121 et
3165 1084 3274 1134 xw,
3310 1071 3375 1125 de
3405 1071 3551 1126 Obe-

1959 1148 2156 1205 dientia
2201 1152 2253 1206 in
2289 1153 2391 1209 hoc
2421 1154 2519 1210 Ms.
2553 1167 2679 1211 sunt
2730 1158 2939 1224 omissi)
2972 1161 3194 1216 habetur
3227 1181 3240 1217 :
3273 1163 3554 1235 Hunisque

1963 1241 2306 1315 Hieronymus
2336 1246 2398 1300 de
2426 1246 2607 1302 Grteco
2637 1250 2690 1303 in
2723 1249 2963 1305 Latinum
2993 1254 3180 1307 dicitur
3211 1260 3551 1325 transtulisse,

1956 1337 2083 1402 sive,
2115 1347 2170 1391 ut
2189 1341 2415 1409 plerique
2444 1352 2738 1409 autumant,
2765 1343 3010 1416 Pelagius
3029 1346 3276 1403 diaconus
3307 1350 3553 1406 Romana:

1959 1428 2221 1486 Ecclesitr.
2274 1432 2406 1488 Inde
2448 1434 2675 1492 Joannes
2707 1439 3075 1508 subdiaconus,
3116 1452 3339 1510 quatuor
3369 1445 3552 1499 distin-

1955 1540 2114 1595 guens
2146 1527 2286 1581 libris
2328 1528 2461 1582 idem
2492 1546 2640 1602 opus.
2675 1532 2894 1588 Librum
2927 1544 3157 1590 sextum.

2027 1621 2124 1676 Ms.
2159 1621 2439 1679 Lentiensis
2469 1625 2664 1692 minor,
2699 1627 2751 1682 in
2783 1639 2992 1697 quarto,
3026 1645 3374 1702 pergameno,
3408 1641 3552 1690 notae

1954 1733 2061 1774 non
2111 1718 2381 1777 inferioris
2419 1735 2448 1774 a
2490 1723 2689 1791 priore.
2732 1723 2832 1789 Qui
2881 1724 3018 1779 liber
3055 1726 3183 1781 olim
3228 1723 3326 1781 fuit
3363 1727 3551 1783 Sancti

1954 1810 2232 1866 Michaelis
2259 1813 2310 1867 in
2335 1813 2514 1869 Sarto.
2541 1815 2791 1871 Continet
2820 1815 2906 1870 hic
2934 1816 3070 1872 liber
3096 1834 3160 1873 es
3191 1818 3327 1874 libro
3353 1821 3549 1890 primo,

250 1884 384 1940 tinet
416 1900 484 1940 ex
519 1885 654 1942 libro
684 1888 855 1958 primo
885 1884 1034 1946 Vitas
1065 1896 1236 1950 sancti
1267 1893 1720 1972 Pauli,Antonii,
1758 1902 1851 1957 lli-
1880 1892 1928 1955 B
1957 1905 2128 1959 Vitam
2157 1907 2327 1961 sancti
2360 1905 2508 1960 Pauli
2541 1909 2699 1977 primi
2727 1910 2987 1978 eremitze,
3022 1921 3240 1968 auctore
3266 1912 3389 1968 divo
3416 1913 3550 1970 llie-

247 1973 508 2046 larionis,
553 1980 775 2049 Malchi,
810 1982 1106 2053 Pachumii,
1138 1989 1396 2054 Abrahaz,
1430 1992 1698 2049 Simeonis
1726 1994 1849 2066 Sty-

247 2071 400 2145 lytze,
433 2072 731 2141 Frontonii,
761 2076 1147 2150 Euphrosynzn,
1182 2082 1363 2137 Mariae
1393 2085 1568 2154 neptis
1592 2086 1844 2154 Abrahae,

249 2168 509 2240 Pelagire,
547 2171 721 2226 Maria:
747 2171 1098 2245 .Egyptiacce,
1135 2178 1384 2247 Mai-inte;
1440 2181 1632 2239 librum
1663 2200 1842 2244 secun-

245 2261 399 2326 dum,
432 2263 698 2332 quintum,
732 2276 962 2321 sextum.

316 2358 417 2412 Ms.
449 2357 876 2431 Gemblaeensis,
901 2377 970 2418 ex
995 2371 1206 2422 vetusta
1236 2367 1453 2423 abbatia
1479 2372 1651 2426 sancti
1678 2371 1842 2442 Petri,

241 2450 452 2506 ordinis
481 2456 652 2509 sancti
686 2454 955 2512 Benedicti
986 2458 1040 2514 in
1069 2461 1266 2529 oppido
1293 2462 1668 2523 Gemhlacensi
1701 2473 1844 2539 apud

239 2544 591 2617 Namurcum,
641 2550 692 2604 in
721 2563 949 2622 quarto,
1003 2557 1483 2631 membranaceus,
1530 2564 1844 2625 charactere

238 2649 476 2696 vetusto.
539 2641 861 2702 Continebat
911 2657 1116 2705 tantum
1165 2667 1230 2708 ex
1272 2639 1411 2710 libro
1469 2658 1644 2727 primo
1694 2661 1844 2719 Vitas

237 2737 412 2790 sancti
448 2736 758 2808 Pachomii,
808 2743 983 2798 sancti
1030 2742 1236 2812 Basilii,
1277 2747 1497 2808 Joannis
1529 2753 1841 2828 Eleemosy-

235 2828 398 2896 uarii,
432 2830 614 2887 Maria:
640 2834 996 2907 Egyptiacze.

311 2920 416 2976 Ms.
463 2921 882 2998 Crispiniensis,
912 2945 992 2993 .ex
1039 2940 1367 2996 monasterio
1412 2942 1619 3001 ordinis
1669 2949 1840 3005 sancti

234 3009 515 3070 Benedicti
545 3017 685 3085 apud
715 3018 1078 3095 Valentianas,
1112 3028 1343 3096 in-folio,
1375 3036 1714 3106 membrana,
1748 3057 1839 3098 ve-

234 3111 378 3160 tusta
407 3122 590 3164 manu.
638 3112 958 3172 Continebat
985 3133 1050 3174 ex
1080 3120 1218 3178 libro
1255 3127 1426 3194 primo
1474 3128 1620 3187 Vitas
1663 3136 1835 3192 sancti

232 3197 409 3266 Pauli,
433 3204 604 3258 sancti
632 3206 869 3275 Antonii,
899 3213 1073 3268 sancti
1102 3215 1412 3287 Hilarionis,
1433 3221 1647 3293 Malchi,
1683 3227 1836 3284 Joan-

231 3291 314 3347 nis
357 3293 811 3370 Eleemosynarii,
853 3301 1180 3376 Frontonis,
1233 3311 1433 3380 Paulae,
1479 3291 1678 3371 sancta:
1724 3319 1835 3374 Ma-

231 3385 397 3452 rinus;
429 3395 600 3444 totum
644 3391 838 3448 librum
871 3398 1199 3465 secundum;
1231 3408 1399 3458 totum
1447 3404 1638 3462 librum
1673 3425 1834 3479 quar-

231 3482 378 3542 tum;
411 3486 588 3535 totum
617 3480 809 3540 librum
838 3487 1118 3557 quintum;
1167 3500 1335 3548 totum
1378 3495 1570 3554 librum
1598 3511 1834 3560 sextum.

300 3568 405 3624 Ms.
441 3571 873 3648 Aquicinctinus,
908 3593 979 3634 ex
1009 3583 1262 3639 cmnobio
1292 3586 1496 3644 ordinis
1536 3595 1707 3648 sancti
1737 3593 1835 3651 Be-

227 3661 432 3716 nedicti
464 3664 604 3734 apud
633 3665 889 3738 Duaeum,
921 3673 974 3726 in
1016 3678 1352 3748 membrana,
1385 3682 1540 3740 bona:
1568 3696 1728 3754 notae,
1753 3689 1836 3746 in-

227 3749 384 3808 l’olio.
430 3753 733 3816 Exhibebat
776 3761 864 3818 hic
912 3771 1306 3839 manuscriptus
1357 3787 1423 3829 ex
1475 3775 1615 3832 libro
1661 3749 1836 3848 primo

229 3843 385 3901 Vitas
413 3851 586 3905 sancti
632 3850 805 3918 Pauli,
839 3859 1008 3912 sancti
1039 3861 1280 3930 Antonii,
1322 3867 1492 3921 sancti
1522 3843 1832 3939 Hilarionis,

227 3937 446 4007 Malchi,
463 3945 632 4000 sancti
657 3945 876 4003 Joannis
899 3950 1348 4026 Eleemosynarii,
1366 3969 1566 4016 sanctae
1584 3937 1834 4033 Euphro;

227 4033 365 4090 sinu:
393 4037 639 4108 virginis,
671 4040 850 4097 Mariae
880 4045 1054 4114 neptis
1081 4049 1332 4120 Abrahae,
1389 4053 1623 4125 Pelagia:
1653 4074 1832 4115 mere-

227 4129 402 4196 tricis,
433 4131 616 4187 Mariae
637 4133 990 4206 Egyptiacre,
1015 4139 1214 4198 Paulae.
1240 4145 1537 4203 Exhibebat
1568 4161 1834 4219 praeterea

226 4225 427 4283 librum
474 4231 793 4302 secundum,
842 4233 946 4291 hoc
974 4237 1129 4293 titulo
1164 4258 1176 4293 :
1209 4239 1476 4313 Incipiunt
1523 4255 1668 4301 actus
1718 4247 1830 4304 SS.

226 4317 454 4376 Patrum
482 4340 514 4376 a
551 4321 925 4382 Posthumiano
955 4333 1206 4387 monacho
1251 4336 1376 4389 editi
1405 4345 1453 4391 et
1479 4340 1548 4391 ad
1580 4337 1833 4396 Fidosum

226 4414 394 4469 missi.
422 4414 638 4472 Librum
666 4421 1018 4493 tertium,lqui
1037 4423 1108 4480 ibi
1133 4437 1341 4484 constat
1368 4430 1717 4501 paragraphis
1736 4447 1833 4488 seu

226 4510 474 4566 numeris
515 4528 646 4568 cxu.
690 4513 908 4571 Librum
959 4527 1206 4585 quartum
1255 4522 1358 4578 hoc
1405 4524 1601 4580 initio:
1639 4524 1832 4595 Incipit

227 4603 359 4658 liber
390 4602 752 4660 Posthumiani
797 4607 860 4662 de
894 4611 1047 4678 gestis
1076 4621 1371 4668 sanctorum
1401 4613 1640 4671 Patrum.
1674 4617 1829 4675 Unde

1954 2013 2214 2070 ronymo;
2265 2000 2440 2055 Vitam
2475 2002 2644 2056 sancti
2691 2002 2978 2060 Hilarionis
3004 2045 3020 2072 ,
3072 2017 3289 2062 auctore
3317 2007 3546 2076 eodem;

1952 2091 2130 2148 Vitam
2155 2108 2250 2150 seu
2273 2093 2652 2150 Paenitentiam
2675 2095 2915 2163 Thaidis,
2939 2112 3034 2154 seu
3077 2099 3318 2165 Thaisis;
3349 2101 3549 2156 librum

1949 2189 2266 2254 secundum,
2291 2192 2530 2255 tertium,
2557 2201 2826 2262 quartum.
2858 2194 2956 2249 Ms.
2991 2194 3152 2250 Bonae
3179 2195 3329 2266 Spei,
3357 2211 3421 2251 ex
3450 2198 3549 2253 ab-

1949 2279 2090 2337 batia
2135 2281 2378 2352 ejusdem
2420 2284 2687 2350 nominis,
2731 2285 2936 2341 ordinis
2971 2286 3547 2357 Praemonstratensis,

1948 2374 2088 2443 apud
2115 2374 2392 2430 Binchium
2427 2375 2726 2432 llannoniae
2754 2378 3027 2447 oppidum,
3048 2378 3345 2449 in-quarto,
3376 2380 3547 2436 forma

1947 2465 2217 2536 oblonga,
2270 2483 2636 2538 pergameno,
2692 2470 3007 2526 charactere
3054 2471 3196 2526 bono
3235 2483 3290 2527 et
3341 2480 3546 2528 vetere.

1946 2560 2200 2616 Continet
2229 2564 2374 2617 varia
2406 2571 2613 2619 tantum
2647 2564 2943 2636 fragmenta
2973 2580 3040 2621 ex
3075 2567 3236 2622 variis
3267 2566 3392 2623 hinc
3420 2566 3547 2623 inde

1946 2651 2098 2708 libris
2128 2663 2402 2724 excerpta,
2436 2670 2506 2710 ex
2540 2656 2678 2712 libro
2710 2666 2826 2713 net
2851 2674 2906 2712 Ill
2933 2658 3153 2726 Bullini,
3184 2661 3309 2716 item
3351 2675 3414 2717 ex
3451 2663 3548 2718 διῖ-

1944 2756 2075 2818 quot
2103 2747 2297 2805 libellis
2329 2749 2529 2820 Pelagii
2558 2761 2611 2808 et
2637 2752 2912 2809 Joannis.«

2018 2848 2117 2901 Ms.
2168 2845 2527 2913 Moretianus,
2569 2847 2816 2916 in-iolio,
2857 2863 3201 2919 pergameno,
3243 2865 3349 2906 non
3391 2850 3546 2907 valde

1943 2938 2158 3008 quidem
2190 2947 2458 3004 vetustus,
2489 2939 2582 2996 sed
2615 2940 2844 3011 plurima
2889 2943 3192 3010 continens,
3226 2958 3385 3013 quem
3413 2943 3547 2999 mihi

1945 3033 2009 3088 D.
2063 3034 2252 3088 Moreti
2296 3033 2388 3088 lilii
2440 3036 2874 3105 suppeditarunt.
2926 3038 3243 3094 Continebat
3294 3055 3361 3094 ex
3407 3039 3544 3095 libro

1942 3127 2114 3196 primo
2145 3129 2293 3183 Vitas
2324 3128 2510 3196 Pauli;
2539 3131 2754 3187 Antonii
2781 3149 2793 3197 ;
2832 3131 3147 3199 Hilarionis;
3182 3133 3405 3198 Malchi;
3438 3133 3543 3188 Pa-

1942 3218 2174 3284 chomii;
2205 3220 2468 3286 Abrahae;
2493 3221 2715 3276 Joannis
2741 3224 3198 3295 Eleemosynarii;
3231 3225 3540 3294 Frontonii,

1943 3327 2101 3384 quam
2167 3313 2495 3386 Hieronymo
2565 3316 2818 3382 ascribit;
2897 3316 3302 3388 Euphrosynen;
3361 3317 3544 3375 Maria:

1942 3404 2120 3475 neptis
2167 3403 2438 3470 Abrahae;
2473 3403 2686 3462 Thaisis
2733 3408 3065 3474 meretricis;
3099 3408 3326 3479 Pelagia:
3366 3424 3542 3466 mere-

1943 3496 2122 3562 tricis;
2167 3495 2345 3550 Mariae
2377 3496 2744 3568 Egyptiacae;
2785 3498 3034 3564 Marinae;
3076 3499 3276 3555 Paulae.
3318 3501 3540 3558 Librum

1941 3588 2256 3655 secundum,
2291 3604 2449 3659 quem
2483 3590 2703 3646 ascribit
2741 3591 3125 3647 Posthumiano
3166 3594 3450 3660 monacho,
3483 3604 3542 3650 et

1940 3680 2135 3736 dicitur
2183 3679 2250 3734 ad
2289 3681 2596 3752 Phydosum
2653 3684 2872 3740 missus.
2905 3684 3124 3740 Librum
3160 3688 3400 3753 tertium,
3447 3689 3540 3757 qui

1939 3778 2100 3832 etiam
2133 3776 2522 3832 Posthumiano
2549 3777 2857 3845 ascribitur,
2889 3787 2944 3833 et
2976 3778 3042 3832 ad
3076 3778 3381 3850 Phydosum
3415 3782 3541 3836 mit-

1942 3869 2090 3923 titur.
2117 3867 2334 3923 Librum
2351 3878 2623 3939 quartum,
2650 3885 2810 3940 quem
2836 3870 3022 3926 tribuit
3040 3871 3231 3926 Joanni
3255 3872 3535 3929 Cassiano.

1939 3959 2162 4016 Librum
2204 3961 2477 4030 quintum,
2535 3977 2690 4032 quem
2743 3964 2810 4018 de
2851 3963 3042 4019 Graeco
3073 3965 3123 4017 in
3172 3963 3420 4019 Latinum
3468 3966 3537 4022 ab

1939 4053 2270 4126 Hieronymo
2314 4056 2630 4127 presbytero
2659 4055 2845 4130 [Lxxx]
2887 4058 3199 4112 translatum
3232 4058 3443 4113 asserit.
3476 4059 3537 4116 In

1939 4146 2046 4201 line
2093 4154 2271 4201 tamen
2301 4145 2422 4201 libri
2450 4163 2600 4214 xvm,
2631 4149 2724 4216 ait,
2765 4149 2868 4203 sive
2897 4158 2951 4203 ut
2980 4147 3213 4220 plerique
3240 4158 3533 4217 autumant,

1938 4242 2204 4295 transtulit
2237 4241 2300 4295 de
2346 4241 2525 4296 erco
2553 4243 2607 4296 in
2647 4240 2889 4296 Latinum
2921 4241 3166 4314 Pelagius
3192 4243 3439 4300 diaconus
3469 4244 3535 4300 S.

1938 4333 2008 4389 R.
2042 4335 2107 4390 Ε.
2139 4335 2358 4391 Librum
2389 4348 2598 4392 sextum
2620 4377 2635 4403 ,
2664 4352 2825 4407 quem
2867 4337 3058 4392 Joanni
3090 4337 3145 4394 S.
3179 4338 3244 4393 R.
3293 4339 3353 4393 Ε.
3406 4339 3536 4394 sub-

1938 4428 2168 4484 diacono
2222 4428 2463 4485 ascribit.
2499 4430 2576 4485 Ex
2618 4430 2910 4500 appendicc
2934 4473 2950 4499 ,
2984 4431 3278 4487 Heraclidis
3310 4431 3535 4486 l’aradi-

1937 4535 2078 4588 sum,
2111 4523 2404 4593 integrum;
2438 4523 2536 4578 sed
2566 4539 2686 4578 eum
2717 4524 2935 4579 ascribit
2963 4524 3273 4592 Paschasio,
3307 4526 3391 4580 vel
3418 4525 3536 4580 Pal-

1939 4613 2080 4669 ladio
2126 4615 2375 4670 diacono.
2427 4614 2502 4669 lta
2534 4615 2745 4670 titulum
2792 4616 3058 4685 concipit:
3093 4615 3288 4685 Incipit
3317 4617 3535 4686 cpistola

226 4696 447 4750 occasio
492 4705 612 4751 nata
656 4699 727 4754 sit
757 4698 1144 4756 Posthumiano
1190 4703 1398 4772 aliquos
1441 4706 1610 4764 libros
1637 4709 1828 4766 inscri-
1855 4680 1912 4742 Β
1935 4705 2209 4762 Paschasii
2250 4709 2353 4761 sive
2381 4706 2594 4761 Paladii
2628 4709 2830 4762 diaconi
2868 4710 2935 4762 ad
2951 4680 3279 4779 Eugippiani
3320 4712 3534 4780 presby-

224 4785 416 4843 bendi.
453 4787 584 4845 Vide
613 4789 751 4846 dicta
780 4806 961 4862 supra,
994 4793 1372 4867 prolegomeno
1396 4797 1450 4866 4,
1481 4799 1508 4871 §
1533 4800 1585 4854 9.

299 4879 406 4934 Ms.
444 4878 726 4937 Lartiensis
755 4885 928 4955 major
955 4899 1021 4941 ex
1061 4885 1444 4944 formatissimo
1491 4891 1558 4945 ad
1589 4894 1828 4965 regulam

223 4972 403 5026 sancti
432 4972 707 5030 Benedicti
735 4977 836 5032 sub
873 4979 1169 5047 patrocinio
1195 4982 1366 5037 sancti
1406 4981 1676 5039 Lambcrti
1709 5002 1828 5041 mo-

226 5066 489 5132 nasterio,
524 5066 764 5133 in-lolio,
814 5086 1157 5140 pergameno,
1191 5074 1345 5130 bona:
1378 5087 1539 5132 noun.
1579 5077 1831 5136 Coutinet

223 5163 408 5210 autem
463 5171 531 5211 ex
571 5157 710 5214 libro
741 5159 916 5230 primo
954 5161 1106 5216 Vitas
1136 5166 1305 5220 sancti
1339 5166 1488 5223 Pauli
1529 5170 1684 5238 primi
1709 5185 1828 5228 ere-

224 5248 407 5311 mite;
440 5250 613 5304 sancti
647 5251 898 5319 Antonii;
932 5257 1104 5311 sancti
1137 5257 1461 5325 Hilarionis;
1496 5267 1665 5319 sancti
1700 5266 1831 5322 Mal-

225 5336 337 5406 chi,
363 5339 557 5408 captivi
586 5342 863 5408 monachi;
895 5347 1063 5402 sancti
1085 5345 1354 5404 Simeonis
1382 5352 1618 5425 Stylitm;
1652 5358 1827 5410 sancti

222 5429 452 5490 Joannis
509 5433 968 5508 Eleemosynarii;
1035 5441 1238 5515 [Lxxtx]
1295 5448 1464 5501 sancti
1524 5447 1824 5517 Frontonii,

223 5540 390 5597 quam
416 5528 739 5602 Hieronymo
763 5533 978 5600 tribuit;
1001 5545 1201 5593 sancta:
1224 5539 1604 5610 Euphrosinre;
1624 5555 1825 5602 sanctae

224 5619 462 5692 Pelagia:
493 5627 824 5694 meretricis;
856 5638 1056 5685 sanctae
1097 5633 1280 5690 Mariae
1306 5635 1670 5709 Egyptiaerc;
1703 5655 1827 5697 san-

226 5724 330 5770 etae
375 5715 635 5786 Marinze;
672 5731 873 5779 saneta:
903 5724 1106 5783 Paulae.
1137 5729 1355 5786 Librum
1387 5737 1702 5804 secundum,
1734 5739 1826 5809 qui

227 5819 257 5857 a
292 5805 396 5860 Ms.
427 5807 532 5865 hoc
556 5809 941 5872 Posthumiano
968 5819 1233 5877 monacho
1259 5824 1569 5896 ascribitur,
1609 5838 1661 5884 et
1690 5805 1825 5887 dici-

229 5903 319 5955 tur
371 5898 442 5956 ad
493 5900 804 5974 Pbydosiim
851 5907 1065 5966 missus.
1099 5909 1179 5968 Ex
1226 5912 1364 5972 libro
1396 5919 1586 5988 tertio,
1623 5930 1824 5979 tantum

1936 4809 2099 4854 terum
2142 4801 2196 4853 in
2225 4800 2355 4854 libro
2406 4801 2494 4871 qui
2540 4809 2748 4855 vocatur
2787 4801 3110 4870 Paradisus,
3156 4803 3218 4858 de
3263 4802 3532 4857 Miraculis

1935 4903 2229 4947 sanctorum
2265 4892 2481 4947 Patrum
2511 4903 2559 4948 et
2613 4892 2733 4948 Vita
2780 4910 2974 4950 eorum.
3011 4894 3146 4950 Vide
3195 4895 3532 4966 prolegome-

1937 4999 2046 5040 non
2085 4984 2176 5040 23.

2010 5079 2110 5134 Ms.
2140 5081 2309 5135 sancti
2340 5080 2523 5137 Jacobi
2551 5081 2729 5138 fratris
2765 5082 2971 5139 Domini
3001 5085 3053 5139 in
3099 5082 3297 5150 lnsula,
3329 5081 3417 5134 ubi
3449 5088 3531 5136 est

1939 5171 2152 5227 abbatia
2174 5172 2378 5228 ordinis
2407 5176 2579 5229 sancti
2604 5175 2876 5230 Benedicti
2908 5175 3115 5241 Leodii,
3150 5171 3378 5233 in-iolio.
3409 5187 3532 5242 per-

1939 5280 2194 5337 gameno,
2248 5266 2479 5336 scriptus
2529 5282 2672 5322 anno
2715 5268 2928 5323 Domini
2964 5265 3116 5318 1512.
3168 5262 3419 5319 Continet
3460 5281 3530 5324 ex

1937 5362 2074 5419 libro
2125 5363 2294 5432 primo
2326 5364 2475 5419 Vitas
2527 5366 2693 5421 sancti
2748 5365 2893 5420 Pauli
2942 5363 3097 5433 primi
3151 5365 3388 5420 eremita:
3417 5407 3432 5431 ,
3474 5374 3530 5422 et

1936 5453 2148 5510 Malchi.
2190 5456 2404 5511 Librum
2432 5458 2748 5523 secundum,
2781 5456 3043 5526 quintum,
3074 5467 3310 5513 sextum.

2007 5551 2084 5606 Ex
2115 5551 2301 5607 eadem
2333 5551 2540 5607 abbatia
2573 5552 2730 5604 habui
2763 5549 3000 5605 libellum
3031 5551 3326 5620 in-octavo,
3371 5551 3529 5606 char-

1933 5651 2176 5712 taceum,
2228 5645 2279 5699 in
2311 5658 2415 5714 quo
2461 5652 2575 5699 erat
2623 5642 2740 5697 Vita
2770 5645 2938 5699 sancti
2977 5645 3265 5716 Onuphrii,
3320 5645 3527 5701 recenti

1930 5753 2110 5795 manu.
2146 5738 2437 5793 Distinctus
2464 5736 2551 5791 hic
2579 5744 2696 5792 erat
2740 5738 2911 5811 stylus
2937 5754 2968 5794 a
3015 5741 3226 5799 vuluata
3257 5738 3520 5807 Onuplirii

1931 5829 2071 5896 Vita,
2099 5830 2367 5900 vulgatum
2411 5837 2586 5886 tamen
2615 5831 2810 5903 stylum
2843 5833 3055 5889 retinui.

2002 5923 2100 5980 Ms.
2132 5920 2601 5990 Camberonensis,
2633 5940 2700 5980 ex
2747 5925 2959 5983 abbatia
2991 5939 3191 5983 sancta
3243 5927 3421 5984 Maria:
3451 5916 3520 5986 a5
