4124 6350
506 5701 535 5735 ’ν

601 406 672 461 85

1546 410 1615 469 IN
1649 409 1853 469 VITAS
1892 402 2173 467 PATRUM
2210 397 2722 461 PROLEGOMENA
2761 398 2951 457 XXVI.

3810 372 3881 445 es

600 526 938 585 Camb'grone
964 525 1173 584 ordinis
1215 527 1386 584 sancti
1418 529 1675 587 Βεητιι-ἀι
1715 529 1855 600 apud
1882 528 2102 594 mnum,
2132 524 2185 582 in
2214 517 2272 582 Α
2291 530 2359 573 ex
2390 514 2525 572 libro
2554 517 2751 585 primo,
2778 516 2927 572 Vitas
2949 513 3162 581 Malchi,
3188 514 3436 571 monachi
3462 515 3681 586 captivi;
3702 514 3879 571 Fron-

600 620 911 676 membrana
936 664 952 689 ,
988 621 1147 688 lolio,
1202 623 1501 679 recentiore
1543 638 1724 681 manu.
1754 622 2079 681 Continebat
2120 638 2188 679 ex

601 711 740 768 libro
770 714 945 783 primo
976 712 1122 768 Vitas
1149 712 1319 768 sancti
1352 713 1520 780 Pauli,
1551 716 1722 771 sancti
1748 714 1987 782 Antonii,
2018 715 2189 773 sancti

600 806 920 876 Hilarionis,
973 805 1190 872 Malcbi,
1230 806 1452 862 Joannis
1481 808 1939 881 Eleentosynarii,
1988 810 2185 868 Paula.

601 898 821 956 Librum
872 900 1165 955 secundum
1217 898 1320 955 hoc
1360 900 1556 955 titulo:
1591 900 1854 969 Incipiunt
1882 912 2023 958 actus
2078 901 2187 960 SS.

598 992 819 1051 Patrum
845 1009 877 1046 a
915 990 1288 1047 Posthumiano
1315 994 1567 1047 monacho
1594 994 1739 1059 editi,
1770 1003 1818 1071 et
1845 994 1914 1049 ad
1936 992 2190 1050 Fidosum

598 1086 761 1140 missi.
807 1083 1024 1139 Librum
1065 1085 1304 1139 tertium.
1350 1082 1489 1139 Nulli
1535 1095 1684 1140 certo
1713 1085 1917 1141 auctori
1968 1085 2055 1141 bic
2102 1085 2189 1141 in-

596 1174 869 1231 scribitur.
918 1173 1137 1231 Librum
1186 1182 1470 1247 quartum,
1515 1176 1606 1245 qui
1658 1176 2042 1233 Posthumiano
2086 1176 2184 1233 tri-

590 1269 790 1327 buitur.

664 1364 760 1420 Ms.
786 1362 1317 1429 Claromarescanus,
1344 1378 1410 1421 ex
1440 1364 1653 1431 abbatis
1683 1375 1881 1422 sanctae
1911 1365 2093 1421 Mariae
2118 1365 2187 1422 de

590 1457 1033 1519 Claromareseo,
1083 1455 1233 1525 juxta
1295 1455 1697 1523 Audomarum,
1748 1458 1953 1512 ordinis
2010 1457 2187 1513 sancti

587 1548 868 1616 Bernardi,
903 1548 1141 1612 in-folio,
1174 1547 1506 1614 membrana,
1555 1548 1867 1605 charactere
1894 1550 2058 1613 bono,
2087 1548 2182 1604 sed

586 1658 693 1699 non
723 1643 882 1697 valde
926 1641 1113 1696 veteri.
1164 1638 1491 1696 Continebat
1533 1656 1599 1697 ex
1630 1641 1767 1695 libro
1816 1640 1990 1712 primo
2035 1640 2186 1697 Vitas

587 1736 799 1793 Thaisis
821 1736 1142 1801 meretricis,
1159 1733 1337 1790 Mariae
1356 1733 1711 1805 Egyptiacae,
1735 1735 1953 1792 Marius:
1970 1735 2181 1806 puellae.

556 1828 806 1901 ~Librum
833 1827 1149 1893 secundum,
1184 1828 1315 1882 nulli
1346 1829 1549 1884 auctori
1605 1828 1953 1896 inscriptum;
1988 1829 2181 1884 librum

2296 613 2451 681 tonii,
2480 624 2679 668 sancta:
2702 604 2941 668 Marium.
2979 610 3199 666 Librum
3230 610 3551 677 secundum,
3582 624 3741 680 quem
3775 608 3877 663 tri-

2293 706 2409 763 buit
2437 706 2563 762 divo
2592 706 2939 778 Hieronymo.
2988 704 3206 760 Librum
3236 706 3517 775 qttintum,
3559 703 3650 776 qui
3688 702 3882 757 inscri-

2292 798 2437 855 bitur
2469 815 2482 853 :
2512 798 2909 854 Adhortationes
2963 806 3259 853 sanctorum
3306 795 3549 864 Patrum,
3607 797 3883 868 perfectio-

2292 907 2482 964 nesque
2536 891 2947 958 monachorum,
3004 907 3130 962 quas
3184 891 3246 945 de
3294 889 3474 945 Greco
3522 890 3578 944 in
3633 888 3882 943 Latinum

2294 986 2554 1039 transtulit
2602 985 2779 1040 beatus
2830 983 3172 1058 Hieronymus
3218 984 3501 1055 presbyter.
3553 982 3775 1039 Boetius
3824 983 3882 1040 in

2291 1079 2398 1135 ﬁne
2427 1080 2546 1135 libri
2575 1079 2770 1137 decimi
2814 1081 2990 1136 octavi
3016 1097 3031 1136 :
3063 1079 3339 1151 Hucusque
3381 1079 3445 1135 dc
3486 1079 3665 1135 (inero
3692 1080 3747 1134 in
3779 1078 3883 1133 La-

2293 1171 2457 1227 tinum
2480 1173 2744 1227 transtulit
2775 1171 3022 1244 Pelagius
3062 1174 3308 1228 diaconus
3334 1172 3576 1231 Ecclesia
3606 1173 3879 1242 Romana},

2293 1273 2340 1322 et
2398 1264 2583 1321 abhinc
2643 1265 2881 1338 deinceps
2942 1263 3171 1321 Joannes
3227 1264 3590 1323 subdiaconus.
3660 1262 3882 1319 Librum

2291 1367 2523 1415 sextum.

2362 1451 2462 1507 Ms.
2520 1449 2991 1509 Carthusianorum
3040 1450 3250 1507 Nostra:
3305 1451 3546 1507 Dominae
3587 1451 3656 1507 de
3695 1450 3881 1509 Gratia

2292 1560 2459 1613 prope
2488 1543 2711 1619 [Luxu]
2755 1544 3055 1613 Bruxellas,
3093 1544 3332 1609 in-l‘olio,
3359 1544 3591 1615 scriptus
3613 1543 3666 1600 in
3711 1560 3883 1603 mem-

2292 1637 2459 1695 brana
2489 1654 2631 1692 anno
2675 1637 2876 1694 Christi
2916 1637 3075 1706 1460,
3122 1637 3240 1693 Kal.
3272 1638 3606 1707 Decembris,
3653 1655 3749 1710 per
3790 1641 3882 1696 Fr.

2292 1729 2509 1786 Petrum
2543 1730 2755 1788 Weins.
2804 1731 3056 1788 Continet
3084 1748 3149 1787 ex
3182 1733 3353 1803 primo
3382 1732 3521 1788 libro
3555 1733 3702 1789 Vitas
3733 1733 3883 1791 Pauli

2291 1823 2449 1893 primi
2488 1825 2745 1891 eremitae,
2801 1834 3024 1880 auctore
3054 1824 3178 1879 divo
3212 1825 3583 1898 Hieronymo;
3636 1824 3882 1896 Antonii,

587 1920 800 1975 tertium
830 1919 990 1973 etiam
1018 1933 1379 1990 anonymum;
1424 1920 1619 1976 librum
1649 1931 1896 1993 quartum
1938 1923 2188 1979 similiter
2215 1917 2266 1983 Β
2293 1925 2508 1973 auctore
2539 1917 2838 1973 Athanasio
2859 1958 2876 1987 ,
2908 1919 3204 1987 interprete
3237 1918 3494 1989 Evagrio;
3525 1917 3695 1972 sancli
3730 1916 3883 1972 Hila-

585 2025 935 2083 anouytuum.

658 2101 756 2156 Ms.
786 2110 987 2157 sancta:
1016 2100 1194 2157 Mariae
1226 2102 1455 2159 Bibrach
1497 2104 1549 2159 in
1575 2101 1881 2175 Germania,
1912 2105 1964 2161 in
2010 2122 2182 2162 mem-

584 2191 775 2259 brana,
808 2192 957 2258 folio,
987 2196 1304 2251 charactere
1335 2203 1627 2265 utcumque
1654 2205 1885 2252 vetusto.
1929 2196 2181 2255 Contine-

576 2280 673 2340 bat
700 2298 767 2339 ex
798 2286 937 2340 libro
977 2285 1151 2356 primo
1195 2285 1345 2342 Vitas
1375 2286 1552 2352 Pauli,
1586 2288 1824 2353 Antonii,
1871 2289 2180 2360 Hilarionis,

580 2375 792 2442 Malchi,
840 2378 1104 2447 Frontini,
1138 2380 1351 2435 Thaisis
1404 2381 1725 2436 meretricis.
1762 2381 1957 2437 Totum
1986 2382 2180 2438 lihrmn

582 2471 914 2537 secundum,
963 2481 1131 2528 totum
1182 2472 1377 2528 librum
1429 2470 1717 2544 septimum
1760 2474 2059 2531 Paschasii.
2112 2476 2181 2531 Et

580 2565 823 2638 quadam
851 2566 953 2620 alia
984 2567 1149 2623 mixta
1177 2584 1242 2623 ex
1274 2565 1438 2622 variis
1461 2568 1632 2624 libris.

653 2657 754 2714 Ms.
790 2658 1210 2715 Rebdorﬂiensis
1258 2661 1562 2731 in-quarto,
1594 2676 1941 2733 pergameno,
1990 2664 2178 2719 chara-

580 2758 731 2809 ctere
768 2753 899 2806 satis
950 2754 1176 2808 recenti.
1221 2751 1473 2809 Continet
1519 2769 1584 2809 ex
1618 2753 1754 2809 libro
1804 2756 1976 2825 primo
2030 2756 2179 2811 Vitas

580 2840 790 2921 [mm]
821 2844 999 2913 Pauli,
1027 2845 1346 2912 Hilarionis,
1380 2846 1600 2914 Malcbi,
1637 2847 1904 2902 Simeonis
1932 2847 2176 2915 Stylitae,

581 2937 974 3011 Euphrosynen.
1007 2938 1224 2995 Librum
1258 2940 1576 3008 secundum,
1599 2957 1755 3012 quem
1790 2942 2178 2998 Irihuitsancto

582 3029 948 3103 Hieronymo;
983 3034 1176 3088 librum
1226 3035 1440 3089 tet-tium
1465 3042 1520 3089 et
1548 3044 1817 3105 quartum.

650 3128 749 3188 Ms.
798 3129 965 3189 sancti
1022 3128 1167 3189 Petri
1215 3130 1268 3189 in
1317 3129 1575 3203 Munster,
1621 3127 1769 3195 folio.
1822 3143 2167 3206 pergameno,

574 3227 876 3283 recentiore
945 3227 1279 3284 charactere.
1348 3228 1599 3284 Continet
1661 3238 1864 3283 tantum
1916 3237 2172 3299 excerpta

2290 2009 2502 2078 rionis,
2564 2020 2786 2068 auctore
2844 2012 2969 2067 divo
3017 2012 3370 2083 Hieronymo;
3430 2011 3624 2067 Malchi
3683 2011 3881 2083 captivi

2286 2106 2557 2172 monachi,
2583 2114 2803 2161 auctore
2843 2103 3069 2170 eodem;
3104 2104 3274 2160 sancti
3305 2103 3612 2171 Pachomii,
3645 2103 3881 2160 Abrahm

2286 2199 2531 2255 monachi
2565 2207 2619 2253 et
2640 2199 2902 2262 eremitm,
2935 2197 3206 2255 Simeouis
3237 2196 3465 2269 Stylitm,
3506 2195 3722 2251 Macarii
3770 2196 3880 2252 Ro-

2284 2296 2451 2361 mani,
2481 2293 2781 2359 Frontonii,
2808 2300 3008 2348 sanctae
3033 2291 3409 2362 Euphrosynae
3438 2289 3679 2359 virginis,
3712 2288 3880 2348 Thai-

2284 2388 2360 2443 sis
2382 2387 2699 2452 meretricis,
2727 2385 2954 2456 Pelagiaa
2978 2384 3297 2450 meretricis,
3326 2383 3504 2439 Maria:
3520 2382 3879 2457 Egyptiacm,

2285 2479 2503 2535 Marittte
2532 2478 2777 2549 virginis,
2816 2477 3012 2533 Paula}.
3057 2478 3273 2532 Librum
3307 2477 3622 2533 secundum.
3656 2475 3879 2533 Librum

2283 2574 2551 2646 quintum.
2583 2573 2780 2627 Deerat
2803 2572 3021 2643 quidem
3050 2585 3148 2627 suo
3170 2571 3360 2627 ordine
3388 2570 3603 2627 libellus
3631 2570 3879 2625 decimus

2283 2677 2469 2723 sextus
2497 2668 2566 2723 de
2597 2666 2942 2733 Pmnitentia,
2996 2665 3090 2722 sed
3125 2665 3179 2720 in
3220 2664 3586 2734 manuscripto
3626 2678 3880 2733 compre-

2284 2758 2622 2816 hendebatur
2642 2758 2743 2813 sub
2775 2758 2961 2813 libello
2992 2757 3223 2827 septimo
3251 2757 3346 2829 qui
3376 2766 3461 2812 est
3487 2756 3554 2812 de
3583 2755 3875 2822 Patientia,

2280 2869 2388 2924 quo
2409 2854 2565 2908 titulo
2594 2853 2650 2907 in
2683 2851 2957 2907 nonnullis
2999 2850 3380 2920 manuscriptis
3410 2852 3571 2906 etiam
3617 2850 3755 2906 liber
3785 2867 3883 2909 ιη

2280 2946 2615 3001 inscribitur.
2646 2944 2865 3001 Librum
2908 2952 3142 3000 sextum.
3182 2945 3277 2999 Hic
3306 2954 3486 3000 autem
3527 2944 3715 3013 titulus
3742 2945 3886 3006 libro

2280 3048 2435 3093 sexto
2482 3049 2535 3093 et
2582 3040 2770 3111 quinto
2817 3040 3191 3111 prmiigebatur
3223 3056 3238 3095 :
3271 3039 3351 3093 De
3403 3040 3568 3096 verbis
3617 3042 3885 3097 seniorum

2276 3141 2577 3190 sanctorum
2601 3131 2837 3191 Patrum.
2883 3132 3042 3203 Quod
3071 3148 3200 3205 opus
3232 3130 3294 3188 de
3325 3130 3507 3189 Gm’co
3538 3137 3592 3187 in
3622 3132 3879 3189 Latinum

2282 3230 2547 3285 transtulit
2576 3229 2820 3297 Pelagius
2847 3231 3094 3285 diaconus
3139 3229 3383 3285 Ecclesia:
3414 3228 3682 3296 Romanae,
3712 3236 3885 3284 extre-

576 3320 820 3392 quaedam
875 3336 940 3376 ex
982 3320 1117 3377 Vitis
1175 3321 1415 3376 Patrum.
1472 3321 1548 3377 Ex
1600 3321 1739 3377 libro
1795 3323 1969 3391 primo
2023 3321 2255 3386 VitasC
2286 3338 2423 3377 mam
2445 3332 2645 3386 partem
2674 3321 2902 3377 Joannes
2928 3322 3272 3377 subdiaconus
3298 3322 3581 3377 transtulit.

578 3409 752 3475 Pauli,
779 3410 1019 3480 Antonii,
1045 3411 1354 3468 Hilarionis.
1389 3411 1647 3480 Quaedam
1672 3428 1739 3468 ex
1771 3413 1907 3468 libro
1937 3415 2176 3470 secundo

575 3513 631 3562 et
650 3505 900 3572 septimo.

648 3595 775 3651 διες.
824 3594 1128 3651 lnsulenses
1154 3595 1262 3653 duo
1293 3596 1693 3653 membranacci
1731 3597 2016 3653 clarissimi
2046 3599 2172 3668 viri,

575 3686 816 3759 mihique
845 3687 1180 3757 amicissimi,
1223 3685 1454 3743 Tussaui
1505 3687 1874 3753 Desbarbieuat,
1929 3689 2171 3759 in-l'olio,

574 3795 681 3838 non
701 3781 858 3838 valde
880 3782 1098 3848 vetusti,
1122 3796 1348 3852 quorum
1378 3782 1518 3838 alter
1538 3784 1848 3838 continebat
1873 3801 1888 3837 :
1920 3784 2000 3840 Ex
2032 3785 2173 3842 libro

572 3877 749 3949 primo
805 3886 1010 3933 tantum
1066 3876 1243 3932 Vitam
1302 3876 1481 3934 Mariae
1539 3879 1915 3952 Egyptiacte,
1990 3880 2172 3936 Maria)

573 3972 750 4041 neptis
786 3970 1035 4039 Abrahae,
1059 3969 1288 4041 Pelagia:
1316 3972 1638 4039 meretricis,
1666 3984 1719 4028 et
1749 3974 1960 4029 Thaisis
1993 3989 2173 4029 merc-

572 4066 741 4123 tricis.
796 4066 872 4120 Ex
915 4064 1211 4135 appendice
1255 4065 1431 4119 solum
1478 4064 1777 4120 Heraclidis
1827 4066 2166 4121 Paradisum.

573 4159 722 4213 Alter
773 4172 926 4223 vero,
977 4172 1042 4212 ex
1090 4156 1227 4213 libro
1268 4156 1445 4228 primo
1496 4166 1703 4213 tantum
1755 4158 1918 4213 vitam
1969 4168 2170 4214 sanctae

574 4251 799 4306 Marium
840 4249 1086 4320 virginis,
1138 4259 1193 4304 et
1235 4258 1434 4305 sanctae
1487 4251 1665 4306 Paulae
1718 4250 1914 4305 viduae.
1975 4252 2168 4306 Totum

572 4342 767 4398 librum
822 4346 1067 4413 quintum
1113 4342 1311 4415 Pelrtgii
1360 4343 1419 4400 S.
1462 4343 1530 4400 R.
1576 4344 1643 4400 Ε.
1692 4343 1926 4400 diaconi.
1971 4345 2167 4401 Totum

571 4434 768 4492 librum
800 4446 1011 4493 sextum
1044 4435 1267 4493 Joannis
1297 4437 1352 4493 S.
1389 4437 1453 4493 ll.
1482 4438 1543 4493 E.
1574 4438 1907 4495 subdiacoui.

644 4529 740 4585 Ms.
773 4530 955 4586 Sancti
1002 4530 1249 4601 Sepulcri
1294 4531 1486 4602 major,
1521 4548 1585 4588 ex
1619 4535 1948 4588 monasterio
1979 4531 2165 4590 Sancti

571 4621 835 4691 Sepulcri,
882 4624 1343 4694 quoleameraci
1388 4635 1491 4692 est,
1542 4626 1747 4681 ordinis
1783 4627 1949 4681 sancti
1996 4627 2168 4684 Bene-

2352 3416 2449 3473 Ms.
2502 3416 3001 3481 Buramundanus,
3062 3430 3130 3471 ex
3176 3414 3404 3485 collegio
3449 3421 3633 3470 nostro
3686 3414 3885 3472 Rura-

2279 3509 2498 3565 munda:
2538 3508 2592 3562 in
2643 3523 2994 3579 pergameno,
3055 3508 3288 3575 in-l‘olio,
3334 3523 3363 3561 a
3412 3508 3617 3563 recenti
3666 3523 3884 3568 manu:

2276 3600 2506 3656 Constat
2557 3599 2792 3670 quinque
2843 3599 3016 3665 libris,
3057 3599 3134 3654 uti
3188 3602 3360 3670 prima
3391 3599 3578 3655 editio.
3626 3599 3705 3655 Ex
3748 3614 3885 3672 qua,

2278 3690 2423 3763 quod
2475 3703 2644 3758 pauca
2717 3689 3085 3760 typographitc
3147 3690 3370 3745 infantia
3439 3690 3886 3759 imprimerentur

2278 3781 2637 3852 exemplaria,
2663 3778 2880 3836 videtur
2907 3781 3233 3852 exscriptus.
3267 3780 3325 3837 In
3356 3781 3461 3837 line
3493 3781 3589 3837 bas
3612 3793 3885 3852 praeterea

2280 3876 2426 3930 Vitas
2484 3875 2863 3945 complectitur
2913 3892 2927 3927 :
2975 3874 3124 3929 Pauli
3167 3875 3325 3947 primi
3375 3876 3653 3941 eremitae,
3706 3877 3885 3935 sancti

2274 3970 2526 4040 Antonii,
2578 3969 2899 4037 Hilarionis,
2959 3968 3189 4039 Malchi,
3248 3969 3521 4025 Pachomii
3553 4012 3567 4034 ,
3615 3971 3886 4048 Abralm,

2274 4064 2576 4131 Frontonii,
2618 4063 2860 4120 Barlaam
2897 4071 2951 4119 et
2971 4062 3250 4133 Josaphat,
3290 4061 3514 4119 Thaidis
3543 4065 3879 4133 meretricis,

2270 4157 2506 4230 Pelagia;
2537 4157 2863 4225 meretricis,
2899 4156 3079 4212 Maria)
3111 4156 3464 4229 Egyptians,
3498 4157 3698 4213 Paulae.

2342 4254 2440 4307 Ms.
2491 4253 2741 4321 Sionius,
2801 4251 3120 4307 monasterii
3172 4248 3547 4319 religiosarum
3600 4251 3668 4305 de
3717 4248 3882 4318 Sion,

2270 4347 2476 4402 ordinis
2507 4346 2678 4401 sancti
2731 4344 3015 4413 Augustini
3061 4344 3333 4407 Cortraci,
3383 4344 3616 4412 iit—folio,
3658 4343 3881 4415 charta,

2269 4439 2583 4496 charactere
2603 4439 2924 4502 recentiore,
2973 4436 3210 4507 scriptus
3235 4451 3377 4491 anno
3412 4435 3572 4492 1469.
3603 4436 3881 4495 Convenit

2270 4536 2432 4607 plane
2455 4548 2578 4590 cum
2609 4534 2779 4603 prima
2810 4530 3069 4599 editione,
3091 4545 3159 4585 ex
3189 4545 3360 4601 eaque
3387 4529 3717 4599 descriptum
3752 4544 3870 4587 non

2268 4627 2478 4684 dubito.
2531 4627 2591 4680 In
2622 4625 2726 4679 line
2756 4623 2852 4679 has
2881 4622 3099 4678 Patrum
3137 4622 3289 4678 Vitas
3314 4621 3463 4677 addit
3492 4640 3506 4678 :
3532 4623 3700 4677 sancti
3749 4623 3874 4678 An-

570 4715 724 4783 dicti,
776 4716 1008 4781 iii-folio,
1051 4718 1390 4785 cbartaceus,
1445 4722 1646 4776 recenti
1692 4736 1875 4777 manu.
1916 4719 2166 4777 Continet
2191 4712 2249 4778 D
2275 4727 2429 4791 tonii,
2459 4725 2630 4780 sancti
2660 4724 2955 4793 Pachomii,
2989 4723 3214 4793 Epicteti
3237 4732 3289 4776 et
3319 4719 3576 4785 Astiouis.

570 4824 638 4866 ex
686 4809 826 4864 libro
878 4811 1057 4878 primo
1114 4809 1313 4866 Vitas:
1357 4810 1552 4866 Malchi
1611 4814 1859 4869 monachi
1929 4814 2162 4883 captivi,

569 4912 793 4958 auctore
866 4902 990 4956 divo
1056 4902 1413 4976 Hieronymo;
1476 4913 1676 4959 sancta
1752 4906 2161 4979 Euphrosynae,

569 4995 792 5054 Thaidis
820 4996 1141 5065 meretricis,
1186 4997 1366 5053 Mariae
1394 4997 1752 5071 Egyptian,
1802 5000 2019 5055 Mariuae
2050 5001 2163 5056 vir-

568 5091 729 5161 ginis.
781 5090 999 5146 Librum
1058 5092 1380 5157 secundum,
1442 5106 1599 5162 quem
1656 5091 1844 5147 tribuit
1900 5091 2160 5160 Palladio,

571 5185 754 5254 aitque
780 5186 849 5240 ab
876 5185 1200 5256 Hieronymo
1229 5185 1296 5240 de
1326 5186 1515 5242 Graeco
1554 5186 1605 5240 in
1634 5185 1885 5241 Latinum
1925 5202 2159 5243 conver-

572 5292 715 5335 sum.
765 5279 981 5335 Librum
1024 5282 1266 5347 tertium,
1327 5280 1520 5336 librum
1577 5294 1848 5352 quartum.
1902 5282 1980 5336 Es
2022 5282 2161 5339 libro

573 5370 781 5441 quinto,
814 5372 903 5440 qui
931 5373 1228 5429 octodecim
1263 5373 1457 5429 libellis
1488 5384 1717 5441 constat,
1756 5375 1914 5430 habet
1954 5382 2158 5433 tantum

571 5465 689 5535 sine
712 5464 817 5517 ulla
848 5464 1149 5522 libellorum
1189 5468 1533 5527 distinctione
1566 5484 1817 5524 numeros
1849 5484 2011 5524 CCXL.
2052 5468 2160 5523 Vo-

569 5566 867 5626 canturque
930 5557 1313 5615 Admonitiones
1359 5572 1651 5615 sanctorum
1699 5558 1919 5613 Patrum
1973 5560 2038 5612 de
2080 5561 2160 5613 di-

496 5648 535 5723 ἓζ
567 5661 713 5706 ωηο
734 5665 915 5719 genere
943 5651 1207 5716 uirtutum,
1246 5669 1376 5723 quas
1408 5653 1653 5723 Pelagius
1698 5653 1949 5707 diaronus
1983 5651 2164 5707 Eccle-

569 5744 662 5800 sia!
688 5744 935 5799 Romanis
957 5743 1020 5797 de
1041 5743 1225 5798 (ἔνθεο
1251 5748 1302 5798 in
1332 5745 1576 5801 Latinum
1614 5748 1898 5804 transtulit.

645 5838 744 5893 Ms.
795 5838 979 5896 Sancti
1018 5836 1266 5910 Sepulcri
1317 5845 1521 5908 minor,
1572 5844 1624 5897 in
1675 5845 2022 5909 membrana,
2074 5844 2160 5899 in-

570 5941 783 6003 quarto,
810 5947 969 5990 manu
1010 5949 1224 6007 quoque
1253 5937 1483 5993 recenti.
1518 5938 1909 6009 Complectitur
1936 5946 2112 5995 autem
2128 5955 2157 6019 3

2346 4822 2522 4889 Atque
2565 4816 2679 4872 haec
2721 4814 2861 4872 dicta
2904 4816 3012 4870 sint
3059 4814 3129 4870 de
3173 4811 3552 4881 manuscriptis
3596 4808 3748 4864 libris
3777 4807 3878 4878 qui

2274 4914 2510 4986 integros
2538 4911 2799 4983 quosdam
2834 4910 2999 4964 libros
3029 4909 3115 4965 vel
3146 4922 3395 4983 magnam
3446 4907 3702 4962 librorum
3745 4920 3878 4975 par-

2272 5018 2379 5064 tem
2423 5023 2487 5063 ex
2539 5008 2623 5075 iis,
2674 5020 2809 5075 quos
2852 5005 3075 5070 damus,
3126 5003 3681 5074 comprehenderunt;
3742 5014 3877 5056 nam

2272 5100 2502 5159 Subinde
2534 5108 2590 5155 et
2626 5098 2730 5153 alia
2770 5097 3129 5166 manuscripta
3168 5101 3396 5153 citamus
3434 5111 3553 5165 quae
3584 5095 3665 5149 vel
3700 5107 3878 5148 unam

2274 5192 2448 5248 Vitam
2480 5192 2737 5259 aliquam,
2769 5190 2854 5245 vel
2885 5189 3061 5247 simile
3090 5189 3219 5262 quid
3251 5189 3354 5243 huc
3378 5196 3629 5257 spectans
3657 5194 3877 5241 tantum

2268 5281 2492 5347 habent,
2517 5284 2592 5337 uti
2617 5282 2859 5338 invenies
2885 5281 3255 5338 Bertinianum
3288 5280 3429 5352 apud
3456 5278 3878 5346 Audomaropo—

2270 5378 2387 5447 lim,
2416 5376 2835 5433 Laurentianum
2866 5377 3005 5449 apud
3047 5375 3303 5453 Leodium
3324 5413 3339 5439 ,
3376 5373 3653 5455 Brugense
3689 5370 3878 5443 socie-

2270 5472 2393 5527 tatis
2423 5478 2644 5533 nostrae,
2667 5478 2721 5524 et
2742 5469 2785 5524 si
2815 5482 2936 5541 qua).
2966 5467 3090 5521 alia.

2342 5565 2544 5621 Prester
2577 5564 2691 5620 haec
2726 5563 3084 5630 manuscripts
3116 5559 3329 5629 Latina,
3358 5558 3613 5617 nonnulla
3642 5569 3875 5630 quoqua

2268 5659 2455 5716 Graaca
2489 5667 2674 5715 nactus
2704 5674 2842 5723 sutn,
2875 5674 2907 5713 e
2936 5658 3130 5729 quibus
3170 5655 3354 5711 Latina
3397 5663 3523 5711 sunt
3561 5667 3814 5724 expressa
3844 5669 3869 5719 ;

2268 5755 2364 5813 sed
2413 5767 2795 5826 pauca,eaque
2837 5752 2968 5806 satis
3008 5750 3338 5821 imperfecta,
3384 5763 3506 5821 quae
3531 5746 3761 5807 subinde
3789 5742 3869 5799 ad

2266 5840 2441 5904 lucem
2468 5852 2626 5905 citata
2674 5846 2933 5905 invenies.
2967 5843 3099 5899 Nam
3144 5842 3245 5925 alia
3274 5843 3519 5923 quaedam
3566 5836 3741 5896 serius
3788 5835 3872 5894 ad

2267 5955 2457 6000 manus
2485 5958 2637 6000 meas
2660 5953 2977 6009 pervenere.
