4124 6350
254 388 326 445 85
1498 358 2062 424 PROLEGOMENON
2099 355 2286 415 XXVI.
3469 350 3544 410 86

673 483 1230 550 ΡιιοιεδοιιεΝοΝ
1267 483 1436 543 XXV.

583 612 661 669 De
690 606 975 684 appendice
1001 605 1070 660 ad
1105 603 1250 660 Vitas
1279 602 1517 659 Palmm.

333 725 585 807 [ιιιχιιιξ
619 724 824 782 Placuit
853 722 990 778 hanc
1018 715 1367 792 appendicem
1401 712 1624 784 reliquis
1661 710 1728 807 de
1749 707 1852 765 Pa-

256 801 396 886 trum
434 822 550 879 Vita
578 819 726 877 libris
769 818 1012 888 iungere,
1045 821 1154 868 tum
1208 809 1277 866 ob
1320 815 1638 864 vetustatem
1685 801 1852 859 inter-

257 927 494 994 pretum,
531 925 639 970 tum
665 920 723 968 ut
753 911 842 968 lux
869 903 1094 962 subinde
1121 901 1254 959 locis
1280 899 1456 956 dubiis
1486 913 1552 954 ex
1584 898 1851 966 interpreo

258 989 480 1070 latinnis
508 1010 766 1063 varietate
789 1001 1058 1072 all‘ulgeat,
1088 1007 1198 1054 tum
1229 994 1391 1069 etiam
1417 991 1558 1064 quod
1581 989 1851 1062 quaedam,

257 1105 358 1162 etsi
387 1103 638 1174 paucula,
670 1099 786 1154 haec
811 1092 1077 1167 appendix
1124 1087 1398 1147 contineat
1439 1099 1560 1160 qua:
1607 1083 1660 1140 in
1708 1083 1854 1156 prio-

259 1199 408 1256 ribus
463 1212 572 1252 non
625 1193 694 1249 sit
727 1191 986 1262 reperire.

236 1350 241 1356 _
335 1292 594 1348 Continet
621 1296 797 1344 autem
828 1285 945 1340 haec
972 1279 1235 1352 appendix
1263 1277 1361 1334 tria
1386 1273 1663 1347 opuscula,
1686 1270 1853 1328 Hera-

257 1387 417 1447 clidis
451 1383 800 1448 Paradisutn,
829 1388 885 1434 et
932 1375 1155 1433 Palladii
1202 1372 1542 1438 Lausiacam,
1571 1384 1637 1424 ex
1683 1366 1854 1422 veteri

262 1490 552 1548 utrumque
581 1470 1022 1544 interpretatione
1043 1509 1058 1533 ,
1090 1468 1156 1522 de
1185 1465 1379 1537 quibus
1407 1463 1529 1518 vide
1557 1461 1698 1518 dicta
1723 1473 1852 1534 pro-

239 1577 544 1645 legomene
572 1571 628 1638 4,
661 1569 688 1641 §
717 1570 771 1636 ὅ,
794 1576 848 1622 et
871 1566 1253 1639 prolcgemeno
1285 1560 1370 1616 14.

331 1668 507 1736 Quem
538 1667 621 1721 hic
649 1663 839 1718 damus
869 1658 1179 1716 Paradisum
1210 1655 1427 1712 nomine
1455 1650 1778 1716 Heraclidis,
1803 1650 1860 1706 in

260 1761 634 1831 manuscripto
679 1757 977 1816 Moretiano
1024 1752 1333 1809 inscribitur
1377 1767 1391 1802 :
1439 1747 1711 1802 Paschasii
1757 1745 1860 1800 sive

1881 479 1935 540 Α
1959 475 2100 531 docti
2131 471 2500 545 interpretatio
2525 476 2628 540 est,
2670 484 2769 527 nec
2796 469 2966 542 stylus
3006 469 3230 526 multum
3279 468 3488 527 abludit
3511 485 3544 526 a

1954 568 2096 638 stylo
2128 566 2260 621 Vitae
2289 567 2458 621 sancti
2490 564 2754 622 Severini.
2805 563 2913 633 Ego
2957 563 3027 619 ob
3077 563 3215 619 banc
3256 563 3542 632 epistolam

1955 662 2044 718 hic
2090 660 2306 717 fortuito
2350 660 2647 730 praeﬁxam,
2694 674 2800 714 non
2847 673 3010 714 ausus
3053 657 3126 714 lui
3177 659 3227 715 ei
3275 661 3541 728 interpre-

1956 758 2212 814 tationem
2250 769 2515 812 asserere.
2549 754 2628 814 De
2654 751 2944 810 Psschasio
2964 752 3065 809 hoc
3086 751 3242 822 plura
3263 752 3388 812 vide
3411 750 3548 810 Pro-

1955 851 2238 922 legomeno
2268 851 2354 906 Η.

2030 942 2260 1018 [Lxxxv]
2304 942 2555 999 Continet
2599 948 2858 1011 praeterea
2909 939 3281 1012 [Egyptiorum
3329 938 3544 997 Patrum

1956 1038 2289 1104 sententias,
2339 1036 2628 1104 interprete
2676 1033 2905 1090 Martiae
2951 1032 3221 1088 Dnmiensi
3270 1031 3543 1103 episcopo,

1956 1148 2090 1204 quas
2119 1146 2182 1187 ex
2210 1130 2408 1186 Codice
2438 1128 2791 1186 Bibliotheca;
2823 1127 3094 1182 Toletaum
3139 1135 3450 1192 excerptas,
3480 1139 3549 1181 ex

1959 1227 2213 1298 Hispania
2239 1225 2305 1280 ad
2357 1241 2444 1280 me
2489 1223 2785 1280 transmisit
2831 1221 2894 1275 Il.
2953 1222 3012 1275 P.
3056 1219 3475 1289 Christophurus
3517 1235 3549 1273 a

1958 1319 2148 1376 Castro
2174 1321 2458 1376 Sacrarum
2492 1317 2810 1371 Litterarum
2858 1315 2910 1368 in
2943 1312 3182 1384 Collegio
3207 1321 3392 1366 nostro
3434 1310 3551 1366 Sal-

1960 1415 2276 1470 manticensi
2309 1413 2602 1486 professor.
2631 1411 2774 1476 Quas
2803 1408 2965 1463 etiam
3016 1407 3190 1477 reperi
3248 1405 3301 1461 in
3354 1403 3553 1460 Codice

1960 1517 2269 1577 pervetusto
2295 1507 2462 1562 sancti
2497 1503 2750 1567 Floriani,
2783 1516 2813 1556 e
2845 1499 3132 1557 Germania
3185 1498 3318 1554 mihi
3349 1511 3550 1566 suppe-

1963 1601 2152 1655 dilato.

2034 1692 2583 1750 Martini'Dnmiensis
2612 1689 2849 1760 episcopi
2880 1688 3014 1743 varii
3045 1687 3342 1743 meminere
3369 1693 3555 1740 aucto-

1965 1805 2091 1844 res:
2128 1789 2382 1850 lsidorus,
2419 1787 2554 1841 libro
2582 1786 2648 1839 de
2699 1784 2991 1838 lllnstribus
3024 1781 3276 1837 Ecclesiae
3317 1779 3558 1848 Scripto-

262 1856 500 1916 Ρ⁶¹¹⁰⁶¹⁵ί
530 1852 735 1949 “mimi
764 1850 830 1949 αθ
862 1847 1180 1949 “suum
1205 1835 1588 1949 ΡῘ⁸⁶¹²⁹⁸⁶Ἶω¹ί⁹
1620 1838 1856 1949 "1W9?
1887 1869 1940 1933 Β
1968 1835 3383 1949 lilialgil"iustissimi.i.’.{.tlufs..;‘pw..m
3413 1835 3560 1928 cata-

259 1952 353 2020 qtti
381 1956 595 2003 vocatur
630 1943 917 1997 Paradisus
940 1941 1003 1994 de
1030 1937 1293 1994 miraculis
1318 1943 1610 1990 sanctorum
1639 1930 1859 1985 Patrum

261 2053 312 2102 et
340 2043 444 2098 vita
472 2055 668 2096 eorum.
699 2036 795 2092 Coi
849 2033 1003 2091 titulo
1051 2030 1388 2102 subjungitnr
1434 2027 1550 2083 hanc
1593 2025 1858 2096 epistola:

342 2155 362 2188 ι
400 2132 630 2190 Domino
658 2145 756 2186 suo
802 2139 1123 2200 semperque
1169 2122 1491 2180 charissimo
1547 2119 1862 2191 presbytero

167 2286 182 2295 ,
265 2231 594 2290 Paschasius
619 2228 899 2283 diaconus.

340 2324 533 2379 Frater
578 2322 630 2374 in
677 2318 894 2376 Christo
939 2314 1296 2381 charissima,
1337 2311 1466 2368 dum
1513 2323 1611 2366 nos
1659 2306 1866 2380 peritiae

264 2429 372 2478 tua:
421 2416 830 2473 facundia.......
876 2412 982 2471 Sed
1028 2409 1224 2482 optatis
1264 2407 1600 2468 successibus
1646 2415 1868 2463 eatenus

263 2512 559 2583 ampliatur
595 2511 648 2563 ⁸.
698 2526 718 2564 r

340 2601 586 2676 [Lxxxtv]
630 2600 758 2659 Inde
803 2599 1171 2670 sequebatur:
1212 2593 1472 2666 Prologus
1519 2590 1716 2665 primus
1762 2588 1871 2644 Pa-

265 2698 482 2763 schasii,
507 2697 607 2754 sire
632 2695 868 2751 Palladii
887 2693 1091 2750 diaconi
1111 2692 1180 2746 ad
1205 2690 1432 2746 Lausum
1453 2688 1769 2760 episcopum.
1803 2683 1873 2742 In

266 2789 368 2850 hoc
397 2790 560 2854 libro,
592 2797 700 2846 etc.
730 2787 858 2844 Inde
885 2805 898 2840 :
927 2784 1199 2844 Secundus
1237 2781 1482 2856 prologus
1508 2797 1526 2836 :
1560 2779 1716 2836 Multi
1754 2778 1872 2848 qui-

268 2886 387 2944 dent
402 2886 611 2940 mullos.
629 2879 759 2941 Inde
775 2879 1176 2954 caputprimutn
1195 2874 1437 2936 Paradisi
1463 2891 1477 2928 :
1500 2871 1631 2928 Cum
1652 2871 1872 2944 primum

270 2979 675 3034 Alexandriam.

345 3074 588 3129 Similem
617 3071 869 3128 Codicem
903 3087 1003 3126 ms.
1035 3085 1154 3125 cum
1184 3069 1270 3124 his
1304 3067 1473 3123 titulis
1521 3073 1576 3122 et
1605 3061 1876 3136 praalatio-

272 3164 435 3220 nibus
463 3164 670 3219 invenit
701 3163 900 3219 Vezelii
932 3165 989 3218 in
1035 3161 1260 3228 Heduis,
1293 3159 1432 3230 apud
1480 3158 1872 3214 nobilissimum

273 3257 392 3327 ejus
421 3257 524 3311 loci
553 3257 800 3313 abbatem
833 3250 1874 3322 ErardumRupelortium,amicissimus
1897 3263 1952 3328 ο

275 3351 408 3406 mibi
441 3351 614 3406 Lucas
644 3349 972 3416 Holstenius,
1005 3349 1078 3406 uti
1109 3363 1204 3420 per
1247 3347 1456 3404 litteras
1505 3360 1591 3400 me
1636 3345 1869 3407 monuit,

276 3446 323 3502 Si
353 3443 497 3498 forte
529 3442 650 3500 usui
694 3451 840 3498 esset
884 3441 949 3495 ad
1001 3439 1290 3496 secundam
1337 3438 1475 3496 hanc
1527 3437 1873 3493 Moretianam

279 3535 576 3594 editionem
628 3533 1015 3592 adornandam.
1089 3533 1279 3591 Parem
1346 3545 1557 3602 quoque
1623 3530 1876 3585 Codicem

279 3628 472 3684 eodem
499 3627 685 3684 ordine
711 3627 978 3697 digestum
1009 3625 1254 3682 submisit
1281 3623 1607 3680 clarissimus
1647 3621 1708 3676 D.
1738 3619 1878 3675 Tus-

237 3787 242 3790 _
279 3735 450 3778 sanus
486 3720 868 3787 Dssbarbieus,
895 3719 963 3776 de
995 3733 1098 3792 quo
1121 3721 1301 3777 monui
1337 3717 1726 3784 Prolegomeno
1747 3713 1841 3767 2t.

355 3813 620 3878 Equidem
669 3811 957 3871 Paschasio
1001 3810 1159 3879 huic,
1205 3811 1294 3880 qui
1345 3808 1592 3883 Eugippii
1641 3816 1881 3876 tempore

284 3906 442 3973 visit,
475 3907 610 3964 liber
639 3907 727 3964 hic
757 3907 907 3962 velut
929 3903 1135 3964 auctori
1165 3902 1324 3958 tribui
1377 3917 1484 3960 non
1533 3908 1733 3972 potest,
1760 3913 1881 3954 cum

286 4011 479 4057 auctor
505 4000 561 4054 in
591 3999 693 4054 hoc
719 3999 857 4059 libro
889 3997 1261 4068 interloquens
1286 4005 1436 4052 certo
1467 3995 1657 4050 vixerit
1685 3994 1884 4050 sacculo

285 4091 458 4146 sancti
492 4090 824 4161 Hieronymi,
851 4098 908 4146 et
935 4089 1151 4148 Patrum
1175 4102 1368 4160 magna
1413 4103 1479 4142 ex
1527 4099 1676 4158 parte
1702 4130 1717 4158 ,
1750 4101 1886 4156 quo-

287 4199 409 4241 rum
443 4183 618 4240 Vitam
649 4182 926 4240 describit.
960 4181 1136 4252 Quare
1166 4193 1314 4238 recte
1344 4178 1582 4234 additum
1619 4179 1723 4234 sive
1755 4177 1886 4232 Pal-

287 4273 456 4341 ladii,-
509 4289 636 4332 vere
690 4274 839 4332 enim
892 4273 1202 4344 Palladius,
1256 4271 1341 4330 vel
1397 4270 1745 4341 Heraclides,
1801 4269 1887 4326 vel

289 4367 559 4438 quispiam
586 4367 726 4429 alius
751 4382 936 4426 eorum
964 4368 1208 4440 aqualis,
1243 4366 1402 4438 hujus
1433 4365 1673 4422 Paradisi
1699 4373 1888 4420 auctor

290 4474 394 4520 εει.

365 4560 449 4616 An
483 4559 642 4628 igitur
672 4558 997 4618 Paschasius
1017 4557 1105 4614 hic
1129 4555 1390 4616 dicendus
1413 4565 1498 4616 est
1521 4565 1677 4616 vetus
1729 4555 1888 4627 hujus

297 4648 535 4712 Paradisi
567 4650 871 4720 interpres?
894 4650 1005 4710 Nec
1034 4650 1137 4706 hoc
1163 4648 1437 4708 alﬁrmare
1489 4651 1681 4706 habeo.
1729 4650 1892 4710 Certo
1910 4649 1968 4716 D

297 4745 428 4802 nihil
458 4745 565 4809 tale
593 4745 829 4800 insinuat
855 4744 970 4800 haec
993 4743 1267 4804 Paschasii
1296 4743 1362 4802 ad
1385 4744 1703 4816 Eugippium
1729 4746 1889 4800 missa

299 4838 551 4907 epistola.
584 4838 692 4891 lmo
720 4838 946 4907 epistola
973 4836 1088 4892 haec
1113 4837 1286 4907 petius
1311 4839 1630 4908 prmtigenda
1652 4848 1734 4894 est
1761 4839 1893 4895 Vitas

299 4932 473 4987 sancti
505 4931 745 4986 Severini
773 4930 1089 4985 Noricorum
1118 4931 1368 4999 apostoli.
1419 4931 1486 4985 Et
1514 4930 1719 5001 pridem
1751 4945 1892 4986 anno

304 5021 450 5077 1595
479 5037 598 5076 eam
631 5021 764 5076 Vitae
792 5021 960 5076 sancti
986 5021 1230 5079 Severini
1279 5023 1508 5093 praeﬁxit
1553 5022 1896 5078 doetissimus

299 5113 624 5167 scholiastcs
654 5112 862 5167 Marcus
893 5112 1141 5168 Velserus
1172 5129 1187 5168 :
1221 5113 1457 5183 Epistula
1487 5121 1666 5169 autem
1699 5113 1896 5185 Eugip-

301 5206 404 5275 pii,
435 5205 521 5259 cui
555 5205 874 5260 Paschasius
903 5206 986 5260 hic
1013 5207 1320 5274 respondet,
1355 5216 1528 5262 exstat
1568 5219 1713 5262 torno
1743 5217 1896 5264 sexto

303 5299 666 5368 Antiquarum
715 5298 1033 5364 lectionum,
1086 5299 1274 5371 pagina
1332 5299 1439 5356 455
1485 5298 1643 5368 (Vide
1690 5299 1895 5355 Patrol.

307 5402 437 5446 tom.
490 5389 690 5458 LXII,
720 5391 818 5446 col.
871 5393 1051 5462 1167).
1101 5391 1158 5448 Si
1209 5394 1422 5449 aliunde
1470 5393 1685 5464 probari
1732 5395 1900 5464 possit

310 5486 659 5541 Paschasium
691 5485 831 5543 hunc
873 5486 1219 5558 interpretem
1267 5503 1386 5544 esse
1431 5490 1588 5559 hujus
1635 5491 1899 5558 Paradisi,

310 5579 360 5634 ei
395 5579 621 5649 posthac
651 5581 970 5636 inscribatur
1000 5596 1062 5636 ea
1093 5582 1478 5651 interpretatio.
1511 5584 1768 5652 Equidem
1799 5584 1903 5641 viri

311 5699 407 5823 39'.
654 5695 937 5767 epistolam
966 5694 1161 5753 videsis
1206 5697 1401 5755 Patro].
1433 5705 1562 5753 tom.
1611 5711 1748 5766 an,
1791 5698 1899 5754 col.

1968 1977 2113 2041 logo,
2143 1987 2263 2042 cap.
2296 1973 2361 2027 l9
2392 1979 2446 2027 et
2478 1969 2599 2025 118.
2649 1969 2776 2026 Fuit
2818 1967 2903 2022 hic
2949 1968 3112 2023 abbas
3161 1974 3216 2022 et
3254 1967 3558 2036 episcopus,

1967 2071 2058 2140 qui
2091 2068 2381 2123 Dumiense
2414 2068 2465 2121 in
2515 2065 2765 2121 Callaecia
2813 2064 3196 2119 monasterium
3241 2060 3560 2125 construxit,

1971 2170 2155 2233 postea
2198 2161 2484 2231 episcopus
2537 2158 2931 2224 llraccarensis,
2967 2157 3119 2227 cujus
3165 2155 3224 2212 ﬁt
3266 2155 3556 2210 honoriﬁca

1970 2258 2173 2313 mentio
2199 2255 2252 2311 in
2282 2254 2513 2311 concilio
2539 2254 2800 2308 Toletano
2823 2253 3058 2317 decimo,
3088 2265 3205 2316 cap.
3242 2249 3272 2303 7
3323 2263 3389 2304 ex
3433 2262 3561 2302 con-

1971 2349 2099 2404 cilio
2125 2347 2410 2403 Valentino
2437 2363 2451 2412 ;
2483 2355 2535 2401 et
2559 2345 2611 2400 in
2639 2343 2846 2414 synodo
2871 2339 3210 2397 Braccarensi
3240 2340 3432 2408 prima,
3456 2351 3563 2395 tura

1972 2440 2112 2504 598;
2147 2448 2200 2496 et
2229 2441 2284 2496 in
2311 2439 2566 2504 secunda,
2599 2452 2706 2493 tera
2737 2437 2871 2500 610,
2905 2436 3098 2506 quibus
3129 2432 3363 2504 praefuit.
3393 2432 3563 2486 Cura-

1972 2536 2054 2591 vit
2081 2535 2172 2590 ille
2198 2534 2411 2606 quidem
2443 2532 2698 2588 nonnulla
2729 2546 2796 2587 ex
2828 2529 3019 2586 Graeco
3062 2525 3196 2582 verti
3242 2541 3336 2596 per
3387 2525 3558 2587 alios;

1976 2631 2051 2687 ita
2080 2630 2222 2686 enim
2269 2628 2579 2697 Sigebertus
2626 2640 2809 2694 supra,
2860 2638 2978 2692 cap.
3029 2620 3178 2674 408:
3235 2638 3254 2672 ι
3311 2618 3566 2674 Martinus

1974 2723 2263 2794 episcopus
2292 2720 2563 2776 transtulit
2590 2733 2686 2787 per
2715 2732 2906 2772 manus
2935 2714 3205 2770 Paschasii
3237 2712 3449 2767 diaconi
3480 2711 3565 2765 in-

1977 2816 2368 2888 terrogationes
2417 2825 2470 2870 et
2518 2814 2902 2881 responsiones
2952 2809 3206 2878 plurimas
3258 2814 3564 2860 sanctorum

1975 2911 2346 2983 [Egyptiorum
2381 2908 2594 2963 Patrum
2645 2907 2695 2960 in
2748 2904 3020 2959 Dnmiensi
3066 2901 3334 2956 ctenobio.
3369 2917 3388 2952 ι
3441 2899 3568 2964 Qua:

1977 3007 2297 3063 Paschasius
2324 3004 2439 3074 ejus
2461 3003 2616 3073 jussu
2644 2999 2936 3063 transtulit,
2964 2997 3126 3054 habes
3159 2995 3293 3048 libro
3315 2993 3569 3062 septimo.

1979 3101 2113 3159 Fors
2138 3098 2275 3156 idem
2306 3096 2628 3152 Paschasius
2656 3103 2713 3150 et
2738 3094 2852 3152 hac
2878 3093 2996 3160 ejus
3041 3099 3227 3161 rogatu
3279 3084 3566 3141 transtulit.

1978 3202 2112 3269 Quia
2142 3209 2319 3254 tamen
2355 3192 2562 3250 Martini
2586 3189 2802 3248 nomine
2825 3188 2882 3246 in
2935 3185 3144 3240 duobus
3194 3177 3570 3248 manuscriptis

1980 3293 2348 3354 inveniuntur,
2383 3297 2437 3343 et
2463 3287 2580 3356 ipse
2607 3283 2798 3338 asserit
2827 3297 2887 3338 se
2910 3277 3280 3335 collectionem
3326 3272 3574 3327 Orienta-

1977 3387 2105 3442 lium
2163 3396 2428 3438 canonum
2476 3376 2814 3438 eruendam,
2866 3381 2920 3428 et
2962 3372 3029 3428 ad
3077 3371 3318 3426 Graecum
3371 3372 3573 3422 text.an

1980 3492 2170 3534 rursus
2193 3474 2487 3530 contulisse
2514 3472 2668 3543 (qum
2693 3466 2920 3525 habetur
2943 3466 2996 3520 in
3022 3465 3180 3520 tomis
3200 3460 3575 3522 conciliorum,

1982 3577 2104 3642 post
2127 3567 2412 3625 concilium
2463 3562 2709 3619 Lucense
2762 3559 2852 3630 ιι),
2912 3557 3081 3628 potuit
3131 3557 3246 3625 ipse
3299 3567 3331 3612 e
3385 3550 3577 3606 Graeco

1980 3675 2036 3722 et
2067 3663 2181 3717 haec
2210 3656 2568 3716 transtulisse.
2597 3655 2773 3722 Quare
2801 3651 2920 3722 ejus
2947 3649 3166 3706 nomine
3194 3648 3248 3704 in
3278 3643 3575 3716 appendice

1983 3755 2128 3812 ded"
2378 3812 2938 3876 PROLEGOMENON
2981 3809 3168 3868 xxvr.

2169 3937 2333 3996 Varia
2364 3936 2561 3992 monita
2588 3933 2655 3988 ad
2685 3933 2921 3988 lectorem
2949 3928 3108 3994 huius
3137 3925 3397 3982 editionis.

2059 4053 2296 4111 Adverte
2344 4051 2552 4122 primo,
2604 4048 2828 4118 primani
2880 4043 3007 4098 mihi
3055 4056 3240 4096 curam
3297 4038 3465 4094 fuisse
3522 4041 3582 4094 ut

1990 4155 2202 4205 textum
2261 4144 2527 4215 cujusque
2571 4139 2808 4194 uctoris
2853 4149 3110 4206 perquam
3159 4130 3470 4187 ﬁdelissime
3513 4145 3583 4185 ex

1990 4241 2095 4296 ﬁde
2115 4247 2356 4296 veterum
2374 4237 2634 4291 Codicum
2653 4233 3031 4302 exprimerem,
3053 4227 3282 4283 servatis
3298 4224 3582 4297 phrasibus

1990 4333 2151 4389 etiam
2181 4333 2356 4386 minus
2379 4328 2611 4391 usitatis,
2635 4339 2734 4381 nec
2763 4323 2918 4378 valde
2947 4336 3161 4392 semper
3187 4319 3412 4382 Latinis,
3440 4326 3496 4371 ut
3525 4323 3584 4371 et

1992 4429 2096 4484 illa:
2119 4425 2362 4482 secutum
2390 4420 2621 4476 auctoris
2652 4418 2734 4473 sui
2765 4416 3074 4485 proderent.

2066 4519 2305 4574 Adverte
2333 4514 2595 4578 secundo,
2625 4508 3024 4579 orthographia;
3052 4520 3172 4560 eam
3197 4512 3464 4559 servatam
3491 4517 3582 4558 ra-

1996 4610 2216 4676 tionem,
2249 4621 2409 4677 quam
2441 4602 2828 4674 Typographus
2856 4598 3114 4669 optimam
3136 4596 3409 4666 judicavit.
3439 4596 3586 4662 Quo-

1993 4706 2240 4764 rumdam
2270 4712 2447 4758 tamen
2478 4704 2818 4769 propriorum
2848 4696 3121 4748 nominum
3166 4692 3410 4747 diversas
3455 4689 3588 4753 sub-

1997 4800 2122 4856 inde
2149 4792 2561 4866 orthographias
2592 4791 2850 4862 reperies.
2881 4787 2976 4843 sed
3024 4785 3163 4858 apud
3215 4785 3458 4840 diversos
3506 4783 3591 4837 in-

1997 4899 2278 4962 terpretes,
2293 4897 2350 4944 ut
2375 4901 2517 4944 nunc
2540 4884 2710 4950 Scots,
2734 4898 2876 4939 nunc
2899 4880 3089 4948 Scitlti,
3108 4895 3248 4936 nunc
3271 4874 3585 4943 Rammius,

1997 4998 2140 5043 nunc
2176 4981 2461 5041 Pimenius.
2494 4987 2547 5033 et
2575 4977 2764 5033 similia
2797 4977 3002 5044 aliquot
3050 4973 3174 5026 alia.
3203 4971 3332 5036 Quae
3361 4969 3590 5036 plerum-

1998 5093 2104 5150 que
2159 5090 2252 5130 sua
2284 5069 2664 5141 interpretibus
2719 5068 2948 5137 reliqui,
3004 5063 3144 5133 quod
3199 5057 3395 5128 singuli
3454 5055 3592 5112 forte

2002 5149 2365 5226 diversimode
2397 5163 2611 5220 nomina
2641 5161 2728 5216 illa
2760 5162 2811 5215 in
2838 5161 3025 5215 Graeco
3069 5149 3364 5220 exemplari
3391 5149 3591 5217 scripta

2004 5260 2330 5322 invenerint.

2075 5355 2310 5412 Adverte
2340 5351 2519 5417 tertio,
2553 5363 2622 5403 ne
2672 5347 2871 5416 saepius
2917 5335 3267 5411 quarumdam
3310 5333 3594 5390 difﬁculta-

2006 5456 2118 5503 tum
2150 5455 2205 5501 et
2233 5443 2518 5499 verborum
2558 5435 2795 5514 [sxxxvt]
2827 5433 3089 5488 rarior-um
3137 5430 3274 5485 ratio
3322 5427 3596 5484 reddenda

2005 5549 2170 5606 esset,
2200 5537 2341 5609 quod
2367 5536 2528 5591 variis
2549 5531 2682 5588 locis
2705 5529 2893 5584 eadem
2917 5532 3286 5588 occurrerent,
3311 5527 3599 5576 contentus

2006 5633 2162 5688 brevi
2202 5631 2256 5685 in
2297 5625 2661 5683 notationibus
2687 5619 3074 5690 explicatione,
3101 5618 3168 5672 ad
3214 5615 3599 5672 Onomasﬁcon

2007 5740 2168 5797 porro
2183 5723 2386 5790 remisi,
2404 5721 2455 5776 in
2477 5733 2582 5789 quo
2600 5715 2812 5786 plenius
2833 5715 2901 5771 de
2922 5714 2988 5772 iis
3005 5713 3199 5791 agitur.
3225 5710 3284 5766 ln
3305 5721 3413 5785 quo
3430 5705 3598 5764 etiam
