4124 6350
593 358 659 415 87
1508 346 1571 404 IN
1608 334 2135 404 \‘ttrasrATRUM

2276 340 2735 402 OLEGOMENON
2771 343 2961 401 XXVI.
3795 351 3876 412 38

599 473 861 534 nonnuﬂa
906 473 1142 543 reperies
1162 514 1178 542 ,
1211 483 1438 542 quorum
1486 470 1691 526 nullum
1735 469 1790 525 in
1829 468 2192 526 notationibus
2216 460 2274 524 Α
2298 462 2432 532 Quia
2462 481 2589 523 vero
2619 467 2863 540 Pelagius
2885 476 2938 524 et
2960 468 3194 526 Joannes
3219 468 3414 527 librum
3441 472 3671 544 quisque
3717 486 3872 534 suum

590 569 774 626 datum
808 566 1082 623 indicium.

663 662 899 718 Advorte
952 669 1142 731 quarto
1192 657 1488 714 mirandum
1519 671 1625 713 non
1675 670 1815 724 esse,
1843 657 1889 713 si
1939 656 2178 727 complu-

592 759 738 815 scula
764 756 951 812 eadem
982 758 1034 810 in
1060 753 1288 809 diversis
1319 751 1493 819 libris,
1521 751 1725 807 variato
1753 759 1957 805 tantum
2010 749 2174 823 stylo,

590 854 851 922 reperias.
878 849 1068 905 Evenit
1091 848 1191 904 hoc
1216 847 1357 918 quod
1387 845 1517 902 olim
1546 845 1741 902 diversi
1761 861 2000 902 eremum
2026 846 2177 903 obie-

589 963 672 1012 re,
697 957 752 1003 et
783 946 929 1000 Vitas
955 944 1203 1015 dictaque
1234 945 1451 999 Patrum
1485 943 1565 998 vel
1597 957 1777 998 coram
1807 943 1893 998 vel
1942 942 2010 996 ab
2058 941 2178 998 aliis

588 1054 870 1109 excepere.
902 1040 1142 1110 Quisque
1166 1037 1308 1107 quod
1349 1037 1483 1093 vidit
1525 1037 1610 1092 vel
1654 1037 1896 1105 audivit,
1927 1038 1980 1091 in
2024 1050 2176 1091 com-

586 1137 908 1191 mentarium
955 1133 1154 1190 retulit.
1208 1131 1460 1196 Accedit,
1491 1131 1633 1203 quod
1681 1131 1897 1199 quidam
1948 1130 2176 1186 aliorum

585 1230 784 1286 scrinia
813 1228 1208 1296 compilarant,
1240 1237 1289 1281 et
1340 1235 1601 1295 prmterea
1652 1225 1894 1294 qumdam
1949 1241 2013 1280 ex
2065 1223 2178 1280 suis

584 1338 798 1392 quoque
829 1321 1130 1376 armariolis
1160 1319 1480 1389 adjttnxere.
1514 1319 1764 1373 Dedimus
1797 1318 1955 1387 igitur
1999 1317 2176 1372 omnia

584 1412 904 1483 proutapud
941 1412 1183 1467 diversos
1223 1421 1469 1467 auctores
1509 1419 1564 1466 et
1607 1411 1923 1481 interpretes
1960 1410 2176 1466 inveni-

583 1519 735 1570 mus,
766 1513 824 1558 ut
880 1518 1010 1559 suus
1065 1504 1255 1575 cuique
1307 1511 1578 1559 constaret
1627 1503 1811 1569 labor,
1842 1513 1894 1558 et
1947 1503 2173 1572 plurium

585 1597 960 1653 testificatione
993 1598 1111 1667 plus
1159 1613 1372 1667 quoque
1421 1598 1637 1652 Patrum
1689 1598 1847 1652 dictis
1893 1599 2177 1655 accederet

582 1693 932 1750 auctoritatis.
967 1692 1101 1748 Vide
1129 1709 1248 1763 quae
1277 1695 1343 1748 de
1375 1694 1473 1749 hac
1520 1695 1895 1750 convenientia
1944 1696 2176 1751 diximus

581 1788 961 1857 prolegomeno
990 1788 1045 1851 4,
1075 1787 1102 1856 §
1129 1789 1182 1841 5.

2286 564 2336 618 in
2365 561 2543 616 varios
2570 560 2782 618 libellos
2831 562 3092 636 [cxxxvii]
3136 563 3443 621 distinctum
3491 566 3690 635 habet,
3740 567 3872 627 dum

2283 675 2378 717 eos
2407 660 2460 715 in
2492 662 2736 730 margine
2766 662 2895 728 cito,
2926 660 3226 716 libellorum
3258 662 3414 718 simul
3459 663 3705 721 ordinem
3745 679 3870 724 cum

2281 753 2547 810 dictorum
2580 769 2806 810 numero
2834 756 2887 810 in
2919 755 3158 825 margine
3187 758 3422 830 assigno.

2353 848 2587 904 Adverte
2620 849 2882 919 septimo,
2917 847 2971 903 in
3007 848 3425 922 Chorographia:
3469 853 3696 911 studiosi
3743 872 3871 930 gra.

2287 943 2436 1010 tiam,
2472 941 2708 997 tabulam
2745 957 2842 998 nos
2871 958 3088 1002 curasse
3115 947 3422 1002 concinnari
3447 951 3785 1006 mansionum
3814 962 3872 1011 et

2280 1035 2682 1104 expeditionum
2713 1036 3078 1093 eremitarum.
3111 1037 3178 1092 Et
3197 1041 3318 1108 quia
3346 1041 3577 1097 maxime
3604 1043 3874 1114 Egyptus

2284 1135 2337 1182 et
2369 1125 2525 1196 Syria
2556 1136 2609 1182 et
2633 1125 2912 1183 Palaestina
2943 1127 3010 1183 ab
3040 1130 3279 1185 eremitis
3317 1131 3420 1186 fuit
3449 1133 3684 1200 e\culta,
3745 1151 3873 1206 par-

2284 1219 2561 1276 ticularem
2590 1236 2806 1293 quoque
2835 1235 3020 1278 earum
3050 1222 3466 1280 delineationem
3499 1225 3688 1293 habes,
3729 1228 3872 1298 quod

2281 1310 2336 1366 in
2381 1313 2620 1381 generali
2678 1315 2854 1369 tabula
2913 1316 3248 1385 particularis
3308 1316 3545 1373 locorum
3596 1318 3872 1373 distinctio

2287 1405 2490 1458 servari
2523 1420 2629 1460 non
2657 1414 2860 1476 posset.
2894 1407 3154 1463 'l‘abulam
3194 1424 3310 1464 eam
3348 1411 3651 1480 proximum
3687 1410 3873 1469 folium

2281 1495 2571 1551 exhibebit.

2355 1588 2592 1644 Adverte
2631 1599 2842 1656 octavo,
2893 1605 2981 1646 me
3028 1606 3170 1646 nunc
3221 1592 3324 1648 hoc
3349 1607 3490 1647 anno
3538 1591 3697 1659 1627,
3747 1607 3875 1652 cum

2283 1682 2456 1752 prima
2489 1682 2655 1737 editio
2704 1682 2998 1739 Moretiana
3043 1685 3170 1739 anni
3221 1683 3358 1740 lfilS
3406 1686 3657 1741 distracta
3702 1695 3874 1759 esset,

2283 1776 2357 1829 uti
2384 1785 2432 1830 et
2463 1775 2833 1846 Lugdunensis
2864 1776 3076 1844 Galliae,
3106 1793 3291 1834 rursus
3331 1788 3516 1849 rogatu
3547 1779 3609 1833 Ι).
3645 1779 3872 1837 Baltha-

659 1879 891 1935 Adverte
919 1879 1109 1949 quinto
1139 1896 1154 1935 ε
1188 1880 1358 1936 sicubi
1385 1896 1448 1936 ea
1479 1890 1758 1937 auctorum
1793 1883 2168 1940 convenientia
2203 1865 2251 1926 B
2282 1870 2418 1924 saris
2444 1870 2634 1925 Moreti
2671 1870 2820 1926 Vitas
2844 1870 3059 1925 Patrum
3094 1872 3468 1938 recensuisse;
3501 1873 3735 1930 maxime
3760 1883 3874 1932 tex-

581 1981 832 2027 occurrat
859 1972 912 2028 in
944 1975 1184 2044 margine
1208 1974 1238 2007 *
1269 1973 1382 2029 fere
1436 1973 1614 2028 notavi
1663 1975 1992 2045 singulorum
2035 1978 2173 2044 loca,

580 2071 638 2119 ut
662 2077 721 2119 se
756 2072 938 2120 mutuo
971 2065 1323 2120 illustrarent.
1351 2067 1574 2134 Qualem
1605 2066 1658 2121 in
1705 2068 1885 2123 multis
1935 2071 2171 2138 reperies

578 2155 720 2212 inter
748 2156 940 2212 librum
968 2158 1262 2214 secundum
1315 2160 1551 2226 Bullini,
1590 2160 1885 2216 Palladium
1934 2160 2172 2230 Herveti,

578 2245 874 2306 Heraclidis
906 2249 1242 2319 Paradisum,
1274 2259 1328 2307 et
1349 2253 1647 2308 Palladium
1680 2270 1745 2310 ex
1789 2257 1958 2310 veteri
2010 2258 2177 2311 inter-

575 2343 898 2410 pretatione.
929 2342 1205 2400 Bullinum
1241 2354 1298 2401 et
1327 2345 1626 2401 Palladium
1660 2347 1876 2404 llerveti
1926 2347 2064 2404 inter
2115 2365 2174 2406 se

575 2441 858 2505 commisi;
892 2439 1203 2496 Paradisum
1237 2440 1534 2496 Heraclidis
1564 2456 1662 2512 per
1693 2439 1988 2498 Palladium
2040 2444 2176 2500 Her-

575 2537 682 2593 veti
714 2535 1344 2602 illustravi;Palladium
1394 2550 1462 2591 ex
1516 2538 1686 2592 veteri
1733 2537 2175 2608 interpretatione

576 2643 698 2684 cum
743 2627 1040 2683 Heraclidis
1067 2627 1325 2682 Paradiso
1375 2626 1702 2697 comparavi.
1755 2630 1920 2684 Multa
1963 2645 2175 2701 quoque

575 2725 769 2780 eadem
796 2721 1031 2794 reperies
1058 2722 1114 2778 in
1144 2721 1281 2777 libro
1306 2737 1362 2776 ttt
1392 2721 1588 2777 Ruffini
1611 2765 1625 2790 ,
1655 2722 1872 2797 Pelagio
1895 2764 1909 2791 ,
1941 2724 2168 2794 Joanne,

578 2816 866 2872 Paschasio
886 2856 902 2882 ,
934 2829 1165 2885 quorum
1195 2814 1544 2886 concordiam
1578 2816 1631 2871 in
1664 2818 1902 2888 margine
1932 2824 2170 2872 notatam

575 2912 838 2968 invenies.

648 3007 886 3061 Adverte
916 3013 1070 3061 sexto
1105 3021 1119 3059 :
1149 3011 1208 3059 ut
1232 3004 1554 3075 compendio
1578 3006 2000 3062 convenientiam
2024 3007 2173 3064 illam

571 3101 793 3156 citarem
822 3139 838 3165 ,
889 3113 1011 3154 cum
1058 3113 1254 3155 novem
1306 3099 1636 3168 posteriores
1684 3099 1846 3168 libri,
1879 3101 1930 3155 in
1979 3099 2173 3170 quibus

572 3194 817 3263 ejusdem
852 3190 931 3247 rei
970 3191 1194 3261 repetita
1243 3191 1481 3245 narratio
1521 3190 1753 3247 maxime
1792 3193 2053 3259 occurrit,
2085 3192 2172 3248 vel

573 3295 851 3342 auctorem
881 3294 1087 3342 certum
1112 3283 1445 3340 habeantvel
1477 3283 1846 3354 interpretem,
1874 3287 1958 3341 ubi
1983 3295 2168 3341 auctor

570 3389 752 3434 certus
783 3387 886 3448 est,
917 3393 1040 3432 eum
1069 3377 1258 3444 citavi;
1289 3376 1380 3432 ubi
1407 3376 1476 3434 de
1505 3393 1573 3434 eo
1599 3380 1775 3434 minus
1801 3387 2046 3448 constat,
2083 3380 2166 3435 in-

570 3470 823 3539 terpretis
853 3484 1049 3524 nomen
1081 3471 1308 3539 margini
1339 3471 1585 3539 apposui.
1620 3471 1782 3526 Verbi
1813 3474 1981 3543 gratia
2003 3514 2017 3538 ,
2045 3489 2166 3542 qua:

569 3561 722 3631 paria
749 3569 1038 3616 occurrunt
1059 3561 1206 3615 libris
1231 3560 1489 3626 secundo,
1546 3563 1722 3627 tertio,
1755 3563 1846 3632 qui
1889 3564 2164 3621 liuffinum

571 3661 866 3726 agnoscunt
895 3653 981 3709 vel
1010 3659 1289 3709 auctorem
1315 3653 1401 3708 vel
1423 3652 1771 3724 interpretem
1795 3670 1810 3720 ;
1842 3664 2052 3723 quarto,
2076 3658 2168 3727 qui

570 3758 822 3820 excerpta
855 3747 1018 3806 habet
1045 3762 1111 3804 ex
1143 3747 1343 3804 Severo
1369 3747 1605 3816 Sulpicio
1635 3757 1690 3804 et
1717 3748 1923 3805 Joanne
1951 3747 2167 3806 Cassia-

570 3859 676 3912 no;
707 3852 921 3908 octavo,
945 3843 1035 3915 qui
1058 3842 1351 3898 Palladium
1379 3860 1393 3909 ;
1427 3856 1591 3911 nono,
1620 3845 1708 3914 qui
1733 3843 2163 3911 Theodoretum;

570 3936 802 4000 decimo,
830 3936 922 4004 qui
949 3935 1210 3991 Joannem
1241 3935 1516 3990 Moschum
1552 3945 1940 4006 repraesentant
1969 3946 2160 3994 aucto-

568 4045 692 4097 res;
726 4038 926 4085 tantum
954 4031 1006 4085 in
1037 4031 1280 4098 margine
1309 4031 1416 4085 cito
1442 4039 1722 4086 auctorum
1771 4032 1987 4086 nomina
2039 4048 2164 4088 cum

570 4121 835 4193 capitibus
859 4122 939 4178 vel
970 4123 1226 4188 numeris,
1257 4130 1415 4193 prout
1466 4121 1723 4198 cuiusque
1767 4125 1898 4181 liber
1942 4127 2026 4182 vel
2073 4141 2168 4196 per

569 4215 746 4284 capita
775 4214 858 4270 vel
889 4229 989 4285 per
1015 4230 1269 4272 numeros
1299 4216 1540 4287 digestus
1572 4217 1658 4271 hic
1686 4219 1972 4289 reperitur.
2024 4219 2163 4275 Rur-

569 4320 663 4362 sus
685 4320 814 4363 vero
843 4322 964 4363 cum
992 4308 1046 4363 in
1079 4309 1319 4378 margine
1346 4309 1544 4364 citandi
1570 4320 1695 4365 sunt
1740 4309 1878 4367 liber
1922 4313 2164 4383 quintus,

570 4409 773 4467 sextus,
801 4401 1081 4470 septimus,
1111 4402 1202 4472 qui
1229 4403 1432 4458 Graecis
1458 4404 1769 4460 auctoribus
1799 4407 2023 4462 incertis
2049 4407 2159 4463 cir-

569 4493 969 4557 cumferuntur,
1000 4503 1176 4549 certos
1207 4503 1380 4551 tamen
1414 4495 1614 4552 habent
1661 4497 2008 4568 interpretes,
2039 4514 2164 4555 cum

566 4587 786 4655 quintus
831 4588 1076 4644 citandus
1120 4599 1240 4655 est,
1274 4591 1381 4646 cito
1431 4589 1738 4661 Pelagium;
1789 4607 1911 4649 cum
1957 4601 2162 4662 sextus,

569 4678 867 4745 Joannem;
896 4696 1015 4736 cum
1042 4682 1325 4751 septimus,
1360 4683 1737 4753 Paschasium;
1769 4701 1995 4757 quorum
2045 4688 2158 4743 sin-

569 4769 680 4838 guli
711 4783 928 4824 suorum
962 4772 1289 4841 singulorum
1337 4774 1595 4831 librorum
1645 4787 1771 4832 sunt
1813 4778 2154 4850 interpretes.

568 4955 610 5013 E
648 4885 666 4907 ·
695 4886 802 4941 llas
832 4897 985 4943 notas
1015 4887 1069 4944 in
1092 4895 1293 4945 textum
1336 4891 1473 4947 inter
1506 4893 1734 4950 uncinos
1771 4897 2161 4953 revocavimus.

617 4972 724 5010 DIT.

617 4972 724 5010 οιτ.

2283 1975 2392 2021 tum
2418 1965 2594 2020 octavi
2623 1965 2745 2021 libri
2771 1981 2868 2036 per
2899 1965 3218 2034 Palladium,
3253 1977 3307 2023 et
3329 1966 3455 2022 noni
3484 1983 3578 2036 per
3606 1966 3874 2026 Joannem

2282 2057 2584 2125 Moschum,
2629 2060 2717 2130 qui
2767 2068 2893 2115 ante
2947 2060 3134 2115 Graece
3184 2077 3288 2116 non
3343 2061 3671 2131 prodierant.
3720 2060 3874 2117 Nunc

2289 2151 2478 2207 Grmca
2506 2167 2691 2207 eorum
2723 2152 2891 2209 editio
2934 2152 3250 2208 Parisiensis
3307 2153 3486 2208 varios
3518 2153 3874 2222 interpretum

2280 2260 2493 2302 errores
2522 2246 2747 2313 detexit,
2775 2257 2828 2301 et
2850 2246 3031 2301 multis
3057 2245 3358 2301 tenebrosis
3387 2246 3517 2300 locis
3540 2245 3708 2301 facem
3736 2261 3875 2313 prte-

2279 2339 2435 2394 luxit.
2495 2337 2810 2394 Notationes
2835 2353 3052 2410 quoque
3081 2337 3308 2394 subinde
3357 2338 3500 2403 auxi,
3541 2346 3595 2392 et
3624 2339 3876 2407 inprimis

2278 2432 2680 2499 Onomasticon,
2711 2433 2851 2502 quod
2876 2432 2928 2486 id
2956 2432 3244 2487 multorum
3275 2440 3457 2486 votum
3489 2441 3653 2499 esset,
3687 2433 3872 2488 maxi-

2279 2545 2366 2586 me
2389 2529 2787 2600 religiosorum,
2821 2527 3013 2598 quibus
3045 2542 3152 2582 non
3193 2527 3430 2598 suppetit
3476 2528 3736 2584 librorum
3775 2542 3875 2584 co-

2281 2625 2391 2692 pia,
2417 2637 2517 2678 nec
2532 2637 2688 2678 usum
2714 2621 3214 2691 lexicograpborum
3241 2629 3296 2676 et
3315 2620 3621 2676 criticorum
3647 2621 3871 2693 habent,

2278 2720 2368 2789 qui
2421 2732 2537 2773 rem
2587 2715 2944 2786 antiquariam
2996 2723 3249 2771 tractant.
3309 2718 3608 2772 Accessere
3655 2731 3877 2790 quoque

2278 2822 2392 2868 tres
2421 2813 2548 2867 novi
2582 2811 2805 2876 indices,
2840 2824 2979 2865 unus
3011 2824 3285 2865 sacrarum
3318 2808 3739 2880 Scripturarum,
3789 2811 3872 2868 al-

2279 2913 2364 2961 ter
2389 2905 2734 2973 concionum,
2779 2911 2835 2959 et
2878 2903 3072 2958 tertius
3101 2911 3380 2958 auctorum
3429 2904 3482 2956 in
3514 2902 3875 2962 notationibtts

2280 2995 2669 3061 adductorum;
2727 3008 2866 3064 quos
2910 2992 3133 3064 reliquis
3181 3001 3307 3048 ante
3336 2993 3476 3048 datis
3507 2995 3739 3050 insertos
3785 2994 3875 3053 vei

2278 3089 2552 3145 subsertos
2585 3087 2845 3143 invenies.

2349 3183 2582 3240 Adverte
2629 3195 2795 3249 nono,
2853 3181 2956 3237 etsi
3002 3179 3122 3235 alia:
3150 3178 3422 3235 nonnullae
3445 3178 3570 3234 vitae
3601 3179 3869 3238 Eremita-

2201 3249 2249 3316 ρ
2280 3294 2397 3334 rum
2427 3278 2777 3334 Orientalium
2805 3276 2928 3332 hinc
2955 3277 3078 3331 inde
3109 3277 3250 3348 typis
3300 3275 3458 3332 editae
3487 3277 3613 3342 sint,
3663 3286 3718 3332 et
3749 3277 3870 3348 plu-

2273 3386 2361 3428 res
2379 3387 2443 3426 ex
2467 3371 2592 3427 Mss.
2624 3371 2740 3428 erui
2770 3371 2998 3440 possint,
3013 3370 3137 3439 quia
3158 3377 3333 3424 tamen
3355 3370 3656 3424 institutum
3684 3383 3868 3426 meum

2273 3483 2380 3522 non
2425 3467 2519 3521 fuit
2548 3467 2787 3521 omnium
2811 3465 3155 3520 eremitarum
3188 3462 3335 3518 Vitas
3365 3462 3700 3532 conquirere,
3727 3473 3783 3519 ct
3803 3464 3861 3520 in

2275 3574 2442 3615 unum
2471 3559 2672 3614 fascem
2697 3558 2975 3628 colligere,
3008 3558 3102 3614 sed
3134 3566 3338 3613 tantum
3365 3554 3862 3612 decantatissimum

2274 3653 2518 3710 Vitarum
2541 3649 2760 3705 Patrum
2785 3650 3004 3718 librum,
3036 3650 3128 3721 qui
3173 3655 3298 3705 ante
3327 3658 3541 3705 centum
3569 3662 3741 3703 annos
3780 3657 3863 3704 to-

2273 3749 2376 3804 ties
2403 3761 2567 3803 cusus
2595 3757 2926 3814 recususque
2967 3742 3084 3811 fuit,
3136 3756 3421 3799 recensere
3458 3748 3511 3796 et
3540 3740 3860 3808 illustrare;

2273 3840 2449 3897 studio
2475 3838 2708 3895 abstinui
2735 3852 2764 3892 a
2813 3836 3037 3908 reliquis
3065 3835 3400 3906 lndagandis.
3444 3832 3493 3888 Is
3520 3833 3661 3889 enim
3713 3832 3867 3888 labor

2273 3947 2479 3989 novum
2506 3931 2662 3988 facile
2705 3939 2911 3987 tomum
2937 3929 3232 3989 extundere
3263 3935 3462 3998 posset.
3527 3925 3656 3982 Mihi
3711 3939 3863 3982 nunc

2273 4029 2408 4084 satis
2431 4027 2531 4082 fttit
2557 4023 2660 4082 SS.
2690 4024 2911 4079 Patrum
2938 4022 3191 4078 insistere
3216 4019 3479 4089 vestigiis,
3511 4017 3601 4088 qui
3651 4016 3749 4073 has
3784 4014 3867 4071 vi-

2274 4133 2356 4181 tas
2385 4122 2516 4177 olim
2544 4127 2599 4176 et
2624 4121 2868 4191 legerunt
2895 4125 2949 4171 et
2971 4113 3435 4170 commendarunt.

2346 4216 2458 4287 Ego
2479 4227 2608 4269 vero
2636 4221 2710 4277 te,
2744 4211 2816 4265 nti
2847 4209 3034 4277 lector,
3054 4221 3157 4263 non
3183 4205 3303 4260 unis
3329 4203 3470 4260 votis
3497 4207 3742 4273 rogatum
3765 4214 3868 4256 ve-

2272 4309 2367 4365 lim
2392 4317 2451 4363 ut
2483 4308 2653 4362 Deum
2681 4290 2813 4359 inihi
2841 4303 2945 4358 tuis
2967 4299 3219 4372 precibus
3250 4295 3536 4367 propitium
3579 4291 3757 4349 facere
3778 4289 3868 4346 di-

2269 4404 2449 4476 gneris
2471 4445 2485 4469 ,
2534 4400 2615 4455 uti
2645 4412 2709 4454 ea
2736 4411 2855 4467 quae
2886 4395 2971 4449 his
2995 4393 3148 4450 libris
3172 4397 3465 4446 tractantur
3494 4387 3575 4445 vel
3609 4402 3675 4444 ex
3708 4393 3867 4455 parte

2271 4497 2444 4566 aliqua
2494 4490 2736 4548 moribus
2781 4488 2998 4559 vitaque
3026 4485 3328 4555 exprimere
3357 4481 3592 4552 possim;
3640 4495 3708 4534 ne
3759 4478 3868 4534 sim

2271 4591 2434 4662 plane
2460 4586 2611 4641 velut
2642 4599 2717 4640 aes
2739 4596 2940 4639 sonans
2963 4588 3016 4635 et
3042 4577 3345 4652 cymbalum
3375 4573 3631 4630 tinniens.
3664 4572 3737 4626 Ita
3768 4570 3869 4631 tibi

2271 4685 2435 4749 Deus,
2487 4678 2833 4736 eremitarum
2878 4670 3295 4741 suifragantibus
3320 4668 3554 4732 meritis,
3613 4663 3863 4718 favorem
3922 4701 3940 4742 ὲ

2267 4791 2485 4834 omnem
2507 4784 2773 4847 opemque
2795 4769 3019 4840 aspiret.
3039 4764 3191 4830 Vive,
3219 4761 3360 4830 vale,
3390 4759 3498 4816 mei
3519 4755 3658 4830 apud
3682 4755 3863 4814 Deum
3942 4762 3949 4768 '

2267 4884 2491 4930 memor.
