  <div class='ocr_page' id='page_1' title='image "/cluster/home/n/w/nwhite01/storage/ocr_20150623/73/hvd.32044011474434/050.png"; bbox 0 0 4124 6350; ppageno 0'>
   <div class='ocr_carea' id='block_1_1' title="bbox 618 534 3384 977">
    <p class='ocr_par' dir='ltr' id='par_1_1' title="bbox 618 534 3384 977">
     <span class='ocr_line' id='line_1_1' title="bbox 618 534 3384 977; baseline 0.015 -163"><span class='ocrx_word' id='word_1_1' title='bbox 618 534 1519 816; x_wconf 74' lang='lat' dir='ltr'>VIT/E</span> <span class='ocrx_word' id='word_1_2' title='bbox 1666 552 3079 977; x_wconf 53' lang='lat' dir='ltr'><strong>eaTRUM</strong></span> <span class='ocrx_word' id='word_1_3' title='bbox 3163 774 3248 922; x_wconf 83' lang='lat'><strong>,</strong></span> <span class='ocrx_word' id='word_1_4' title='bbox 3379 972 3384 977; x_wconf 9' lang='grc' dir='ltr'><strong>ί</strong></span> 
     </span>
    </p>
   </div>
   <div class='ocr_carea' id='block_1_2' title="bbox 1848 961 2026 1024">
    <p class='ocr_par' dir='ltr' id='par_1_2' title="bbox 1848 961 2026 1024">
     <span class='ocr_line' id='line_1_2' title="bbox 1848 961 2026 1024; baseline -0.006 -1"><span class='ocrx_word' id='word_1_5' title='bbox 1848 961 2026 1024; x_wconf 83' lang='lat' dir='ltr'><strong>SIVE</strong></span> 
     </span>
    </p>
   </div>
   <div class='ocr_carea' id='block_1_3' title="bbox 457 1157 3405 1370">
    <p class='ocr_par' dir='ltr' id='par_1_3' title="bbox 457 1157 3405 1370">
     <span class='ocr_line' id='line_1_3' title="bbox 457 1157 3405 1370; baseline 0.018 -53"><span class='ocrx_word' id='word_1_6' title='bbox 457 1157 1736 1332; x_wconf 72' lang='lat' dir='ltr'><strong>HISTORUE</strong></span> <span class='ocrx_word' id='word_1_7' title='bbox 1904 1177 3405 1370; x_wconf 65' lang='lat' dir='ltr'><strong>EREMITICAE.</strong></span> 
     </span>
    </p>
   </div>
   <div class='ocr_carea' id='block_1_4' title="bbox 1301 1481 2579 1696">
    <p class='ocr_par' dir='ltr' id='par_1_4' title="bbox 1307 1481 2579 1683">
     <span class='ocr_line' id='line_1_4' title="bbox 1307 1481 2579 1683; baseline 0.017 -73"><span class='ocrx_word' id='word_1_8' title='bbox 1307 1481 1801 1613; x_wconf 84' lang='lat' dir='ltr'>LIBRI</span> <span class='ocrx_word' id='word_1_9' title='bbox 1900 1495 2579 1683; x_wconf 71' lang='lat' dir='ltr'><strong>DECEM.</strong></span> 
     </span>
    </p>
   </div>
   <div class='ocr_carea' id='block_1_5' title="bbox 1468 1717 3576 1818">
    <p class='ocr_par' dir='ltr' id='par_1_5' title="bbox 1468 1717 3576 1818">
     <span class='ocr_line' id='line_1_5' title="bbox 1468 1717 3576 1818; baseline 0.009 -2"><span class='ocrx_word' id='word_1_10' title='bbox 1468 1717 2826 1818; x_wconf 46' lang='grc' dir='ltr'><strong>⁶⁰¹ξὲ⁵ετςοξξὲῗι³ξτξιηπξιι,εξςίτξῆῑξιξιειξέξὶΊεφβρμψ</strong></span> <span class='ocrx_word' id='word_1_11' title='bbox 2855 1743 3116 1818; x_wconf 53' lang='lat' dir='ltr'><strong>anew-1</strong></span> <span class='ocrx_word' id='word_1_12' title='bbox 3145 1749 3274 1818; x_wconf 61' lang='grc' dir='ltr'><strong>επιτ-</strong></span> <span class='ocrx_word' id='word_1_13' title='bbox 3301 1751 3357 1802; x_wconf 66' lang='grc' dir='ltr'><strong>Νο</strong></span> <span class='ocrx_word' id='word_1_14' title='bbox 3383 1754 3576 1818; x_wconf 55' lang='lat' dir='ltr'><strong>Basilii.</strong></span> 
     </span>
    </p>
   </div>
   <div class='ocr_carea' id='block_1_6' title="bbox 1558 1785 3575 1869">
    <p class='ocr_par' dir='ltr' id='par_1_6' title="bbox 1558 1785 3575 1869">
     <span class='ocr_line' id='line_1_6' title="bbox 1558 1785 3575 1869; baseline 0.019 -37"><span class='ocrx_word' id='word_1_15' title='bbox 1558 1785 1677 1869; x_wconf 60' lang='lat' dir='ltr'><strong>q&#39;uid</strong></span> <span class='ocrx_word' id='word_1_16' title='bbox 1696 1786 1833 1869; x_wconf 65' lang='lat' dir='ltr'><strong>aliud</strong></span> <span class='ocrx_word' id='word_1_17' title='bbox 1857 1785 2002 1851; x_wconf 48' lang='lat' dir='ltr'><strong>sunt;</strong></span> <span class='ocrx_word' id='word_1_18' title='bbox 2018 1794 2110 1840; x_wconf 86' lang='lat' dir='ltr'><strong>nisi</strong></span> <span class='ocrx_word' id='word_1_19' title='bbox 2126 1796 2269 1869; x_wconf 64' lang='lat' dir='ltr'><strong>bene</strong></span> <span class='ocrx_word' id='word_1_20' title='bbox 2293 1785 3371 1869; x_wconf 23' lang='lat' dir='ltr'><strong>vigentiumvotiobemeniinmt’mo‘na’clioruin</strong></span> 
     </span>
    </p>
   </div>
   <div class='ocr_carea' id='block_1_7' title="bbox 1557 1846 3414 1935">
    <p class='ocr_par' dir='ltr' id='par_1_7' title="bbox 1557 1846 3414 1935">
     <span class='ocr_line' id='line_1_7' title="bbox 1557 1846 3414 1935; baseline 0.018 -41"><span class='ocrx_word' id='word_1_21' title='bbox 1557 1846 1634 1935; x_wconf 87' lang='lat' dir='ltr'><strong>|pla</strong></span> <span class='ocrx_word' id='word_1_22' title='bbox 1662 1856 1713 1935; x_wconf 69' lang='lat' dir='ltr'><strong>et</strong></span> <span class='ocrx_word' id='word_1_23' title='bbox 1736 1846 2360 1935; x_wconf 37' lang='lat' dir='ltr'><strong>inst‘rnmke&#39;uta‘jirt‘ntum?</strong></span> <span class='ocrx_word' id='word_1_24' title='bbox 2382 1846 3280 1935; x_wconf 88' lang='lat' dir='ltr'><strong>(S</strong></span> 
     </span>
    </p>
   </div>
   <div class='ocr_carea' id='block_1_8' title="bbox 1467 1904 3575 2000">
    <p class='ocr_par' dir='ltr' id='par_1_8' title="bbox 1467 1904 3575 2000">
     <span class='ocr_line' id='line_1_8' title="bbox 1467 1904 3575 2000; baseline 0.017 -42"><span class='ocrx_word' id='word_1_25' title='bbox 1467 1904 1510 1958; x_wconf 88' lang='grc' dir='ltr'>Ο</span> <span class='ocrx_word' id='word_1_26' title='bbox 1541 1904 1792 2000; x_wconf 43' lang='lat' dir='ltr'><strong>deserturi</strong></span> <span class='ocrx_word' id='word_1_27' title='bbox 1816 1914 2015 2000; x_wconf 50' lang='lat' dir='ltr'><strong>ﬂoribAus</strong></span> <span class='ocrx_word' id='word_1_28' title='bbox 2039 1917 2219 2000; x_wconf 55' lang='lat' dir='ltr'><strong>Chlristi</strong></span> <span class='ocrx_word' id='word_1_29' title='bbox 2231 1904 2800 1999; x_wconf 18' lang='grc' dir='ltr'><strong>ίνᾷᾖίιᾶιῖέίδξὸῑὶιῖίξῖ</strong></span> <span class='ocrx_word' id='word_1_30' title='bbox 2821 1904 3575 2000; x_wconf 56' lang='lat' dir='ltr'><strong>lapides</strong></span> 
     </span>
    </p>
   </div>
   <div class='ocr_carea' id='block_1_9' title="bbox 1560 1972 3573 2056">
    <p class='ocr_par' dir='ltr' id='par_1_9' title="bbox 1560 1972 3573 2056">
     <span class='ocr_line' id='line_1_9' title="bbox 1560 1972 3573 2056; baseline 0.019 -37"><span class='ocrx_word' id='word_1_31' title='bbox 1560 1972 1625 2056; x_wconf 58' lang='lat' dir='ltr'><strong>de</strong></span> <span class='ocrx_word' id='word_1_32' title='bbox 1649 1976 1832 2056; x_wconf 57' lang='lat' dir='ltr'><strong>quibrus</strong></span> <span class='ocrx_word' id='word_1_33' title='bbox 1860 1979 1907 2026; x_wconf 88' lang='lat' dir='ltr'><strong>in</strong></span> <span class='ocrx_word' id='word_1_34' title='bbox 1934 1978 2220 2056; x_wconf 65' lang='lat' dir='ltr'><strong>Apocalypsi</strong></span> <span class='ocrx_word' id='word_1_35' title='bbox 2241 1983 2410 2034; x_wconf 77' lang='lat' dir='ltr'><strong>civitas</strong></span> <span class='ocrx_word' id='word_1_36' title='bbox 2434 1972 2775 2052; x_wconf 34' lang='lat' dir='ltr'><strong>magni—regis.</strong></span> 
     </span>
    </p>
   </div>
   <div class='ocr_carea' id='block_1_10' title="bbox 1563 2033 2123 2102">
    <p class='ocr_par' dir='ltr' id='par_1_10' title="bbox 1563 2033 2123 2102">
     <span class='ocr_line' id='line_1_10' title="bbox 1563 2033 2123 2102; baseline 0.016 -21"><span class='ocrx_word' id='word_1_37' title='bbox 1563 2033 1732 2084; x_wconf 83' lang='lat' dir='ltr'><strong>liarius</strong></span> <span class='ocrx_word' id='word_1_38' title='bbox 1761 2036 1868 2089; x_wconf 90' lang='lat' dir='ltr'><strong>Deo</strong></span> <span class='ocrx_word' id='word_1_39' title='bbox 1883 2033 2123 2102; x_wconf 68' lang='lat' dir='ltr'><strong>gaudens!</strong></span> 
     </span>
    </p>
   </div>
   <div class='ocr_carea' id='block_1_11' title="bbox 1959 2103 3474 2191">
    <p class='ocr_par' dir='ltr' id='par_1_11' title="bbox 1959 2103 3474 2191">
     <span class='ocr_line' id='line_1_11' title="bbox 1959 2103 3474 2191; baseline 0.017 -38"><span class='ocrx_word' id='word_1_40' title='bbox 1959 2103 2328 2172; x_wconf 77' lang='lat' dir='ltr'><strong>(Hieronymus,</strong></span> <span class='ocrx_word' id='word_1_41' title='bbox 2349 2110 2488 2171; x_wconf 79' lang='lat' dir='ltr'><strong>epist.</strong></span> <span class='ocrx_word' id='word_1_42' title='bbox 2517 2111 2542 2161; x_wconf 88' lang='grc'><strong>1</strong></span> <span class='ocrx_word' id='word_1_43' title='bbox 2571 2112 2635 2163; x_wconf 84' lang='lat' dir='ltr'><strong>ad</strong></span> <span class='ocrx_word' id='word_1_44' title='bbox 2670 2114 3006 2182; x_wconf 82' lang='lat' dir='ltr'><strong>Heliodorum,</strong></span> <span class='ocrx_word' id='word_1_45' title='bbox 3031 2121 3092 2172; x_wconf 87' lang='lat' dir='ltr'><strong>de</strong></span> <span class='ocrx_word' id='word_1_46' title='bbox 3111 2118 3255 2174; x_wconf 88' lang='lat' dir='ltr'><strong>laude</strong></span> <span class='ocrx_word' id='word_1_47' title='bbox 3279 2127 3474 2191; x_wconf 80' lang='lat' dir='ltr'><strong>eremi.)</strong></span> 
     </span>
    </p>
   </div>
   <div class='ocr_carea' id='block_1_12' title="bbox 271 2229 3554 2290">
    <p class='ocr_par' dir='ltr' id='par_1_12' title="bbox 271 2229 3554 2290">
     <span class='ocr_line' id='line_1_12' title="bbox 271 2229 3554 2290; baseline 0.002 -25"><span class='ocrx_word' id='word_1_48' title='bbox 271 2229 3554 2290; x_wconf 36' lang='lat' dir='ltr'><strong>ww</strong></span> 
     </span>
    </p>
   </div>
   <div class='ocr_carea' id='block_1_13' title="bbox 2017 2274 3558 2310">
    <p class='ocr_par' dir='ltr' id='par_1_13' title="bbox 2017 2274 3558 2310">
     <span class='ocr_line' id='line_1_13' title="bbox 2017 2274 3558 2310; baseline 0.013 -26"><span class='ocrx_word' id='word_1_49' title='bbox 2017 2274 3558 2310; x_wconf 43' lang='grc' dir='ltr'>Ἦ</span> 
     </span>
    </p>
   </div>
   <div class='ocr_carea' id='block_1_14' title="bbox 560 2383 3272 2530">
    <p class='ocr_par' dir='ltr' id='par_1_14' title="bbox 560 2383 3272 2530">
     <span class='ocr_line' id='line_1_14' title="bbox 560 2383 3272 2530; baseline 0.015 -39"><span class='ocrx_word' id='word_1_50' title='bbox 560 2385 1381 2503; x_wconf 62' lang='lat' dir='ltr'><strong>anwma</strong></span> <span class='ocrx_word' id='word_1_51' title='bbox 1517 2403 1726 2506; x_wconf 84' lang='lat' dir='ltr'><strong>AD</strong></span> <span class='ocrx_word' id='word_1_52' title='bbox 1858 2405 2468 2518; x_wconf 80' lang='lat' dir='ltr'><strong>LIBRUM</strong></span> <span class='ocrx_word' id='word_1_53' title='bbox 2555 2383 3272 2530; x_wconf 76' lang='lat' dir='ltr'><strong>PRIMUM.</strong></span> 
     </span>
    </p>
   </div>
   <div class='ocr_carea' id='block_1_15' title="bbox 1616 2709 2185 2854">
    <p class='ocr_par' dir='ltr' id='par_1_15' title="bbox 1616 2709 2185 2854">
     <span class='ocr_line' id='line_1_15' title="bbox 1616 2709 2185 2854; baseline 0.011 -6"><span class='ocrx_word' id='word_1_54' title='bbox 1616 2709 2185 2854; x_wconf 66' lang='grc' dir='ltr'><strong>Ξιεειοτὶ.</strong></span> 
     </span>
    </p>
   </div>
   <div class='ocr_carea' id='block_1_16' title="bbox 348 2933 3559 3042">
    <p class='ocr_par' dir='ltr' id='par_1_16' title="bbox 348 2933 3559 3042">
     <span class='ocr_line' id='line_1_16' title="bbox 348 2933 3559 3042; baseline 0.017 -54"><span class='ocrx_word' id='word_1_55' title='bbox 348 2933 402 3006; x_wconf 78' lang='lat'><strong>3</strong></span> <span class='ocrx_word' id='word_1_56' title='bbox 431 2935 567 3005; x_wconf 86' lang='lat' dir='ltr'><strong>Quia</strong></span> <span class='ocrx_word' id='word_1_57' title='bbox 596 2937 752 2995; x_wconf 68' lang='grc' dir='ltr'><strong>ἄνυε</strong></span> <span class='ocrx_word' id='word_1_58' title='bbox 773 2939 1135 3016; x_wconf 82' lang='lat' dir='ltr'><strong>Hieronymus</strong></span> <span class='ocrx_word' id='word_1_59' title='bbox 1166 2944 1270 3003; x_wconf 89' lang='lat' dir='ltr'><strong>hoc</strong></span> <span class='ocrx_word' id='word_1_60' title='bbox 1299 2946 1438 3005; x_wconf 85' lang='lat' dir='ltr'><strong>libro</strong></span> <span class='ocrx_word' id='word_1_61' title='bbox 1467 2951 1639 3021; x_wconf 91' lang='lat' dir='ltr'><strong>primo</strong></span> <span class='ocrx_word' id='word_1_62' title='bbox 1672 2968 1816 3023; x_wconf 83' lang='lat' dir='ltr'><strong><em>saepe</em></strong></span> <span class='ocrx_word' id='word_1_63' title='bbox 1853 2955 2255 3028; x_wconf 87' lang='lat' dir='ltr'><strong>interloqnitur,</strong></span> <span class='ocrx_word' id='word_1_64' title='bbox 2287 2961 2554 3036; x_wconf 86' lang='lat' dir='ltr'><strong>idemque,</strong></span> <span class='ocrx_word' id='word_1_65' title='bbox 2606 2969 2855 3027; x_wconf 86' lang='lat' dir='ltr'><strong>arctioris</strong></span> <span class='ocrx_word' id='word_1_66' title='bbox 2907 2973 3032 3029; x_wconf 64' lang='lat' dir='ltr'><strong>vita:</strong></span> <span class='ocrx_word' id='word_1_67' title='bbox 3064 2975 3316 3034; x_wconf 90' lang='lat' dir='ltr'><strong>incensus</strong></span> <span class='ocrx_word' id='word_1_68' title='bbox 3343 2981 3559 3042; x_wconf 81' lang='lat' dir='ltr'><strong>deside—</strong></span> 
     </span>
    </p>
   </div>
   <div class='ocr_carea' id='block_1_17' title="bbox 266 3027 3562 3146">
    <p class='ocr_par' dir='ltr' id='par_1_17' title="bbox 266 3027 3562 3146">
     <span class='ocr_line' id='line_1_17' title="bbox 266 3027 3562 3146; baseline 0.013 -62"><span class='ocrx_word' id='word_1_69' title='bbox 266 3027 376 3094; x_wconf 72' lang='lat' dir='ltr'><strong>lio,</strong></span> <span class='ocrx_word' id='word_1_70' title='bbox 430 3031 692 3088; x_wconf 76' lang='lat' dir='ltr'><strong>eremitas</strong></span> <span class='ocrx_word' id='word_1_71' title='bbox 736 3033 866 3089; x_wconf 90' lang='lat' dir='ltr'><strong>olim</strong></span> <span class='ocrx_word' id='word_1_72' title='bbox 915 3035 1120 3106; x_wconf 78' lang='lat' dir='ltr'><strong>invisit,</strong></span> <span class='ocrx_word' id='word_1_73' title='bbox 1154 3039 1318 3110; x_wconf 89' lang='lat' dir='ltr'><strong>inque</strong></span> <span class='ocrx_word' id='word_1_74' title='bbox 1357 3055 1542 3099; x_wconf 86' lang='lat' dir='ltr'><strong>eremo</strong></span> <span class='ocrx_word' id='word_1_75' title='bbox 1570 3059 1743 3101; x_wconf 89' lang='lat' dir='ltr'><strong>annos</strong></span> <span class='ocrx_word' id='word_1_76' title='bbox 1786 3047 1990 3118; x_wconf 91' lang='lat' dir='ltr'><strong>aliquot</strong></span> <span class='ocrx_word' id='word_1_77' title='bbox 2019 3049 2191 3115; x_wconf 82' lang='lat' dir='ltr'><strong>vixit;</strong></span> <span class='ocrx_word' id='word_1_78' title='bbox 2233 3053 2432 3122; x_wconf 83' lang='lat' dir='ltr'><strong>placuit</strong></span> <span class='ocrx_word' id='word_1_79' title='bbox 2477 3056 2566 3112; x_wconf 86' lang='lat' dir='ltr'><strong>hic</strong></span> <span class='ocrx_word' id='word_1_80' title='bbox 2609 3058 2757 3116; x_wconf 86' lang='lat' dir='ltr'><strong>brevi</strong></span> <span class='ocrx_word' id='word_1_81' title='bbox 2787 3065 3028 3134; x_wconf 84' lang='lat' dir='ltr'><strong>synopsi,</strong></span> <span class='ocrx_word' id='word_1_82' title='bbox 3057 3067 3158 3123; x_wconf 64' lang='lat' dir='ltr'><strong>vite</strong></span> <span class='ocrx_word' id='word_1_83' title='bbox 3186 3073 3414 3142; x_wconf 82' lang='lat' dir='ltr'><strong>vitaeque</strong></span> <span class='ocrx_word' id='word_1_84' title='bbox 3441 3077 3562 3146; x_wconf 72' lang='lat' dir='ltr'><strong>ejus</strong></span> 
     </span>
     <span class='ocr_line' id='line_1_18' title="bbox 270 3122 1985 3146; baseline 0 0"><span class='ocrx_word' id='word_1_85' title='bbox 270 3122 528 3146; x_wconf 63' lang='lat' dir='ltr'><strong>__..2-..I-_</strong></span> <span class='ocrx_word' id='word_1_86' title='bbox 584 3141 675 3146; x_wconf 73' lang='lat'><strong>__--</strong></span> <span class='ocrx_word' id='word_1_87' title='bbox 714 3128 921 3146; x_wconf 49' lang='lat'><strong>_-_-_.,&#39;</strong></span> <span class='ocrx_word' id='word_1_88' title='bbox 971 3130 1061 3146; x_wconf 63' lang='lat' dir='ltr'><strong>_-o,</strong></span> <span class='ocrx_word' id='word_1_89' title='bbox 1237 3136 1249 3146; x_wconf 74' lang='grc' dir='ltr'><strong><em>ο</em></strong></span> <span class='ocrx_word' id='word_1_90' title='bbox 1754 3139 1785 3146; x_wconf 86' lang='grc'><strong>..</strong></span> <span class='ocrx_word' id='word_1_91' title='bbox 1913 3141 1927 3146; x_wconf 66' lang='grc'><strong>-</strong></span> <span class='ocrx_word' id='word_1_92' title='bbox 1952 3142 1985 3146; x_wconf 89' lang='grc'><strong>--</strong></span> 
     </span>
    </p>
   </div>
   <div class='ocr_carea' id='block_1_18' title="bbox 270 3122 3554 3229">
    <p class='ocr_par' dir='ltr' id='par_1_18' title="bbox 270 3122 3554 3229">
     <span class='ocr_line' id='line_1_19' title="bbox 2818 3122 3554 3146; baseline -0.004 -12"><span class='ocrx_word' id='word_1_93' title='bbox 2818 3122 2836 3134; x_wconf 89' lang='grc'>.</span> <span class='ocrx_word' id='word_1_94' title='bbox 2928 3122 2940 3134; x_wconf 92' lang='grc'>.</span> <span class='ocrx_word' id='word_1_95' title='bbox 3016 3122 3027 3133; x_wconf 91' lang='grc'><strong><em>,</em></strong></span> <span class='ocrx_word' id='word_1_96' title='bbox 3123 3122 3150 3123; x_wconf 47' lang='grc' dir='ltr'><strong><em>η</em></strong></span> <span class='ocrx_word' id='word_1_97' title='bbox 3223 3122 3412 3142; x_wconf 50' lang='grc' dir='ltr'><strong>μην-</strong></span> <span class='ocrx_word' id='word_1_98' title='bbox 3444 3122 3554 3146; x_wconf 58' lang='grc' dir='ltr'><strong>ην..</strong></span> 
     </span>
     <span class='ocr_line' id='line_1_20' title="bbox 270 3122 3554 3229; baseline 0.013 -52"><span class='ocrx_word' id='word_1_99' title='bbox 270 3122 552 3194; x_wconf 84' lang='lat' dir='ltr'><strong>periodos,</strong></span> <span class='ocrx_word' id='word_1_100' title='bbox 577 3141 682 3196; x_wconf 90' lang='lat' dir='ltr'><strong>qua</strong></span> <span class='ocrx_word' id='word_1_101' title='bbox 713 3128 1177 3198; x_wconf 78' lang='lat' dir='ltr'><strong>peregrinationes</strong></span> <span class='ocrx_word' id='word_1_102' title='bbox 1199 3136 1319 3204; x_wconf 88' lang='lat' dir='ltr'><strong>ejus</strong></span> <span class='ocrx_word' id='word_1_103' title='bbox 1347 3147 1614 3205; x_wconf 85' lang='lat' dir='ltr'><strong>spectant,</strong></span> <span class='ocrx_word' id='word_1_104' title='bbox 1644 3139 1817 3194; x_wconf 90' lang='lat' dir='ltr'><strong>oculis</strong></span> <span class='ocrx_word' id='word_1_105' title='bbox 1845 3141 2154 3212; x_wconf 87' lang='lat' dir='ltr'><strong>subjicere;</strong></span> <span class='ocrx_word' id='word_1_106' title='bbox 2187 3146 2254 3201; x_wconf 91' lang='lat' dir='ltr'><strong>ad</strong></span> <span class='ocrx_word' id='word_1_107' title='bbox 2285 3148 2598 3206; x_wconf 86' lang='lat' dir='ltr'><strong>nonnullam</strong></span> <span class='ocrx_word' id='word_1_108' title='bbox 2624 3154 2826 3210; x_wconf 82' lang='lat' dir='ltr'><strong>’eorum</strong></span> <span class='ocrx_word' id='word_1_109' title='bbox 2857 3156 3053 3225; x_wconf 90' lang='lat' dir='ltr'><strong>lucem,</strong></span> <span class='ocrx_word' id='word_1_110' title='bbox 3077 3175 3196 3229; x_wconf 66' lang='lat' dir='ltr'><strong>qum</strong></span> <span class='ocrx_word' id='word_1_111' title='bbox 3219 3162 3449 3220; x_wconf 87' lang='lat' dir='ltr'><strong>lecturus</strong></span> <span class='ocrx_word' id='word_1_112' title='bbox 3471 3184 3554 3225; x_wconf 85' lang='lat' dir='ltr'><strong>es.</strong></span> 
     </span>
    </p>
   </div>
   <div class='ocr_carea' id='block_1_19' title="bbox 265 3214 3558 3330">
    <p class='ocr_par' dir='ltr' id='par_1_19' title="bbox 265 3214 3558 3330">
     <span class='ocr_line' id='line_1_21' title="bbox 265 3214 3558 3330; baseline 0.015 -63"><span class='ocrx_word' id='word_1_113' title='bbox 265 3216 413 3282; x_wconf 80' lang='lat' dir='ltr'><strong>Quos</strong></span> <span class='ocrx_word' id='word_1_114' title='bbox 440 3229 507 3270; x_wconf 86' lang='lat' dir='ltr'><strong>ex</strong></span> <span class='ocrx_word' id='word_1_115' title='bbox 546 3214 900 3274; x_wconf 84' lang='lat' dir='ltr'><strong>illustrissimi</strong></span> <span class='ocrx_word' id='word_1_116' title='bbox 921 3220 1212 3277; x_wconf 89' lang='lat' dir='ltr'><strong>cardinalis</strong></span> <span class='ocrx_word' id='word_1_117' title='bbox 1245 3223 1458 3282; x_wconf 89' lang='lat' dir='ltr'><strong>Baronii</strong></span> <span class='ocrx_word' id='word_1_118' title='bbox 1489 3227 1878 3286; x_wconf 85' lang='lat' dir='ltr'><strong>laudatissimis</strong></span> <span class='ocrx_word' id='word_1_119' title='bbox 1899 3234 2200 3291; x_wconf 84' lang='lat' dir='ltr'><strong>Annalibus</strong></span> <span class='ocrx_word' id='word_1_120' title='bbox 2229 3239 2571 3308; x_wconf 89' lang='lat' dir='ltr'><strong>concinnavi,</strong></span> <span class='ocrx_word' id='word_1_121' title='bbox 2626 3251 2685 3298; x_wconf 91' lang='lat' dir='ltr'><strong>ut</strong></span> <span class='ocrx_word' id='word_1_122' title='bbox 2709 3260 2905 3315; x_wconf 87' lang='lat' dir='ltr'><strong>magno</strong></span> <span class='ocrx_word' id='word_1_123' title='bbox 2941 3249 3078 3307; x_wconf 89' lang='lat' dir='ltr'><strong>duce</strong></span> <span class='ocrx_word' id='word_1_124' title='bbox 3103 3251 3212 3308; x_wconf 90' lang='lat' dir='ltr'><strong>divi</strong></span> <span class='ocrx_word' id='word_1_125' title='bbox 3245 3253 3558 3330; x_wconf 85' lang='lat' dir='ltr'><strong>Hieronymi</strong></span> 
     </span>
    </p>
   </div>
   <div class='ocr_carea' id='block_1_20' title="bbox 259 3307 860 3396">
    <p class='ocr_par' dir='ltr' id='par_1_20' title="bbox 259 3307 860 3396">
     <span class='ocr_line' id='line_1_22' title="bbox 259 3307 860 3396; baseline 0.007 -35"><span class='ocrx_word' id='word_1_126' title='bbox 259 3307 598 3364; x_wconf 82' lang='lat' dir='ltr'><strong>oonsecteris</strong></span> <span class='ocrx_word' id='word_1_127' title='bbox 619 3310 860 3396; x_wconf 39' lang='lat' dir='ltr'><strong>remigia.</strong></span> 
     </span>
    </p>
   </div>
   <div class='ocr_carea' id='block_1_21' title="bbox 1145 3458 2490 3493">
    <p class='ocr_par' dir='ltr' id='par_1_21' title="bbox 1145 3458 2490 3493">
     <span class='ocr_line' id='line_1_23' title="bbox 1145 3458 2490 3493; baseline 0.013 -17"><span class='ocrx_word' id='word_1_128' title='bbox 1145 3458 2490 3493; x_wconf 68' lang='lat'><strong>—————__________</strong></span> 
     </span>
    </p>
   </div>
   <div class='ocr_carea' id='block_1_22' title="bbox 2491 3482 3548 3528">
    <p class='ocr_par' dir='ltr' id='par_1_22' title="bbox 2491 3482 3548 3528">
     <span class='ocr_line' id='line_1_24' title="bbox 2491 3482 3548 3528; baseline 0.013 -34"><span class='ocrx_word' id='word_1_129' title='bbox 2491 3482 3548 3528; x_wconf 46' lang='grc' dir='ltr'>Ἦ</span> 
     </span>
    </p>
   </div>
   <div class='ocr_carea' id='block_1_23' title="bbox 716 3563 3089 3720">
    <p class='ocr_par' dir='ltr' id='par_1_23' title="bbox 716 3563 3089 3720">
     <span class='ocr_line' id='line_1_25' title="bbox 716 3563 3089 3720; baseline 0.013 -37"><span class='ocrx_word' id='word_1_130' title='bbox 716 3568 1022 3688; x_wconf 88' lang='lat' dir='ltr'><strong>DIVI</strong></span> <span class='ocrx_word' id='word_1_131' title='bbox 1091 3563 1906 3695; x_wconf 82' lang='lat' dir='ltr'><strong>HIERONYMI</strong></span> <span class='ocrx_word' id='word_1_132' title='bbox 1995 3583 3089 3720; x_wconf 84' lang='lat' dir='ltr'><strong>PEREGRINATIO.</strong></span> 
     </span>
    </p>
   </div>
   <div class='ocr_carea' id='block_1_24' title="bbox 1485 3792 2322 3822">
    <p class='ocr_par' dir='ltr' id='par_1_24' title="bbox 1485 3792 2322 3822">
     <span class='ocr_line' id='line_1_26' title="bbox 1485 3792 2322 3822; baseline 0.014 -12"><span class='ocrx_word' id='word_1_133' title='bbox 1485 3792 2322 3822; x_wconf 75' lang='lat' dir='ltr'><strong>——-—-—I—————</strong></span> 
     </span>
    </p>
   </div>
   <div class='ocr_carea' id='block_1_25' title="bbox 328 3908 1779 3992">
    <p class='ocr_par' dir='ltr' id='par_1_25' title="bbox 328 3908 1779 3992">
     <span class='ocr_line' id='line_1_27' title="bbox 328 3908 1779 3992; baseline 0.008 -27"><span class='ocrx_word' id='word_1_134' title='bbox 328 3908 449 3966; x_wconf 72' lang='lat' dir='ltr'><strong>Divi</strong></span> <span class='ocrx_word' id='word_1_135' title='bbox 474 3908 788 3983; x_wconf 78' lang='lat' dir='ltr'><strong>Hieronymi</strong></span> <span class='ocrx_word' id='word_1_136' title='bbox 808 3915 1093 3986; x_wconf 79' lang='lat' dir='ltr'><strong>primordia</strong></span> <span class='ocrx_word' id='word_1_137' title='bbox 1121 3927 1170 3975; x_wconf 88' lang='lat' dir='ltr'><strong>et</strong></span> <span class='ocrx_word' id='word_1_138' title='bbox 1207 3921 1456 3992; x_wconf 79' lang='lat' dir='ltr'><strong>profectio</strong></span> <span class='ocrx_word' id='word_1_139' title='bbox 1479 3919 1779 3976; x_wconf 82' lang='lat' dir='ltr'><strong>Gallicana.</strong></span> 
     </span>
    </p>
   </div>
   <div class='ocr_carea' id='block_1_26' title="bbox 326 4030 1847 4112">
    <p class='ocr_par' dir='ltr' id='par_1_26' title="bbox 326 4030 1847 4112">
     <span class='ocr_line' id='line_1_28' title="bbox 326 4030 1847 4112; baseline 0.01 -27"><span class='ocrx_word' id='word_1_140' title='bbox 326 4030 474 4086; x_wconf 74' lang='lat' dir='ltr'><strong>Anno</strong></span> <span class='ocrx_word' id='word_1_141' title='bbox 521 4031 714 4087; x_wconf 81' lang='lat' dir='ltr'><strong>Christi</strong></span> <span class='ocrx_word' id='word_1_142' title='bbox 769 4033 897 4092; x_wconf 73' lang='grc'><strong>542.</strong></span> <span class='ocrx_word' id='word_1_143' title='bbox 945 4035 1141 4094; x_wconf 86' lang='lat' dir='ltr'><strong>Baron.</strong></span> <span class='ocrx_word' id='word_1_144' title='bbox 1198 4049 1324 4096; x_wconf 91' lang='lat' dir='ltr'><strong>tom.</strong></span> <span class='ocrx_word' id='word_1_145' title='bbox 1371 4042 1460 4110; x_wconf 85' lang='grc' dir='ltr'><strong>ΙΙΙ,</strong></span> <span class='ocrx_word' id='word_1_146' title='bbox 1492 4043 1679 4112; x_wconf 80' lang='lat' dir='ltr'><strong>Adam,</strong></span> <span class='ocrx_word' id='word_1_147' title='bbox 1719 4043 1847 4100; x_wconf 75' lang='grc'><strong>572.</strong></span> 
     </span>
    </p>
   </div>
   <div class='ocr_carea' id='block_1_27' title="bbox 253 4123 1850 4204">
    <p class='ocr_par' dir='ltr' id='par_1_27' title="bbox 253 4123 1850 4204">
     <span class='ocr_line' id='line_1_29' title="bbox 253 4123 1850 4204; baseline 0.009 -26"><span class='ocrx_word' id='word_1_148' title='bbox 253 4123 502 4179; x_wconf 78' lang='lat' dir='ltr'><strong>—-Natus</strong></span> <span class='ocrx_word' id='word_1_149' title='bbox 531 4134 613 4181; x_wconf 88' lang='lat' dir='ltr'><strong>est</strong></span> <span class='ocrx_word' id='word_1_150' title='bbox 639 4125 916 4195; x_wconf 86' lang='lat' dir='ltr'><strong>Stridone,</strong></span> <span class='ocrx_word' id='word_1_151' title='bbox 968 4130 1165 4201; x_wconf 90' lang='lat' dir='ltr'><strong>oppido</strong></span> <span class='ocrx_word' id='word_1_152' title='bbox 1197 4133 1250 4188; x_wconf 91' lang='lat' dir='ltr'><strong>in</strong></span> <span class='ocrx_word' id='word_1_153' title='bbox 1281 4133 1568 4204; x_wconf 85' lang='lat' dir='ltr'><strong>Dalmatia,</strong></span> <span class='ocrx_word' id='word_1_154' title='bbox 1602 4136 1850 4192; x_wconf 86' lang='lat' dir='ltr'><strong>honestis</strong></span> 
     </span>
    </p>
   </div>
   <div class='ocr_carea' id='block_1_28' title="bbox 249 4216 1850 4298">
    <p class='ocr_par' dir='ltr' id='par_1_28' title="bbox 249 4216 1850 4298">
     <span class='ocr_line' id='line_1_30' title="bbox 249 4216 1850 4298; baseline 0.009 -28"><span class='ocrx_word' id='word_1_155' title='bbox 249 4216 473 4288; x_wconf 85' lang='lat' dir='ltr'><strong>quidem</strong></span> <span class='ocrx_word' id='word_1_156' title='bbox 504 4217 842 4286; x_wconf 86' lang='lat' dir='ltr'><strong>parentibus,</strong></span> <span class='ocrx_word' id='word_1_157' title='bbox 876 4229 932 4276; x_wconf 90' lang='lat' dir='ltr'><strong>et</strong></span> <span class='ocrx_word' id='word_1_158' title='bbox 955 4224 1272 4280; x_wconf 85' lang='lat' dir='ltr'><strong>substantiis</strong></span> <span class='ocrx_word' id='word_1_159' title='bbox 1302 4225 1444 4281; x_wconf 85' lang='lat' dir='ltr'><strong>haud</strong></span> <span class='ocrx_word' id='word_1_160' title='bbox 1471 4226 1689 4294; x_wconf 81' lang='lat' dir='ltr'><strong>inlimis,</strong></span> <span class='ocrx_word' id='word_1_161' title='bbox 1717 4243 1850 4298; x_wconf 89' lang='lat' dir='ltr'><strong>quas</strong></span> 
     </span>
    </p>
   </div>
   <div class='ocr_carea' id='block_1_29' title="bbox 255 4311 1848 4390">
    <p class='ocr_par' dir='ltr' id='par_1_29' title="bbox 255 4311 1848 4390">
     <span class='ocr_line' id='line_1_31' title="bbox 255 4311 1848 4390; baseline 0.011 -28"><span class='ocrx_word' id='word_1_162' title='bbox 255 4317 455 4381; x_wconf 79' lang='lat' dir='ltr'><strong>postea</strong></span> <span class='ocrx_word' id='word_1_163' title='bbox 484 4324 584 4380; x_wconf 90' lang='lat' dir='ltr'><strong>pro</strong></span> <span class='ocrx_word' id='word_1_164' title='bbox 613 4311 970 4371; x_wconf 68' lang='lat' dir='ltr'><strong>mdiﬁcatione</strong></span> <span class='ocrx_word' id='word_1_165' title='bbox 999 4320 1311 4376; x_wconf 87' lang='lat' dir='ltr'><strong>monasterii</strong></span> <span class='ocrx_word' id='word_1_166' title='bbox 1350 4335 1446 4390; x_wconf 88' lang='lat' dir='ltr'><strong>per</strong></span> <span class='ocrx_word' id='word_1_167' title='bbox 1475 4321 1848 4380; x_wconf 87' lang='lat' dir='ltr'><strong>Paulinianum</strong></span> 
     </span>
    </p>
   </div>
   <div class='ocr_carea' id='block_1_30' title="bbox 246 4399 1844 4486">
    <p class='ocr_par' dir='ltr' id='par_1_30' title="bbox 246 4399 1844 4486">
     <span class='ocr_line' id='line_1_32' title="bbox 246 4399 1844 4486; baseline 0.012 -32"><span class='ocrx_word' id='word_1_168' title='bbox 246 4399 474 4457; x_wconf 78' lang='lat' dir='ltr'><strong>fratrem</strong></span> <span class='ocrx_word' id='word_1_169' title='bbox 508 4402 754 4460; x_wconf 81' lang='lat' dir='ltr'><strong>distraxit</strong></span> <span class='ocrx_word' id='word_1_170' title='bbox 780 4404 955 4478; x_wconf 82' lang='lat' dir='ltr'><strong>(Hier.</strong></span> <span class='ocrx_word' id='word_1_171' title='bbox 987 4426 1067 4480; x_wconf 83' lang='lat' dir='ltr'><strong>ep.</strong></span> <span class='ocrx_word' id='word_1_172' title='bbox 1088 4408 1217 4481; x_wconf 75' lang='lat'><strong>26);</strong></span> <span class='ocrx_word' id='word_1_173' title='bbox 1250 4427 1356 4467; x_wconf 90' lang='lat' dir='ltr'><strong>non</strong></span> <span class='ocrx_word' id='word_1_174' title='bbox 1377 4412 1520 4468; x_wconf 90' lang='lat' dir='ltr'><strong>enim</strong></span> <span class='ocrx_word' id='word_1_175' title='bbox 1552 4414 1620 4471; x_wconf 88' lang='lat' dir='ltr'><strong>de</strong></span> <span class='ocrx_word' id='word_1_176' title='bbox 1646 4414 1844 4486; x_wconf 88' lang='lat' dir='ltr'><strong>seipso,</strong></span> 
     </span>
    </p>
   </div>
   <div class='ocr_carea' id='block_1_31' title="bbox 241 4493 1848 4580">
    <p class='ocr_par' dir='ltr' id='par_1_31' title="bbox 241 4493 1848 4580">
     <span class='ocr_line' id='line_1_33' title="bbox 241 4493 1848 4580; baseline 0.011 -30"><span class='ocrx_word' id='word_1_177' title='bbox 241 4493 344 4550; x_wconf 72' lang='lat' dir='ltr'><strong>sed</strong></span> <span class='ocrx_word' id='word_1_178' title='bbox 377 4493 445 4549; x_wconf 90' lang='lat' dir='ltr'><strong>de</strong></span> <span class='ocrx_word' id='word_1_179' title='bbox 473 4494 810 4566; x_wconf 81' lang='lat' dir='ltr'><strong>voluptuosis</strong></span> <span class='ocrx_word' id='word_1_180' title='bbox 861 4499 1077 4557; x_wconf 89' lang='lat' dir='ltr'><strong>clericis</strong></span> <span class='ocrx_word' id='word_1_181' title='bbox 1105 4512 1265 4574; x_wconf 89' lang='lat' dir='ltr'><strong>atque</strong></span> <span class='ocrx_word' id='word_1_182' title='bbox 1291 4506 1588 4572; x_wconf 84' lang='lat' dir='ltr'><strong>monachis,</strong></span> <span class='ocrx_word' id='word_1_183' title='bbox 1627 4521 1693 4563; x_wconf 79' lang='lat' dir='ltr'><strong>ex</strong></span> <span class='ocrx_word' id='word_1_184' title='bbox 1724 4524 1848 4580; x_wconf 90' lang='lat' dir='ltr'><strong>per-</strong></span> 
     </span>
    </p>
   </div>
   <div class='ocr_carea' id='block_1_32' title="bbox 240 4589 1844 4671">
    <p class='ocr_par' dir='ltr' id='par_1_32' title="bbox 240 4589 1844 4671">
     <span class='ocr_line' id='line_1_34' title="bbox 240 4589 1844 4671; baseline 0.012 -30"><span class='ocrx_word' id='word_1_185' title='bbox 240 4598 382 4641; x_wconf 83' lang='lat' dir='ltr'><strong>sona</strong></span> <span class='ocrx_word' id='word_1_186' title='bbox 413 4594 594 4642; x_wconf 85' lang='lat' dir='ltr'><strong>tamen</strong></span> <span class='ocrx_word' id='word_1_187' title='bbox 619 4603 714 4645; x_wconf 87' lang='lat' dir='ltr'><strong>sua</strong></span> <span class='ocrx_word' id='word_1_188' title='bbox 746 4589 835 4646; x_wconf 86' lang='lat' dir='ltr'><strong>illa</strong></span> <span class='ocrx_word' id='word_1_189' title='bbox 865 4593 938 4648; x_wconf 87' lang='lat' dir='ltr'><strong>ait</strong></span> <span class='ocrx_word' id='word_1_190' title='bbox 964 4593 1140 4663; x_wconf 83' lang='lat' dir='ltr'><strong>(Hier.</strong></span> <span class='ocrx_word' id='word_1_191' title='bbox 1185 4598 1335 4667; x_wconf 80' lang='lat' dir='ltr'><strong>epist.</strong></span> <span class='ocrx_word' id='word_1_192' title='bbox 1383 4598 1442 4671; x_wconf 71' lang='lat'><strong>2)</strong></span> <span class='ocrx_word' id='word_1_193' title='bbox 1471 4617 1483 4653; x_wconf 92' lang='lat'><strong>:</strong></span> <span class='ocrx_word' id='word_1_194' title='bbox 1523 4618 1543 4652; x_wconf 84' lang='grc'><strong><em>‹</em></strong></span> <span class='ocrx_word' id='word_1_195' title='bbox 1592 4601 1760 4658; x_wconf 85' lang='lat' dir='ltr'><strong>Natus</strong></span> <span class='ocrx_word' id='word_1_196' title='bbox 1791 4603 1844 4659; x_wconf 92' lang='lat' dir='ltr'><strong>in</strong></span> 
     </span>
    </p>
   </div>
   <div class='ocr_carea' id='block_1_33' title="bbox 242 4679 1845 4762">
    <p class='ocr_par' dir='ltr' id='par_1_33' title="bbox 242 4679 1845 4762">
     <span class='ocr_line' id='line_1_35' title="bbox 242 4679 1845 4762; baseline 0.012 -32"><span class='ocrx_word' id='word_1_197' title='bbox 242 4691 489 4748; x_wconf 81' lang='lat' dir='ltr'><strong>paupere</strong></span> <span class='ocrx_word' id='word_1_198' title='bbox 516 4679 677 4738; x_wconf 84' lang='lat' dir='ltr'><strong>domo</strong></span> <span class='ocrx_word' id='word_1_199' title='bbox 705 4690 760 4738; x_wconf 92' lang='lat' dir='ltr'><strong>et</strong></span> <span class='ocrx_word' id='word_1_200' title='bbox 785 4683 838 4739; x_wconf 93' lang='lat' dir='ltr'><strong>in</strong></span> <span class='ocrx_word' id='word_1_201' title='bbox 871 4685 1082 4755; x_wconf 90' lang='lat' dir='ltr'><strong>tugurio</strong></span> <span class='ocrx_word' id='word_1_202' title='bbox 1123 4689 1418 4758; x_wconf 89' lang='lat' dir='ltr'><strong>rusticano,</strong></span> <span class='ocrx_word' id='word_1_203' title='bbox 1465 4691 1556 4762; x_wconf 87' lang='lat' dir='ltr'><strong>qui</strong></span> <span class='ocrx_word' id='word_1_204' title='bbox 1577 4693 1664 4748; x_wconf 82' lang='lat' dir='ltr'><strong>vix</strong></span> <span class='ocrx_word' id='word_1_205' title='bbox 1696 4695 1845 4750; x_wconf 71' lang='lat' dir='ltr'><strong>milia</strong></span> 
     </span>
    </p>
   </div>
   <div class='ocr_carea' id='block_1_34' title="bbox 244 4769 1842 4853">
    <p class='ocr_par' dir='ltr' id='par_1_34' title="bbox 244 4769 1842 4853">
     <span class='ocr_line' id='line_1_36' title="bbox 244 4769 1842 4853; baseline 0.011 -28"><span class='ocrx_word' id='word_1_206' title='bbox 244 4777 312 4825; x_wconf 81' lang='lat' dir='ltr'><strong>et</strong></span> <span class='ocrx_word' id='word_1_207' title='bbox 335 4769 542 4827; x_wconf 86' lang='lat' dir='ltr'><strong>cibario</strong></span> <span class='ocrx_word' id='word_1_208' title='bbox 561 4785 698 4841; x_wconf 87' lang='lat' dir='ltr'><strong>pane</strong></span> <span class='ocrx_word' id='word_1_209' title='bbox 712 4774 1016 4845; x_wconf 72' lang='lat' dir='ltr'><strong>rugientem</strong></span> <span class='ocrx_word' id='word_1_210' title='bbox 1041 4786 1284 4836; x_wconf 88' lang='lat' dir='ltr'><strong>saturare</strong></span> <span class='ocrx_word' id='word_1_211' title='bbox 1300 4789 1542 4850; x_wconf 83' lang='lat' dir='ltr'><strong>poteram</strong></span> <span class='ocrx_word' id='word_1_212' title='bbox 1570 4794 1842 4853; x_wconf 79' lang='lat' dir='ltr'><strong>ventrem,</strong></span> 
     </span>
    </p>
   </div>
   <div class='ocr_carea' id='block_1_35' title="bbox 236 4863 1379 4937">
    <p class='ocr_par' dir='ltr' id='par_1_35' title="bbox 236 4863 1379 4937">
     <span class='ocr_line' id='line_1_37' title="bbox 236 4863 1379 4937; baseline 0.01 -20"><span class='ocrx_word' id='word_1_213' title='bbox 236 4876 394 4918; x_wconf 83' lang='lat' dir='ltr'><strong>nunc</strong></span> <span class='ocrx_word' id='word_1_214' title='bbox 416 4863 652 4920; x_wconf 84' lang='lat' dir='ltr'><strong>similam</strong></span> <span class='ocrx_word' id='word_1_215' title='bbox 672 4875 725 4922; x_wconf 90' lang='lat' dir='ltr'><strong>et</strong></span> <span class='ocrx_word' id='word_1_216' title='bbox 751 4867 912 4923; x_wconf 88' lang='lat' dir='ltr'><strong>mella</strong></span> <span class='ocrx_word' id='word_1_217' title='bbox 941 4867 1178 4937; x_wconf 79' lang='lat' dir='ltr'><strong>fastidio,</strong></span> <span class='ocrx_word' id='word_1_218' title='bbox 1217 4889 1237 4923; x_wconf 77' lang='grc' dir='ltr'><strong><em>ι</em></strong></span> <span class='ocrx_word' id='word_1_219' title='bbox 1271 4881 1379 4928; x_wconf 91' lang='lat' dir='ltr'><strong>etc.</strong></span> 
     </span>
    </p>
   </div>
   <div class='ocr_carea' id='block_1_36' title="bbox 321 4954 1842 5042">
    <p class='ocr_par' dir='ltr' id='par_1_36' title="bbox 321 4954 1842 5042">
     <span class='ocr_line' id='line_1_38' title="bbox 321 4954 1842 5042; baseline 0.012 -31"><span class='ocrx_word' id='word_1_220' title='bbox 321 4954 592 5014; x_wconf 87' lang='lat' dir='ltr'><strong>Bonosum</strong></span> <span class='ocrx_word' id='word_1_221' title='bbox 614 4959 801 5017; x_wconf 82' lang='lat' dir='ltr'><strong>habuit</strong></span> <span class='ocrx_word' id='word_1_222' title='bbox 819 4962 1212 5021; x_wconf 83' lang='lat' dir='ltr'><strong>collactaneum</strong></span> <span class='ocrx_word' id='word_1_223' title='bbox 1235 4967 1412 5040; x_wconf 86' lang='lat' dir='ltr'><strong>(Hier.</strong></span> <span class='ocrx_word' id='word_1_224' title='bbox 1463 4970 1612 5040; x_wconf 79' lang='lat' dir='ltr'><strong>epist.</strong></span> <span class='ocrx_word' id='word_1_225' title='bbox 1638 4971 1753 5042; x_wconf 68' lang='grc'><strong>41),</strong></span> <span class='ocrx_word' id='word_1_226' title='bbox 1785 4981 1842 5029; x_wconf 89' lang='lat' dir='ltr'><strong>et</strong></span> 
     </span>
    </p>
   </div>
   <div class='ocr_carea' id='block_1_37' title="bbox 237 5049 1842 5134">
    <p class='ocr_par' dir='ltr' id='par_1_37' title="bbox 237 5049 1842 5134">
     <span class='ocr_line' id='line_1_39' title="bbox 237 5049 1842 5134; baseline 0.009 -29"><span class='ocrx_word' id='word_1_227' title='bbox 237 5060 372 5105; x_wconf 84' lang='lat' dir='ltr'><strong>cum</strong></span> <span class='ocrx_word' id='word_1_228' title='bbox 402 5049 592 5106; x_wconf 87' lang='lat' dir='ltr'><strong>eodem</strong></span> <span class='ocrx_word' id='word_1_229' title='bbox 618 5052 819 5108; x_wconf 85' lang='lat' dir='ltr'><strong>coaluit</strong></span> <span class='ocrx_word' id='word_1_230' title='bbox 843 5054 896 5108; x_wconf 91' lang='lat' dir='ltr'><strong>in</strong></span> <span class='ocrx_word' id='word_1_231' title='bbox 926 5055 1239 5115; x_wconf 86' lang='lat' dir='ltr'><strong>liberalibus</strong></span> <span class='ocrx_word' id='word_1_232' title='bbox 1282 5059 1600 5132; x_wconf 89' lang='lat' dir='ltr'><strong>disciplinis,</strong></span> <span class='ocrx_word' id='word_1_233' title='bbox 1646 5063 1842 5134; x_wconf 82' lang='lat' dir='ltr'><strong>praedi-</strong></span> 
     </span>
    </p>
   </div>
   <div class='ocr_carea' id='block_1_38' title="bbox 243 5142 1834 5219">
    <p class='ocr_par' dir='ltr' id='par_1_38' title="bbox 243 5142 1834 5219">
     <span class='ocr_line' id='line_1_40' title="bbox 243 5142 1834 5219; baseline 0.013 -23"><span class='ocrx_word' id='word_1_234' title='bbox 243 5142 363 5199; x_wconf 75' lang='lat' dir='ltr'><strong>vite</strong></span> <span class='ocrx_word' id='word_1_235' title='bbox 388 5143 765 5214; x_wconf 84' lang='lat' dir='ltr'><strong>adolescente;</strong></span> <span class='ocrx_word' id='word_1_236' title='bbox 788 5163 820 5203; x_wconf 89' lang='lat' dir='ltr'><strong>a</strong></span> <span class='ocrx_word' id='word_1_237' title='bbox 847 5163 1015 5219; x_wconf 88' lang='lat' dir='ltr'><strong>puero</strong></span> <span class='ocrx_word' id='word_1_238' title='bbox 1039 5151 1184 5208; x_wconf 90' lang='lat' dir='ltr'><strong>enim</strong></span> <span class='ocrx_word' id='word_1_239' title='bbox 1212 5155 1541 5212; x_wconf 80' lang='lat' dir='ltr'><strong>excolendas</strong></span> <span class='ocrx_word' id='word_1_240' title='bbox 1570 5157 1725 5216; x_wconf 89' lang='lat' dir='ltr'><strong>bonis</strong></span> <span class='ocrx_word' id='word_1_241' title='bbox 1747 5159 1834 5216; x_wconf 89' lang='lat' dir='ltr'><strong>lit-</strong></span> 
     </span>
    </p>
   </div>
   <div class='ocr_carea' id='block_1_39' title="bbox 239 5234 1834 5322">
    <p class='ocr_par' dir='ltr' id='par_1_39' title="bbox 239 5234 1834 5322">
     <span class='ocr_line' id='line_1_41' title="bbox 239 5234 1834 5322; baseline 0.012 -33"><span class='ocrx_word' id='word_1_242' title='bbox 239 5234 378 5291; x_wconf 82' lang='lat' dir='ltr'><strong>teris</strong></span> <span class='ocrx_word' id='word_1_243' title='bbox 423 5236 648 5294; x_wconf 88' lang='lat' dir='ltr'><strong>traditus</strong></span> <span class='ocrx_word' id='word_1_244' title='bbox 679 5248 760 5296; x_wconf 83' lang='lat' dir='ltr'><strong>est</strong></span> <span class='ocrx_word' id='word_1_245' title='bbox 792 5244 1144 5315; x_wconf 74' lang='lat' dir='ltr'><strong>pmceptori;</strong></span> <span class='ocrx_word' id='word_1_246' title='bbox 1195 5246 1264 5303; x_wconf 90' lang='lat' dir='ltr'><strong>de</strong></span> <span class='ocrx_word' id='word_1_247' title='bbox 1305 5262 1414 5318; x_wconf 92' lang='lat' dir='ltr'><strong>quo</strong></span> <span class='ocrx_word' id='word_1_248' title='bbox 1441 5248 1556 5319; x_wconf 89' lang='lat' dir='ltr'><strong>ipse</strong></span> <span class='ocrx_word' id='word_1_249' title='bbox 1586 5251 1834 5322; x_wconf 83' lang='lat' dir='ltr'><strong>(Hieron.</strong></span> 
     </span>
    </p>
   </div>
   <div class='ocr_carea' id='block_1_40' title="bbox 237 5330 1835 5414">
    <p class='ocr_par' dir='ltr' id='par_1_40' title="bbox 237 5330 1835 5414">
     <span class='ocr_line' id='line_1_42' title="bbox 237 5330 1835 5414; baseline 0.013 -31"><span class='ocrx_word' id='word_1_250' title='bbox 237 5330 477 5405; x_wconf 82' lang='lat' dir='ltr'><strong>Apolog.</strong></span> <span class='ocrx_word' id='word_1_251' title='bbox 508 5334 714 5390; x_wconf 82' lang='lat' dir='ltr'><strong>advers.</strong></span> <span class='ocrx_word' id='word_1_252' title='bbox 745 5335 965 5408; x_wconf 60' lang='lat' dir='ltr'><strong>Ruﬁn.)</strong></span> <span class='ocrx_word' id='word_1_253' title='bbox 994 5355 1012 5396; x_wconf 90' lang='lat'><strong>:</strong></span> <span class='ocrx_word' id='word_1_254' title='bbox 1053 5359 1072 5392; x_wconf 75' lang='grc' dir='ltr'><strong><em>ι</em></strong></span> <span class='ocrx_word' id='word_1_255' title='bbox 1102 5339 1317 5398; x_wconf 83' lang='lat' dir='ltr'><strong>Memini</strong></span> <span class='ocrx_word' id='word_1_256' title='bbox 1353 5358 1441 5400; x_wconf 89' lang='lat' dir='ltr'><strong>me</strong></span> <span class='ocrx_word' id='word_1_257' title='bbox 1467 5359 1687 5414; x_wconf 90' lang='lat' dir='ltr'><strong>puerum</strong></span> <span class='ocrx_word' id='word_1_258' title='bbox 1708 5363 1835 5404; x_wconf 82' lang='lat' dir='ltr'><strong>cur-</strong></span> 
     </span>
    </p>
   </div>
   <div class='ocr_carea' id='block_1_41' title="bbox 246 5420 1838 5504">
    <p class='ocr_par' dir='ltr' id='par_1_41' title="bbox 246 5420 1838 5504">
     <span class='ocr_line' id='line_1_43' title="bbox 246 5420 1838 5504; baseline 0.014 -28"><span class='ocrx_word' id='word_1_259' title='bbox 246 5420 448 5481; x_wconf 78' lang='lat' dir='ltr'><strong>sitasse</strong></span> <span class='ocrx_word' id='word_1_260' title='bbox 466 5440 562 5495; x_wconf 85' lang='lat' dir='ltr'><strong>per</strong></span> <span class='ocrx_word' id='word_1_261' title='bbox 586 5429 814 5485; x_wconf 85' lang='lat' dir='ltr'><strong>cellulas</strong></span> <span class='ocrx_word' id='word_1_262' title='bbox 833 5433 1192 5504; x_wconf 84' lang='lat' dir='ltr'><strong>servulorum,</strong></span> <span class='ocrx_word' id='word_1_263' title='bbox 1218 5437 1360 5492; x_wconf 88' lang='lat' dir='ltr'><strong>diem</strong></span> <span class='ocrx_word' id='word_1_264' title='bbox 1383 5437 1631 5496; x_wconf 82' lang='lat' dir='ltr'><strong>feriatum</strong></span> <span class='ocrx_word' id='word_1_265' title='bbox 1653 5441 1838 5498; x_wconf 81' lang='lat' dir='ltr'><strong>duxis-</strong></span> 
     </span>
    </p>
   </div>
   <div class='ocr_carea' id='block_1_42' title="bbox 232 5515 1835 5598">
    <p class='ocr_par' dir='ltr' id='par_1_42' title="bbox 232 5515 1835 5598">
     <span class='ocr_line' id='line_1_44' title="bbox 232 5515 1835 5598; baseline 0.013 -26"><span class='ocrx_word' id='word_1_266' title='bbox 232 5527 306 5572; x_wconf 72' lang='lat' dir='ltr'><strong>se</strong></span> <span class='ocrx_word' id='word_1_267' title='bbox 351 5515 584 5589; x_wconf 87' lang='lat' dir='ltr'><strong>lusibus,</strong></span> <span class='ocrx_word' id='word_1_268' title='bbox 632 5530 688 5578; x_wconf 91' lang='lat' dir='ltr'><strong>et</strong></span> <span class='ocrx_word' id='word_1_269' title='bbox 715 5523 784 5581; x_wconf 86' lang='lat' dir='ltr'><strong>ad</strong></span> <span class='ocrx_word' id='word_1_270' title='bbox 808 5524 1073 5583; x_wconf 91' lang='lat' dir='ltr'><strong>Orbilium</strong></span> <span class='ocrx_word' id='word_1_271' title='bbox 1102 5529 1434 5598; x_wconf 60' lang='lat' dir='ltr'><strong>saevientem,</strong></span> <span class='ocrx_word' id='word_1_272' title='bbox 1462 5533 1530 5588; x_wconf 92' lang='lat' dir='ltr'><strong>de</strong></span> <span class='ocrx_word' id='word_1_273' title='bbox 1560 5536 1692 5592; x_wconf 70' lang='lat' dir='ltr'><strong>avia:</strong></span> <span class='ocrx_word' id='word_1_274' title='bbox 1714 5536 1835 5594; x_wconf 89' lang='lat' dir='ltr'><strong>sinu</strong></span> 
     </span>
    </p>
   </div>
   <div class='ocr_carea' id='block_1_43' title="bbox 237 5600 997 5687">
    <p class='ocr_par' dir='ltr' id='par_1_43' title="bbox 237 5600 997 5687">
     <span class='ocr_line' id='line_1_45' title="bbox 237 5600 997 5687; baseline 0.012 -25"><span class='ocrx_word' id='word_1_275' title='bbox 237 5600 476 5666; x_wconf 79' lang='lat' dir='ltr'><strong>tractum</strong></span> <span class='ocrx_word' id='word_1_276' title='bbox 504 5627 629 5670; x_wconf 82' lang='lat' dir='ltr'><strong>esse</strong></span> <span class='ocrx_word' id='word_1_277' title='bbox 655 5617 940 5687; x_wconf 79' lang='lat' dir='ltr'><strong>captivum.</strong></span> <span class='ocrx_word' id='word_1_278' title='bbox 978 5637 997 5671; x_wconf 73' lang='grc' dir='ltr'><strong><em>ι</em></strong></span> 
     </span>
    </p>
   </div>
   <div class='ocr_carea' id='block_1_44' title="bbox 325 5700 1826 5788">
    <p class='ocr_par' dir='ltr' id='par_1_44' title="bbox 325 5700 1826 5788">
     <span class='ocr_line' id='line_1_46' title="bbox 325 5700 1826 5788; baseline 0.017 -32"><span class='ocrx_word' id='word_1_279' title='bbox 325 5700 551 5760; x_wconf 77' lang='lat' dir='ltr'><strong>Romam</strong></span> <span class='ocrx_word' id='word_1_280' title='bbox 581 5707 805 5766; x_wconf 81' lang='lat' dir='ltr'><strong>veniens</strong></span> <span class='ocrx_word' id='word_1_281' title='bbox 831 5724 952 5767; x_wconf 87' lang='lat' dir='ltr'><strong>cum</strong></span> <span class='ocrx_word' id='word_1_282' title='bbox 980 5712 1169 5770; x_wconf 87' lang='lat' dir='ltr'><strong>eodem</strong></span> <span class='ocrx_word' id='word_1_283' title='bbox 1192 5713 1358 5783; x_wconf 85' lang='lat' dir='ltr'><strong>ipsius</strong></span> <span class='ocrx_word' id='word_1_284' title='bbox 1377 5718 1568 5786; x_wconf 75' lang='lat' dir='ltr'><strong>gentili</strong></span> <span class='ocrx_word' id='word_1_285' title='bbox 1590 5715 1826 5788; x_wconf 83' lang='lat' dir='ltr'><strong>Bonoso,</strong></span> 
     </span>
    </p>
   </div>
   <div class='ocr_carea' id='block_1_45' title="bbox 1880 3921 3550 4019">
    <p class='ocr_par' dir='ltr' id='par_1_45' title="bbox 1880 3921 3550 4019">
     <span class='ocr_line' id='line_1_47' title="bbox 1880 3921 3550 4019; baseline 0.019 -45"><span class='ocrx_word' id='word_1_286' title='bbox 1880 3923 1937 3985; x_wconf 74' lang='grc' dir='ltr'><strong>Α</strong></span> <span class='ocrx_word' id='word_1_287' title='bbox 1964 3921 2231 3981; x_wconf 88' lang='lat' dir='ltr'><strong>Donatum</strong></span> <span class='ocrx_word' id='word_1_288' title='bbox 2285 3929 2522 3998; x_wconf 91' lang='lat' dir='ltr'><strong>audivit;</strong></span> <span class='ocrx_word' id='word_1_289' title='bbox 2555 3930 2726 4004; x_wconf 90' lang='lat' dir='ltr'><strong>ipsum</strong></span> <span class='ocrx_word' id='word_1_290' title='bbox 2758 3937 2900 3993; x_wconf 89' lang='lat' dir='ltr'><strong>enim</strong></span> <span class='ocrx_word' id='word_1_291' title='bbox 2942 3953 3098 3997; x_wconf 91' lang='lat' dir='ltr'><strong>suum</strong></span> <span class='ocrx_word' id='word_1_292' title='bbox 3147 3945 3387 4002; x_wconf 87' lang='lat' dir='ltr'><strong>nominat</strong></span> <span class='ocrx_word' id='word_1_293' title='bbox 3414 3965 3550 4019; x_wconf 87' lang='lat' dir='ltr'><strong>prae-</strong></span> 
     </span>
    </p>
   </div>
   <div class='ocr_carea' id='block_1_46' title="bbox 1954 4020 3548 4113">
    <p class='ocr_par' dir='ltr' id='par_1_46' title="bbox 1954 4020 3548 4113">
     <span class='ocr_line' id='line_1_48' title="bbox 1954 4020 3548 4113; baseline 0.015 -41"><span class='ocrx_word' id='word_1_294' title='bbox 1954 4029 2226 4088; x_wconf 86' lang='lat' dir='ltr'><strong>ceptorem</strong></span> <span class='ocrx_word' id='word_1_295' title='bbox 2275 4020 2548 4094; x_wconf 67' lang='lat' dir='ltr'><strong>(Hierom,</strong></span> <span class='ocrx_word' id='word_1_296' title='bbox 2579 4027 2635 4080; x_wconf 85' lang='lat' dir='ltr'><strong>in</strong></span> <span class='ocrx_word' id='word_1_297' title='bbox 2661 4027 2883 4098; x_wconf 66' lang='lat' dir='ltr'><strong>Chrom,</strong></span> <span class='ocrx_word' id='word_1_298' title='bbox 2928 4049 3063 4087; x_wconf 88' lang='lat' dir='ltr'><strong>anno</strong></span> <span class='ocrx_word' id='word_1_299' title='bbox 3115 4035 3185 4090; x_wconf 73' lang='lat'><strong>20</strong></span> <span class='ocrx_word' id='word_1_300' title='bbox 3215 4036 3548 4113; x_wconf 82' lang='lat' dir='ltr'><strong>Constantii),</strong></span> 
     </span>
    </p>
   </div>
   <div class='ocr_carea' id='block_1_47' title="bbox 1956 4114 3550 4204">
    <p class='ocr_par' dir='ltr' id='par_1_47' title="bbox 1956 4114 3550 4204">
     <span class='ocr_line' id='line_1_49' title="bbox 1956 4114 3550 4204; baseline 0.016 -40"><span class='ocrx_word' id='word_1_301' title='bbox 1956 4120 2092 4179; x_wconf 83' lang='lat' dir='ltr'><strong>tum,</strong></span> <span class='ocrx_word' id='word_1_302' title='bbox 2127 4123 2184 4168; x_wconf 90' lang='lat' dir='ltr'><strong>ut</strong></span> <span class='ocrx_word' id='word_1_303' title='bbox 2230 4114 2347 4183; x_wconf 87' lang='lat' dir='ltr'><strong>ipse</strong></span> <span class='ocrx_word' id='word_1_304' title='bbox 2400 4120 2561 4174; x_wconf 85' lang='lat' dir='ltr'><strong>tradit</strong></span> <span class='ocrx_word' id='word_1_305' title='bbox 2590 4121 2794 4193; x_wconf 84' lang='lat' dir='ltr'><strong>(Hier.,</strong></span> <span class='ocrx_word' id='word_1_306' title='bbox 2827 4123 2918 4181; x_wconf 85' lang='lat' dir='ltr'><strong>lib.</strong></span> <span class='ocrx_word' id='word_1_307' title='bbox 2949 4143 2965 4180; x_wconf 86' lang='grc' dir='ltr'><strong>ι</strong></span> <span class='ocrx_word' id='word_1_308' title='bbox 2992 4137 3127 4184; x_wconf 83' lang='lat' dir='ltr'><strong>cont.</strong></span> <span class='ocrx_word' id='word_1_309' title='bbox 3167 4129 3352 4204; x_wconf 90' lang='lat' dir='ltr'><strong>Pelag.</strong></span> <span class='ocrx_word' id='word_1_310' title='bbox 3399 4145 3448 4191; x_wconf 83' lang='lat' dir='ltr'><strong>et</strong></span> <span class='ocrx_word' id='word_1_311' title='bbox 3495 4137 3550 4190; x_wconf 86' lang='lat' dir='ltr'><strong>in</strong></span> 
     </span>
    </p>
   </div>
   <div class='ocr_carea' id='block_1_48' title="bbox 1956 4200 3550 4285">
    <p class='ocr_par' dir='ltr' id='par_1_48' title="bbox 1956 4200 3550 4285">
     <span class='ocr_line' id='line_1_50' title="bbox 1956 4200 3550 4285; baseline 0.019 -31"><span class='ocrx_word' id='word_1_312' title='bbox 1956 4200 2128 4270; x_wconf 82' lang='lat' dir='ltr'><strong>Epist.</strong></span> <span class='ocrx_word' id='word_1_313' title='bbox 2152 4206 2219 4259; x_wconf 84' lang='lat' dir='ltr'><strong>ad</strong></span> <span class='ocrx_word' id='word_1_314' title='bbox 2245 4205 2367 4261; x_wconf 88' lang='lat' dir='ltr'><strong>Gal.</strong></span> <span class='ocrx_word' id='word_1_315' title='bbox 2401 4225 2518 4279; x_wconf 80' lang='lat' dir='ltr'><strong>cap.</strong></span> <span class='ocrx_word' id='word_1_316' title='bbox 2553 4211 2637 4284; x_wconf 79' lang='grc' dir='ltr'><strong><em>ιι),</em></strong></span> <span class='ocrx_word' id='word_1_317' title='bbox 2672 4216 2995 4275; x_wconf 88' lang='lat' dir='ltr'><strong>scholastico</strong></span> <span class='ocrx_word' id='word_1_318' title='bbox 3023 4236 3174 4279; x_wconf 89' lang='lat' dir='ltr'><strong>more</strong></span> <span class='ocrx_word' id='word_1_319' title='bbox 3199 4200 3322 4280; x_wconf 76' lang='lat' dir='ltr'><strong>lusit</strong></span> <span class='ocrx_word' id='word_1_320' title='bbox 3343 4226 3395 4281; x_wconf 93' lang='lat' dir='ltr'><strong>in</strong></span> <span class='ocrx_word' id='word_1_321' title='bbox 3418 4243 3550 4285; x_wconf 90' lang='lat' dir='ltr'><strong>con-</strong></span> 
     </span>
    </p>
   </div>
   <div class='ocr_carea' id='block_1_49' title="bbox 1953 4301 3545 4391">
    <p class='ocr_par' dir='ltr' id='par_1_49' title="bbox 1953 4301 3545 4391">
     <span class='ocr_line' id='line_1_51' title="bbox 1953 4301 3545 4391; baseline 0.014 -37"><span class='ocrx_word' id='word_1_322' title='bbox 1953 4301 2230 4357; x_wconf 89' lang='lat' dir='ltr'><strong>troversiis</strong></span> <span class='ocrx_word' id='word_1_323' title='bbox 2261 4303 2650 4364; x_wconf 86' lang='lat' dir='ltr'><strong>declamandis.</strong></span> <span class='ocrx_word' id='word_1_324' title='bbox 2684 4311 2759 4367; x_wconf 90' lang='lat' dir='ltr'><strong>lbi</strong></span> <span class='ocrx_word' id='word_1_325' title='bbox 2793 4313 2971 4371; x_wconf 89' lang='lat' dir='ltr'><strong>adulta</strong></span> <span class='ocrx_word' id='word_1_326' title='bbox 3011 4326 3169 4374; x_wconf 69' lang='lat' dir='ltr'><strong>astate</strong></span> <span class='ocrx_word' id='word_1_327' title='bbox 3219 4334 3374 4377; x_wconf 90' lang='lat' dir='ltr'><strong>sacro</strong></span> <span class='ocrx_word' id='word_1_328' title='bbox 3415 4324 3545 4391; x_wconf 86' lang='lat' dir='ltr'><strong>bap-</strong></span> 
     </span>
    </p>
   </div>
   <div class='ocr_carea' id='block_1_50' title="bbox 1953 4390 3540 4486">
    <p class='ocr_par' dir='ltr' id='par_1_50' title="bbox 1953 4390 3540 4486">
     <span class='ocr_line' id='line_1_52' title="bbox 1953 4390 3540 4486; baseline 0.017 -42"><span class='ocrx_word' id='word_1_329' title='bbox 1953 4390 2114 4448; x_wconf 90' lang='lat' dir='ltr'><strong>tismo</strong></span> <span class='ocrx_word' id='word_1_330' title='bbox 2139 4395 2380 4453; x_wconf 88' lang='lat' dir='ltr'><strong>initiatus</strong></span> <span class='ocrx_word' id='word_1_331' title='bbox 2407 4408 2490 4455; x_wconf 89' lang='lat' dir='ltr'><strong>est</strong></span> <span class='ocrx_word' id='word_1_332' title='bbox 2518 4399 2720 4471; x_wconf 87' lang='lat' dir='ltr'><strong>(Hier.,</strong></span> <span class='ocrx_word' id='word_1_333' title='bbox 2762 4407 2918 4475; x_wconf 80' lang='lat' dir='ltr'><strong>epist.</strong></span> <span class='ocrx_word' id='word_1_334' title='bbox 2966 4407 3058 4480; x_wconf 78' lang='lat'><strong>57)</strong></span> <span class='ocrx_word' id='word_1_335' title='bbox 3093 4427 3108 4464; x_wconf 93' lang='lat'><strong>:</strong></span> <span class='ocrx_word' id='word_1_336' title='bbox 3138 4426 3243 4481; x_wconf 89' lang='lat' dir='ltr'><strong>quo</strong></span> <span class='ocrx_word' id='word_1_337' title='bbox 3273 4425 3540 4486; x_wconf 81' lang='lat' dir='ltr'><strong>suscepto,</strong></span> 
     </span>
    </p>
   </div>
   <div class='ocr_carea' id='block_1_51' title="bbox 1918 4485 3542 4570">
    <p class='ocr_par' dir='ltr' id='par_1_51' title="bbox 1918 4485 3542 4570">
     <span class='ocr_line' id='line_1_53' title="bbox 1918 4485 3542 4570; baseline 0.017 -34"><span class='ocrx_word' id='word_1_338' title='bbox 1918 4485 2115 4562; x_wconf 1' lang='lat' dir='ltr'><strong>(paulo</strong></span> <span class='ocrx_word' id='word_1_339' title='bbox 2151 4488 2468 4547; x_wconf 87' lang='lat' dir='ltr'><strong>solutiorem</strong></span> <span class='ocrx_word' id='word_1_340' title='bbox 2520 4494 2707 4560; x_wconf 86' lang='lat' dir='ltr'><strong>vitam,</strong></span> <span class='ocrx_word' id='word_1_341' title='bbox 2755 4511 2914 4566; x_wconf 89' lang='lat' dir='ltr'><strong>quam</strong></span> <span class='ocrx_word' id='word_1_342' title='bbox 2963 4510 3232 4570; x_wconf 74' lang='lat' dir='ltr'><strong>gesserat,</strong></span> <span class='ocrx_word' id='word_1_343' title='bbox 3287 4508 3542 4565; x_wconf 90' lang='lat' dir='ltr'><strong>continuo</strong></span> 
     </span>
    </p>
   </div>
   <div class='ocr_carea' id='block_1_52' title="bbox 1949 4581 3545 4673">
    <p class='ocr_par' dir='ltr' id='par_1_52' title="bbox 1949 4581 3545 4673">
     <span class='ocr_line' id='line_1_54' title="bbox 1949 4581 3545 4673; baseline 0.015 -39"><span class='ocrx_word' id='word_1_344' title='bbox 1949 4581 2288 4650; x_wconf 74' lang='lat' dir='ltr'><strong>amendavit;</strong></span> <span class='ocrx_word' id='word_1_345' title='bbox 2344 4600 2467 4642; x_wconf 89' lang='lat' dir='ltr'><strong>nam</strong></span> <span class='ocrx_word' id='word_1_346' title='bbox 2497 4586 2554 4659; x_wconf 69' lang='grc'><strong>4</strong></span> <span class='ocrx_word' id='word_1_347' title='bbox 2581 4590 2749 4658; x_wconf 88' lang='lat' dir='ltr'><strong>priori</strong></span> <span class='ocrx_word' id='word_1_348' title='bbox 2779 4593 2977 4648; x_wconf 89' lang='lat' dir='ltr'><strong>amissa</strong></span> <span class='ocrx_word' id='word_1_349' title='bbox 3022 4598 3270 4668; x_wconf 87' lang='lat' dir='ltr'><strong>corporis</strong></span> <span class='ocrx_word' id='word_1_350' title='bbox 3321 4601 3545 4673; x_wconf 85' lang='lat' dir='ltr'><strong>integri-</strong></span> 
     </span>
    </p>
   </div>
   <div class='ocr_carea' id='block_1_53' title="bbox 1949 4676 3538 4764">
    <p class='ocr_par' dir='ltr' id='par_1_53' title="bbox 1949 4676 3538 4764">
     <span class='ocr_line' id='line_1_55' title="bbox 1949 4676 3538 4764; baseline 0.016 -37"><span class='ocrx_word' id='word_1_351' title='bbox 1949 4679 2079 4740; x_wconf 86' lang='lat' dir='ltr'><strong>tate,</strong></span> <span class='ocrx_word' id='word_1_352' title='bbox 2105 4676 2419 4744; x_wconf 86' lang='lat' dir='ltr'><strong>secundatn,</strong></span> <span class='ocrx_word' id='word_1_353' title='bbox 2452 4695 2611 4750; x_wconf 88' lang='lat' dir='ltr'><strong>quam</strong></span> <span class='ocrx_word' id='word_1_354' title='bbox 2653 4693 2808 4739; x_wconf 87' lang='lat' dir='ltr'><strong>vocat</strong></span> <span class='ocrx_word' id='word_1_355' title='bbox 2843 4688 3224 4747; x_wconf 88' lang='lat' dir='ltr'><strong>continentiam</strong></span> <span class='ocrx_word' id='word_1_356' title='bbox 3269 4704 3391 4764; x_wconf 86' lang='lat' dir='ltr'><strong>post</strong></span> <span class='ocrx_word' id='word_1_357' title='bbox 3442 4698 3538 4751; x_wconf 84' lang='lat' dir='ltr'><strong>ba-</strong></span> 
     </span>
    </p>
   </div>
   <div class='ocr_carea' id='block_1_54' title="bbox 1947 4769 3540 4853">
    <p class='ocr_par' dir='ltr' id='par_1_54' title="bbox 1947 4769 3540 4853">
     <span class='ocr_line' id='line_1_56' title="bbox 1947 4769 3540 4853; baseline 0.014 -32"><span class='ocrx_word' id='word_1_358' title='bbox 1947 4769 2226 4839; x_wconf 89' lang='lat' dir='ltr'><strong>ptismum,</strong></span> <span class='ocrx_word' id='word_1_359' title='bbox 2253 4773 2492 4828; x_wconf 84' lang='lat' dir='ltr'><strong>servavit</strong></span> <span class='ocrx_word' id='word_1_360' title='bbox 2516 4774 2911 4834; x_wconf 75' lang='lat' dir='ltr'><strong>immaculatum</strong></span> <span class='ocrx_word' id='word_1_361' title='bbox 2945 4789 3087 4838; x_wconf 89' lang='lat' dir='ltr'><strong>totus</strong></span> <span class='ocrx_word' id='word_1_362' title='bbox 3104 4784 3205 4853; x_wconf 90' lang='lat' dir='ltr'><strong>piis</strong></span> <span class='ocrx_word' id='word_1_363' title='bbox 3227 4787 3416 4842; x_wconf 78' lang='lat' dir='ltr'><strong>ofﬁciis</strong></span> <span class='ocrx_word' id='word_1_364' title='bbox 3445 4787 3540 4844; x_wconf 89' lang='lat' dir='ltr'><strong>de-</strong></span> 
     </span>
    </p>
   </div>
   <div class='ocr_carea' id='block_1_55' title="bbox 1945 4862 3539 4951">
    <p class='ocr_par' dir='ltr' id='par_1_55' title="bbox 1945 4862 3539 4951">
     <span class='ocr_line' id='line_1_57' title="bbox 1945 4862 3539 4951; baseline 0.011 -34"><span class='ocrx_word' id='word_1_365' title='bbox 1945 4862 2090 4919; x_wconf 86' lang='lat' dir='ltr'><strong>ditus</strong></span> <span class='ocrx_word' id='word_1_366' title='bbox 2122 4879 2388 4942; x_wconf 15' lang='lat' dir='ltr'><strong>unavcum</strong></span> <span class='ocrx_word' id='word_1_367' title='bbox 2436 4867 2680 4937; x_wconf 81' lang='lat' dir='ltr'><strong>ejusdem</strong></span> <span class='ocrx_word' id='word_1_368' title='bbox 2733 4870 2962 4928; x_wconf 89' lang='lat' dir='ltr'><strong>instituti</strong></span> <span class='ocrx_word' id='word_1_369' title='bbox 3010 4875 3279 4934; x_wconf 89' lang='lat' dir='ltr'><strong>sodalibus</strong></span> <span class='ocrx_word' id='word_1_370' title='bbox 3334 4879 3539 4951; x_wconf 71' lang='lat' dir='ltr'><strong>(Ilion,</strong></span> 
     </span>
    </p>
   </div>
   <div class='ocr_carea' id='block_1_56' title="bbox 1945 4955 3538 5039">
    <p class='ocr_par' dir='ltr' id='par_1_56' title="bbox 1945 4955 3538 5039">
     <span class='ocr_line' id='line_1_58' title="bbox 1945 4955 3538 5039; baseline 0.01 -30"><span class='ocrx_word' id='word_1_371' title='bbox 1945 4955 2170 5029; x_wconf 85' lang='lat' dir='ltr'><strong>Apolog.</strong></span> <span class='ocrx_word' id='word_1_372' title='bbox 2205 4975 2300 5028; x_wconf 88' lang='lat' dir='ltr'><strong>pro</strong></span> <span class='ocrx_word' id='word_1_373' title='bbox 2329 4960 2418 5014; x_wconf 85' lang='lat' dir='ltr'><strong>lib.</strong></span> <span class='ocrx_word' id='word_1_374' title='bbox 2463 4962 2583 5016; x_wconf 88' lang='lat' dir='ltr'><strong>adv.</strong></span> <span class='ocrx_word' id='word_1_375' title='bbox 2613 4962 2841 5038; x_wconf 85' lang='lat' dir='ltr'><strong>Jovin.),</strong></span> <span class='ocrx_word' id='word_1_376' title='bbox 2875 4966 3103 5039; x_wconf 76' lang='lat' dir='ltr'><strong>singulis</strong></span> <span class='ocrx_word' id='word_1_377' title='bbox 3135 4957 3325 5025; x_wconf 84' lang='lat' dir='ltr'><strong>diebus</strong></span> <span class='ocrx_word' id='word_1_378' title='bbox 3357 4968 3538 5025; x_wconf 84' lang='lat' dir='ltr'><strong>Domi-</strong></span> 
     </span>
    </p>
   </div>
   <div class='ocr_carea' id='block_1_57' title="bbox 1945 5045 3535 5130">
    <p class='ocr_par' dir='ltr' id='par_1_57' title="bbox 1945 5045 3535 5130">
     <span class='ocr_line' id='line_1_59' title="bbox 1945 5045 3535 5130; baseline 0.01 -29"><span class='ocrx_word' id='word_1_379' title='bbox 1945 5045 2080 5102; x_wconf 90' lang='lat' dir='ltr'><strong>nicis</strong></span> <span class='ocrx_word' id='word_1_380' title='bbox 2113 5048 2196 5119; x_wconf 92' lang='lat' dir='ltr'><strong>(ut</strong></span> <span class='ocrx_word' id='word_1_381' title='bbox 2223 5049 2342 5120; x_wconf 87' lang='lat' dir='ltr'><strong>ipse</strong></span> <span class='ocrx_word' id='word_1_382' title='bbox 2363 5053 2524 5108; x_wconf 88' lang='lat' dir='ltr'><strong>tradit</strong></span> <span class='ocrx_word' id='word_1_383' title='bbox 2555 5054 2825 5128; x_wconf 74' lang='lat' dir='ltr'><strong>[Hisron.,</strong></span> <span class='ocrx_word' id='word_1_384' title='bbox 2854 5058 2910 5112; x_wconf 88' lang='lat' dir='ltr'><strong>in</strong></span> <span class='ocrx_word' id='word_1_385' title='bbox 2945 5059 3135 5115; x_wconf 80' lang='lat' dir='ltr'><strong>Ezech.</strong></span> <span class='ocrx_word' id='word_1_386' title='bbox 3167 5076 3214 5115; x_wconf 78' lang='grc' dir='ltr'><strong>ε.</strong></span> <span class='ocrx_word' id='word_1_387' title='bbox 3249 5057 3378 5130; x_wconf 66' lang='lat' dir='ltr'><strong>xtl)</strong></span> <span class='ocrx_word' id='word_1_388' title='bbox 3406 5061 3535 5117; x_wconf 84' lang='lat' dir='ltr'><strong>invi-</strong></span> 
     </span>
    </p>
   </div>
   <div class='ocr_carea' id='block_1_58' title="bbox 1945 5139 3531 5223">
    <p class='ocr_par' dir='ltr' id='par_1_58' title="bbox 1945 5139 3531 5223">
     <span class='ocr_line' id='line_1_60' title="bbox 1945 5139 3531 5223; baseline 0.012 -29"><span class='ocrx_word' id='word_1_389' title='bbox 1945 5139 2098 5196; x_wconf 89' lang='lat' dir='ltr'><strong>sebat</strong></span> <span class='ocrx_word' id='word_1_390' title='bbox 2115 5141 2168 5196; x_wconf 91' lang='lat' dir='ltr'><strong>in</strong></span> <span class='ocrx_word' id='word_1_391' title='bbox 2186 5141 2556 5202; x_wconf 87' lang='lat' dir='ltr'><strong>subterraneis</strong></span> <span class='ocrx_word' id='word_1_392' title='bbox 2587 5149 2915 5207; x_wconf 86' lang='lat' dir='ltr'><strong>coemeteriis</strong></span> <span class='ocrx_word' id='word_1_393' title='bbox 2944 5152 3198 5223; x_wconf 89' lang='lat' dir='ltr'><strong>reliquias</strong></span> <span class='ocrx_word' id='word_1_394' title='bbox 3223 5163 3531 5213; x_wconf 87' lang='lat' dir='ltr'><strong>sanctorum</strong></span> 
     </span>
    </p>
   </div>
   <div class='ocr_carea' id='block_1_59' title="bbox 1943 5235 3535 5310">
    <p class='ocr_par' dir='ltr' id='par_1_59' title="bbox 1943 5235 3535 5310">
     <span class='ocr_line' id='line_1_61' title="bbox 1943 5235 3535 5310; baseline 0.009 -23"><span class='ocrx_word' id='word_1_395' title='bbox 1943 5241 2276 5306; x_wconf 88' lang='lat' dir='ltr'><strong>martyrum;</strong></span> <span class='ocrx_word' id='word_1_396' title='bbox 2306 5237 2543 5310; x_wconf 89' lang='lat' dir='ltr'><strong>nihilque</strong></span> <span class='ocrx_word' id='word_1_397' title='bbox 2579 5241 2793 5298; x_wconf 62' lang='lat' dir='ltr'><strong>caneris</strong></span> <span class='ocrx_word' id='word_1_398' title='bbox 2842 5243 3031 5299; x_wconf 89' lang='lat' dir='ltr'><strong>diebus</strong></span> <span class='ocrx_word' id='word_1_399' title='bbox 3073 5235 3167 5296; x_wconf 85' lang='lat' dir='ltr'><strong>otii</strong></span> <span class='ocrx_word' id='word_1_400' title='bbox 3221 5243 3321 5299; x_wconf 88' lang='lat' dir='ltr'><strong>sibi</strong></span> <span class='ocrx_word' id='word_1_401' title='bbox 3373 5248 3535 5301; x_wconf 87' lang='lat' dir='ltr'><strong>relin-</strong></span> 
     </span>
    </p>
   </div>
   <div class='ocr_carea' id='block_1_60' title="bbox 1941 5331 3531 5402">
    <p class='ocr_par' dir='ltr' id='par_1_60' title="bbox 1941 5331 3531 5402">
     <span class='ocr_line' id='line_1_62' title="bbox 1941 5331 3531 5402; baseline 0.01 -23"><span class='ocrx_word' id='word_1_402' title='bbox 1941 5340 2135 5397; x_wconf 88' lang='lat' dir='ltr'><strong>quens,</strong></span> <span class='ocrx_word' id='word_1_403' title='bbox 2195 5337 2338 5385; x_wconf 88' lang='lat' dir='ltr'><strong>totus</strong></span> <span class='ocrx_word' id='word_1_404' title='bbox 2385 5340 2503 5386; x_wconf 89' lang='lat' dir='ltr'><strong>erat</strong></span> <span class='ocrx_word' id='word_1_405' title='bbox 2551 5331 2605 5388; x_wconf 92' lang='lat' dir='ltr'><strong>in</strong></span> <span class='ocrx_word' id='word_1_406' title='bbox 2635 5333 3003 5390; x_wconf 86' lang='lat' dir='ltr'><strong>describendis</strong></span> <span class='ocrx_word' id='word_1_407' title='bbox 3053 5332 3235 5402; x_wconf 88' lang='lat' dir='ltr'><strong>libris;</strong></span> <span class='ocrx_word' id='word_1_408' title='bbox 3281 5338 3356 5392; x_wconf 90' lang='lat' dir='ltr'><strong>sic</strong></span> <span class='ocrx_word' id='word_1_409' title='bbox 3388 5343 3531 5397; x_wconf 88' lang='lat' dir='ltr'><strong>cnim</strong></span> 
     </span>
    </p>
   </div>
   <div class='ocr_carea' id='block_1_61' title="bbox 1939 5417 3529 5499">
    <p class='ocr_par' dir='ltr' id='par_1_61' title="bbox 1939 5417 3529 5499">
     <span class='ocr_line' id='line_1_63' title="bbox 1939 5417 3529 5499; baseline 0.011 -27"><span class='ocrx_word' id='word_1_410' title='bbox 1939 5417 2318 5477; x_wconf 87' lang='lat' dir='ltr'><strong>bibliothecam</strong></span> <span class='ocrx_word' id='word_1_411' title='bbox 2349 5422 2537 5480; x_wconf 63' lang='lat' dir='ltr'><strong>Romae</strong></span> <span class='ocrx_word' id='word_1_412' title='bbox 2567 5439 2780 5480; x_wconf 88' lang='lat' dir='ltr'><strong>summo</strong></span> <span class='ocrx_word' id='word_1_413' title='bbox 2819 5427 2997 5482; x_wconf 87' lang='lat' dir='ltr'><strong>studio</strong></span> <span class='ocrx_word' id='word_1_414' title='bbox 3025 5435 3184 5499; x_wconf 85' lang='lat' dir='ltr'><strong>atque</strong></span> <span class='ocrx_word' id='word_1_415' title='bbox 3213 5429 3394 5488; x_wconf 86' lang='lat' dir='ltr'><strong>labore</strong></span> <span class='ocrx_word' id='word_1_416' title='bbox 3426 5434 3529 5490; x_wconf 82' lang='lat' dir='ltr'><strong>sibi</strong></span> 
     </span>
    </p>
   </div>
   <div class='ocr_carea' id='block_1_62' title="bbox 1941 5512 2957 5588">
    <p class='ocr_par' dir='ltr' id='par_1_62' title="bbox 1941 5512 2957 5588">
     <span class='ocr_line' id='line_1_64' title="bbox 1941 5512 2957 5588; baseline 0.007 -22"><span class='ocrx_word' id='word_1_417' title='bbox 1941 5512 2239 5570; x_wconf 81' lang='lat' dir='ltr'><strong>confecisse</strong></span> <span class='ocrx_word' id='word_1_418' title='bbox 2270 5523 2495 5571; x_wconf 89' lang='lat' dir='ltr'><strong>testatur</strong></span> <span class='ocrx_word' id='word_1_419' title='bbox 2523 5515 2699 5588; x_wconf 82' lang='lat' dir='ltr'><strong>(Hier.</strong></span> <span class='ocrx_word' id='word_1_420' title='bbox 2728 5534 2811 5586; x_wconf 88' lang='lat' dir='ltr'><strong>ep.</strong></span> <span class='ocrx_word' id='word_1_421' title='bbox 2843 5515 2957 5587; x_wconf 73' lang='lat'><strong>22).</strong></span> 
     </span>
    </p>
   </div>
   <div class='ocr_carea' id='block_1_63' title="bbox 2012 5627 3521 5709">
    <p class='ocr_par' dir='ltr' id='par_1_63' title="bbox 2012 5627 3521 5709">
     <span class='ocr_line' id='line_1_65' title="bbox 2012 5627 3521 5709; baseline 0.009 -28"><span class='ocrx_word' id='word_1_422' title='bbox 2012 5627 2068 5681; x_wconf 91' lang='lat' dir='ltr'><strong>ln</strong></span> <span class='ocrx_word' id='word_1_423' title='bbox 2091 5628 2288 5686; x_wconf 85' lang='lat' dir='ltr'><strong>Gallias</strong></span> <span class='ocrx_word' id='word_1_424' title='bbox 2314 5637 2436 5699; x_wconf 85' lang='lat' dir='ltr'><strong>post</strong></span> <span class='ocrx_word' id='word_1_425' title='bbox 2459 5630 2574 5685; x_wconf 66' lang='lat' dir='ltr'><strong>haec</strong></span> <span class='ocrx_word' id='word_1_426' title='bbox 2595 5631 2966 5702; x_wconf 77' lang='lat' dir='ltr'><strong>peregrinatus</strong></span> <span class='ocrx_word' id='word_1_427' title='bbox 2994 5650 3115 5692; x_wconf 92' lang='lat' dir='ltr'><strong>cum</strong></span> <span class='ocrx_word' id='word_1_428' title='bbox 3146 5635 3264 5709; x_wconf 87' lang='lat' dir='ltr'><strong>ipso</strong></span> <span class='ocrx_word' id='word_1_429' title='bbox 3286 5636 3521 5703; x_wconf 82' lang='lat' dir='ltr'><strong>Bunoso,</strong></span> 
     </span>
    </p>
   </div>
   <div class='ocr_carea' id='block_1_64' title="bbox 1941 5720 3516 5790">
    <p class='ocr_par' dir='ltr' id='par_1_64' title="bbox 1941 5720 3516 5790">
     <span class='ocr_line' id='line_1_66' title="bbox 1941 5720 3516 5790; baseline 0.009 -14"><span class='ocrx_word' id='word_1_430' title='bbox 1941 5720 2126 5782; x_wconf 83' lang='lat' dir='ltr'><strong>eadem</strong></span> <span class='ocrx_word' id='word_1_431' title='bbox 2152 5725 2240 5782; x_wconf 78' lang='lat' dir='ltr'><strong>siti</strong></span> <span class='ocrx_word' id='word_1_432' title='bbox 2270 5723 2548 5789; x_wconf 84' lang='lat' dir='ltr'><strong>librorum,</strong></span> <span class='ocrx_word' id='word_1_433' title='bbox 2575 5723 2823 5788; x_wconf 80' lang='lat' dir='ltr'><strong>Treveris</strong></span> <span class='ocrx_word' id='word_1_434' title='bbox 2852 5729 3023 5788; x_wconf 87' lang='lat' dir='ltr'><strong>sancti</strong></span> <span class='ocrx_word' id='word_1_435' title='bbox 3049 5729 3232 5789; x_wconf 82' lang='lat' dir='ltr'><strong>Hilarii</strong></span> <span class='ocrx_word' id='word_1_436' title='bbox 3263 5732 3424 5788; x_wconf 86' lang='lat' dir='ltr'><strong>libros</strong></span> <span class='ocrx_word' id='word_1_437' title='bbox 3445 5733 3516 5790; x_wconf 82' lang='lat' dir='ltr'><strong>de</strong></span> 
     </span>
    </p>
   </div>
  </div>
