4124 6350
578 344 641 405 9|
1646 342 2012 403 PRELUDIA
2053 341 2148 399 AD
2184 341 2443 401 LIBRUM
2482 342 2765 405 PRIMUM.
3745 299 3860 415 nili

578 469 810 544 Synodis
844 485 1003 526 manu
1031 484 1135 527 sua.
1150 468 1465 541 descripsit;
1493 468 1737 542 altosque
1754 470 1829 527 ibi
1854 450 2058 541 positus
2076 483 2172 525 an-
2195 464 2253 530 Δ
2278 466 2478 525 deinde
2524 482 2622 538 per
2667 468 2911 528 Ciliciam
2940 470 2995 529 in
3032 470 3246 547 Syriam
3291 474 3659 544 descendisse,
3690 476 3741 553 5
3771 478 3858 537 ubi

577 564 755 636 tiquos
770 563 1017 632 Codices,
1044 576 1173 622 usus
1194 578 1355 635 opera
1374 564 1668 621 amicorum
1690 573 1852 636 atque
1877 566 2016 620 inter
2028 563 2168 622 alios

580 655 863 726 Florentii,
886 656 1269 717 describendos
1291 656 1497 714 curavit
1524 657 1725 729 (fliam,
1750 657 1897 726 epist.
1928 656 1963 713 6
1982 667 2029 712 et
2049 657 2164 730 tl).

581 746 847 813 Profectio
874 748 1096 820 Syriaca
1119 758 1232 818 post
1258 750 1423 805 turias
1442 750 1576 806 orbis
1592 751 1879 823 provincias
1902 749 2163 806 lustrator.

648 842 799 898 Anno
845 841 1034 896 Christi
1060 841 1186 899 370.
1216 840 1434 911 Raram,
1468 843 1536 897 ad
1565 860 1689 898 anu.
1728 843 2168 914 Eii—Contigit

579 942 756 991 autem
799 944 917 1004 post
949 934 1061 990 haec
1088 943 1145 991 ut
1173 934 1262 1005 qui
1317 936 1485 991 semel
1530 936 1857 1007 peregrinari
1900 944 2161 1005 eruperat,

580 1026 846 1097 proficisci
872 1041 1085 1096 quoque
1114 1027 1166 1082 in
1198 1026 1471 1084 Orientem
1510 1027 1562 1083 in
1591 1028 1828 1085 animum
1860 1029 2163 1095 induxerit;

579 1118 633 1177 id
688 1120 905 1191 quidem
951 1137 1073 1177 cum
1131 1122 1469 1190 eruditionis,
1513 1130 1625 1179 tum
1670 1124 1831 1178 etiam
1886 1122 2167 1194 religionis

579 1227 775 1283 causa;
803 1223 864 1271 ut
886 1228 952 1271 es
984 1213 1087 1282 Itis,
1135 1229 1255 1285 qua
1295 1215 1459 1285 gessit
1503 1214 1771 1287 inspicere
1803 1214 1951 1272 licet.
1995 1214 2167 1272 Porro

575 1308 1021 1381 peregrinationis
1043 1308 1160 1379 ejus
1185 1324 1304 1378 quae
1328 1319 1607 1364 remanent
1638 1310 1860 1380 vestigia
1892 1318 2168 1365 assectan-

576 1408 679 1467 tes,
718 1400 948 1456 dicimus
993 1416 1117 1455 eum
1174 1416 1294 1456 cum
1327 1402 1541 1457 Bonoso
1566 1402 1763 1458 comite
1790 1417 1823 1457 e
1850 1401 2039 1459 Galliis
2078 1416 2166 1459 re-

573 1500 895 1560 vertentem,
931 1492 1228 1563 Aquileiam
1262 1493 1575 1564 pervenisse
1596 1493 1716 1566 '(o),
1748 1494 2166 1565 consedisseque

572 1583 647 1641 ibi
686 1583 865 1655 aliquo
918 1586 1176 1656 temporis
1220 1587 1417 1658 spatio,
1450 1586 1710 1643 fruiturus
1738 1589 2013 1644 consortio
2042 1604 2166 1645 san-

572 1677 936 1735 ctissimorum
966 1678 1231 1746 virorum,
1258 1680 1511 1736 nimirum
1540 1682 1711 1737 sancti
1743 1681 2029 1752 Valeriani,
2048 1682 2165 1753 ejus

572 1771 807 1830 civitatis
864 1782 982 1843 post
1040 1772 1486 1833 Fortunatianum
1542 1776 1803 1848 episcopi,
1861 1778 2161 1848 Heliodori,

2270 560 2517 619 consedit
2572 562 2623 618 in
2670 563 2961 622 solitudine
3009 568 3304 624 monachus
3338 568 3537 639 (Hist,
3579 583 3730 641 (pisi.
3774 573 3855 643 li).

2272 652 2397 709 Hmc
2428 653 2592 711 totius
2630 655 2747 728 ejus
2798 666 2882 713 est
2936 658 3378 730 peregrinationis
3432 663 3711 734 periodus,
3756 679 3858 724 una

2269 761 2390 802 cum
2422 747 2697 805 fidissimis
2728 750 3039 817 comitibus,
3073 746 3301 825 Evagrio
3326 758 3640 828 presbytero
3672 759 3859 816 Antio-

2268 840 2441 896 clieno
2470 842 2569 913 (b),
2598 840 2931 912 Innocentio,
2960 843 3271 914 Heliodoro,
3301 858 3375 914 et,
3392 858 3447 903 ut
3468 851 3560 917 ait,
3581 866 3702 906 cum
3723 852 3858 928 Hyla

2268 933 2437 988 sancti
2472 934 2687 990 Melanii
2720 935 2942 991 famulo.

2339 1026 2468 1081 Cum
2512 1026 2668 1097 igitur
2713 1032 3041 1095 reperiamus
3073 1031 3355 1101 Evagrium
3389 1032 3726 1091 individuum
3761 1052 3848 1092 co.

2269 1119 2454 1181 mitem
2493 1119 2661 1177 fuisse
2692 1124 2865 1179 sancti
2899 1122 3241 1197 Hieronymi,
3268 1140 3420 1200 teque
3447 1128 3608 1185 etiam
3636 1142 3759 1187 cum
3791 1144 3860 1185 eo

2271 1211 2651 1285 Hieronymum
2693 1214 3092 1286 peregrinatum
3132 1231 3196 1273 ex
3228 1217 3519 1277 Occidente
3561 1220 3612 1277 io
3643 1223 3859 1291 Cappa-

2268 1303 2511 1371 dociam,
2568 1321 2664 1375 par
2707 1318 2790 1363 est
2836 1307 3081 1373 credere,
3127 1323 3247 1364 cum
3297 1312 3363 1366 de
3412 1326 3471 1367 se
3524 1306 3696 1367 tranat
3746 1329 3863 1381 ipse

2268 1393 2642 1469 Hieronymus,
2667 1413 2788 1456 cum
2812 1414 2877 1455 eo
2901 1399 3197 1471 profectum
3222 1416 3343 1458 esse
3369 1405 3419 1457 in
3442 1405 3860 1475 (lappa-loriam.

2268 1487 2395 1544 Haec
2443 1488 2603 1561 igitur
2643 1499 2702 1546 ut
2748 1504 3074 1559 asseramus,
3116 1492 3302 1549 eadem
3352 1505 3501 1552 certe
3550 1498 3861 1571 Hieronymi

2265 1592 2424 1653 atque
2457 1584 2669 1655 Evagrii
2703 1585 2754 1642 in
2782 1586 3177 1658 Cappadociam
3227 1593 3586 1661 peregrinatio
3633 1610 3859 1664 persua-

2265 1674 2375 1730 det.
2406 1675 2665 1748 Huncquc
2708 1680 2877 1748 ipsum
2914 1678 3195 1751 Evagricm
3216 1722 3231 1744 ,
3263 1681 3330 1737 de
3371 1698 3477 1754 quo
3507 1696 3723 1741 sanctus
3756 1688 3862 1743 Ba-

2264 1770 2415 1827 silius
2458 1772 2702 1828 meminit
2742 1773 2955 1841 (Βαεξι.⁷
2981 1786 3127 1840 epist.
3154 1776 3243 1845 8).
3273 1780 3520 1835 eumdem
3573 1795 3694 1837 esse
3730 1797 3861 1840 cum

571 1862 876 1935 Nepotiani,
913 1865 1133 1934 Rulllni,
1163 1866 1479 1934 Cliromatii,
1530 1868 1727 1935 Iovini,
1779 1870 2020 1937 Eusebii,
2052 1872 2154 1928 Bo.
2187 1875 2238 1941 Β
2267 1865 2514 1937 Evagrio,
2543 1865 2850 1938 Hieronymi
2882 1871 3027 1925 socio
3052 1880 3215 1939 atque
3244 1876 3461 1937 comite,
3487 1887 3606 1929 cum
3633 1890 3859 1945 nomen,

569 1958 713 2025 nosi,
744 1958 1021 2023 Florentii,
1062 1957 1252 2016 Nicatte
1300 1961 1632 2029 subdiaconi,
1684 1962 2019 2036 Chrysogoni
2041 1979 2158 2021 mo-

571 2051 731 2109 nacbi
765 2068 779 2106 :
807 2052 874 2107 ad
898 2066 1032 2123 quos
1049 2068 1259 2122 omnes,
1302 2054 1505 2112 intima:
1533 2057 1947 2113 necessitudinis
1970 2067 2159 2125 testes,

569 2144 811 2216 ejusdem
863 2146 1178 2220 Hieronymi
1207 2148 1401 2218 littera:
1427 2158 1643 2206 exstant
1663 2149 1868 2222 (Hiera,
1891 2152 2040 2220 epist.
2066 2150 2157 2219 41,

566 2238 658 2304 42,
687 2240 777 2306 ts,
796 2238 910 2313 tt).

640 2328 839 2386 Horum
887 2331 1055 2408 igitur
1097 2334 1419 2393 suavissima
1472 2335 1865 2393 consuetudine
1908 2335 2156 2409 aliquam

566 2423 735 2493 tisper
784 2424 1035 2481 detentus
1094 2437 1176 2482 est
1236 2438 1452 2485 sanctus
1483 2426 1842 2501 Hieronymus
1868 2424 2155 2501 Aquileim;

570 2527 693 2570 cum
725 2514 850 2571 inde
878 2516 1163 2575 discedere
1202 2521 1430 2590 cogitur,
1486 2521 1670 2577 nescio
1714 2537 1820 2593 quo
1871 2524 2171 2593 improviso

565 2605 747 2665 rerum
776 2617 995 2679 eventu,
1050 2621 1107 2667 ut
1147 2614 1281 2681 ipse,
1331 2629 1394 2669 ex
1424 2629 1609 2670 eremo
1636 2615 1701 2670 ad
1725 2614 1997 2671 Bullinum
2020 2618 2160 2674 scri-

564 2698 720 2769 bens,
766 2710 995 2759 testatur
1049 2704 1238 2761 verbis
1284 2705 1432 2763 illis:
1464 2724 1486 2759 ι
1520 2706 1809 2777 Postquam
1858 2722 1947 2767 me
1990 2718 2020 2765 a
2063 2709 2163 2766 tuo

567 2796 739 2852 latere
769 2796 983 2853 subitus
1010 2798 1167 2855 turbo
1193 2800 1486 2867 convulsit,
1508 2810 1785 2871 postquam
1803 2801 2007 2873 glutino
2023 2804 2156 2857 clia-

564 2888 745 2946 rimis
774 2889 1071 2947 liuentem
1100 2893 1267 2961 impia
1287 2892 1535 2949 distraxit
1565 2894 1771 2951 avulsis
1798 2894 1974 2966 (Hier.
2004 2897 2154 2967 epist.

561 2982 681 3056 dt),
709 3001 733 3039 ι
768 2993 903 3051 etc.,
931 2995 1058 3042 tunc
1094 2986 1342 3059 Aquileia
1387 2988 1669 3054 recedens,
1715 2990 1770 3044 in
1816 2989 2159 3058 Dalmatiam,

564 3078 801 3147 patrium
836 3079 1034 3147 solum,
1057 3080 1305 3148 veniens,
1324 3094 1573 3137 sororem
1592 3080 1964 3152 jurenculam,
1985 3080 2163 3140 artatis

564 3167 779 3225 lubrico
806 3169 1037 3242 lapsam,
1067 3172 1302 3240 primum
1349 3173 1471 3228 viro
1517 3173 1750 3228 maxime
1794 3174 1884 3242 pio
1916 3171 2155 3239 luliano,

2265 1968 2373 2015 tum
2426 1975 2618 2015 munus
2664 1962 3012 2033 presbyterii,
3049 1974 3157 2018 tum
3209 1968 3401 2035 patria,
3444 1982 3636 2037 nempe
3666 1972 3861 2026 Antio-

2263 2052 2407 2119 cliia,
2451 2067 2548 2107 nec
2594 2066 2700 2107 non
2745 2054 2891 2109 locus
2935 2057 3069 2125 ipse.
3105 2056 3244 2111 unde
3275 2055 3450 2120 venit,
3496 2058 3747 2114 nimirum
3788 2076 3865 2119 ex

2266 2143 2437 2213 Italia,
2472 2159 2624 2216 teque
2654 2145 3058 2210 demonSIrant,
3089 2148 3442 2218 eumdemquc
3476 2148 3757 2221 Evagrium
3791 2150 3866 2207 El-

2263 2235 2371 2293 lum
2407 2252 2548 2306 esse,
2577 2238 2666 2309 qui
2693 2238 2963 2310 egregiam
2997 2252 3286 2295 navaverat
3317 2255 3537 2312 operam
3571 2237 3866 2301 Mediolani

2261 2330 2525 2387 adversus
2550 2332 2905 2397 Auxentium,
2934 2332 3003 2391 de
3029 2349 3158 2404 quo,
3180 2334 3249 2389 ait
3281 2349 3445 2392 unum
3467 2349 3535 2392 es
3561 2335 3862 2393 comitibus

2262 2420 2661 2489 Innocentium,
2688 2431 2821 2478 ante
2859 2421 3220 2494 Hieronymus
3255 2426 3574 2495 scripserat,
3611 2439 3709 2483 nos
3752 2440 3869 2484 suo

2262 2516 2383 2575 loco
2409 2514 2689 2570 retulimus
2719 2515 2919 2587 (llier.,
2944 2518 3092 2586 epist.
3123 2518 3217 2591 40)

2334 2608 2558 2674 Quando
2613 2616 2791 2662 autem
2839 2608 3102 2665 acciderit
3158 2608 3441 2681 Evagrium
3493 2610 3557 2666 ad
3608 2626 3871 2672 sanetum

2263 2698 2516 2757 Basiliam
2550 2699 2603 2755 in
2635 2700 3027 2770 Cappadociam
3060 2705 3392 2772 pervenisse,
3420 2718 3484 2759 ex
3519 2704 3719 2775 eadem,
3752 2705 3875 2761 Ba-

2262 2794 2370 2850 silii
2396 2793 2620 2864 epistola
2656 2808 2941 2862 possumus
2969 2794 3289 2866 intelligere,
3316 2811 3443 2866 qua,
3475 2806 3761 2868 antequam
3788 2800 3877 2855 de

2261 2886 2493 2959 Evagrio
2524 2885 2681 2943 iaciat
2708 2886 3073 2954 melitionem,
3104 2888 3172 2945 de
3217 2887 3525 2947 vehementi
3557 2890 3769 2957 morbo,
3801 2892 3873 2948 in

2261 2996 2421 3051 quem
2452 2990 2578 3037 tunc
2602 2979 2893 3045 inciderat.
2918 2981 3060 3053 agit,
3090 2995 3211 3039 cum
3250 2981 3369 3039 ait:
3405 2999 3425 3033 ι
3456 2982 3876 3057 Quinquaginta

2264 3074 2350 3131 bis
2386 3076 2578 3133 diebus
2615 3090 2760 3147 aeger
2788 3075 3050 3142 decubui,
3076 3075 3273 3147 quibus
3299 3076 3427 3133 milii
3466 3076 3658 3134 scdulo
3685 3076 3874 3137 adfuit

2263 3165 2492 3224 dilectus
2518 3178 2575 3224 et
2617 3167 2855 3225 omnium
2886 3168 3313 3229 studiosissimus
3358 3168 3524 3226 frater
3576 3180 3758 3227 noster
3803 3181 3879 3230 et

567 3261 657 3331 qui
685 3275 804 3317 eam
838 3262 904 3316 ad
936 3264 1216 3320 meliorem
1243 3265 1452 3335 frugem
1484 3266 1739 3331 restituit,
1771 3266 1966 3321 deinde
1995 3266 2155 3321 etiam
2185 3276 2233 3343 ο
2264 3271 2582 3332 cooperator
2602 3260 2867 3330 Elpidius.
2896 3261 3122 3316 Multum
3150 3261 3291 3317 enim
3318 3258 3464 3349 febre
3485 3270 3872 3335 consumptus,

565 3369 662 3425 per
692 3355 904 3411 litteras
934 3355 1246 3413 Cliromatio
1276 3357 1673 3423 commendavit
1703 3358 1876 3430 (Hier.
1909 3360 2059 3428 epist.
2088 3357 2156 3413 57

561 3454 612 3501 et
648 3446 764 3518 45).

635 3544 862 3614 Quando
893 3553 1073 3603 autem
1118 3545 1408 3617 contigerit
1448 3555 1510 3603 ut
1559 3546 1676 3618 ipse
1716 3546 1794 3603 sic
1845 3546 2157 3603 monasticae

564 3634 690 3690 vita:
720 3635 1011 3705 arripuerit
1042 3636 1372 3705 institutum,
1433 3636 1671 3708 diligenti
1718 3653 1898 3694 rerum
1930 3653 1991 3693 ac
2022 3647 2156 3693 tem-

563 3742 753 3800 porum
800 3727 1136 3787 discussione
1176 3731 1643 3803 pervestigandum
1701 3741 1803 3787 est.
1862 3731 2154 3799 Casterum,

564 3821 707 3893 quod
736 3820 787 3875 in
819 3835 879 3877 re
908 3820 1066 3877 dubia
1096 3831 1153 3877 et
1178 3822 1382 3878 incerta
1412 3837 1709 3887 versemur,
1758 3822 2038 3877 nitendum
2074 3832 2158 3881 est

563 3910 918 3983 conjecturis,
949 3911 1175 3984 aliisque
1200 3913 1965 3985 argumentis,quantumlibet
1988 3913 2157 3970 videri

561 4002 771 4076 possint
803 4001 1016 4073 alonge
1069 4003 1268 4074 petita;
1301 4004 1381 4059 sic
1426 4003 1571 4061 enim
1623 4018 1768 4074 saepe
1821 4004 2016 4059 accidit
2063 4021 2158 4076 per

563 4103 818 4165 angustas
849 4094 1072 4150 rimulas
1104 4095 1412 4168 perspicere
1457 4110 1578 4167 qua:
1613 4094 1900 4167 indagatur
1926 4096 2158 4155 sollicite

562 4190 783 4247 veritas.

534 4266 537 4269 ’
634 4282 725 4350 At,
754 4281 895 4354 quod
923 4280 989 4337 ad
1015 4280 1155 4338 hanc
1176 4296 1293 4338 rem
1313 4282 1565 4355 pertinet,
1582 4280 1724 4338 haud
1757 4282 2006 4339 assentiri
2036 4296 2161 4354 pos-

559 4389 749 4433 sumus
777 4376 1091 4443 afﬁrmanti,
1128 4375 1519 4449 Hieronymum
1564 4390 1685 4432 cum
1727 4375 1945 4432 Rulliuo
1997 4386 2159 4448 atque

562 4468 804 4544 collegis,
857 4468 1067 4523 itineris
1120 4468 1302 4536 sociis,
1356 4466 1586 4541 primum
1632 4465 2026 4545 Jerosolymam
2062 4483 2160 4538 pe-

562 4560 735 4631 tiisse,
768 4561 894 4618 inde
927 4578 1060 4618 vero
1092 4562 1232 4618 inter
1253 4577 1313 4620 se
1342 4561 1574 4632 divisos,
1601 4559 1870 4618 Bullinum
1902 4562 1955 4616 in
1986 4560 2157 4634 )Egy-

2262 3355 2487 3427 penuria
2519 3352 2809 3411 nutrientis
2838 3352 3098 3417 materiai,
3129 3353 3276 3407 arida
3312 3352 3409 3408 hac
3438 3368 3617 3420 carne,
3647 3368 3752 3410 ceu
3784 3357 3875 3411 ln-

2260 3460 2544 3501 cernarum
2595 3460 2819 3517 papyro,
2863 3444 3250 3509 circumdatus,
3301 3445 3534 3500 marcida
3588 3447 3870 3517 longauue

2259 3536 2585 3612 egritudine
2610 3536 2885 3595 laboravi:
2909 3539 3189 3606 antiquum
3208 3540 3397 3597 vulnus
3420 3538 3542 3593 huic
3564 3540 3871 3609 accedens,

2260 3647 2291 3687 a
2322 3631 2456 3688 cibis
2486 3646 2574 3687 me
2599 3631 2889 3697 abstraxit,
2918 3630 3089 3685 oculis
3114 3646 3361 3686 somnum
3388 3630 3609 3697 ademit,
3636 3634 3870 3691 tandem

2261 3724 2423 3780 morti
2465 3733 2520 3778 et
2565 3723 2691 3778 vita:
2731 3722 2999 3778 confinem
3032 3738 3117 3778 me
3160 3721 3371 3789 ellecit,
3422 3732 3624 3777 tantum
3672 3727 3877 3785 vivere

2261 3816 2602 3888 permittens,
2644 3824 2902 3884 quantum
2933 3814 2998 3869 ad
3039 3815 3283 3869 dolorem
3326 3814 3668 3869 sentiendum
3718 3832 3880 3887 opus

2261 3920 2342 3965 est
2373 3907 2582 3982 (aniL,
2608 3908 2757 3979 epist.
2782 3906 2862 3978 8).
2892 3925 2911 3960 ι
2951 3906 3075 3962 Haec
3111 3915 3167 3962 et
3208 3907 3311 3963 alia
3362 3907 3509 3978 plura
3552 3910 3621 3965 de
3664 3913 3876 3970 eadem

2260 4005 2507 4073 corporis
2535 4003 2848 4059 infirmitate
2890 4002 3139 4068 Basilius,
3172 4016 3334 4071 quam
3366 4002 3418 4060 ei
3445 4003 3744 4074 contigisse
3774 4022 3881 4063 su-

2263 4099 2441 4167 perius
2470 4096 2703 4152 diximus
2737 4108 2880 4150 anno
2919 4094 3093 4165 (Auno
3123 4093 3237 4149 ὅθί)
3257 4103 3307 4149 et
3334 4094 3461 4164 570)
3506 4110 3617 4166 quo
3642 4108 3882 4157 creatus

2264 4199 2345 4246 est
2369 4190 2627 4246 Ctesarea‘.
2651 4189 2958 4259 episcopus,
2990 4187 3081 4257 qui
3116 4195 3431 4243 numeratur
3461 4186 3675 4247 Domini
3720 4190 3877 4260 370,

2260 4298 2371 4356 quo
2417 4287 2617 4356 pariter
2659 4283 2959 4338 dixerimus
3010 4281 3435 4353 Hieronymum,
3486 4296 3606 4337 eum
3654 4284 3872 4345 eodem

2264 4378 2498 4449 Evagrio
2525 4388 2581 4432 et
2615 4376 2738 4432 aliis
2776 4373 2963 4438 sociis,
3009 4373 3297 4431 devenisse
3341 4374 3396 4431 in
3444 4373 3694 4445 Syriam;
3728 4376 3882 4434 inde

2261 4482 2392 4527 vero
2432 4469 2671 4540 ejusdem
2722 4466 3011 4539 provincias
3057 4465 3270 4522 deserta
3311 4466 3550 4536 petiisse,
3580 4480 3694 4523 non
3724 4480 3879 4527 astte

2260 4566 2403 4638 (mea
2447 4561 2736 4631 sententia)
2775 4575 2975 4617 annum
3025 4558 3237 4616 Domini
3279 4560 3725 4617 trecentesimum
3775 4578 3888 4622 se-

560 4662 735 4728 ptum,
786 4653 1172 4729 Hieronymnm
1230 4663 1410 4713 autem
1460 4653 1514 4710 in
1565 4653 1813 4713 diversas
1855 4655 2159 4724 provincias
2184 4654 2652 4730 Dptuagesimum
2698 4653 2980 4724 primum:
3025 4652 3170 4723 quod
3220 4651 3439 4723 quidem
3473 4662 3530 4709 et
3577 4652 3887 4717 insinuare

558 4748 1051 4819 peregrinationem
1071 4747 1387 4815 instituisse,
1407 4754 1569 4819 atque
1590 4745 1735 4802 illinc
1756 4744 1965 4801 deserta
1984 4747 2153 4817 Syrias

558 4845 781 4917 petiisse
810 4840 1068 4914 (Mariam
1108 4838 1305 4899 Victor.
1333 4840 1388 4896 in
1417 4840 1507 4894 vit.
1528 4837 1593 4896 S.
1628 4836 1831 4910 Hier.).
1861 4834 1996 4894 Nam
2024 4838 2155 4893 Rul-

558 4943 727 4999 liuum
759 4940 928 5001 Roma
960 4938 1253 4996 recessisse
1298 4952 1420 4995 cum
1470 4935 1697 4993 Melania
1753 4938 2157 5011 profectumque

558 5039 614 5095 in
642 5036 966 5109 Egyptum,
998 5032 1228 5104 indeque
1255 5030 1650 5104 Jerosolymam
1682 5031 2012 5103 pervenisse,
2033 5046 2155 5088 cum

557 5129 668 5201 jam
694 5136 915 5187 sanctus
944 5124 1310 5196 Hieronymus
1332 5122 1388 5179 in
1418 5122 1571 5195 Syria
1592 5120 1887 5179 monachus
1909 5121 2150 5192 degeret,

560 5231 671 5277 tum
702 5236 822 5293 quae
850 5220 1104 5292 superius
1134 5217 1277 5273 dicta
1333 5225 1480 5284 sunt,
1514 5224 1624 5271 tum
1653 5230 1773 5286 quze
1801 5215 2049 5269 dicentur
2074 5212 2159 5266 in-

561 5314 753 5381 ferius,
784 5313 1069 5385 perspicue
1106 5311 1581 5370 demonstrabunt.
1617 5310 1697 5365 Ex
1726 5307 2157 5381 peregrinatione

561 5422 691 5463 vero
724 5405 894 5477 ipsius
922 5406 1257 5479 Hieronymi,
1280 5420 1309 5461 a
1340 5419 1400 5460 se
1423 5401 1711 5470 descripta,
1747 5413 2030 5471 possumus
2056 5414 2156 5472 pa-

560 5498 692 5556 riter
723 5497 1022 5569 intelligere
1052 5507 1267 5570 tempus
1301 5495 1473 5567 ipsius
1494 5508 1558 5550 ex
1578 5490 1866 5549 Occidente
1890 5492 1942 5545 in
1966 5491 2157 5547 Orien-

564 5600 674 5649 tem
724 5590 1085 5665 migrationis;
1118 5590 1184 5647 ad
1226 5587 1503 5645 Bullinum
1556 5585 1723 5650 enim,
1767 5598 1888 5639 cum
1930 5583 2018 5639 ille
2043 5585 2153 5655 jam

562 5688 904 5760 pervenisset
930 5687 983 5746 in
1009 5686 1326 5760 )Egyptum,
1349 5697 1419 5739 ex
1448 5692 1634 5737 eremo
1657 5675 1833 5749 Syriae
1865 5676 2072 5743 scribit,
2098 5693 2158 5736 se

562 5784 739 5853 primo
772 5783 1070 5852 proiectum
1109 5784 1162 5836 in
1190 5775 1495 5839 Thraciam,
1521 5770 1649 5828 inde
1672 5771 1725 5827 in
1754 5769 1980 5825 Pontum
1998 5780 2159 5842 atque

552 5874 908 5949 Bithyniam,
964 5884 1145 5948 postea
1194 5873 1248 5928 in
1299 5866 1567 5927 Galatiam
1619 5872 1676 5921 et
1727 5862 2155 5943 Cappadociam,

2266 4750 2517 4806 videntur
2539 4748 2715 4804 citata:
2734 4746 2976 4818 ejusdem
3000 4746 3252 4815 superius
3274 4747 3470 4803 litim
3487 4746 3555 4803 ad
3582 4746 3889 4807 Rafﬁnum

2264 4843 2465 4917 (.‘Iier.,
2486 4844 2634 4916 epist.
2656 4841 2736 4913 4).
2769 4841 2849 4897 Ex
2889 4840 2977 4896 his
3019 4840 3182 4911 igitur
3224 4838 3533 4896 inducimur
3572 4849 3633 4897 It
3663 4845 3892 4900 uda-

2264 4952 2406 5000 mus,
2432 4943 2750 5006 praesentem
2774 4946 2971 4995 unum
2993 4945 3118 4989 esse
3134 4933 3569 5004 "communitis
3592 4934 3653 4989 in
3670 4948 3893 4995 eremo

2266 5031 2551 5088 incolatur.

2337 5118 2689 5175 AnnoChriui
2711 5115 2838 5171 37L
2856 5113 3082 5182 Earum,
3103 5115 3175 5170 ad
3201 5131 3288 5171 ait.
3306 5114 3509 5171 573.»-
3522 5114 3657 5173 Cum
3680 5126 3901 5178 autem

2263 5210 2516 5281 primurn
2546 5209 2601 5264 in
2647 5206 2861 5279 Syriam
2913 5206 3096 5272 venit,
3124 5205 3199 5261 ibi
3241 5219 3365 5260 eum
3412 5206 3641 5274 Evagrio
3673 5206 3905 5267 Antio-

2262 5304 2459 5369 ebeno,
2488 5301 2542 5355 in
2570 5299 2656 5354 via
2684 5297 2902 5363 comite,
2934 5296 3236 5353 Antiochia
3262 5296 3526 5356 consedit.
3560 5298 3692 5353 Erat
3723 5300 3905 5357 Eva-

2224 5424 2227 5425 ν
2264 5396 2411 5468 grius
2433 5392 2697 5464 praedives
2712 5405 2776 5447 ac
2797 5388 3014 5456 nobilis,
3039 5389 3400 5457 dominantia
3423 5390 3591 5457 villae,
3616 5389 3897 5453 Harmiia

2263 5492 2443 5555 dictae;
2462 5490 2549 5544 ubi
2577 5486 2866 5558 aliquando
2878 5499 3046 5556 agens
3072 5483 3432 5553 Hieronymus
3453 5497 3577 5540 cum
3605 5482 3907 5567 Evagrio,

2265 5593 2456 5640 nactus
2487 5582 2561 5637 ibi
2590 5578 2985 5636 sanctissimum
3018 5578 3169 5633 illum
3195 5574 3463 5635 Metellum
3495 5575 3856 5635 monachum
3882 5622 3907 5647 ,

2262 5676 2428 5730 totius
2454 5675 2580 5728 vitae
2606 5672 2779 5742 ipsius
2804 5683 3023 5733 cursum
3039 5706 3057 5736 ,
3081 5683 3242 5738 quam
3276 5676 3462 5735 postea
3494 5667 3669 5729 laetus
3688 5682 3912 5733 senex

2260 5765 2610 5835 conscripsit,
2638 5760 2882 5832 accepit:
2913 5767 3138 5814 testatur
3167 5758 3219 5813 id
3246 5758 3465 5828 quidem
3497 5759 3915 5831 Hieronymus

2264 5861 2398 5932 ipse,
2426 5873 2548 5916 cum
2577 5860 2652 5913 ait
2684 5873 2698 5910 :
2736 5872 2756 5908 ι
2785 5854 3025 5913 Maronis
3069 5853 3288 5926 triginta
3337 5852 3457 5911 fere
3511 5855 3755 5914 millibus
3816 5861 3921 5923 ιι)
