4124 6350
316 377 388 440 93
1395 375 1534 432 DIVI
1577 375 1959 437 Hl-ERONYMI
1994 377 2542 442 PEREGRINATIO.

3541 405 3612 464 94

316 488 627 557 Antiochia,
649 487 802 546 ἰιι-δε
850 487 1046 562 Syrias,
1084 489 1228 546 haud
1277 493 1498 564 grandis
1536 494 1603 550 a'd
1643 494 1915 550 Orientem
1941 495 1993 559 Α
2021 495 2232 565 culum,
2268 499 2518 568 putabam
2549 515 2636 558 me
2660 500 2917 563 Romanis
2944 507 3211 568 interesse
3239 511 3476 576 deliciis!
3507 517 3612 578 Se-

317 587 480 643 distat
511 585 716 641 viculus
743 601 756 638 :
791 582 900 650 hic,
929 591 1052 655 post
1081 585 1278 642 mullos
1313 587 1398 643 vel
1431 587 1678 644 dominos
1701 589 1788 645 vel
1819 605 1911 661 pa-

317 691 530 746 tronos,
560 677 686 732 dum
716 691 816 750 ego
839 676 1272 736 adolescentulus
1299 695 1540 737 morarer
1565 682 1616 738 in
1640 682 1816 755 Syria,
1842 684 1907 739 ad

314 790 468 846 papze
511 773 720 846 Evagrii
752 772 847 847 (ο),
879 775 1166 832 necessarii
1208 775 1343 842 mei,
1385 779 1777 848 possessionem
1809 780 1908 836 de-

316 867 533 924 volutus
564 875 646 922 est
671 907 685 923 .
715 878 874 935 quem
906 864 1107 920 idcirco
1139 881 1280 923 nunc
1307 868 1616 937 nominavi,
1648 880 1705 926 ut
1731 881 1910 929 osten-

312 959 498 1016 derem
521 1000 538 1026 ,
573 959 716 1014 unde
742 971 990 1024 nossem,
1016 957 1156 1028 quod
1187 959 1486 1030 scripturus
1512 976 1628 1018 sum
1660 962 1907 1033 (Hieron.

310 1053 366 1110 in
390 1052 510 1107 Vita
540 1049 778 1116 Manlii).
807 1068 828 1105 ι
863 1050 991 1109 Post
1015 1066 1144 1110 vero
1162 1053 1486 1122 descriptam
1510 1056 1722 1127 egregie
1745 1056 1906 1116 vitam

311 1147 531 1214 Mali-lii,
557 1146 658 1202 ista
680 1146 746 1203 ad
771 1153 1130 1218 postremum:
1153 1166 1174 1200 ι
1198 1147 1343 1215 Haec,
1368 1149 1564 1221 inquit,
1589 1151 1717 1208 mihi
1741 1166 1909 1209 senex

305 1239 556 1298 Malchus
575 1237 972 1296 adolescentulo
1001 1239 1213 1308 retulit,
1244 1241 1359 1298 hmc
1381 1257 1481 1315 ego
1508 1245 1661 1300 vobis
1694 1245 1906 1302 narravi

304 1348 500 1402 senex,
532 1342 588 1390 et
625 1333 787 1390 castis
836 1333 1114 1391 historiam
1163 1336 1422 1393 castitatis
1469 1354 1703 1410 expono.
1731 1360 1752 1396 ι
1789 1342 1907 1407 Ouo

304 1427 472 1498 plane
499 1426 694 1484 Malcbi
747 1427 1016 1500 exemplo,
1047 1437 1103 1484 et
1130 1428 1355 1485 aliorum
1387 1431 1740 1500 plurimorum
1789 1450 1905 1492 mo-

304 1519 638 1586 nachorum,
665 1518 856 1590 quibus
888 1519 969 1590 (ut
1009 1520 1262 1595 vidimus)
1294 1520 1448 1594 Syria
1490 1533 1616 1582 tunc
1644 1526 1912 1599 florebat,

301 1611 532 1672 incaluit
574 1628 668 1670 cor
710 1613 826 1684 ejus
870 1614 939 1671 ad
978 1617 1400 1675 consectandum
1439 1620 1564 1676 vitai
1595 1624 1904 1680 monasticae

302 1705 615 1764 institutum
642 1724 656 1760 :
687 1721 812 1765 cum
842 1717 898 1764 et
927 1707 994 1764 ad
1024 1708 1424 1779 Theodosium,
1459 1713 1640 1783 magni
1670 1714 1902 1772 nominis

303 1798 479 1854 virum
521 1798 635 1870 (ά),
677 1807 732 1856 et
777 1799 915 1857 alios
963 1802 1254 1872 praeclaros
1298 1804 1650 1863 anachoretas
1697 1808 1903 1866 litteras

2017 589 2209 646 debam
2239 593 2408 660 solus,
2439 595 2528 666 qui
2557 599 2914 673 amaritudine
2955 603 3145 671 plenus
3190 622 3370 677 erant;
3407 611 3603 672 horre-

2014 683 2146 741 bant
2165 702 2323 743 sacco
2353 692 2595 747 membra
2619 692 2902 762 deformia,
2925 709 2980 754 et
3006 701 3244 771 squalida
3273 707 3411 762 cutis
3439 710 3602 768 situm

2012 776 2333 850 [Ethiopicae
2355 783 2530 838 carnis
2551 785 2880 844 obduxerat:
2906 792 3140 859 quotidie
3168 795 3444 870 lacrymaa,
3461 817 3601 872 quo~

2014 872 2144 930 tidie
2187 875 2452 943 gemitus;
2499 886 2555 933 et
2591 879 2633 933 si
2686 882 2899 950 quando
2947 898 3332 958 repugnantem
3377 908 3602 956 somnus

2009 965 2296 1024 imminens
2323 973 2704 1040 oppressisset,
2737 977 2878 1032 nuda
2907 977 3068 1035 humo
3117 982 3201 1040 vix
3233 999 3354 1042 ossa
3386 986 3600 1046 hteren-

2011 1057 2086 1114 tia
2116 1061 2456 1119 collidebam.
2509 1066 2582 1121 De
2618 1066 2752 1124 cibis
2801 1085 2928 1126 vero
2971 1083 3027 1130 et
3074 1085 3200 1144 potu
3250 1087 3423 1146 taceo,
3473 1095 3598 1145 cum

2009 1150 2172 1207 etiam
2215 1152 2528 1225 languentes
2571 1161 2818 1216 monachi
2865 1177 3002 1233 aqua
3033 1165 3220 1236 frigida
3267 1180 3502 1239 utantur,
3537 1186 3597 1237 et

2009 1251 2219 1297 coctum
2252 1245 2448 1316 aliquid
2479 1251 2778 1320 accepisse,
2810 1253 3016 1310 luxuria
3047 1257 3136 1314 sit.
3167 1261 3258 1318 llle
3291 1265 3448 1335 igitur
3473 1283 3594 1342 ego,

2008 1333 2097 1403 qui
2128 1335 2196 1390 ob
2225 1337 2487 1406 gehennae
2535 1350 2736 1396 metum
2788 1346 2878 1400 tali
2912 1362 2997 1403 me
3035 1363 3250 1406 carcere
3301 1333 3413 1425 ipse
3441 1333 3594 1414 dam;

2007 1439 2289 1495 naveram,
2343 1435 2688 1501 scorpionum
2735 1447 2938 1495 tantum
2993 1445 3170 1500 socius
3217 1454 3269 1502 et
3323 1449 3592 1522 ferarum,

2005 1533 2152 1592 saepe
2180 1522 2360 1579 choris
2390 1526 2675 1584 intereram
2709 1533 3000 1601 puellarum
3030 1555 3040 1589 :
3077 1539 3342 1606 pallebant
3370 1559 3462 1601 ora
3504 1547 3593 1618 je-

2003 1609 2192 1680 juniis,
2223 1624 2273 1669 et
2300 1631 2452 1671 mens
2475 1617 2752 1676 desideriis
2775 1628 3036 1682 aestuabat
3059 1630 3108 1683 in
3135 1630 3322 1707 frigido
3344 1609 3587 1712 corpore,

2005 1713 2062 1759 et
2091 1716 2215 1762 ante
2259 1709 2530 1766 hominem
2563 1728 2658 1769 sua
2686 1714 2794 1785 jam
2825 1724 3000 1776 carne‘
3021 1738 3400 1790 praemortuum
3443 1709 3590 1807 [leg.,

2005 1813 2193 1866 suum,
2235 1801 2344 1871 jam
2379 1818 2540 1860 carne
2572 1811 2922 1884 praemortua]
2955 1815 3064 1869 sola
3099 1817 3376 1876 libidinum
3410 1801 3592 1883 incert:-

300 1890 482 1959 ded“,
517 1901 706 1960 ρειεηε
734 1906 921 1950 eorum
954 1894 1204 1964 precibus
1243 1896 1378 1951 εοινί
1418 1898 1647 1954 vinculis
1679 1900 1894 1968 saeculi;
1931 1901 1976 1964 Β
2003 1892 2088 1948 dia
2141 1894 2454 1952 bulliebant.
2507 1899 2688 1972 Itaque
2737 1903 2881 1958 omni
2928 1908 3126 1963 auxilio
3170 1910 3478 1985 destitutus,
3520 1919 3589 1977 ad

301 1984 394 2041 ubi
429 1985 546 2040 haec
592 1985 736 2043 inter
761 1984 863 2041 alia
892 2005 904 2042 :
944 2004 963 2038 ι
993 1987 1144 2043 Nunc
1172 2002 1412 2046 vesnum
1440 2001 1525 2048 est
1551 2001 1612 2048 ut
1653 1993 1897 2049 volunta-

299 2085 411 2134 tem
461 2086 721 2149 sequatur
769 2078 1030 2146 effectus;
1077 2095 1257 2138 meum
1287 2091 1370 2140 est
1417 2092 1474 2140 ut
1521 2086 1712 2153 velim;
1743 2087 1899 2142 obse-

297 2173 604 2230 crationum
657 2184 960 2230 vestrarum
1004 2182 1088 2231 est
1125 2184 1186 2232 ut
1223 2176 1366 2247 quod
1407 2177 1566 2238 velim
1599 2188 1653 2234 et
1695 2181 1894 2250 possim

296 2262 503 2336 (men,
527 2264 681 2333 ιρίιι.
704 2264 820 2335 58).
847 2283 868 2320 ι

370 2353 518 2408 Inter
549 2354 667 2411 haec
692 2354 948 2426 temporis
988 2358 1186 2427 spatia,
1217 2372 1340 2414 cum
1370 2359 1496 2430 quid
1537 2372 1681 2419 esset
1709 2365 1896 2422 decer-

294 2446 537 2516 nendum
563 2446 632 2503 de
661 2456 802 2504 statu
842 2462 942 2506 suo
991 2449 1160 2506 Deum
1204 2466 1496 2522 servosque
1526 2454 1620 2512 Dei
1667 2458 1736 2512 ita
1767 2473 1894 2515 con-

293 2538 533 2606 Suleret,
565 2553 730 2616 agens
751 2539 1050 2598 Antiochia:
1080 2542 1360 2600 docentem
1389 2546 1592 2602 audivit
1621 2550 1893 2618 Apollina-

293 2647 438 2699 rem,
469 2633 526 2705 6
552 2633 618 2690 de
648 2649 754 2705 quo
784 2634 900 2706 ipse
924 2634 989 2690 ad
1014 2635 1410 2693 Pammachium
1438 2658 1449 2693 :
1474 2658 1493 2692 ι
1526 2641 1890 2712 Apollinarem

293 2724 661 2787 Laodicenum
705 2728 882 2786 audivi
933 2728 1234 2788 Antiochia:
1281 2729 1590 2803 frequenter
1628 2744 1682 2792 et
1720 2740 1888 2808 colui;

289 2829 345 2876 et
375 2833 502 2875 cum
545 2834 632 2876 me
663 2819 718 2874 in
763 2820 965 2877 sanctis
994 2821 1287 2891 Scripturis
1315 2826 1583 2896 erudirct,
1618 2845 1889 2901 nunquam

289 2910 434 2968 illius
480 2912 873 2968 contentiosum
927 2929 1091 2986 super
1136 2930 1300 2973 sensu
1349 2918 1542 2990 dogma
1591 2924 1830 2996 suscepi.
1863 2945 1884 2980 ι

289 3005 420 3064 Haec
450 3007 583 3078 ipse.
617 3007 785 3066 Porro
813 3025 934 3066 cum
963 3013 1048 3083 (ut
1075 3015 1324 3084 superius
1353 3018 1556 3076 dictum
1586 3021 1692 3093 est)
1723 3023 1888 3094 Apol.

288 3097 480 3160 linaris
523 3101 761 3158 nondum
810 3105 1044 3174 perfecte
1089 3109 1335 3180 cognitus
1382 3125 1561 3183 neque
1603 3116 1886 3174 damnatus

282 3204 464 3264 esset,
495 3197 721 3254 licenter
748 3199 1005 3268 docebat,
1033 3202 1463 3276 audiebaturque
1488 3207 1754 3268 licentius.

2001 1987 2126 2042 Jesu
2152 1988 2394 2058 jacebam
2433 1992 2613 2061 pedes,
2647 1995 2882 2066 rigabam
2932 1999 3202 2072 lacrymis,
3237 2007 3384 2065 crine
3415 2019 3588 2084 terge-

2002 2080 2123 2136 bam
2144 2127 2156 2150 ,
2187 2093 2241 2138 et
2268 2098 2650 2156 repugnantem
2680 2105 2897 2149 carnem
2931 2095 3382 2158 hebdomadarum
3415 2080 3591 2172 inedia

2000 2174 2373 2246 subjugabam.
2405 2178 2520 2234 Non
2544 2182 2803 2238 erubesco
2829 2187 3074 2244 confiteri
3103 2192 3426 2256 infelicitatis
3455 2214 3591 2258 mea:

1999 2266 2308 2334 miseriam;
2355 2271 2483 2340 quin
2534 2273 2710 2342 potius
2754 2276 2951 2349 plango
2997 2297 3082 2336 me
3127 2298 3232 2338 non
3284 2301 3402 2344 esse
3444 2292 3588 2362 quod

1996 2357 2208 2416 fuerim.
2233 2361 2448 2418 Memini
2476 2380 2561 2421 me
2591 2367 2936 2437 clamantem,
2963 2373 3102 2431 diem
3129 2379 3320 2435 crebro
3346 2357 3589 2450 jumiisse

1998 2463 2118 2504 cum
2149 2462 2324 2519 nocte,
2352 2469 2450 2510 nec
2480 2457 2628 2525 prius
2655 2474 2685 2514 a
2715 2463 2949 2530 pectoris
2980 2480 3221 2525 cessasse
3243 2471 3584 2548 verberibus,

1996 2557 2154 2613 quam
2186 2548 2422 2617 rediret,
2453 2551 2676 2608 Domino
2723 2556 3053 2630 increpante,
3085 2565 3460 2634 tranquillitas.
3497 2567 3584 2641 lp-

1996 2653 2110 2694 sain
2166 2656 2378 2712 quoque
2429 2645 2675 2701 cellulam
2734 2665 2946 2717 meam,
3002 2654 3153 2724 quasi
3205 2659 3584 2726 cogitationum

1995 2745 2236 2786 mearum
2267 2735 2572 2804 consciam,
2607 2739 3086 2810 pertimescebam;
3113 2755 3169 2801 et
3209 2748 3448 2805 mihimet
3479 2752 3584 2807 ira-

1995 2827 2080 2876 tus
2109 2829 2165 2880 et
2204 2822 2427 2892 rigidus,
2458 2827 2610 2882 solus
2636 2828 2850 2890 deserta
2893 2834 3242 2902 penetrabam
3273 2853 3289 2892 :
3321 2849 3374 2894 et
3411 2840 3582 2898 sicubi

1993 2929 2225 2978 concava
2259 2919 2477 2976 vallium
2497 2960 2514 2988 ,
2537 2936 2722 2992 aspera
2753 2929 3050 2995 montium,
3080 2931 3289 3000 rupium
3315 2946 3581 3006 prmrupta

1991 3011 2311 3078 cernebam,
2344 3013 2415 3070 ibi
2446 3030 2581 3072 meae
2611 3020 2870 3076 orationis
2917 3022 3091 3090 locus,
3123 3024 3193 3081 ibi
3225 3026 3352 3084 illud
3385 3028 3576 3086 miser-

1990 3105 2142 3160 rimae
2160 3107 2349 3166 carnis
2390 3112 2751 3180 ergastulum;
2787 3124 2873 3182 et,
2906 3125 2964 3171 ut
2999 3118 3114 3187 ipse
3151 3120 3302 3176 testis
3340 3131 3423 3178 est
3471 3123 3579 3180 Do-

1989 3198 2189 3270 minus,
2222 3209 2342 3268 post
2371 3203 2567 3258 multas
2612 3204 2897 3276 lacrymas,
2930 3217 3046 3277 post
3075 3210 3214 3269 cmlo
3256 3212 3580 3274 inhaerentes

359 3288 438 3344 De
471 3291 592 3345 ιοω
617 3305 770 3361 νει-ο.
802 3307 830 3346 a
874 3302 1063 3348 sane“,
1095 3294 1420 3368 Hieronymo
1448 3299 1502 3356 ί..
1548 3301 1719 3373 syria,
1750 3305 1880 3362 εοιί,
1912 3299 1962 3366 c
1993 3292 2199 3358 oculos,
2233 3307 2614 3364 nonnunquam
2645 3297 2868 3356 videbar
2897 3301 3029 3360 mihi
3071 3303 3332 3363 interesse
3358 3311 3580 3380 agmini-

285 3378 502 3452 tudine,
527 3382 593 3435 ad
623 3382 971 3442 habitandum
1002 3386 1235 3458 delecto,
1261 3390 1330 3445 ad
1358 3389 1728 3452 Chromatium
1757 3400 1882 3456 scri-

280 3472 442 3542 bens,
483 3473 556 3532 ita
601 3475 714 3548 ipse
755 3478 1034 3536 meminit:
1069 3499 1088 3532 ι
1118 3481 1176 3535 1η
1205 3496 1266 3536 ea
1314 3495 1468 3553 parte
1521 3487 1712 3545 delata:
1756 3501 1882 3550 sunt

282 3567 416 3642 (tua:
442 3567 654 3634 scilicet
685 3569 897 3644 litterae)
937 3588 1060 3644 quae
1097 3572 1234 3630 inter
1263 3574 1430 3649 Syros
1457 3586 1514 3636 et
1552 3578 1880 3642 Sarracenos

280 3669 498 3714 vastum
529 3660 760 3720 limitem
779 3664 941 3726 ducit.
967 3685 986 3720 ι
1017 3666 1216 3726 Eadem
1241 3668 1402 3728 habet
1421 3671 1487 3728 ad
1518 3673 1875 3736 Florentium.

276 3746 556 3809 Chalcidis
596 3756 889 3824 provincia:
935 3771 1000 3814 ea
1028 3768 1144 3822 erat
1185 3760 1267 3832 (ut
1296 3763 1423 3820 alibi
1464 3765 1580 3834 ipse
1627 3771 1875 3842 testatur)

274 3847 517 3906 solitudo
546 3848 750 3924 (Hiera,
774 3852 920 3924 epist.
947 3853 1038 3920 ιδ,
1062 3852 1127 3923 6;
1154 3852 1320 3928 Pref.
1347 3859 1402 3914 in
1435 3861 1695 3934 Abdiem).

351 3963 532 4019 Fuere
559 3963 675 4035 ejus
703 3966 931 4023 comites
958 3967 1303 4026 Innocentius
1346 3983 1508 4044 atque
1549 3975 1735 4049 Hylas,
1775 3992 1878 4034 ac-

275 4056 549 4126 cessitque
580 4066 766 4127 postea
799 4058 1142 4118 Heliodorus.
1191 4062 1287 4119 His
1317 4067 1566 4124 omnibus
1614 4069 1874 4141 Evagrius

274 4147 650 4204 Antiochenus
676 4160 870 4214 emta
911 4157 1216 4212 necessaria
1256 4157 1626 4230 ministrabat;
1659 4167 1786 4235 quin
1817 4175 1872 4223 et

267 4238 400 4307 eius
429 4241 687 4310 impensis
717 4244 1054 4319 Hieronymo
1086 4249 1152 4304 ad
1200 4251 1517 4309 scribendos
1548 4253 1712 4312 libros
1742 4272 1871 4330 sup-

271 4331 500 4402 peditati
530 4343 657 4391 sunt
682 4337 1003 4407 antiquarii;
1038 4339 1145 4397 illis
1179 4344 1325 4399 enim
1355 4359 1414 4400 se
1453 4345 1524 4402 ibi
1567 4348 1871 4408 abundasse

269 4431 538 4491 “statim
572 4427 920 4500 ejusdemque
949 4431 1160 4503 Evagrii
1189 4449 1373 4506 opera,
1406 4438 1598 4495 litterae
1640 4458 1762 4512 qua
1790 4446 1873 4501 di-

273 4519 455 4575 ursis
482 4534 549 4575 ex
582 4520 716 4578 locis
745 4524 1086 4580 Antiochiam
1122 4528 1508 4600 afferebantur,
1535 4534 1707 4591 eidem
1739 4538 1869 4593 red-

266 4612 569 4681 debantur;
607 4615 950 4689 vicissimque
995 4619 1064 4674 ad
1109 4621 1244 4676 alios
1288 4623 1596 4693 mittendas,
1636 4628 1704 4685 ab
1751 4631 1867 4702 ipso

263 4703 366 4770 me
390 4706 690 4777 accipiebat
719 4707 916 4778 tum,
949 4712 1101 4781 φίει.
1123 4711 1216 4777 tt,
1245 4713 1334 4778 43,
1360 4715 1438 4785 6).

383 4803 451 4860 ed
496 4805 658 4860 rebus
699 4805 752 4861 in
782 4808 924 4862 hunc
953 4807 1170 4863 modum
1200 4809 1364 4878 prabe
1393 4809 1693 4884 dispositis,
1735 4815 1863 4873 illud

262 4897 544 4956 bacatum
577 4899 631 4953 in
662 4899 850 4969 primis
877 4901 1104 4969 accidit,
1132 4912 1191 4958 ut
1218 4903 1528 4962 dUIClSSimO
1549 4909 1746 4965 comite
1778 4910 1862 4966 ln-

262 4992 526 5048 Iocentio
557 5000 732 5048 morte
772 4994 1039 5054 exstincto
1071 4996 1390 5065 privaretur,
1437 4998 1861 5074 Heliodorusque

258 5082 376 5142 cito
404 5084 726 5150 recesserit,
757 5100 854 5156 spe
880 5097 1061 5144 tamen
1101 5089 1392 5159 redeundi;
1424 5092 1540 5162 ipse
1571 5111 1698 5151 vero
1742 5114 1861 5155 cre-

262 5175 382 5232 bris
430 5175 698 5232 laboraret
749 5179 994 5248 corporis
1043 5180 1462 5241 infirmitatibus.
1514 5185 1665 5252 Quod
1713 5203 1858 5261 smpe

263 5270 518 5341 queritur
547 5271 616 5325 ad
661 5272 908 5331 diversos
947 5273 1149 5330 amicos
1196 5275 1439 5334 scribens
1472 5276 1675 5349 (Hien,
1708 5285 1856 5351 epist.

257 5360 357 5431 et,
392 5363 442 5426 I,
468 5363 559 5432 37,
584 5362 640 5430 3,
665 5363 756 5430 51,
781 5363 896 5436 tt).

337 5452 480 5520 Quas
515 5453 736 5524 insuper
775 5467 973 5526 preter
1002 5457 1119 5514 hac
1165 5473 1354 5529 passus
1383 5462 1454 5518 sit
1505 5464 1854 5536 impugnatio-

255 5560 362 5606 nes
392 5547 732 5615 daemonum,
764 5558 817 5605 et
845 5567 964 5622 qum
993 5567 1120 5607 eum
1156 5557 1498 5613 exercuerim
1529 5560 1710 5628 praebe
1740 5577 1858 5617 car-

254 5638 367 5703 nis,
404 5638 491 5695 hic
519 5650 763 5697 retexam
793 5658 860 5698 ex
889 5645 1128 5714 ejusdem
1159 5650 1388 5717 epistola
1410 5651 1474 5704 ad
1507 5652 1853 5710 Eustochium

252 5731 458 5804 (Hiera,
492 5734 819 5807 epirtﬂi):
859 5756 879 5790 ‹
913 5740 959 5794 0
1005 5741 1216 5810 ῳιυιίεε
1259 5759 1361 5813 ego
1407 5746 1521 5815 ipse
1571 5750 1624 5802 in
1670 5763 1856 5805 eremo

253 5827 602 5896 consumtus,
637 5839 693 5886 et
732 5831 786 5886 in
829 5832 916 5886 illa
959 5844 1109 5889 vasta
1153 5835 1463 5907 solitudine,
1499 5855 1636 5911 quae,
1663 5854 1850 5899 exusta

253 5919 388 5977 solis
414 5921 725 5990 ardoribus,
756 5924 1030 5983 horridum
1071 5931 1350 5988 monachis
1395 5943 1615 6004 praestat
1643 5936 1851 5993 habita-

1988 3382 2089 3442 bus
2114 3386 2458 3456 angelorum;
2487 3397 2542 3446 et
2568 3391 2722 3450 laetus
2747 3395 3094 3468 gaudensque
3120 3399 3364 3458 dicebam
3394 3419 3412 3458 :
3450 3403 3580 3462 Poet

1985 3485 2034 3532 te
2075 3478 2129 3532 in
2160 3479 2368 3535 odorem
2397 3493 2780 3551 unguentorum
2808 3497 3014 3544 tuorum
3045 3493 3366 3552 cucurrimus
3402 3497 3577 3565 (Cant.

1986 3568 2048 3642 ι).
2081 3589 2101 3624 ι
2133 3571 2403 3630 Hactenus
2435 3574 2552 3645 ipse

2056 3688 2255 3744 Verum
2299 3704 2406 3745 non
2449 3691 2653 3762 jejunia
2697 3696 2902 3764 solum,
2937 3696 3183 3770 aliasque
3227 3700 3571 3776 afflictiones,

1982 3780 2049 3835 ad
2091 3782 2268 3836 carnis
2315 3783 2549 3851 impetus
2597 3786 2966 3855 infrenandos,
3017 3791 3335 3858 adhibebat,
3382 3796 3479 3852 sed
3518 3806 3577 3856 et

1977 3873 2104 3942 iuge
2146 3873 2382 3930 studium
2429 3875 2773 3934 litterarum:
2819 3881 2963 3937 unde
3015 3883 3128 3955 ipse
3175 3884 3241 3940 ad
3291 3885 3571 3948 Rusticum

1979 3965 2225 4020 scribens
2254 3966 2369 4023 hinc
2404 3968 2478 4024 ait
2521 3968 2725 4040 (Περι-η
2749 3973 2899 4044 epist.
2928 3972 2986 4045 Δ)
3013 3991 3028 4030 :
3067 3993 3085 4027 ‹
3116 3975 3251 4032 Dum
3277 3994 3452 4036 essem
3477 3979 3570 4053 ju-

1977 4061 2150 4128 venis,
2179 4070 2235 4118 et
2264 4062 2572 4121 solitudinis
2605 4081 2693 4123 me
2735 4067 2950 4125 deserta
2981 4070 3270 4144 vallarent,
3305 4074 3570 4136 incentiva

1977 4153 2260 4222 vitiorum,
2291 4155 2650 4228 ardoremque
2697 4170 2902 4216 naturae
2950 4161 3089 4220 ferre
3121 4179 3228 4221 non
3277 4177 3566 4236 poteram:

1976 4258 2133 4314 quem
2164 4260 2286 4301 cum
2317 4247 2525 4304 crebris
2562 4250 2784 4320 jejuniis
2831 4254 3162 4326 frangerem,
3195 4273 3347 4316 mens
3388 4269 3567 4320 tamen

1973 4341 2390 4411 cogitationibus
2420 4347 2706 4412 aestuabat;
2736 4347 2802 4401 ad
2828 4361 2992 4418 quam
3033 4349 3385 4408 edomandam
3405 4397 3418 4421 ,
3450 4356 3570 4410 cui-

1974 4434 2096 4490 dam
2127 4437 2309 4503 fratri,
2340 4439 2430 4509 qui
2463 4453 2526 4494 ex
2567 4439 2809 4497 Hebraeis
2837 4444 3168 4511 crediderat,
3209 4461 3295 4503 me
3327 4450 3378 4502 in
3407 4448 3569 4505 disci-

1973 4529 2175 4599 plinam
2208 4529 2363 4597 dedi,
2393 4540 2450 4587 ut
2480 4542 2601 4601 post
2627 4531 2941 4601 Quintiliani
2984 4536 3250 4603 acumina,
3280 4537 3564 4596 Ciceronis

1973 4620 2186 4690 fluvios,
2214 4623 2638 4694 gravitatemque
2667 4624 2976 4696 Frontonis,
2999 4638 3053 4683 et
3076 4629 3348 4686 lenitatem
3373 4631 3561 4701 Plinii,

1895 4705 1946 4766 Ι)
1972 4715 2318 4786 alphabetum
2367 4716 2670 4783 discerem,
2711 4727 2764 4775 et
2819 4717 3101 4776 stridentia
3145 4723 3568 4796 anhelantiaque

1976 4811 2025 4881 7
2058 4809 2215 4865 verba
2266 4810 2574 4868 meditarer.
2606 4813 2741 4880 Quid
2791 4814 2861 4871 ibi
2906 4815 3105 4873 laboris
3149 4817 3561 4891 lnsnmpserim,

1973 4902 2097 4971 quid
2123 4901 2468 4957 sustinuerim
2503 4901 2850 4973 difﬁcultatis,
2881 4908 3094 4977 quoties
3124 4909 3558 4981 desperaverim,

1969 4994 2178 5063 quoties
2223 4995 2566 5062 cessaverim,
2604 5005 2659 5053 et
2687 4999 3036 5056 contentione
3081 5001 3322 5057 discendi
3371 5016 3559 5059 rursus

1968 5084 2281 5156 inceperim,
2315 5091 2466 5144 testis
2485 5099 2568 5145 est
2595 5092 2950 5160 conscientia,
2974 5103 3081 5148 tam
3105 5107 3221 5148 mea
3245 5092 3334 5162 qui
3366 5107 3554 5163 passus

1965 5192 2115 5247 eum,
2147 5189 2306 5250 quam
2334 5195 2518 5238 eorum
2564 5182 2656 5254 qui
2696 5198 2905 5239 mecum
2935 5184 3203 5238 duxerunt
3247 5183 3442 5239 vitam.
3491 5183 3558 5242 Et

1963 5274 2162 5344 gratias
2185 5288 2285 5345 ago
2311 5273 2423 5331 Deo
2459 5291 2602 5342 meo,
2633 5278 2772 5348 quod
2804 5277 2872 5332 de
2898 5290 3082 5330 amaro
3112 5275 3320 5333 semine
3365 5277 3552 5334 2uera-

1963 5379 2081 5420 rum
2112 5366 2300 5422 dulces
2324 5369 2526 5424 fructus
2555 5383 2738 5438 carpo.
2773 5388 2791 5421 ι
2826 5369 2950 5423 Hinc
2980 5367 3114 5436 ipse.

2034 5477 2252 5548 Raram,
2276 5485 2344 5538 ad
2369 5500 2456 5540 an.
2475 5483 2579 5539 572
2608 5495 2654 5537 et
2678 5482 2807 5541 378.
2835 5511 2905 5523 -—
2927 5482 3003 5538 Ex
3024 5483 3205 5540 multis
3226 5498 3353 5541 vero
3368 5499 3557 5541 terum-

1961 5570 2066 5638 nis,
2102 5574 2294 5642 quibus
2324 5575 2394 5629 ibi
2427 5576 2660 5644 graviter
2706 5573 2990 5632 afflictatus
3029 5585 3150 5645 est,
3202 5577 3306 5633 illa:
3334 5577 3554 5649 quidem

1960 5663 2064 5718 sibi
2088 5668 2334 5720 maxima:
2360 5668 2485 5720 visa:
2510 5674 2654 5732 sunt;
2678 5667 2818 5736 quod
2852 5667 3211 5726 Occidentalis
3231 5670 3346 5740 ipse
3366 5670 3552 5738 homo,

1959 5757 2181 5829 collegis
2214 5774 2399 5828 parum
2431 5760 2695 5830 cognitus,
2727 5772 2995 5834 suspecta
3033 5763 3144 5818 illis
3173 5763 3294 5818 fidei
3328 5762 3554 5820 habere-

1958 5857 2063 5904 tur.
2095 5850 2224 5904 Nam
2255 5849 2497 5906 eamdem
2537 5867 2756 5923 prorsus
2781 5856 3125 5922 calumniam,
3169 5871 3326 5925 quam
3368 5855 3549 5912 Pauli-

1957 5955 2058 5996 nus
2089 5942 2372 6012 episcopus
2425 5945 2792 6006 Antiochenus
2822 5947 2905 6020 (ut
2933 5947 3164 6006 vidimus
3196 5962 3259 6004 ex
3304 5947 3549 6019 Epipha-
