4124 6350
540 343 611 403 95
1616 339 1986 397 PRELUDIA
2032 339 2123 396 AD
2162 339 2420 399 LIBRUM
2465 341 2753 401 PRIMUM.
3773 355 3841 411 96

541 459 634 515 nio
664 465 826 530 atque
850 452 1216 529 Theodoreto)
1248 467 1439 528 passus
1485 462 1569 510 est
1617 469 1648 510 a
1679 453 1853 510 Vitale
1883 456 2136 526 primum,
2165 458 2217 519 Α
2243 456 2397 512 cibus
2426 456 2654 514 Paulino
2683 468 2736 515 et
2786 457 3106 528 Epiphanio,
3164 463 3527 523 ecclesiastica
3588 465 3839 529 traxisse‘

547 564 613 606 ac
640 550 833 607 deinde
864 565 894 604 a
924 550 1203 617 Flaviano,
1233 563 1354 605 cum
1385 546 1452 603 ab
1489 547 1569 603 eis
1597 547 1930 603 Sabellianus
1955 550 2141 618 appel-

546 642 774 711 laretnr,
812 645 919 714 pati
975 645 1186 714 cogitur
1230 650 1446 698 sanctus
1498 642 1855 713 Hieronymus
1886 641 1939 696 in
1971 641 2140 713 Syrias

546 736 830 791 solitudine
881 736 1020 803 apud
1070 734 1381 790 Chalcidem
1427 733 1481 788 in
1531 748 1715 789 eremo
1755 749 1951 803 agens,
1996 733 2140 804 quod

550 829 976 884 communicaret
1005 843 1124 883 cum
1157 827 1344 883 eodem
1378 827 1626 891 Paulino,
1672 841 1699 879 a
1729 825 1942 893 Meletii,
1990 836 2139 895 puto,

545 920 805 977 Studiosis
851 921 1178 989 exagitatus;
1226 920 1532 974 nominatus
1577 927 1632 974 et
1679 919 1792 988 ipse
1834 919 1900 973 ab
1951 919 2140 974 iisdem

547 1012 908 1080 Sabellianus,
941 1012 1182 1082 adeoque
1215 1021 1458 1078 vexatus,
1488 1019 1547 1066 ut
1580 1019 1796 1066 coactus
1823 1008 1986 1066 fuerit
2018 1012 2142 1066 inde

547 1105 821 1159 recedere.
867 1103 1055 1159 Tradit
1108 1105 1221 1159 hmo
1264 1105 1440 1158 omnia
1495 1103 1609 1174 ipsc
1657 1102 1830 1175 (Hier.
1856 1104 2002 1174 epist.
2046 1104 2137 1176 77)

551 1197 796 1253 scribens
822 1198 887 1252 ad
921 1198 1157 1252 Marcum
1188 1198 1566 1269 presbyterum
1601 1197 2011 1254 Chalcidensem
2043 1197 2138 1270 (e).

870 1310 1134 1384 Profectio
1163 1313 1329 1383 prima
1364 1309 1820 1382 Jerosolymitana.

620 1426 768 1480 Anno
796 1424 986 1482 Christi
1014 1424 1140 1482 578.
1167 1425 1390 1494 Baron.,
1421 1426 1490 1479 ad
1518 1427 1751 1480 eumdem
1791 1443 1882 1483 an.
1914 1458 1984 1469 —
2026 1428 2143 1497 Quo

542 1528 726 1573 autem
751 1517 1020 1587 profectus
1050 1517 1123 1572 sit
1160 1517 1274 1587 ipse
1311 1530 1558 1588 egressus
1599 1532 1666 1572 ex
1717 1516 1886 1589 Syriae
1932 1533 2137 1587 eremo,

543 1617 695 1666 certe
727 1607 940 1678 quidem
970 1607 1360 1679 Jerosolymam
1395 1617 1523 1663 ante
1569 1606 1788 1675 abiisse,
1829 1623 1986 1679 quam
2027 1608 2141 1665 Ro-

555 1717 703 1758 mam
731 1702 940 1758 veniret
967 1702 1033 1757 ad
1055 1701 1364 1768 Damasum,
1394 1717 1460 1757 ex
1482 1701 1652 1772 ipsius
1673 1703 1974 1758 assertione
2017 1717 2141 1773 pro-

913 1797 926 1810 ,
1199 1798 1210 1809 .
1626 1799 1637 1810 .
1826 1801 1837 1811 .
1971 1800 1981 1811 .
2121 1800 2134 1812 .
2215 1823 2220 1833 Ι
2251 1797 2462 1818 ναιιιαοι
2491 1797 2752 1821 ιιιυιιιιυιιι
2775 1797 2968 1823 uucua
3004 1797 3282 1824 vcuturuut
3321 1797 3569 1840 numalu,
3613 1797 3717 1832 lter
3745 1797 3768 1846 [l

547 1798 726 1863 batur,
757 1799 883 1854 dum
912 1814 965 1852 in
1006 1797 1320 1868 prmfattone
1372 1798 1440 1853 ad
1487 1797 1769 1854 Paulinum
1825 1816 1878 1855 tn
1926 1798 2137 1873 Dtdymt
2172 1851 2221 1882 η
2247 1855 2506 1882 η-Μεω
2542 1859 2843 1882 -..ηυξ-Μ
2896 1874 3059 1882 “____
3737 1870 3768 1882 ,,

2172 1851 2224 1914 Β
2247 1855 2508 1913 Graeciam
2541 1859 2867 1929 suscepisse,
2891 1874 3062 1931 eoque
3097 1870 3341 1934 tempore
3395 1866 3634 1923 Athenas
3686 1870 3838 1927 adire

548 1891 992 1948 commentarium
1025 1892 1092 1947 de
1118 1891 1321 1961 Spiritu
1345 1900 1554 1961 sancto,
1580 1893 1841 1949 recedens
1871 1903 2001 1951 tunc
2033 1895 2140 1950 Ro-

555 1997 642 2036 ma
675 1991 793 2052 post
821 1981 1023 2036 obitum
1057 1981 1289 2048 Damasi,
1315 1997 1375 2036 se
1405 1983 1728 2051 postliminio
1749 1984 2139 2056 Jerosolymam

547 2089 823 2129 reversum
853 2073 1086 2129 afﬁrmat
1111 2091 1125 2141 ;
1157 2083 1212 2130 et
1241 2074 1292 2129 in
1323 2075 1548 2144 epistola
1579 2077 1643 2131 ad
1667 2077 1924 2146 Asellam,
1954 2095 2136 2149 quam,

546 2162 717 2221 Roma
770 2181 1056 2236 egressus,
1099 2181 1290 2222 navem
1341 2183 1737 2226 conscensurus
1781 2173 2136 2244 conscripsit,

546 2256 661 2312 ait:
695 2275 715 2310 ι
755 2258 860 2312 Ora
888 2268 1058 2313 autem
1082 2269 1136 2312 ut
1166 2260 1230 2313 de
1266 2257 1530 2330 Babylone
1554 2261 1931 2335 Jerosolymam
1972 2282 2140 2337 regre-

544 2350 664 2404 diar
687 2350 862 2422 (Hier.
907 2354 1059 2422 epist.
1103 2353 1217 2424 99).
1275 2372 1293 2405 ι
1345 2354 1549 2422 Quibus
1583 2357 1849 2430 intelligas
1872 2360 1982 2430 jam
2015 2369 2141 2418 ante

544 2442 721 2514 ipsum
752 2445 1101 2518 Jerosolymis
1146 2455 1418 2504 versatum
1467 2449 1655 2521 fuisse,
1704 2467 1863 2522 quam
1917 2454 2138 2512 Romam

545 2542 754 2596 veniret
777 2541 844 2596 ad
874 2542 1182 2598 Damasum.
1216 2543 1486 2610 Quantum
1536 2560 1663 2601 vero
1693 2547 1951 2619 temporis
1979 2550 2138 2606 Jero-

541 2633 769 2706 solymis
791 2636 1066 2704 manserit,
1097 2636 1236 2692 haud
1262 2638 1392 2693 satis
1422 2637 1606 2710 liquet.

905 2751 1161 2822 Profectio
1183 2751 1776 2827 ConstantinOpolitana.

618 2863 768 2919 Anno
792 2865 977 2921 Christi
997 2865 1126 2922 ³579.
1157 2867 1379 2935 Baron.,
1405 2871 1471 2922 ad
1503 2870 1733 2924 eumdem
1755 2887 1842 2925 an.
1894 2902 1952 2911 —
2006 2871 2140 2930 Gre-

551 2956 687 3027 gorii
711 2955 1030 3015 Nazianzeni
1053 2960 1195 3015 fama
1216 2970 1512 3030 permotus,
1537 2963 1901 3035 impulsusque
1923 2974 2142 3023 sanctus

549 3047 924 3120 Hieronymus,
950 3066 1055 3106 una
1096 3067 1216 3108 cum
1271 3053 1472 3123 collega
1506 3053 1809 3122 Vincentio,
1886 3072 1916 3112 e
1960 3057 2137 3129 Syria,

549 3147 654 3195 tam
687 3141 977 3213 longinquo
1003 3153 1267 3200 terrarum
1310 3143 1506 3212 spatio,
1540 3146 1764 3200 contulit
1793 3163 1852 3203 se
1881 3149 2140 3208 Constan-

2244 549 2302 621 8
2329 551 2621 606 necessitas
2651 551 2833 623 (Hier.
2859 554 3012 622 epist.
3052 551 3170 626 61),
3203 566 3308 612 etc.
3349 558 3551 616 Iudicat
3601 561 3681 618 his
3707 579 3838 624 sane

2245 645 2428 700 verbis
2446 645 2825 719 Hieronymus,
2852 661 2912 702 se
2936 658 3181 704 vocatum
3209 664 3240 704 a
3269 651 3514 708 Damaso.

2316 739 2422 795 Sed
2448 741 2590 810 quod
2614 742 2688 796 ait
2715 742 2931 798 venisse
2961 741 3184 798 Romam
3217 758 3336 800 cum
3370 747 3561 804 iisdetn
3592 753 3838 811 nomina-

2247 833 2312 889 tis
2345 834 2634 905 episcopis,
2665 834 2809 890 haud
2843 843 2970 906 puto
2995 835 3420 908 intelligendum,
3473 856 3594 897 eum
3651 845 3838 902 Antio-

2244 925 2364 981 chia
2394 942 2497 982 una
2521 941 2642 982 cum
2690 927 2914 982 Paulino
2939 927 3186 996 solvisse,
3241 931 3331 988 vel
3376 947 3495 988 cum
3540 935 3841 1007 Epiphanio

2246 1033 2278 1075 e
2299 1019 2477 1092 Cypro
2501 1020 2696 1075 insula.
2727 1019 2860 1075 Nam
2887 1036 3007 1076 cum
3041 1022 3209 1093 ipsius
3240 1029 3528 1096 sententia,
3556 1039 3614 1082 ut
3634 1029 3837 1087 dictum

2243 1124 2326 1170 est
2356 1115 2624 1186 superius,
2661 1124 2869 1171 constet
2891 1116 3062 1188 ipsum
3091 1119 3229 1187 apud
3261 1119 3578 1191 Gregorium
3608 1124 3838 1181 Nazian-

2245 1221 2434 1262 zenutn
2467 1207 2828 1277 permansisse
2870 1207 3334 1280 Constantinopoli
3364 1227 3533 1283 usque
3592 1215 3656 1268 ad
3700 1227 3838 1272 tem-

2245 1313 2364 1368 pus,
2399 1313 2505 1368 qno
2533 1298 2672 1354 idem
2698 1297 2988 1369 Gregorius
3014 1300 3382 1371 episcopatum
3427 1305 3543 1375 ejus
3578 1305 3839 1365 Ecclesiae

2243 1397 2566 1446 consecutus
2595 1399 2698 1457 est,
2733 1390 2891 1461 plane
2915 1402 3138 1461 apparet
3159 1407 3281 1448 eum
3314 1408 3423 1449 non
3469 1406 3595 1453 ante
3642 1407 3838 1467 praue-

2243 1483 2407 1539 ritum
2435 1498 2634 1539 annum
2663 1484 2954 1542 recessisse
2982 1484 3443 1558 Constantinopoli
3484 1508 3498 1543 :
3530 1505 3688 1561 quem
3721 1493 3839 1564 qui-

2244 1577 2367 1633 dem
2399 1577 2541 1633 haud
2598 1578 2850 1634 existimo
2890 1579 3230 1637 Antiochiam
3272 1598 3551 1640 reversum
3601 1601 3746 1655 esse,
3781 1599 3839 1649 ut

2243 1683 2362 1725 cum
2389 1670 2618 1726 Paulino
2647 1679 2702 1726 et
2722 1671 3022 1743 Epiphanio
3054 1688 3113 1729 se
3140 1673 3366 1731 Romam
3403 1679 3708 1744 conferret;
3741 1681 3838 1739 sed

2251 1763 2462 1818 Damasi
2491 1765 2752 1821 monitum
2775 1766 2968 1823 litteris
2998 1776 3282 1824 venturum
3321 1769 3569 1840 Romam,
3613 1774 3717 1832 iter
3745 1791 3840 1846 per

2244 1950 2500 2006 voluisse.
2526 1952 2702 2021 Ipsum
2727 1969 2957 2024 namque
2987 1955 3206 2025 petiisse
3231 1957 3491 2026 Athenas,
3526 1962 3688 2017 verba
3720 1965 3837 2021 hatc

2245 2041 2297 2096 in
2321 2045 2720 2100 commentariis
2750 2045 2804 2100 in
2855 2045 3168 2103 Zachariam
3215 2049 3378 2106 ﬁdem
3420 2052 3624 2108 faciunt
3653 2071 3667 2108 :
3699 2075 3717 2107 ι
3781 2056 3839 2112 lu

2242 2149 2386 2201 arce,
2420 2137 2611 2206 inquit,
2646 2137 3055 2194 Atheniensium
3083 2142 3232 2210 juxta
3253 2143 3599 2201 simulacrum
3643 2149 3840 2204 illiner-

2243 2239 2344 2293 γε,
2377 2228 2486 2283 vidi
2519 2230 2784 2298 Spltaeram
2818 2245 3012 2287 aeream
3052 2235 3352 2303 gravissimi
3372 2238 3644 2308 ponderis,
3677 2255 3838 2310 quam

2243 2334 2343 2390 ego
2361 2335 2455 2389 pro
2481 2321 2851 2378 imbecillitate
2869 2326 3169 2395 corpusculi
3187 2343 3402 2386 movere
3417 2331 3500 2384 vix
3517 2334 3680 2400 potui.
3703 2333 3839 2393 Cum

2244 2428 2543 2483 quaererem
2587 2415 2842 2485 quidnam
2881 2417 2983 2473 sibi
3023 2419 3219 2487 vellet,
3272 2409 3594 2493 respbnsum
3644 2435 3726 2482 est
3769 2429 3840 2487 ab

2244 2508 2393 2564 urbis
2419 2508 2533 2578 ejus
2558 2510 2873 2577 cultoribus,
2900 2512 3222 2568 athletarum
3249 2515 3301 2568 in
3347 2514 3436 2570 illa
3467 2532 3642 2572 massa
3687 2520 3841 2576 forti-

2245 2601 2488 2656 tudinem
2519 2603 2879 2671 comprobari,
2913 2619 3014 2660 nec
3073 2606 3219 2676 prius
3269 2606 3335 2663 ad
3386 2623 3612 2680 agonem
3647 2627 3840 2682 quem-

2243 2711 2403 2768 quam
2433 2697 2780 2767 descendere,
2811 2715 2967 2768 quam
3001 2717 3068 2756 ex
3124 2703 3395 2761 levatione
3423 2707 3676 2776 ponderis
3703 2710 3844 2767 scia-

2244 2796 2331 2842 tur
2353 2789 2471 2857 quis
2492 2788 2578 2844 cui
2601 2790 2797 2845 debeat
2833 2794 3134 2863 comparari
3192 2795 3462 2866 (Hieron.,
3510 2801 3564 2853 in
3617 2799 3841 2861 Zachar.

2246 2896 2364 2948 cap.
2391 2881 2510 2953 xu).
2546 2900 2564 2933 ›
2598 2881 2724 2936 Hmc
2752 2882 2885 2953 ipse.
2913 2885 3001 2940 Sic
3027 2885 3209 2956 igitur,
3254 2891 3343 2959 qui
3374 2888 3841 2964 Constantinopoli

2245 2973 2513 3030 recedens
2541 2989 2637 3044 per
2667 2975 2928 3031 Graeciam
2958 2979 3011 3032 in
3041 2979 3244 3037 Italiam
3269 2985 3436 3052 venit,
3490 2987 3680 3042 iisdem
3724 2988 3842 3058 epi-

2245 3067 2425 3137 scopis
2455 3067 2647 3123 eodem
2696 3076 2939 3138 tempore
2997 3075 3201 3129 vocatis
3241 3075 3465 3131 Romam
3504 3079 3842 3139 venientibus

2246 3158 2418 3227 potuit
2442 3161 2767 3216 occurrisse.
2801 3160 3026 3218 Venisse
3045 3164 3285 3221 creditur
3306 3176 3360 3222 et
3390 3169 3506 3237 ipse
3546 3181 3763 3227 vocatus
3810 3188 3841 3228 a

546 3234 849 3302 tinopolim.
877 3235 1144 3303 Quantum
1195 3246 1375 3290 autem
1425 3238 1678 3306 temporis
1706 3241 1990 3310 contigerit
2019 3242 2142 3300 Hie-
2172 3253 2219 3316 ε
2250 3248 2480 3306 Damaso
2510 3266 2666 3322 papa,
2693 3253 2780 3323 qui
2826 3267 2892 3308 eo
2919 3253 2972 3308 in
3004 3234 3445 3325 responsionibu's
3486 3262 3837 3333 synodalibus

546 3341 834 3399 ronymum
864 3330 1008 3401 apud
1039 3330 1354 3402 Gregorium
1389 3332 1853 3406 Constantinopoli
1900 3352 2141 3395 comnio-

545 3424 676 3491 rari,
710 3425 950 3480 exactius
976 3425 1333 3496 inquiramus,
1361 3443 1431 3483 ex
1464 3429 1774 3499 consignata
1813 3431 1880 3484 ab
1906 3431 2022 3500 ipso
2052 3448 2142 3487 su-

548 3515 730 3584 perius
761 3515 876 3585 ejus
915 3518 1222 3587 scriptionis
1252 3518 1707 3590 chronographia,
1740 3536 1862 3576 cum
1908 3531 2142 3578 testatur

547 3611 610 3663 se
640 3599 727 3662 illa
759 3607 1063 3678 scripsisse,
1096 3606 1354 3680 Gregorio
1375 3609 1490 3680 ipso
1518 3610 1631 3680 jam
1661 3609 1807 3667 facto
1834 3613 2141 3669 Constanti-

544 3699 858 3769 nopolitano
912 3697 1188 3770 episcopo.
1243 3700 1481 3770 Contigit
1528 3702 1583 3758 id
1634 3712 1756 3769 post
1802 3718 1999 3760 annum
2056 3720 2142 3762 se-

544 3800 816 3862 queutem.

618 3881 772 3949 Quod
806 3881 1024 3951 insuper
1042 3895 1102 3937 se
1127 3880 1202 3938 ibi
1233 3883 1548 3956 Gregorium
1595 3884 1896 3958 Nyssenum
1943 3900 2141 3959 cogno-

543 3975 688 4032 visse
716 3983 967 4040 testetur,
996 3989 1155 4045 quem
1180 3983 1422 4048 tempore
1449 3978 1663 4035 indictae
1685 3980 2141 4052 Constantinopo-

546 4067 727 4124 litanae
775 4067 965 4138 synodi
1003 4068 1129 4124 illuc
1155 4085 1274 4125 cum
1307 4071 1428 4125 aliis
1453 4072 1720 4142 episcopis
1749 4073 1973 4143 contigit
2017 4088 2140 4144 pro-

544 4156 746 4224 ﬁcisci;
780 4174 845 4214 ex
868 4159 974 4227 his,
1007 4160 1221 4231 inquam
1252 4161 1322 4232 (si
1353 4176 1383 4216 a
1410 4164 1661 4234 praesenti
1687 4179 1828 4219 anno
1856 4168 2136 4237 numeres)

545 4248 786 4306 invenies
811 4249 1196 4323 Hieronymum
1244 4255 1412 4310 tribus
1455 4253 1627 4310 ferme
1655 4257 1808 4311 annis
1835 4257 2140 4313 Constanti-

545 4350 729 4420 nopoli
757 4351 973 4409 audisse
1015 4354 1349 4426 Gregorium.
1409 4356 1527 4426 Ipse
1585 4372 1713 4415 vero
1763 4359 1830 4415 de
1877 4359 2138 4432 Gregorio

544 4441 789 4515 Nysseno
818 4445 890 4500 ita
915 4447 1199 4503 meminit:
1228 4467 1246 4499 ι
1285 4448 1597 4519 Gregorius,
1624 4448 1900 4520 Nyssenus
1927 4452 2137 4521 episco-

542 4548 665 4607 pus,
696 4537 861 4594 trater
910 4538 1089 4594 Basilii
1132 4537 1498 4606 Cmsariensis,
1531 4551 1658 4596 ante
1696 4555 1896 4611 paucos
1941 4557 2133 4611 annos,

2247 3351 2509 3399 uteretur.
2539 3343 2843 3415 Contigisse
2866 3357 3044 3402 autem
3077 3348 3286 3405 videtur
3316 3349 3487 3420 ipsius
3526 3354 3842 3429 Hieronymi

2244 3443 2299 3490 et
2321 3436 2550 3491 aliorum
2575 3438 2951 3508 episcoporum
2981 3440 3208 3496 Romam
3247 3443 3510 3501 adventus
3540 3450 3840 3507 autumnali

2245 3533 2520 3597 tempore;
2554 3544 2675 3583 nam
2735 3545 2855 3586 cum
2886 3533 2954 3588 ad
3008 3535 3245 3590 Asellam
3291 3538 3534 3594 scribens
3571 3540 3734 3610 dicat,
3786 3558 3844 3601 so

2245 3631 2414 3688 prope
2437 3621 2726 3676 triennium
2755 3622 2940 3680 Romae
2963 3627 3250 3696 mansisse,
3281 3631 3510 3689 minime
3534 3643 3710 3692 tamen
3750 3638 3846 3694 ab-

2243 3710 2505 3780 solvisse;
2532 3729 2854 3787 rursumque
2877 3718 3116 3789 ejusdem
3147 3722 3459 3797 Hieronymi
3489 3727 3542 3783 in
3595 3731 3845 3801 apOIOgia

2245 3803 2500 3862 adversus
2547 3806 2821 3866 Ruitinum
2879 3815 3179 3871 assertione
3235 3827 3441 3874 certum
3498 3822 3601 3887 sit,
3665 3824 3842 3893 ipsum

2250 3912 2441 3954 mense
2459 3898 2704 3970 Augusto
2725 3902 2897 3959 Roma
2947 3906 3271 3978 profectum,
3302 3921 3448 3968 certe
3497 3914 3712 3984 quidem
3763 3919 3845 3990 ip-

2247 4001 2366 4044 sum
2400 3989 2503 4045 hoc
2531 4005 2696 4058 anno,
2733 3997 3031 4052 autumnali
3075 3997 3156 4070 (ut
3183 3999 3385 4057 dictum
3417 4004 3521 4077 est)
3579 4015 3845 4079 tempore,

2241 4082 2331 4138 vel
2360 4081 2538 4139 hieme
2566 4083 2792 4141 Romam
2839 4087 3054 4146 venisse
3083 4092 3340 4159 oportuit.

2529 4176 2794 4249 Profectio
2827 4183 3056 4237 secunda
3092 4181 3546 4258 Jerosolymitana.

2315 4269 2464 4324 Anno
2485 4269 2677 4326 Christi
2697 4273 2825 4329 585.
2855 4272 3074 4344 Baron.,
3101 4276 3170 4331 ad
3206 4296 3332 4336 ann.
3358 4283 3683 4340 eumdem.—
3702 4284 3848 4349 Anni

2244 4364 2606 4420 trecentesimi
2629 4368 2942 4439 octogesimi
2968 4371 3137 4438 quinti
3169 4375 3410 4444 exordio,
3439 4393 3630 4448 nempe
3662 4381 3840 4449 pridie

2239 4453 2364 4512 ldus
2386 4457 2646 4526 Januarii,
2663 4474 2784 4516 cum
2809 4473 3053 4519 vacasset
3079 4466 3237 4524 sedes
3261 4478 3382 4538 post
3405 4471 3604 4528 obitum
3629 4474 3847 4536 Damasi

2241 4550 2460 4621 triginta
2497 4560 2554 4607 et
2595 4569 2702 4608 uno
2741 4553 2962 4623 diebus,
3007 4557 3232 4617 Siricius
3273 4563 3546 4623 Romanus
3575 4583 3643 4625 ex
3691 4581 3848 4641 patre

547 4628 680 4685 mihi
702 4638 759 4686 et
786 4631 1047 4702 Gregorio
1068 4633 1402 4690 Nazianzeno
1429 4645 1617 4691 contra
1650 4636 1974 4693 Eunomium
2006 4640 2131 4711 legit
2159 4648 2213 4710 ι)
2236 4641 2480 4697 Tiburtio
2503 4645 2556 4697 in
2585 4643 2702 4714 ejus
2728 4645 2905 4701 locum
2931 4649 3250 4722 subrogatus
3273 4664 3376 4710 est.

542 4717 711 4778 libros
775 4722 1068 4813 (Iliorum,
1120 4727 1182 4781 de
1231 4726 1431 4797 Script.
1496 4727 1699 4784 Eccles.
1729 4768 1745 4798 ,
1799 4730 1854 4784 in
1915 4730 2130 4804 Gregor.

543 4811 824 4885 Nysaea),
864 4835 883 4869 ι
915 4824 1020 4872 etc.

1047 4908 1314 4981 Profectio
1373 4912 1628 4970 Romana.

613 5001 763 5054 Anno
790 4999 982 5056 Christi
1010 5001 1134 5058 582.
1168 5001 1392 5072 Barou.,
1419 5006 1488 5059 ad
1518 5010 1750 5064 eumdem
1777 5027 1865 5065 an.
1894 5041 1963 5052 —
2002 5012 2136 5069 Tre-

541 5093 867 5149 centesimus
885 5096 1245 5166 octogesimus
1263 5099 1532 5154 secundus
1549 5100 1765 5158 Domini
1786 5118 1976 5174 annus,
2006 5120 2138 5160 con-

543 5183 719 5239 sulatu
751 5185 961 5258 Syagrii
1006 5189 1246 5245 secundo
1290 5205 1412 5246 cum
1446 5193 1651 5263 collega
1681 5195 1915 5251 Antonio
1958 5212 2132 5253 anno-

541 5282 685 5330 tatur
711 5294 724 5328 :
756 5292 864 5346 quo
893 5278 1080 5336 Romae
1109 5282 1395 5338 concilium
1420 5286 1749 5341 celebratum
1787 5296 1886 5354 est,
1926 5302 1992 5343 ex
2017 5288 2132 5358 epi-

540 5369 716 5438 scopis
756 5370 1086 5430 diversarum
1136 5375 1573 5446 provinciarum,
1615 5392 1808 5450 nempe
1855 5378 2127 5452 Orientis,

540 5463 872 5535 aliarumque
897 5468 1145 5526 catholici
1170 5470 1318 5526 orbis
1345 5473 1649 5545 regionum.

613 5556 838 5612 Sanctus
863 5557 1216 5634 Hieronymus
1242 5565 1306 5618 ad
1337 5563 1662 5637 Principiam
1683 5566 1924 5622 scribens
1947 5567 2129 5636 tradit,

542 5663 605 5706 se
637 5665 851 5721 quoque
891 5660 1003 5709 tum
1035 5655 1259 5712 Romam
1290 5673 1358 5714 ex
1389 5659 1607 5715 Oriente
1627 5660 1861 5727 venisse,
1893 5676 2012 5716 cum
2044 5663 2136 5718 iis-

541 5742 666 5800 dem
693 5745 893 5802 sanctis
922 5748 1220 5820 episcOpis;
1252 5766 1375 5805 nam
1409 5753 1485 5808 ait
1513 5752 1580 5809 de
1608 5762 1792 5809 sancta
1844 5753 2090 5810 Marcella
2119 5773 2134 5812 :

559 5853 582 5890 ι
628 5837 866 5913 Denique
885 5855 1006 5908 cum
1035 5854 1200 5906 etme
1229 5844 1477 5918 Romam,
1509 5861 1630 5904 cum
1676 5848 1880 5916 sanctis
1926 5849 2137 5922 pontiﬁo

2314 4737 2448 4793 Cum
2480 4749 2658 4796 autem
2684 4757 2812 4810 non,
2842 4752 2901 4799 ut
2927 4745 3188 4804 Damasus
3210 4749 3433 4819 fecerat,
3454 4753 3674 4812 Siricius
3709 4773 3848 4831 papa

2242 4828 2298 4882 in
2325 4830 2729 4889 conscribendis
2769 4834 3036 4905 ejusmodi
3084 4839 3298 4909 litteris,
3332 4843 3644 4918 Hieronymi
3670 4828 3842 4918 opera

2243 4929 2505 4991 uteretur,
2538 4939 2713 4996 neque
2733 4941 2881 4996 eum,
2905 4937 2963 4984 ut
3012 4929 3124 4995 ille,
3154 4932 3297 5002 quod
3348 4950 3444 5004 par
3474 4948 3610 5005 erat,
3640 4942 3849 5010 ample-

2242 5023 2482 5072 cteretur
2502 5026 2664 5087 atque
2687 5019 2919 5088 foveret,
2944 5037 3071 5079 mox
3096 5027 3365 5096 pontiﬁcis
3413 5030 3638 5088 Romani
3682 5035 3844 5094 desti-

2245 5114 2390 5162 tutus
2423 5109 2693 5176 praesidio,
2721 5111 2861 5169 idem
2907 5115 3274 5190 Hieronymus
3309 5122 3690 5179 acerbissimos
3733 5131 3850 5196 pati

2240 5199 2404 5268 cmpit
2455 5209 2849 5272 persecutores,
2895 5206 3018 5264 illos
3073 5210 3279 5267 scilicet
3327 5213 3565 5270 clericos
3611 5232 3846 5286 quorum

2241 5307 2419 5349 mores
2450 5294 2720 5368 improbos
2751 5300 2965 5371 scriptis
2986 5303 3144 5359 editis
3170 5306 3533 5376 suggillasset.
3568 5311 3848 5378 Quamob-

2240 5400 2353 5442 rem
2391 5396 2452 5442 ut
2495 5403 2555 5444 se
2585 5403 2614 5443 a
2639 5393 2907 5449 concitato
2934 5395 3147 5454 turbine
3166 5397 3455 5471 liberaret,
3496 5404 3846 5474 tranquillum

2241 5479 2484 5550 cogitans
2511 5492 2749 5553 portum,
2777 5499 2971 5558 nempe
2993 5495 3159 5545 tutam
3203 5491 3562 5565 Jerosolymas
3594 5497 3844 5552 mansio-

2241 5585 2386 5638 nem,
2415 5572 2540 5630 illuc
2567 5576 2934 5646 navigaturus,
2959 5577 3061 5636 hoc
3086 5595 3227 5638 anno
3271 5583 3339 5639 ab
3366 5585 3499 5640 urbe
3551 5586 3850 5657 recedens,

2238 5663 2416 5719 navim
2444 5678 2860 5736 conscensurus,
2888 5671 2954 5726 ad
2988 5671 3286 5730 Romanum
3316 5684 3526 5745 portum
3555 5693 3620 5733 se
3639 5687 3846 5734 contu-

2237 5756 2318 5812 lit.
2351 5757 2407 5812 ld
2433 5759 2652 5828 quidem
2685 5760 2788 5816 hoc
2835 5777 2978 5819 anno
3008 5762 3207 5822 factum
3237 5781 3383 5837 esse,
3408 5783 3476 5826 ex
3517 5784 3584 5826 eo
3632 5771 3848 5840 perspi-

2241 5865 2398 5909 cuum
2422 5852 2702 5922 redditur;
2725 5867 2846 5912 cum
2867 5855 3011 5916 enim
3050 5857 3168 5942 ipse
3200 5869 3430 5922 testetur
3473 5862 3653 5934 (Hier.
3679 5863 3848 5936 epist.
