4124 6350
327 399 400 458 97
1614 387 1930 452 ROSWEYI

2034 391 2342 450 NOTATIO.
3559 396 3630 464 ω

330 515 427 584 99)
458 529 519 572 se
546 527 688 585 pene
737 510 1025 568 triennium
1067 509 1254 567 Romae
1282 510 1572 580 mansisse,
1615 511 1922 584 pariterque
1947 511 2002 573 A
2025 509 2201 566 chium
2233 509 2473 566 scribens
2514 509 2598 566 his
2630 509 2809 568 verbis
2843 529 2858 567 :
2892 529 2912 564 ι
2950 512 3066 569 Jam
3099 512 3248 570 canis
3276 517 3630 588 spargebatur

332 619 458 683 post
495 606 719 675 obitum,
753 604 971 660 Damasi
1014 603 1324 666 recessisse,
1368 612 1686 673 constetque
1724 621 1792 661 ex
1844 604 1928 661 his

330 718 454 774 qua:
476 700 725 770 superius
749 697 891 754 dicta
915 706 1040 753 sunt
1068 698 1281 753 venisse
1305 696 1528 752 Romam
1581 697 1683 753 sub
1729 712 1928 753 consu-

332 797 446 852 latu
481 792 696 849 Antonii
727 799 782 848 et
830 790 1060 862 Syagrii,
1109 805 1250 845 anno
1299 788 1511 845 Domini
1553 788 1930 846 trecentesimo

329 887 668 960 octogesimo
695 886 955 956 secundo,
989 886 1162 955 ipsum
1192 885 1293 940 hoc
1314 899 1457 940 anno
1508 884 1578 940 ab
1603 885 1736 940 urbe
1778 899 1930 953 opor-

326 987 433 1041 tnit
455 982 764 1040 recessisse.
789 979 1049 1037 Praesenti
1095 979 1255 1049 igitur
1274 993 1437 1048 anno,
1469 979 1692 1049 Augusti
1719 993 1926 1044 mense,

308 1079 400 1147 ad
434 1077 736 1133 Romanum
763 1082 977 1146 portum
1003 1086 1062 1127 se
1086 1069 1395 1136 conferens,
1427 1086 1616 1127 navem
1669 1085 1929 1128 conscen-

326 1173 433 1238 dit,
464 1176 625 1241 prout
654 1169 768 1240 ipse
797 1167 926 1223 satis
947 1178 1133 1237 aperte
1187 1166 1521 1222 demonstrat
1574 1164 1628 1219 in
1685 1163 1929 1236 apologis

324 1266 594 1321 adversus
623 1261 891 1317 Buffinum
914 1259 1112 1331 (Hien,
1137 1259 1226 1314 tib.
1255 1275 1293 1314 ιι
1319 1260 1522 1313 advers.
1551 1255 1862 1328 Ruf/iitum).

411 1361 586 1416 Porro
617 1357 710 1428 qui
741 1354 942 1412 fuerint
963 1355 1129 1427 ipsius
1161 1353 1472 1426 Hieronymi
1504 1355 1560 1409 iu
1592 1352 1930 1423 navigatione

329 1453 587 1516 comites,
616 1457 673 1505 et
701 1446 918 1518 quando
939 1447 1164 1502 solverit
1189 1462 1220 1503 e
1244 1455 1421 1516 portu,
1442 1445 1584 1502 idem
1607 1443 1659 1498 in
1683 1443 1928 1514 apologia

330 1541 600 1596 adversus
627 1539 898 1596 Rufliuum
916 1538 999 1594 bis
1018 1537 1198 1595 verbis
1242 1537 1497 1593 describit
1532 1554 1545 1590 :
1587 1553 1605 1586 ‹
1641 1535 1734 1592 Vis
1767 1547 1929 1590 nosse

324 1631 683 1704 profectionis
704 1645 838 1686 meae
858 1631 923 1686 de
946 1630 1079 1685 urbe
1100 1628 1344 1686 ordinem
1370 1629 1392 1683 ?
1415 1627 1642 1683 narrabo
1670 1627 1922 1682 breviter.

325 1724 519 1781 Mense
549 1723 814 1794 Augusto,
847 1721 1101 1778 flantibus
1145 1719 1364 1789 Etesiis,
1411 1734 1532 1775 cum
1563 1727 1750 1774 sancto
1799 1717 1927 1773 Vin-

323 1817 508 1873 centio
554 1816 897 1886 presbytero,
944 1823 1000 1870 et
1036 1813 1381 1870 adolescente
1430 1811 1597 1868 fratre
1629 1810 1925 1882 (Paulinia-

2033 615 2211 677 caput,
2259 615 2312 661 et
2346 607 2659 676 magistrum
2691 606 2867 676 potius
2910 622 3071 679 quam
3103 607 3420 677 discipulum
3467 613 3630 672 deet»

2030 699 2155 766 bat;
2197 699 2409 770 perrexi
2442 709 2621 756 tamen
2654 699 3072 770 Alexandriam;
3118 705 3292 760 audivi
3317 705 3625 779 Didymum,

2030 801 2086 848 et
2136 791 2189 846 in
2233 792 2416 848 multis
2465 792 2514 848 ei
2556 794 2758 862 gratias
2786 809 2887 864 ago
2921 813 2933 848 :
2966 796 3109 865 quod
3159 798 3381 867 nescivi,
3430 799 3626 870 didici;

2032 882 2174 953 quod
2201 883 2460 951 sciebam,
2492 883 2583 937 illo
2612 885 2843 940 docente
2885 901 2990 940 non
3028 887 3234 956 perdidi
3266 888 3444 961 (Hier.
3476 893 3626 962 epist.

2033 977 2148 1050 65').
2188 999 2207 1032 ι
2258 981 2435 1050 Atque
2479 979 2604 1034 alibi
2639 979 2705 1034 ad
2735 981 3021 1037 eumdem:
3069 1000 3089 1034 ι
3128 983 3262 1038 Cum
3298 999 3478 1041 essem
3504 986 3632 1042 Ale-

2032 1072 2297 1141 xandria),
2346 1072 2453 1128 vidi
2483 1072 2800 1145 Didymum,
2845 1084 2902 1130 et
2931 1091 3053 1131 eum
3103 1076 3412 1148 frequenter
3461 1081 3631 1146 adivi,

2033 1166 2205 1221 virum
2241 1166 2325 1221 sui
2367 1168 2629 1237 temporis
2664 1167 3125 1236 eruditissimum;
3172 1172 3466 1242 rogavique
3506 1187 3632 1228 eum

2031 1266 2091 1313 ut
2140 1257 2281 1326 quod
2325 1256 2583 1328 Origenes
2631 1274 2738 1314 non
2791 1259 2989 1316 fecerat
3036 1260 3152 1331 ipse
3196 1263 3526 1333 compleret,
3577 1272 3636 1320 et

2031 1350 2294 1407 scriberet
2336 1353 2389 1407 in
2416 1352 2571 1410 Osete
2598 1355 3046 1419 commentarios;
3087 1356 3176 1425 qui
3209 1364 3320 1411 tres
3350 1356 3514 1412 libros
3543 1372 3635 1413 me

2032 1450 2250 1513 petente
2281 1442 2531 1511 dictavit,
2573 1446 2808 1515 quinque
2835 1461 3048 1515 quoque
3075 1445 3209 1501 alios
3244 1446 3297 1501 in
3319 1446 3633 1504 Zachariam

2032 1533 2301 1607 (nierum,
2334 1553 2549 1606 prooem.
2602 1538 2658 1591 in
2705 1537 2934 1608 Oscam).
2974 1558 2993 1591 ι
3047 1538 3316 1597 Hactenus
3361 1541 3428 1596 ad
3478 1543 3636 1598 Parn-

2031 1631 2324 1685 machium.
2373 1630 2443 1686 Et
2469 1631 2535 1687 ad
2573 1641 2812 1687 sanctam
2853 1631 3067 1688 Paulam
3098 1648 3112 1684 :
3140 1652 3158 1685 ε
3195 1633 3435 1704 Denique
3467 1649 3638 1706 nuper

2030 1721 2100 1776 ob
2133 1720 2273 1778 hanc
2309 1723 2394 1778 vel
2445 1726 2677 1780 maxime
2721 1738 2938 1779 causam
2969 1725 3348 1781 Alexandriam
3401 1729 3633 1796 perrexi,

2028 1822 2087 1868 ut
2114 1813 2352 1870 viderem
2373 1816 2676 1889 Didymum,
2706 1827 2759 1872 et
2787 1819 2854 1872 ab
2881 1832 2948 1874 eo
2976 1819 3028 1873 in
3048 1818 3340 1888 Scripturis
3363 1822 3632 1890 omnibus,

325 1924 431 1966 nus
457 1909 545 1964 hic
571 1918 710 1979 erat,
741 1923 897 1978 quem
929 1907 1120 1963 ultimo
1158 1908 1277 1963 loco
1327 1915 1533 1975 natum,
1584 1905 1770 1962 Romae
1800 1905 1926 1961 dum
1956 1913 2006 1976 Β
2032 1921 2151 1977 qua:
2175 1906 2438 1963 habebam
2470 1908 2655 1976 dubia,
2690 1909 2996 1965 sciscitarer
3025 1909 3296 1982 (Ilierou.,
3332 1913 3384 1965 in
3418 1929 3631 1981 pronam.

320 2009 499 2068 esset,
522 2001 589 2056 ad
636 2015 697 2057 se
728 2009 785 2055 ut
826 2002 1038 2057 veniret
1065 1999 1372 2072 accersivit)
1397 2008 1452 2056 et
1491 1997 1610 2055 aliis
1646 2000 1702 2070 9
1740 2014 1926 2055 mona-

328 2093 476 2163 chis,
510 2094 600 2164 qui
625 2109 767 2151 nunc
789 2092 1142 2166 Jerosolymis
1183 2101 1608 2160 commorantur,
1658 2093 1840 2149 navim
1873 2094 1927 2150 in

329 2185 580 2242 Romano
605 2196 765 2257 portu
794 2200 1017 2243 securus
1047 2187 1266 2243 ascendi
1285 2229 1300 2256 ,
1334 2187 1569 2242 maxima
1599 2201 1686 2244 me
1713 2198 1929 2245 sancto-

332 2296 456 2337 rum
509 2279 812 2351 frequentia
866 2291 1243 2353 prosequente.
1306 2281 1438 2337 Veni
1509 2280 1815 2352 Rhegium,
1873 2283 1928 2338 in

328 2375 567 2445 Scyllmo
602 2375 784 2432 littore
809 2376 1080 2446 paululum
1112 2375 1256 2446 steti,
1288 2376 1377 2432 ubi
1421 2385 1628 2435 veteres
1660 2379 1820 2435 didici
1851 2377 1929 2433 fa-

325 2467 505 2533 bulas,
540 2477 594 2524 et
620 2469 948 2539 praecipitem
970 2467 1178 2526 fallacis
1205 2467 1410 2541 Ulyssis
1432 2485 1670 2542 cursum,
1697 2482 1751 2527 et
1781 2471 1927 2528 Sire-

326 2577 520 2618 narum
547 2564 781 2631 cantica,
810 2562 1240 2619 etinsatiabilem
1263 2563 1564 2636 Charybdis
1595 2564 1925 2634 voraginem.

326 2652 583 2726 Cumque
611 2655 745 2711 mihi
772 2656 970 2712 accola:
999 2656 1142 2712 illius
1170 2656 1274 2712 loci
1311 2656 1474 2712 multa
1501 2667 1801 2726 narrarent,
1835 2658 1930 2713 da-

330 2761 565 2822 rentque
586 2750 872 2808 consilium
894 2761 950 2805 ut
974 2767 1082 2807 non
1112 2753 1178 2808 ad
1209 2751 1389 2808 Protei
1408 2752 1713 2818 columnas,
1743 2750 1836 2808 sed
1859 2750 1926 2808 ad

327 2842 482 2900 Jonas
509 2853 725 2916 portum
753 2844 1096 2915 navigarem;
1125 2844 1274 2900 illum
1325 2844 1468 2900 enim
1502 2843 1816 2915 fugientium
1873 2855 1929 2901 et

329 2939 691 3004 turbatorum,
716 2938 861 2994 hunc
885 2939 1061 2994 securi
1091 2938 1325 2995 hominis
1348 2953 1469 2994 esse
1496 2953 1737 3008 cursum,
1763 2937 1927 2995 malui

325 3042 427 3102 per
455 3031 669 3087 Mala'as
699 3041 753 3088 et
779 3032 1042 3104 Cycladas
1066 3032 1299 3103 Cyprum
1324 3048 1580 3104 pergere;
1608 3033 1697 3089 ubi
1719 3048 1929 3103 suscep-

330 3133 415 3181 tus
447 3141 478 3180 a
503 3127 802 3184 venerabili
859 3130 1113 3197 episcopo
1145 3126 1462 3197 Epiphanio,
1512 3129 1663 3198 cujus
1696 3136 1749 3182 tu
1778 3129 1928 3184 testi—

331 3220 519 3275 monio
551 3220 819 3289 gloriaris,
867 3221 990 3276 veni
1035 3220 1394 3288 Antiochiam,
1439 3220 1526 3277 ubi
1577 3220 1764 3276 fruitus
1808 3236 1927 3276 sum

2029 2000 2068 2057 ι.
2116 2018 2168 2057 1v
2214 2002 2497 2060 Comment.
2540 2005 2594 2058 in
2667 2004 2835 2076 Epist.
2888 2005 2957 2058 ad
3008 2004 3258 2077 Ephes.).
3323 2025 3342 2058 ›
3398 2006 3523 2063 Haec
3563 2008 3634 2063 ad

2029 2091 2250 2150 Paulam
2297 2113 2310 2148 :
2357 2097 2551 2167 quibus
2601 2112 2722 2152 cum
2771 2097 2975 2152 nullam
3031 2098 3362 2155 mentionem
3432 2098 3630 2156 habeat

2029 2188 2170 2258 quod
2207 2202 2330 2243 eam
2362 2188 2648 2244 comitatus
2694 2188 2854 2245 fuerit
2900 2190 3332 2260 peregrinantem
3384 2189 3436 2245 in
3466 2189 3637 2264 :Egy-

2030 2290 2200 2351 ptum,
2242 2297 2340 2338 nec
2381 2282 2532 2347 alibi,
2560 2297 2680 2338 cuin
2709 2282 2777 2338 de
2819 2281 3060 2352 ejusdem
3090 2282 3268 2338 Paulae
3300 2283 3633 2353 profectione

2029 2371 2084 2428 in
2108 2374 2352 2429 eamdem
2381 2374 2710 2443 provinciam
2731 2373 2854 2444 agit,
2883 2386 2944 2428 se
2965 2374 3040 2429 illi
3068 2377 3321 2432 comitem
3347 2375 3635 2432 inlitesisse

2030 2462 2175 2517 dicat
2225 2463 2400 2534 (Hier.
2439 2463 2747 2534 Ιίρῑδι.27),
2799 2463 2956 2532 plane
3006 2463 3316 2534 conjectura
3362 2465 3632 2535 ducimur,

2031 2557 2423 2630 Hieronymum
2477 2573 2812 2631 nequaquam
2862 2575 2981 2616 cum
3037 2575 3098 2616 ea
3148 2561 3637 2633 peregrinationem

2032 2654 2176 2710 illam
2221 2655 2545 2726 suscepisse.
2608 2655 2874 2712 Caeterum
2938 2655 3005 2712 ad
3058 2657 3328 2713 modicum
3374 2657 3635 2727 temporis

2031 2750 2286 2820 spatium,
2315 2765 2510 2819 nempe
2551 2750 2765 2820 triginta
2799 2760 3003 2807 tantum
3031 2751 3219 2807 diebus
3241 2759 3632 2807 commoratum

2031 2857 2152 2898 esse
2183 2842 2570 2913 Hieronymum
2604 2842 2948 2898 Alexandria:
2972 2887 2987 2910 ,
3031 2843 3276 2900 Rufﬁnus
3337 2845 3635 2912 exprobrat

2031 2934 2085 2992 in
2115 2934 2418 3003 invectiva;
2450 2935 2544 2991 sed
2575 2951 2642 2991 an
2679 2951 2826 3002 vere,
2859 2936 2974 3008 ipse
3002 2939 3123 2993 scit.

2102 3029 2368 3086 Caeterum
2427 3029 2520 3100 qui
2570 3028 2956 3100 aliquantipser
3000 3029 3286 3101 Didymum
3351 3029 3630 3085 auditurus

2030 3122 2367 3179 Alexandriae
2408 3122 2683 3188 consedit,
2726 3131 3014 3193 antequam
3062 3123 3264 3180 rediret
3310 3123 3361 3178 in
3395 3123 3634 3180 Palaesti-

2038 3231 2185 3282 nam,
2209 3214 2428 3287 IEgypti
2457 3215 2786 3271 monasteria
2819 3218 3149 3287 peragravit;
3175 3219 3242 3273 de
3265 3219 3456 3287 quibus
3487 3219 3633 3289 ipse:

329 3312 718 3368 communione
747 3313 1017 3384 pontificis
1039 3312 1471 3384 confessorisque
1498 3312 1740 3379 Paulini;
1768 3322 1821 3369 et
1843 3315 1929 3370 de-
1955 3312 2004 3377 C
2041 3327 2060 3361 ί
2089 3309 2352 3365 Contendi
2372 3307 2682 3380 Egyptum,
2717 3308 2940 3364 lustravi
2985 3308 3310 3364 monasteria
3347 3309 3554 3377 Nitria',
3582 3321 3641 3366 et

329 3405 530 3462 ductus
559 3406 628 3463 ab
655 3421 741 3474 eo,
799 3407 977 3464 media
1025 3405 1200 3462 hieme
1229 3415 1283 3463 et
1340 3406 1542 3477 frigore
1587 3406 1925 3477 gravissimo,

335 3496 534 3554 intravi
590 3499 1006 3571 Jerosolymam.
1042 3499 1161 3556 Vidi
1210 3499 1372 3556 multa
1404 3501 1694 3568 miracula;
1731 3512 1785 3559 et
1810 3517 1930 3574 qua:

340 3592 492 3658 prius
523 3589 590 3644 ad
619 3605 703 3646 me
733 3589 874 3646 fama
905 3591 1218 3662 pertulerat,
1252 3591 1526 3648 oculorum
1549 3592 1754 3664 judicio
1782 3609 1932 3650 com-

333 3683 588 3752 probavi.
638 3703 658 3736 ›
718 3685 990 3742 llactenus
1037 3683 1399 3758 Hieronymus
1448 3687 1515 3743 de
1559 3701 1659 3744 suo
1697 3687 1930 3745 adventu

333 3773 751 3846 Jerosolymam.

764 3868 1121 3943 Peregrinatio
1153 3871 1488 3944 AEgyptiaca.

407 3964 560 4016 Anno
588 3962 775 4018 Christi
801 3962 927 4018 586.
958 3961 1180 4032 Baron.,
1212 3966 1280 4020 ad
1305 3967 1541 4021 eumdem
1585 3984 1674 4024 an.
1699 3997 1771 4009 —
1798 3965 1930 4024 Cum

327 4054 500 4125 igitur
541 4054 932 4129 Jerosolymam
979 4067 1199 4115 sanctus
1227 4059 1584 4132 Hieronymus
1625 4059 1934 4118 advenisset

325 4149 517 4205 media
548 4150 746 4218 hieme,
784 4152 927 4207 haud
961 4151 1182 4208 dubium
1224 4152 1300 4209 ibi
1346 4164 1622 4221 moratus;
1662 4156 1934 4226 profectus

323 4255 473 4298 vero
520 4251 604 4298 est
648 4252 832 4316 postea
881 4244 936 4300 in
976 4244 1307 4318 IEgyptum,
1356 4247 1596 4303 discendi
1643 4248 1934 4316 cupiditate

329 4334 620 4405 pellectus.
653 4334 786 4391 Nam
812 4336 940 4394 licet
965 4337 1112 4392 orbis
1144 4353 1280 4408 pene
1310 4340 1474 4396 totius
1500 4340 1754 4411 magister
1779 4341 1936 4399 exsti-

325 4428 519 4496 tisset,
560 4443 684 4484 cum
725 4445 848 4488 eum
896 4432 1008 4502 jam
1049 4431 1258 4503 pridem
1300 4435 1459 4491 etiam
1504 4435 1762 4492 Damasus
1801 4451 1933 4508 papa

322 4522 619 4577 consulere
667 4524 1034 4582 consuevisset
1065 4570 1079 4596 ,
1130 4525 1283 4596 cujus
1333 4527 1549 4582 nomine
1602 4527 1668 4582 ad
1723 4529 1937 4586 consul-

327 4613 571 4670 lationes
619 4617 995 4689 episcoporum
1043 4619 1369 4687 rescribens,
1401 4635 1590 4678 omnes
1627 4621 1798 4681 ferme
1827 4622 1934 4682 Ec-

2025 3837 2029 3840 ,
2105 3775 2175 3827 At
2200 3771 2328 3841 quid
2376 3779 2564 3841 postea
2614 3769 2804 3840 egerit,
2851 3784 2978 3846 mox
3027 3768 3208 3823 subdit
3254 3786 3268 3822 :

2034 3400 2178 3457 inter
2248 3409 2557 3457 sanctorum
2633 3400 2826 3456 choros
2896 3400 3111 3470 aspides
3163 3399 3332 3457 latere
3381 3401 3641 3472 perspexi

2033 3490 2246 3561 (Hier.,
2297 3491 2520 3562 Apolog.
2564 3491 2766 3546 advers.
2815 3489 3154 3563 Ruf/iitum).
3196 3511 3214 3545 ι
3269 3490 3369 3547 Per
3413 3492 3630 3563 aspides

2032 3583 2176 3641 enim
2207 3597 2268 3640 se
2294 3583 2626 3654 significasse
2656 3581 3006 3653 Origenistas,
3039 3582 3266 3652 ipsemet
3306 3583 3435 3638 alias
3479 3596 3628 3652 saepe

2033 3677 2307 3744 declarat;
2353 3677 2448 3732 sed
2490 3691 2590 3732 nos
2618 3675 2685 3732 de
2715 3675 2798 3730 his
2828 3690 2927 3731 suo
2957 3675 3076 3730 loco
3107 3675 3367 3744 pluribus.

3329 3786 3346 3818 ‹
3384 3767 3637 3823 Protinus

2034 3867 2247 3924 concito
2297 3865 2464 3937 gradu
2519 3865 2794 3921 Bethleem
2837 3877 3014 3919 meam
3060 3877 3312 3918 reversus
3359 3876 3502 3927 sum,
3541 3861 3641 3917 ubi

2036 3961 2256 4019 adoravi
2285 3975 2530 4032 praesepe
2560 3969 2614 4016 et
2641 3941 2960 4015 incunabula
2990 3957 3306 4014 Salvatoris.
3355 3955 3472 4013 Vidi
3504 3970 3645 4027 quo-

2037 4071 2142 4127 que
2166 4055 2583 4111 famosissimum
2611 4054 2785 4108 lacum
2811 4069 2825 4119 ;
2852 4067 2953 4109 nec
2980 4067 3066 4109 me
3094 4050 3254 4110 inerti
3283 4049 3474 4108 tradidi
3501 4050 3645 4119 otio,

2036 4149 2132 4206 sed
2165 4149 2329 4204 multa
2366 4147 2527 4203 didici
2559 4161 2677 4217 qua:
2706 4154 2832 4202 ante
2869 4145 3196 4202 nesciebam.
3237 4163 3255 4198 ι
3298 4145 3366 4200 At
3388 4157 3640 4214 quaenam

2038 4242 2178 4299 ista?
2224 4241 2356 4296 alibi
2397 4239 2632 4297 declarat
2664 4238 2751 4295 his
2780 4238 2961 4294 verbis
2989 4245 3110 4310 post
3139 4238 3463 4294 reccnsitum
3493 4233 3638 4290 redi-

2041 4343 2152 4390 tum
2182 4350 2247 4390 es
2281 4332 2518 4405 [Egypto
2550 4333 2606 4388 in
2647 4330 2988 4388 Palaestinam
3021 4349 3034 4386 :
3070 4349 3088 4382 ι
3117 4330 3381 4386 Putabant
3419 4344 3505 4385 me
3535 4329 3638 4384 bo-

2040 4433 2214 4489 mines
2273 4439 2396 4503 post
2462 4430 2702 4487 auditum
2742 4429 3033 4502 Didymum
3097 4428 3257 4484 finem
3313 4427 3502 4481 fecisse
3549 4425 3639 4480 di-

2041 4529 2263 4595 scendi;
2325 4527 2445 4584 veni
2510 4541 2723 4582 rursum
2777 4523 3169 4593 Jerosolymam
3228 4530 3281 4575 et
3324 4519 3635 4574 Bethleem:

2043 4637 2149 4695 quo
2191 4621 2395 4688 labore,
2424 4634 2530 4690 quo
2560 4617 2732 4688 pretio
2759 4615 3125 4672 Barrabanum
3173 4622 3492 4669 nocturnum
3541 4610 3640 4665 ha-

323 4705 536 4762 clesias
561 4707 865 4777 docuisset;
898 4711 971 4766 ibi
1004 4720 1184 4767 tamen
1211 4711 1494 4784 Didymum
1512 4715 1932 4774 Alexandrinum
1958 4717 2016 4781 D
2038 4722 2128 4779 bui
2175 4717 2604 4792 praeceptorem?
2647 4715 2871 4772 timebat
2917 4714 3060 4770 enim
3107 4713 3356 4781 Judaaos,
3408 4719 3463 4769 et
3504 4705 3635 4765 mihi

322 4802 690 4870 conveniens,
731 4805 833 4873 ipsi
876 4818 936 4862 se
978 4804 1221 4871 tradidit,
1270 4814 1330 4862 ut
1371 4805 1718 4880 discipulum,
1764 4810 1932 4868 sacris

325 4895 538 4954 litteris
585 4897 952 4957 imbuendum.
1026 4898 1279 4957 Testatur
1325 4898 1377 4956 id
1427 4900 1540 4972 ipse
1578 4902 1644 4959 ad
1687 4902 1934 4962 Pamma—

2038 4813 2268 4870 alterum
2318 4807 2608 4868 exhibebat
2647 4805 3000 4866 Nicodemum
3043 4802 3220 4879 (Hier.
3269 4804 3418 4877 epist.
3451 4800 3565 4872 65).
3606 4816 3627 4852 ι

2039 4907 2170 4964 Hac
2199 4906 2336 4978 ipse.

1615 5093 1987 5155 ROSWEYDI
2026 5092 2353 5186 norum.

422 5201 984 5281 10‘(a)_Aqut'l_eiam
1045 5203 1394 5281 periynisse.)
1431 5207 1652 5281 summa
1716 5212 1930 5281 quidem

325 5275 502 5350 laude
543 5274 637 5350 (ait
667 5274 1497 5350 BatoniusannoChristi'57'2)
1539 5274 1766 5336 florebat
1808 5293 1933 5340 tunc

329 5345 705 5413 Aquileiensis
749 5348 1024 5415 Ecclesia,
1088 5349 1174 5404 ubi
1236 5345 1506 5406 exstincto
1547 5351 1934 5412 Fortunatiano

324 5420 618 5486 episcopo,
643 5419 856 5473 Arianae
885 5430 1046 5475 secta:
1069 5419 1289 5486 fautore,
1319 5437 1437 5477 eam
1465 5421 1782 5480 Arianorum
1813 5427 1934 5483 labe

329 5489 634 5556 faedatam,
685 5489 996 5546 Valerianus
1043 5493 1127 5546 vir
1187 5493 1596 5561 sanctissimus,
1649 5499 1716 5551 ab
1787 5499 1933 5553 omni

329 5575 569 5634 prorsus
619 5562 906 5634 impietatis
952 5561 1086 5634 faece
1135 5565 1408 5634 purgavit.
1455 5575 1511 5619 ut
1547 5567 1686 5621 idem
1717 5578 1935 5624 sanctus

329 5632 705 5706 Hieronymus
734 5633 916 5706 tradit
962 5633 1135 5706 (Hier.
1180 5632 1328 5705 epist.
1362 5635 1485 5703 45);
1526 5639 1813 5706 ascitisque
1865 5641 1935 5696 ad

328 5702 523 5760 officia
553 5705 914 5759 ecclesiastica
957 5702 1086 5760 viris
1125 5702 1342 5775 Optiinis
1371 5702 1440 5761 ac
1459 5709 1686 5764 eruditis
1720 5702 1797 5765 sic
1827 5712 1938 5765 cla-

329 5775 473 5839 ruit,
496 5786 559 5853 _ut
581 5776 648 5853 de
675 5776 756 5832 eis
783 5776 896 5853 ipse
921 5776 1277 5853 Hieronymus
1309 5780 1358 5832 in
1382 5778 1650 5853 Chronico
1683 5781 1753 5836 ita
1779 5782 1939 5853 digne

331 5848 668 5921 meminerit
706 5864 740 5921 :_
770 5865 791 5899 ι
843 5848 1213 5921 Aquileienises
1258 5850 1473 5914 clerici,
1531 5853 1682 5921 quasi
1739 5848 1938 5910 chorus

330 5917 627 5976 beatorum
657 5917 940 5978 habentur.
969 5918 1238 5992 (Hierom,
1274 5922 1326 5977 in
1359 5917 1580 5990 Chron.)
1617 5940 1706 5979 an.
1734 5925 1794 5982 11
1838 5925 1940 5981 l’a-

2039 5212 2214 5283 lent.).
2255 5230 2274 5265 »
2310 5210 2414 5266 Per
2437 5220 2573 5277 quos
2607 5221 2769 5283 omne
2804 5223 2826 5261 ι
2861 5206 3044 5283 Ariani
3059 5197 3349 5283 quondam
3370 5195 3640 5283 dogmatis

2037 5270 2187 5340 virus
2213 5270 2488 5338 exclusum
2518 5287 2600 5335 est
2629 5280 2831 5352 (Hier.,
2862 5279 3012 5348 epist.
3045 5270 3350 5353 43).}.Sed
3382 5279 3435 5325 et
3467 5271 3634 5340 quod,

2039 5357 2128 5426 qui
2161 5354 2232 5410 ibi
2268 5361 2422 5426 erant
2451 5342 2657 5421 clerici,
2695 5342 2959 5426 essent'et
2986 5343 3261 5426 monachi,
3302 5342 3404 5425 hoc
3432 5357 3638 5426 prtem.

2041 5411 2134 5483 nio
2173 5442 2240 5481 ex
2278 5424 2469 5481 iisdem
2515 5411 3025 5490 tres'potissimum
3050 5413 3333 5490 laudantur
3379 5414 3431 5490 in
3469 5411 3642 5468 Chro-

2044 5499 2187 5561 nico,
2219 5513 2339 5551 cum
2367 5496 2439 5551 ait
2471 5512 2484 5549 :
2536 5512 2554 5546 ι
2589 5483 2888 5549 Florentius
2944 5483 3360 5561 [Flor-eminus],
3393 5485 3640 5561 Bonosiis

2045 5581 2097 5625 et
2123 5557 2389 5632 Ruffinus,
2433 5565 2670 5633 insignes
2701 5557 2964 5633 monachi
2995 5559 3260 5633 habentur
3284 5579 3298 5633 ;
3318 5557 3324 5558 “
3345 5573 3410 5614 ex
3441 5557 3636 5633 quibus

2042 5629 2507 5696 Florentius-tam
2540 5629 2850 5689 misericors
2895 5632 2947 5686 in
2979 5647 3178 5702 egenos
3221 5631 3342 5695 fuit,
3393 5629 3639 5702 utvulgo

2040 5722 2195 5783 pater
2219 5724 2508 5783 pauperum
2534 5707 2838 5783 nominatus
2862 5700 3309 5783 essettflieronn
3335 5703 3389 5783 in
3414 5700 3639 5782 Chron_.,

2042 5773 2132 5838 im.
2169 5773 2235 5838 l3
2269 5773 2529 5846 νάρκα).
2570 5794 2588 5827 ι
2634 5775 2717 5830 Ab
2767 5775 2868 5833 hoc
2917 5777 3159 5848 adjutum
3193 5775 3540 5848 Heliodorum
3591 5773 3642 5825 in

2045 5855 2322 5910 Orientem
2366 5848 2850 5920 peregrinationem
2897 5846 3221 5911 confecisse,
3273 5846 3498 5920 ejusque
3548 5857 3644 5920 ex-

2045 5925 2225 5998 pensis
2250 5918 2635 5995 llieronymum
2686 5923 2993 5994 complures
3041 5920 3210 5979 libros
3259 5918 3645 5975 exscribeno'os
