4124 6350
281 372 1344 436 Ε

1351 567 1496 720 Illi
1571 546 1925 725 ’VI'I‘IS

1946 384 1951 387 ι
2010 382 2379 389 νεκτοναα-σγλ
2442 382 2467 385 -
2502 380 2619 387 νκ.⁴›-
2702 381 3473 390 κ---ς-,Μ.--.η-.-υ--.-

1936 404 2189 419 θ’»---ου-ς-ι
2296 410 3463 419 ~*...--—-———_“—_‘-__h._—‘.

2031 565 2420 722 PM‘RU

921 875 1686 1088 LIBER
1861 874 2906 1137 PRIMUS,

607 1232 1185 1322 AUCTORE
1261 1190 1563 1320 DIVO
1621 1227 2352 1316 HIERONYMO
2434 1229 3262 1335 PRESBYTERO,

1477 1415 1622 1486 ET
1681 1410 1958 1487 ALIIS
2007 1413 2413 1486 VARUS.

2807 1577 2868 1590 ...ν

277 1571 3574 1616 WW

629 1724 1390 1846 PRAZLUDIA
1464 1724 1616 1840 IN
1683 1718 2146 1843 VITAM
2238 1717 2754 1837 SANCTI
2844 1717 3333 1864 PAULI,

1657 1927 1839 1980 rium
1873 1923 2174 1980 Ennium
2193 1966 2210 1994 ,

1847 2023 2019 2097 ἐιη

845 2165 947 2239 13
998 2164 1104 2228 DE
1147 2163 1311 2229 HOC
1355 2161 1531 2228 IPSO
1574 2157 1836 2226 PAULO
1878 2158 2230 2236 EJUSQUE
2275 2159 2469 2226 VITA
2514 2160 3035 2228 TESTIMOMA.

351 2351 615 2419 Getasius,
639 2351 758 2404 dist.
790 2350 878 2417 15,
906 2366 1024 2420 cap.
1049 2350 1248 2408 Sancta
1273 2350 1514 2406 Romana
1535 2348 1799 2405 Ecclesia.

354 2445 509 2504 Vitas
544 2445 787 2513 Patrum,
829 2442 1000 2511 Pauli,
1056 2444 1306 2513 Antonii,
1339 2443 1632 2500 Hilarionis
1672 2453 1725 2499 et
1764 2458 1885 2498 om:

289 2539 440 2598 nium
491 2539 865 2609 eremitarum,
893 2553 1027 2608 quas
1079 2547 1259 2594 tamen
1304 2537 1386 2594 vir
1433 2537 1627 2594 beatus
1674 2534 1891 2607 scripsit

289 2631 652 2704 Hieronymus
674 2671 690 2696 ,
718 2645 839 2686 cum
870 2630 1017 2686 omni
1049 2631 1258 2687 honore
1287 2630 1633 2700 suscipimus.

284 2723 662 2797 Hieronymus,
694 2725 748 2780 in
777 2722 1052 2792 Chronico,
1079 2741 1211 2779 anno
1237 2724 1300 2780 19
1323 2723 1610 2779 Constantii
1631 2722 1885 2778 Iunioris.

1900 2350 1956 2411 Α
2064 2345 2238 2415 Idem,
2269 2347 2440 2406 Catal.
2470 2351 2664 2407 illum.
2700 2351 2946 2408 Ecclesiae
2975 2351 3192 2423 Smpt.,
3229 2368 3344 2426 cap.
3374 2352 3497 2411 135.

2060 2441 2264 2512 Scripsi
2298 2443 2458 2499 vitam
2491 2443 2640 2501 Pauli
2673 2445 2976 2502 monachi.‘

2313 2537 2483 2605 Idem,
2507 2539 2656 2609 epist.
2688 2538 2782 2605 22,
2809 2538 2878 2594 ad
2905 2538 3266 2597 Eustochium.

2064 2631 2232 2703 Hujus
2261 2631 2383 2687 vita:
2416 2641 2600 2688 auctor
2629 2631 2848 2701 Paulus,
2881 2633 3177 2690 illustratur
3213 2632 3496 2700 Antonius,
3527 2639 3587 2691 et

1993 2735 2049 2782 ut
2080 2725 2146 2780 ad
2173 2725 2473 2797 superioria
2503 2725 2859 2784 conscendam
2879 2768 2896 2798 ,
2931 2727 3184 2800 princeps
3215 2727 3448 2786 Joannes
3478 2725 3584 2786 Ba-

361 2819 627 2875 Antonius
651 2817 969 2888 monachus,
999 2818 1297 2875 centesimo
1317 2818 1504 2888 quinto
1529 2818 1702 2872 astatis
1722 2830 1888 2886 anno,
1991 2820 2180 2890 ptista.

286 2912 343 2971 in
374 2928 559 2971 eremo
599 2915 855 2980 moritur;
889 2913 1080 2970 solitus
1111 2913 1296 2968 multis
1325 2912 1392 2968 ad
1436 2927 1497 2968 se
1524 2911 1889 2976 venientibus,

287 3007 362 3064 de
387 3008 552 3063 Paulo
578 3009 656 3079 (a)
680 3006 911 3079 quodam
935 3005 1191 3070 Thebaeo,
1216 3007 1368 3061 mira:
1389 3005 1732 3061 beatitudinis
1755 3006 1889 3073 viro,

2306 2912 2481 2982 Idem,
2506 2915 2659 2985 epist.
2688 2915 2781 2982 ‘27,
2813 2915 2880 2971 ad
2907 2913 3264 2972 Eustochium.

2069 3005 2230 3062 Paula
2259 3006 2395 3075 sola,
2445 3009 2489 3063 si
2518 3006 2625 3063 dici
2659 3017 2856 3078 potest,
2892 3017 2948 3065 et
2998 3009 3328 3076 incomitata,
3363 3006 3428 3063 ad
3467 3019 3591 3065 ere-

287 3101 495 3161 t'eierre
520 3100 802 3172 complura
836 3117 850 3156 :
880 3098 1035 3173 cujus
1066 3114 1165 3156 nos
1192 3097 1268 3173 (ὁ)
1297 3099 1507 3157 exitum
1533 3097 1683 3156 brevi
1713 3096 1894 3156 libello
1995 3114 2141 3157 mum
2171 3100 2524 3158 Antoniorum
2549 3109 2710 3172 atque
2734 3098 3018 3158 Paulorutn
3049 3115 3271 3172 pergere
3301 3099 3587 3172 gestiebat.

291 3197 714 3265 explicavimus.

445 3286 618 3358 Idan,
651 3289 800 3358 epist.
831 3287 896 3343 21
931 3288 1000 3345 ad
1036 3286 1264 3344 Paulum
1303 3286 1748 3347 Concordiensem.

368 3383 609 3443 Misimus
635 3383 850 3440 interim
874 3392 925 3439 te
954 3383 1070 3450 tibi,
1097 3383 1150 3438 id
1173 3391 1274 3450 est,
1301 3379 1469 3440 Paulo
1503 3383 1621 3441 seni
1673 3383 1897 3440 Paulum

295 3475 574 3533 seniorem
604 3479 712 3546 (c);
745 3477 797 3531 in
836 3491 944 3546 quo
991 3483 1212 3545 propter
1258 3475 1612 3546 simpliciores
1658 3493 1898 3546 quosque

294 3571 535 3626 multum
565 3569 617 3624 in
652 3568 956 3639 dejiciendo
1002 3582 1251 3624 sermone
1276 3568 1356 3642 (ἀ)
1386 3567 1762 3626 laboravimus.
1795 3571 1898 3628 Sed

297 3661 488 3718 nescio
514 3661 805 3732 quomodo,
832 3661 1044 3718 etiamsi
1074 3673 1210 3732 aqua
1238 3663 1395 3734 plena
1418 3661 1508 3730 sit,
1539 3672 1720 3720 tamen
1750 3679 1901 3720 enm-

296 3755 428 3813 dem
458 3757 681 3814 odorem
715 3755 904 3830 lagena
928 3766 1110 3814 servat
1143 3756 1217 3828 (ε)
1246 3771 1354 3828 quo
1383 3755 1508 3813 dum
1559 3758 1708 3814 rudis
1751 3765 1898 3814 esset
1925 3741 1973 3804 Β

296 3850 507 3909 imbuta
531 3860 635 3910 est.

2038 3174 2327 3262 Paulinus,
2354 3197 2570 3266 prologo
2601 3196 2719 3250 uitta
2746 3195 2910 3252 sancti
2953 3195 3244 3261 Ambrosii,
3275 3193 3310 3248 4
3340 3190 3556 3263 Aprilis.

2077 3289 2179 3361 ιι
2209 3289 2473 3357 Hortaris,
2499 3288 2820 3346 venerabilis
2851 3289 3007 3344 Pater
3032 3287 3353 3358 Augustine,
3373 3292 3432 3342 nt
3455 3286 3594 3342 sicut

2000 3383 2142 3439 beati
2176 3381 2292 3450 viri,
2320 3381 2643 3438 Athanasius
2671 3382 2953 3455 episcopus
2969 3389 3023 3438 et
3053 3379 3407 3452 Hieronymus
3440 3389 3595 3452 pres-

2000 3476 2188 3549 byter,
2219 3475 2362 3548 ston
2391 3475 2660 3545 prosecuti
2714 3483 2841 3532 sunt
2879 3475 3044 3531 vitam
3087 3482 3393 3531 sanctorum
3443 3471 3592 3529 Pauli

2001 3579 2058 3627 et
2086 3569 2326 3636 Antonii,
2362 3568 2414 3624 in
2445 3583 2634 3626 eremo
2660 3569 2982 3639 positorum,
3009 3576 3120 3625 etc.

2076 3661 2345 3730 Sidonius,
2380 3661 2608 3717 carmine
2628 3673 2716 3717 xvr
2745 3655 3122 3726 Eucharistico,
3155 3659 3222 3713 ad
3252 3653 3524 3712 Faustum.

2130 3755 2282 3812 Nunc
2306 3765 2462 3812 vocat
2488 3754 2546 3811 in
2569 3754 2745 3810 tunica
2781 3753 2958 3810 nudus
2985 3763 3039 3808 te
3062 3751 3327 3810 Antonius
3359 3751 3470 3818 illa,

2076 3851 2248 3917 Quam
2273 3848 2394 3904 iecit
2416 3847 2608 3919 palmae
2630 3846 2770 3903 loliis
2790 3847 2862 3918 (Ι)
2887 3859 3078 3902 manus
3096 3845 3235 3901 alma
3258 3842 3521 3916 magistri.

1583 3968 1958 4028 ROSWEYDI
1995 3963 2322 4030 NOTATIO.

377 4065 451 4137 (a)
485 4061 672 4137 Paulo]
717 4061 866 4137 Pauli
892 4063 1048 4132 primi
1073 4062 1315 4137 eremitaa
1346 4063 1594 4118 nativitas
1622 4074 1676 4137 et
1696 4064 1895 4133 obitus,

294 4135 619 4207 quianullis
644 4135 956 4190 consulibus
991 4136 1084 4207 vel
1125 4135 1508 4204 imperatorum
1552 4136 1707 4190 annis
1754 4138 1897 4192 assi-

296 4206 460 4278 gnata
495 4207 779 4271 habentur,
813 4206 1175 4278 investiganda
1206 4215 1423 4278 suntex
1457 4215 1618 4261 astate
1646 4207 1891 4274 Antonii,

298 4277 361 4334 nt
418 4287 564 4334 recte
612 4278 820 4332 monuit
875 4277 1266 4333 illustrissimus
1322 4277 1618 4344 Baronius;
1673 4280 1890 4335 Antonii

295 4365 431 4406 vero
461 4349 690 4404 natalem
721 4349 866 4403 diem
898 4358 954 4403 et
984 4352 1322 4416 mortualem,
1357 4363 1675 4416 expressum
1727 4351 1890 4406 liabe-

296 4437 419 4480 ntus
450 4422 502 4475 in
529 4418 799 4476 Chronico
830 4419 1048 4475 Eusebii
1077 4430 1132 4476 et
1161 4421 1496 4490 Hieronymi,
1529 4423 1693 4476 certis
1725 4421 1896 4490 impe-

295 4501 539 4552 ratorum
591 4493 766 4546 annis.
822 4491 1024 4558 Quibus
1093 4491 1429 4547 Christianos
1501 4508 1567 4550 ex
1623 4502 1892 4560 postrema

301 4563 524 4618 Pontaci
557 4575 610 4618 et
639 4563 900 4636 Scaligeri
928 4563 1166 4636 editione
1194 4563 1510 4636 adiungam,
1539 4567 1627 4636 qui
1657 4580 1686 4618 a
1719 4577 1894 4632 poste-

294 4637 536 4705 riorihus
567 4647 694 4690 sunt
719 4635 972 4704 appositi,
1002 4649 1121 4690 cum
1153 4634 1208 4689 in
1235 4633 1332 4689 Ms.
1367 4633 1590 4690 vetustis
1619 4636 1816 4690 desint.

374 4705 507 4760 Illud
537 4717 660 4761 ante
701 4721 915 4768 moneo,
951 4705 1236 4760 Baronium
1298 4705 1488 4760 vitiosa
1521 4707 1754 4762 editione
1788 4707 1893 4762 Eu-

295 4778 436 4832 sebii
470 4793 648 4843 usum,
679 4792 798 4842 qua:
827 4777 1042 4831 Antonii
1072 4777 1276 4832 obitum
1309 4780 1458 4845 ponit
1485 4793 1625 4831 anno
1648 4777 1713 4832 21
1744 4778 1890 4833 Con-

293 4848 484 4905 nuntii
512 4848 771 4904 Juniuris.
802 4850 979 4915 Quare
1007 4863 1202 4919 sequar
1229 4862 1329 4902 ms.
1363 4849 1613 4903 Codicem
1642 4851 1891 4903 amandi-

2074 4065 2141 4120 Et
2169 4063 2384 4133 quidem
2415 4062 2516 4117 hac
2542 4062 2752 4118 ratione
2783 4061 2932 4132 iuxta
2962 4061 3224 4117 calculum
3272 4058 3491 4116 Pontaci
3539 4069 3597 4120 et

1997 4135 2278 4207 Scaligeri,
2306 4135 2522 4190 annusi
2559 4135 2699 4190 Decii
2733 4150 2836 4189 nt)"
2859 4144 3244 4190 annumeratur
3263 4133 3404 4207 inter
3424 4147 3596 4190 annos

2003 4205 2178 4262 astatis
2209 4206 2446 4261 Antonii.
2479 4208 2627 4260 Alias
2687 4207 2830 4262 enim
2878 4221 2962 4260 cvt
3010 4207 3132 4260 anni
3183 4205 3324 4260 aetati
3376 4207 3593 4262 Antonii

2007 4280 2390 4334 tribuerentur.
2420 4277 2520 4346 Qui
2562 4285 2739 4332 tamen
2770 4279 3206 4333 annumerandus
3253 4277 3322 4331 sit
3365 4290 3535 4331 annus
3567 4279 3593 4334 1

2007 4349 2176 4417 Decii,
2209 4358 2266 4404 et
2294 4366 2398 4404 non
2429 4349 2532 4403 nisi
2559 4363 2625 4404 cv
2647 4349 2772 4404 anni
2803 4349 2925 4405 inde
2955 4349 3020 4403 ad
3051 4350 3117 4404 i9
3163 4349 3458 4403 Constantii
3505 4347 3597 4403 Ju-

2005 4424 2174 4477 nioris
2202 4436 2397 4476 annum
2427 4429 2745 4488 exsurgant,
2780 4420 2953 4475 dicam
2984 4420 3050 4475 ad
3078 4420 3250 4474 Vitam
3287 4420 3525 4475 Antonii.

2074 4493 2190 4548 Jam
2225 4508 2372 4556 vero,
2414 4506 2536 4546 cum
2598 4493 2651 4546 in
2707 4492 2824 4546 Vita
2873 4491 3019 4545 Pauli
3070 4491 3278 4545 dicatur
3328 4491 3599 4548 Antonius

2003 4564 2170 4619 fuisse
2195 4580 2258 4620 xc
2281 4581 2404 4620 cum
2432 4563 2656 4618 Paulum
2681 4563 2884 4622 invisit.
2915 4577 3019 4630 quo
3048 4561 3166 4631 ipso
3193 4571 3433 4630 tempore
3465 4567 3601 4620 Pau-

2005 4636 2088 4690 lus
2120 4636 2253 4691 ohiit
2277 4651 2405 4691 exiit
2446 4636 2686 4688 existens
2714 4649 2998 4700 annorum,
3035 4644 3090 4688 ut
3134 4636 3186 4689 in
3238 4634 3424 4689 eadem
3482 4635 3599 4691 Vita

2002 4706 2258 4770 habetur;
2284 4718 2338 4762 et
2365 4705 2630 4762 Antonius
2654 4707 2842 4760 vixerit
2861 4721 2923 4760 ον
2941 4719 3133 4771 annos,
3160 4705 3338 4774 utjam
3360 4706 3596 4774 dictum;

2001 4779 2244 4848 sequitur
2273 4777 2560 4832 Antonium
2590 4778 2951 4848 supervixisse
2983 4777 3145 4833 Paulo
3174 4782 3330 4832 annis
3360 4795 3450 4834 xv.

2078 4851 2220 4904 Pauli
2251 4852 2412 4916 igitur
2447 4848 2628 4911 obitus
2673 4849 2990 4905 statuendus
3017 4859 3100 4904 est
3149 4865 3218 4904 sv
3268 4850 3422 4904 annis
3470 4855 3596 4905 ante

291 4935 425 4976 num
483 4920 720 4982 Eusebii.
769 4935 879 4988 quo
929 4930 1071 4986 utor,
1116 4920 1194 4991 ab
1239 4923 1394 4974 annis
1448 4921 1586 4975 1000
1637 4923 1895 4990 scriptum
1925 4925 1973 4991 ο
2003 4930 2234 4976 mortem
2268 4920 2503 4976 Antonii.
2550 4919 2682 4991 Cum
2715 4930 2891 4977 autem
2925 4921 3190 4977 Antonius
3219 4921 3412 4976 ohierit
3451 4937 3594 4976 anno

290 4992 622 5059 capitalibus
666 4992 883 5055 litteris,
915 4991 1059 5059 quod
1112 4990 1366 5046 indicium
1406 4991 1745 5061 antiquitatis
1791 5002 1894 5047 est.

289 5063 430 5119 Cum
464 5077 572 5131 quo
595 5063 815 5134 Pontaci
842 5073 896 5118 et
925 5063 1180 5134 Scaligeri
1211 5063 1376 5118 editio
1407 5063 1509 5118 hoc
1537 5063 1748 5133 quidem
1779 5064 1898 5118 loco

290 5134 594 5206 conspirat.
634 5133 907 5206 Vitiosam‘
940 5133 1403 5206 eam’editionem
1431 5150 1574 5200 esse,
1617 5151 1718 5206 qua
1768 5150 1899 5191 usus

287 5214 378 5262 est
410 5205 696 5272 Baronius,
729 5203 966 5277 probabo
1003 5205 1176 5263 iusius
1223 5205 1290 5262 ad
1345 5206 1518 5263 \iitatn
1561 5203 1735 5263 sancti
1782 5209 1896 5263 An-

289 5279 447 5336 tonii.
477 5289 492 5298 "

363 5349 589 5406 Antonii
617 5348 779 5420 igitur
815 5349 1004 5404 natalis
1027 5349 1148 5405 dies
1175 5350 1227 5405 in
1259 5364 1328 5406 eo
1362 5350 1667 5420 assignatur
1695 5363 1837 5420 anno
1863 5350 1889 5405 1

292 5420 444 5477 Decii
467 5419 811 5490 imperatoris
836 5436 994 5491 quem
1025 5421 1290 5477 Pontacus
1315 5419 1509 5477 statuit
1535 5420 1732 5476 Christi
1753 5419 1889 5488 254,

289 5493 538 5564 Scaliger
583 5492 730 5558 252;
785 5493 1059 5548 mortualis
1108 5509 1236 5548 vero
1284 5509 1426 5548 anno
1470 5493 1538 5547 19
1588 5493 1890 5548 Constantii

288 5563 555 5634 iunioris,
586 5580 742 5634 quem
775 5565 1041 5620 Pontacus
1072 5565 1258 5619 statuit
1287 5565 1484 5619 Christi
1507 5565 1630 5631 559,
1650 5564 1892 5633 Scaliger

289 5632 419 5691 557.
442 5632 687 5706 Cumque
711 5636 814 5692 hoc
835 5636 1133 5706 posteriore
1160 5639 1278 5692 loco
1307 5638 1356 5691 in
1385 5635 1654 5691 Chronica
1679 5632 1892 5691 dicatur

291 5708 568 5763 Antonius
597 5709 770 5763 aetatis
797 5721 909 5763 suae
940 5722 1083 5764 anno
1114 5707 1219 5763 105
1265 5708 1483 5772 obiisse,
1511 5708 1655 5776 juste
1682 5714 1888 5763 tantum

287 5776 659 5908 annum
691 5781 718 5838 1
762 5779 911 5839 Decii
937 5789 994 5839 et
1021 5780 1090 5840 t9
1116 5778 1417 5840 Constantii
1445 5778 1683 5838 iunioris
1721 5780 1892 5838 inter-

2007 4994 2074 5047 19
2101 4991 2399 5047 Constantii
2430 5007 2523 5047 seu
2555 4990 2755 5048 Christi
2788 4992 2894 5048 359
2936 4995 3230 5050 secundum
3283 4993 3596 5058 Pontaeum,

2005 5065 2090 5119 vel
2122 5064 2222 5120 557
2255 5065 2548 5119 secundum
2593 5065 2919 5134 Scaligerum
2939 5105 2955 5132 ,
2986 5063 3600 5134 manifesteAdeilucitnr

2009 5135 2230 5191 Paulum
2254 5138 2452 5192 obiisse
2475 5149 2618 5191 anno
2639 5137 2672 5190 4
2701 5131 3023 5202 ϐδηειειηιη,
3043 5137 3134 5207 qui
3153 5145 3251 5207 est
3265 5131 3464 5207 Christi
3491 5131 3600 5191 544

2005 5207 2282 5277 putatione
2314 5207 2555 5278 Pontaci,
2583 5207 2670 5263 vel
2699 5207 2804 5264 512
2833 5205 3106 5278 putatione
3135 5205 3416 5278 Scaligeri.

2081 5278 2231 5333 Unde
2262 5279 2455 5335 natalis
2481 5276 2632 5335 Pauli
2675 5276 2989 5336 statuendus
3014 5285 3098 5332 est
3123 5291 3266 5332 anno
3296 5276 3327 5330 7
3368 5279 3603 5334 Alexan-

2002 5347 2087 5406 dri
2117 5349 2457 5422 imperatoris
2485 5353 2575 5423 qui
2606 5361 2690 5408 est
2717 5367 2889 5408 annus
2914 5349 3114 5406 Christi
3131 5347 3234 5404 251
3264 5348 3423 5419 juxta
3453 5348 3594 5407 Pon-

2003 5430 2201 5494 tacum,
2234 5423 2316 5480 vel
2345 5423 2448 5477 229
2475 5423 2622 5493 juxta
2653 5423 3002 5494 Scaligerum.

2075 5493 2220 5560 Ergo
2261 5510 2403 5550 anno
2441 5492 2484 5547 5
2502 5494 2782 5560 Gordiani,
2805 5492 2899 5560 qui
2930 5503 3013 5549 est
3037 5492 3234 5550 Christi
3266 5495 3374 5551 215
3403 5507 3600 5552 secun—

1999 5564 2126 5638 dum
2160 5563 2472 5632 Pontacum,
2510 5567 2601 5638 vel
2619 5563 2726 5638 243
2758 5566 3052 5638 secundum
3080 5567 3436 5638 Scaligerum,
3467 5582 3594 5638 age-

2001 5636 2092 5692 bat
2128 5638 2320 5694 Paulus
2350 5651 2548 5693 anuum
2584 5637 2672 5702 15,
2701 5636 2790 5707 qui
2821 5651 3085 5695 annorum
3115 5636 3331 5695 circiter
3359 5636 3428 5695 xv
3459 5636 3596 5694 dici—

1997 5715 2098 5783 tur»
2116 5709 2281 5765 fuisse
2303 5711 2369 5783 ab
2393 5709 2742 5780 Hieronymo,
2769 5723 2890 5767 cum
2916 5721 3036 5783 post
3055 5721 3284 5770 mortem
3311 5717 3596 5782 parentum

1995 5781 2224 5838 relictus
2247 5789 2331 5835 est
2357 5781 2552 5834 Iunios.

2065 5853 2198 5910 Cum
2224 5866 2350 5910 vero
2379 5851 2735 5924 Hieronymus
2763 5857 2904 5917 dicat
2941 5859 2995 5917 in
3025 5858 3143 5932 ejus
3175 5857 3313 5924 Vita,
3340 5869 3464 5914 eum
3489 5867 3580 5912 se-
