  <div class='ocr_page' id='page_1' title='image "/cluster/home/n/w/nwhite01/storage/ocr_20150623/73/hvd.32044011474434/057.png"; bbox 0 0 4124 6350; ppageno 0'>
   <div class='ocr_carea' id='block_1_1' title="bbox 545 376 648 437">
    <p class='ocr_par' dir='ltr' id='par_1_1' title="bbox 545 376 648 437">
     <span class='ocr_line' id='line_1_1' title="bbox 545 376 648 437; baseline 0.019 -2"><span class='ocrx_word' id='word_1_1' title='bbox 545 376 648 437; x_wconf 64' lang='grc'><strong>113</strong></span> 
     </span>
    </p>
   </div>
   <div class='ocr_carea' id='block_1_2' title="bbox 1569 368 2758 431">
    <p class='ocr_par' dir='ltr' id='par_1_2' title="bbox 1569 368 2758 431">
     <span class='ocr_line' id='line_1_2' title="bbox 1569 368 2758 431; baseline -0.004 0"><span class='ocrx_word' id='word_1_2' title='bbox 1569 375 1656 431; x_wconf 83' lang='lat' dir='ltr'><strong>DE</strong></span> <span class='ocrx_word' id='word_1_3' title='bbox 1698 372 1877 430; x_wconf 85' lang='lat' dir='ltr'><strong>VlTlS</strong></span> <span class='ocrx_word' id='word_1_4' title='bbox 1917 368 2200 430; x_wconf 78' lang='lat' dir='ltr'><strong>PATRUM</strong></span> <span class='ocrx_word' id='word_1_5' title='bbox 2238 369 2443 429; x_wconf 80' lang='lat' dir='ltr'><strong>LIBER</strong></span> <span class='ocrx_word' id='word_1_6' title='bbox 2481 369 2758 430; x_wconf 73' lang='lat' dir='ltr'><strong>PRIMUS.</strong></span> 
     </span>
    </p>
   </div>
   <div class='ocr_carea' id='block_1_3' title="bbox 3710 372 3815 431">
    <p class='ocr_par' dir='ltr' id='par_1_3' title="bbox 3710 372 3815 431">
     <span class='ocr_line' id='line_1_3' title="bbox 3710 372 3815 431; baseline 0 0"><span class='ocrx_word' id='word_1_7' title='bbox 3710 372 3815 431; x_wconf 69' lang='lat' dir='ltr'>IN</span> 
     </span>
    </p>
   </div>
   <div class='ocr_carea' id='block_1_4' title="bbox 541 482 3811 557">
    <p class='ocr_par' dir='ltr' id='par_1_4' title="bbox 541 482 3811 557">
     <span class='ocr_line' id='line_1_4' title="bbox 541 482 3811 557; baseline 0 -10"><span class='ocrx_word' id='word_1_8' title='bbox 541 493 770 548; x_wconf 83' lang='lat' dir='ltr'><strong>cessisse</strong></span> <span class='ocrx_word' id='word_1_9' title='bbox 797 489 854 546; x_wconf 89' lang='lat' dir='ltr'><strong>in</strong></span> <span class='ocrx_word' id='word_1_10' title='bbox 898 488 1076 546; x_wconf 85' lang='lat' dir='ltr'><strong>villam</strong></span> <span class='ocrx_word' id='word_1_11' title='bbox 1109 488 1477 545; x_wconf 74' lang='lat' dir='ltr'><strong>remotiorem.</strong></span> <span class='ocrx_word' id='word_1_12' title='bbox 1513 505 1531 538; x_wconf 72' lang='grc' dir='ltr'>ι</span> <span class='ocrx_word' id='word_1_13' title='bbox 1565 502 1688 541; x_wconf 91' lang='lat' dir='ltr'><strong>cum</strong></span> <span class='ocrx_word' id='word_1_14' title='bbox 1734 483 2122 557; x_wconf 80' lang='lat' dir='ltr'><strong>persecutionis</strong></span> <span class='ocrx_word' id='word_1_15' title='bbox 2147 485 2203 546; x_wconf 79' lang='grc' dir='ltr'>Α</span> <span class='ocrx_word' id='word_1_16' title='bbox 2225 488 2410 545; x_wconf 85' lang='lat' dir='ltr'><strong>Graeca</strong></span> <span class='ocrx_word' id='word_1_17' title='bbox 2435 497 2594 557; x_wconf 90' lang='lat' dir='ltr'><strong>atque</strong></span> <span class='ocrx_word' id='word_1_18' title='bbox 2622 486 2808 557; x_wconf 84' lang='lat' dir='ltr'><strong>Latina</strong></span> <span class='ocrx_word' id='word_1_19' title='bbox 2835 482 3078 557; x_wconf 78' lang='lat' dir='ltr'><strong>Ecclesia</strong></span> <span class='ocrx_word' id='word_1_20' title='bbox 3101 482 3364 557; x_wconf 82' lang='lat' dir='ltr'><strong>hactenus</strong></span> <span class='ocrx_word' id='word_1_21' title='bbox 3390 483 3568 542; x_wconf 90' lang='lat' dir='ltr'><strong>locum</strong></span> <span class='ocrx_word' id='word_1_22' title='bbox 3598 486 3811 548; x_wconf 87' lang='lat' dir='ltr'><strong>habuit.</strong></span> 
     </span>
    </p>
   </div>
   <div class='ocr_carea' id='block_1_5' title="bbox 543 555 2120 633">
    <p class='ocr_par' dir='ltr' id='par_1_5' title="bbox 543 555 2120 633">
     <span class='ocr_line' id='line_1_5' title="bbox 543 555 2120 633; baseline -0.004 -17"><span class='ocrx_word' id='word_1_23' title='bbox 543 562 777 633; x_wconf 81' lang='lat' dir='ltr'><strong>procella</strong></span> <span class='ocrx_word' id='word_1_24' title='bbox 815 562 1114 626; x_wconf 91' lang='lat' dir='ltr'><strong>detonaret,</strong></span> <span class='ocrx_word' id='word_1_25' title='bbox 1153 579 1171 612; x_wconf 75' lang='grc' dir='ltr'><strong><em>ι</em></strong></span> <span class='ocrx_word' id='word_1_26' title='bbox 1209 557 1598 633; x_wconf 80' lang='lat' dir='ltr'><strong>scil_icet_De_cii</strong></span> <span class='ocrx_word' id='word_1_27' title='bbox 1647 566 1701 612; x_wconf 91' lang='lat' dir='ltr'><strong>et</strong></span> <span class='ocrx_word' id='word_1_28' title='bbox 1730 555 2120 633; x_wconf 65' lang='lat' dir='ltr'><strong>Va_leriani_,_de</strong></span> 
     </span>
    </p>
   </div>
   <div class='ocr_carea' id='block_1_6' title="bbox 542 627 2117 704">
    <p class='ocr_par' dir='ltr' id='par_1_6' title="bbox 542 627 2117 704">
     <span class='ocr_line' id='line_1_6' title="bbox 542 627 2117 704; baseline -0.004 -18"><span class='ocrx_word' id='word_1_29' title='bbox 542 627 735 704; x_wconf 77' lang='lat' dir='ltr'><strong>quibus</strong></span> <span class='ocrx_word' id='word_1_30' title='bbox 763 633 899 701; x_wconf 90' lang='lat' dir='ltr'><strong>apud</strong></span> <span class='ocrx_word' id='word_1_31' title='bbox 926 648 1045 704; x_wconf 87' lang='lat' dir='ltr'><strong>eum</strong></span> <span class='ocrx_word' id='word_1_32' title='bbox 1079 630 1334 704; x_wconf 66' lang='lat' dir='ltr'><strong>praecedit</strong></span> <span class='ocrx_word' id='word_1_33' title='bbox 1354 648 1375 704; x_wconf 82' lang='lat'><strong>;_</strong></span> <span class='ocrx_word' id='word_1_34' title='bbox 1393 628 1447 704; x_wconf 84' lang='lat' dir='ltr'><strong>_si_</strong></span> <span class='ocrx_word' id='word_1_35' title='bbox 1473 629 1539 683; x_wconf 91' lang='lat' dir='ltr'><strong>ad</strong></span> <span class='ocrx_word' id='word_1_36' title='bbox 1570 645 1767 704; x_wconf 78' lang='lat' dir='ltr'><strong>annum</strong></span> <span class='ocrx_word' id='word_1_37' title='bbox 1795 630 1836 704; x_wconf 57' lang='grc' dir='ltr'><strong>1Δ</strong></span> <span class='ocrx_word' id='word_1_38' title='bbox 1858 627 2002 682; x_wconf 88' lang='lat' dir='ltr'><strong>Decii</strong></span> <span class='ocrx_word' id='word_1_39' title='bbox 2035 627 2117 680; x_wconf 87' lang='lat' dir='ltr'><strong>fu-</strong></span> 
     </span>
    </p>
   </div>
   <div class='ocr_carea' id='block_1_7' title="bbox 543 699 2117 774">
    <p class='ocr_par' dir='ltr' id='par_1_7' title="bbox 543 699 2117 774">
     <span class='ocr_line' id='line_1_7' title="bbox 543 699 2117 774; baseline -0.005 -15"><span class='ocrx_word' id='word_1_40' title='bbox 543 699 662 774; x_wconf 75' lang='lat' dir='ltr'><strong>gam</strong></span> <span class='ocrx_word' id='word_1_41' title='bbox 698 699 839 758; x_wconf 31' lang='lat' dir='ltr'><strong>Pan—Ii</strong></span> <span class='ocrx_word' id='word_1_42' title='bbox 872 699 1091 768; x_wconf 71' lang='lat' dir='ltr'><strong>referas,</strong></span> <span class='ocrx_word' id='word_1_43' title='bbox 1121 703 1324 774; x_wconf 77' lang='lat' dir='ltr'><strong>quiest</strong></span> <span class='ocrx_word' id='word_1_44' title='bbox 1349 699 1456 755; x_wconf 71' lang='lat'><strong>254</strong></span> <span class='ocrx_word' id='word_1_45' title='bbox 1483 700 1770 774; x_wconf 86' lang='lat' dir='ltr'><strong>secundum</strong></span> <span class='ocrx_word' id='word_1_46' title='bbox 1807 700 2117 774; x_wconf 75' lang='lat' dir='ltr'><strong>Pon_tacum,</strong></span> 
     </span>
    </p>
   </div>
   <div class='ocr_carea' id='block_1_8' title="bbox 547 769 2118 841">
    <p class='ocr_par' dir='ltr' id='par_1_8' title="bbox 547 769 2118 841">
     <span class='ocr_line' id='line_1_8' title="bbox 547 769 2118 841; baseline -0.003 -14"><span class='ocrx_word' id='word_1_47' title='bbox 547 769 630 828; x_wconf 65' lang='lat' dir='ltr'><strong>vel</strong></span> <span class='ocrx_word' id='word_1_48' title='bbox 656 774 761 826; x_wconf 62' lang='lat'><strong>‘23:).</strong></span> <span class='ocrx_word' id='word_1_49' title='bbox 789 774 1076 829; x_wconf 90' lang='lat' dir='ltr'><strong>secundum</strong></span> <span class='ocrx_word' id='word_1_50' title='bbox 1109 769 1460 841; x_wconf 68' lang='lat' dir='ltr'><strong>SCaligerutn,</strong></span> <span class='ocrx_word' id='word_1_51' title='bbox 1489 773 1726 841; x_wconf 78' lang='lat' dir='ltr'><strong>sequitur</strong></span> <span class='ocrx_word' id='word_1_52' title='bbox 1754 779 1879 824; x_wconf 90' lang='lat' dir='ltr'><strong>tunc</strong></span> <span class='ocrx_word' id='word_1_53' title='bbox 1899 769 2118 824; x_wconf 85' lang='lat' dir='ltr'><strong>Paulum</strong></span> 
     </span>
    </p>
   </div>
   <div class='ocr_carea' id='block_1_9' title="bbox 544 845 1170 901">
    <p class='ocr_par' dir='ltr' id='par_1_9' title="bbox 544 845 1170 901">
     <span class='ocr_line' id='line_1_9' title="bbox 544 845 1170 901; baseline -0.01 0"><span class='ocrx_word' id='word_1_54' title='bbox 544 845 709 901; x_wconf 81' lang='lat' dir='ltr'><strong>fuisse</strong></span> <span class='ocrx_word' id='word_1_55' title='bbox 738 860 997 900; x_wconf 90' lang='lat' dir='ltr'><strong>annorum</strong></span> <span class='ocrx_word' id='word_1_56' title='bbox 1028 858 1170 896; x_wconf 84' lang='lat' dir='ltr'><strong>xxiv.</strong></span> 
     </span>
    </p>
   </div>
   <div class='ocr_carea' id='block_1_10' title="bbox 620 911 2124 983">
    <p class='ocr_par' dir='ltr' id='par_1_10' title="bbox 620 911 2124 983">
     <span class='ocr_line' id='line_1_10' title="bbox 620 911 2124 983; baseline -0.004 -14"><span class='ocrx_word' id='word_1_57' title='bbox 620 916 798 971; x_wconf 77' lang='lat' dir='ltr'><strong>Caesar</strong></span> <span class='ocrx_word' id='word_1_58' title='bbox 826 925 972 969; x_wconf 91' lang='lat' dir='ltr'><strong>certe</strong></span> <span class='ocrx_word' id='word_1_59' title='bbox 1005 913 1260 968; x_wconf 89' lang='lat' dir='ltr'><strong>Baronius</strong></span> <span class='ocrx_word' id='word_1_60' title='bbox 1292 916 1375 983; x_wconf 93' lang='lat' dir='ltr'><strong>(ut</strong></span> <span class='ocrx_word' id='word_1_61' title='bbox 1403 914 1453 968; x_wconf 92' lang='lat' dir='ltr'><strong>in</strong></span> <span class='ocrx_word' id='word_1_62' title='bbox 1499 911 1863 969; x_wconf 91' lang='lat' dir='ltr'><strong>notationibns</strong></span> <span class='ocrx_word' id='word_1_63' title='bbox 1892 912 1958 966; x_wconf 91' lang='lat' dir='ltr'><strong>ad</strong></span> <span class='ocrx_word' id='word_1_64' title='bbox 1985 911 2124 983; x_wconf 88' lang='lat' dir='ltr'><strong>hanc</strong></span> 
     </span>
    </p>
   </div>
   <div class='ocr_carea' id='block_1_11' title="bbox 548 982 2121 1053">
    <p class='ocr_par' dir='ltr' id='par_1_11' title="bbox 548 982 2121 1053">
     <span class='ocr_line' id='line_1_11' title="bbox 548 982 2121 1053; baseline -0.004 -12"><span class='ocrx_word' id='word_1_65' title='bbox 548 987 724 1041; x_wconf 82' lang='lat' dir='ltr'><strong>Vitam</strong></span> <span class='ocrx_word' id='word_1_66' title='bbox 756 985 946 1052; x_wconf 84' lang='lat' dir='ltr'><strong>fusius)</strong></span> <span class='ocrx_word' id='word_1_67' title='bbox 979 985 1123 1039; x_wconf 83' lang='lat' dir='ltr'><strong>Pauli</strong></span> <span class='ocrx_word' id='word_1_68' title='bbox 1153 982 1328 1053; x_wconf 86' lang='lat' dir='ltr'><strong>fugam</strong></span> <span class='ocrx_word' id='word_1_69' title='bbox 1362 985 1504 1039; x_wconf 91' lang='lat' dir='ltr'><strong>Decii</strong></span> <span class='ocrx_word' id='word_1_70' title='bbox 1554 1000 1695 1038; x_wconf 90' lang='lat' dir='ltr'><strong>anno</strong></span> <span class='ocrx_word' id='word_1_71' title='bbox 1740 988 1765 1039; x_wconf 98' lang='grc'><strong>1</strong></span> <span class='ocrx_word' id='word_1_72' title='bbox 1822 985 1990 1053; x_wconf 88' lang='lat' dir='ltr'><strong>ponit,</strong></span> <span class='ocrx_word' id='word_1_73' title='bbox 2037 982 2121 1036; x_wconf 91' lang='lat' dir='ltr'><strong>cui</strong></span> 
     </span>
    </p>
   </div>
   <div class='ocr_carea' id='block_1_12' title="bbox 545 1053 2122 1128">
    <p class='ocr_par' dir='ltr' id='par_1_12' title="bbox 545 1053 2122 1128">
     <span class='ocr_line' id='line_1_12' title="bbox 545 1053 2122 1128; baseline -0.004 -17"><span class='ocrx_word' id='word_1_74' title='bbox 545 1057 860 1128; x_wconf 88' lang='lat' dir='ltr'><strong>parallelnm</strong></span> <span class='ocrx_word' id='word_1_75' title='bbox 908 1056 1032 1110; x_wconf 88' lang='lat' dir='ltr'><strong>facit</strong></span> <span class='ocrx_word' id='word_1_76' title='bbox 1076 1054 1270 1128; x_wconf 81' lang='lat' dir='ltr'><strong>Christi</strong></span> <span class='ocrx_word' id='word_1_77' title='bbox 1315 1053 1676 1128; x_wconf 64' lang='lat' dir='ltr'><strong>annum25§;</strong></span> <span class='ocrx_word' id='word_1_78' title='bbox 1705 1054 1962 1128; x_wconf 82' lang='lat' dir='ltr'><strong>ejusdem</strong></span> <span class='ocrx_word' id='word_1_79' title='bbox 1995 1066 2122 1128; x_wconf 62' lang='lat' dir='ltr'><strong>vero</strong></span> 
     </span>
    </p>
   </div>
   <div class='ocr_carea' id='block_1_13' title="bbox 546 1123 2122 1191">
    <p class='ocr_par' dir='ltr' id='par_1_13' title="bbox 546 1123 2122 1191">
     <span class='ocr_line' id='line_1_13' title="bbox 546 1123 2122 1191; baseline -0.004 -9"><span class='ocrx_word' id='word_1_80' title='bbox 546 1123 749 1182; x_wconf 79' lang='lat' dir='ltr'><strong>obitum</strong></span> <span class='ocrx_word' id='word_1_81' title='bbox 779 1127 962 1181; x_wconf 78' lang='lat' dir='ltr'><strong>statuit</strong></span> <span class='ocrx_word' id='word_1_82' title='bbox 1001 1141 1140 1180; x_wconf 93' lang='lat' dir='ltr'><strong>anno</strong></span> <span class='ocrx_word' id='word_1_83' title='bbox 1171 1127 1200 1178; x_wconf 91' lang='lat'><strong>7</strong></span> <span class='ocrx_word' id='word_1_84' title='bbox 1231 1127 1553 1191; x_wconf 92' lang='lat' dir='ltr'><strong>Constantii,</strong></span> <span class='ocrx_word' id='word_1_85' title='bbox 1587 1126 1784 1180; x_wconf 86' lang='lat' dir='ltr'><strong>Christi</strong></span> <span class='ocrx_word' id='word_1_86' title='bbox 1820 1140 1947 1180; x_wconf 91' lang='lat' dir='ltr'><strong>vero</strong></span> <span class='ocrx_word' id='word_1_87' title='bbox 1993 1123 2122 1180; x_wconf 74' lang='grc'><strong>515.</strong></span> 
     </span>
    </p>
   </div>
   <div class='ocr_carea' id='block_1_14' title="bbox 545 1196 2124 1263">
    <p class='ocr_par' dir='ltr' id='par_1_14' title="bbox 545 1196 2124 1263">
     <span class='ocr_line' id='line_1_14' title="bbox 545 1196 2124 1263; baseline -0.002 -9"><span class='ocrx_word' id='word_1_88' title='bbox 545 1199 651 1254; x_wconf 86' lang='lat' dir='ltr'><strong>Sed</strong></span> <span class='ocrx_word' id='word_1_89' title='bbox 683 1197 1102 1262; x_wconf 81' lang='lat' dir='ltr'><strong>ineniendatum,</strong></span> <span class='ocrx_word' id='word_1_90' title='bbox 1133 1205 1192 1250; x_wconf 93' lang='lat' dir='ltr'><strong>ut</strong></span> <span class='ocrx_word' id='word_1_91' title='bbox 1211 1196 1340 1263; x_wconf 83' lang='lat' dir='ltr'><strong>dixi,</strong></span> <span class='ocrx_word' id='word_1_92' title='bbox 1367 1206 1581 1252; x_wconf 90' lang='lat' dir='ltr'><strong>secutus</strong></span> <span class='ocrx_word' id='word_1_93' title='bbox 1612 1206 1694 1251; x_wconf 87' lang='lat' dir='ltr'><strong>est</strong></span> <span class='ocrx_word' id='word_1_94' title='bbox 1725 1196 1942 1250; x_wconf 86' lang='lat' dir='ltr'><strong>Eusebii</strong></span> <span class='ocrx_word' id='word_1_95' title='bbox 1969 1196 2124 1252; x_wconf 87' lang='lat' dir='ltr'><strong>codi-</strong></span> 
     </span>
    </p>
   </div>
   <div class='ocr_carea' id='block_1_15' title="bbox 545 1266 2126 1337">
    <p class='ocr_par' dir='ltr' id='par_1_15' title="bbox 545 1266 2126 1337">
     <span class='ocr_line' id='line_1_15' title="bbox 545 1266 2126 1337; baseline 0.001 -13"><span class='ocrx_word' id='word_1_96' title='bbox 545 1285 682 1332; x_wconf 86' lang='lat' dir='ltr'><strong>cem,</strong></span> <span class='ocrx_word' id='word_1_97' title='bbox 717 1271 768 1323; x_wconf 91' lang='lat' dir='ltr'><strong>in</strong></span> <span class='ocrx_word' id='word_1_98' title='bbox 811 1283 950 1323; x_wconf 93' lang='lat' dir='ltr'><strong>anno</strong></span> <span class='ocrx_word' id='word_1_99' title='bbox 1003 1267 1194 1323; x_wconf 84' lang='lat' dir='ltr'><strong>mortis</strong></span> <span class='ocrx_word' id='word_1_100' title='bbox 1243 1267 1488 1329; x_wconf 86' lang='lat' dir='ltr'><strong>Antonii.</strong></span> <span class='ocrx_word' id='word_1_101' title='bbox 1535 1282 1694 1337; x_wconf 89' lang='lat' dir='ltr'><strong>quem</strong></span> <span class='ocrx_word' id='word_1_102' title='bbox 1742 1266 1963 1322; x_wconf 81' lang='lat' dir='ltr'><strong>fundum</strong></span> <span class='ocrx_word' id='word_1_103' title='bbox 2013 1283 2126 1326; x_wconf 60' lang='lat' dir='ltr'><strong>suae</strong></span> 
     </span>
    </p>
   </div>
   <div class='ocr_carea' id='block_1_16' title="bbox 544 1337 2124 1409">
    <p class='ocr_par' dir='ltr' id='par_1_16' title="bbox 544 1337 2124 1409">
     <span class='ocr_line' id='line_1_16' title="bbox 544 1337 2124 1409; baseline 0.001 -14"><span class='ocrx_word' id='word_1_104' title='bbox 544 1350 826 1395; x_wconf 76' lang='lat' dir='ltr'><strong>structura:</strong></span> <span class='ocrx_word' id='word_1_105' title='bbox 854 1340 1071 1406; x_wconf 86' lang='lat' dir='ltr'><strong>statuit;</strong></span> <span class='ocrx_word' id='word_1_106' title='bbox 1118 1352 1223 1408; x_wconf 91' lang='lat' dir='ltr'><strong>quo</strong></span> <span class='ocrx_word' id='word_1_107' title='bbox 1262 1337 1604 1406; x_wconf 88' lang='lat' dir='ltr'><strong>labefactato,</strong></span> <span class='ocrx_word' id='word_1_108' title='bbox 1635 1351 1889 1394; x_wconf 87' lang='lat' dir='ltr'><strong>corruere</strong></span> <span class='ocrx_word' id='word_1_109' title='bbox 1920 1340 2124 1409; x_wconf 90' lang='lat' dir='ltr'><strong>reliqua</strong></span> 
     </span>
    </p>
   </div>
   <div class='ocr_carea' id='block_1_17' title="bbox 548 1419 897 1466">
    <p class='ocr_par' dir='ltr' id='par_1_17' title="bbox 548 1419 897 1466">
     <span class='ocr_line' id='line_1_17' title="bbox 548 1419 897 1466; baseline -0.011 0"><span class='ocrx_word' id='word_1_110' title='bbox 548 1424 767 1466; x_wconf 85' lang='lat' dir='ltr'><strong>necesse</strong></span> <span class='ocrx_word' id='word_1_111' title='bbox 797 1419 897 1464; x_wconf 65' lang='lat'><strong>63!.</strong></span> 
     </span>
    </p>
   </div>
   <div class='ocr_carea' id='block_1_18' title="bbox 621 1479 2126 1547">
    <p class='ocr_par' dir='ltr' id='par_1_18' title="bbox 621 1479 2126 1547">
     <span class='ocr_line' id='line_1_18' title="bbox 621 1479 2126 1547; baseline 0.001 -12"><span class='ocrx_word' id='word_1_112' title='bbox 621 1482 780 1535; x_wconf 87' lang='lat' dir='ltr'><strong>Mirus</strong></span> <span class='ocrx_word' id='word_1_113' title='bbox 803 1479 1027 1535; x_wconf 85' lang='lat' dir='ltr'><strong>Florarii</strong></span> <span class='ocrx_word' id='word_1_114' title='bbox 1058 1491 1362 1537; x_wconf 90' lang='lat' dir='ltr'><strong>sanctorum</strong></span> <span class='ocrx_word' id='word_1_115' title='bbox 1392 1497 1494 1536; x_wconf 91' lang='lat' dir='ltr'><strong>ms.</strong></span> <span class='ocrx_word' id='word_1_116' title='bbox 1523 1479 1783 1544; x_wconf 90' lang='lat' dir='ltr'><strong>calculus,</strong></span> <span class='ocrx_word' id='word_1_117' title='bbox 1808 1480 1948 1547; x_wconf 91' lang='lat' dir='ltr'><strong>quod</strong></span> <span class='ocrx_word' id='word_1_118' title='bbox 1976 1481 2126 1538; x_wconf 85' lang='lat' dir='ltr'><strong>Pauli</strong></span> 
     </span>
    </p>
   </div>
   <div class='ocr_carea' id='block_1_19' title="bbox 546 1550 2128 1615">
    <p class='ocr_par' dir='ltr' id='par_1_19' title="bbox 546 1550 2128 1615">
     <span class='ocr_line' id='line_1_19' title="bbox 546 1550 2128 1615; baseline 0.001 -8"><span class='ocrx_word' id='word_1_119' title='bbox 546 1554 749 1607; x_wconf 89' lang='lat' dir='ltr'><strong>obitum</strong></span> <span class='ocrx_word' id='word_1_120' title='bbox 773 1551 839 1605; x_wconf 93' lang='lat' dir='ltr'><strong>ad</strong></span> <span class='ocrx_word' id='word_1_121' title='bbox 865 1551 1065 1606; x_wconf 82' lang='lat' dir='ltr'><strong>Christi</strong></span> <span class='ocrx_word' id='word_1_122' title='bbox 1095 1567 1290 1607; x_wconf 89' lang='lat' dir='ltr'><strong>annum</strong></span> <span class='ocrx_word' id='word_1_123' title='bbox 1317 1554 1422 1609; x_wconf 78' lang='lat'><strong>555</strong></span> <span class='ocrx_word' id='word_1_124' title='bbox 1448 1551 1645 1615; x_wconf 82' lang='lat' dir='ltr'><strong>refert;</strong></span> <span class='ocrx_word' id='word_1_125' title='bbox 1675 1550 1974 1606; x_wconf 84' lang='lat' dir='ltr'><strong>mirabilior</strong></span> <span class='ocrx_word' id='word_1_126' title='bbox 1997 1567 2128 1608; x_wconf 88' lang='lat' dir='ltr'><strong>vero</strong></span> 
     </span>
    </p>
   </div>
   <div class='ocr_carea' id='block_1_20' title="bbox 500 1621 2126 1692">
    <p class='ocr_par' dir='ltr' id='par_1_20' title="bbox 500 1621 2126 1692">
     <span class='ocr_line' id='line_1_20' title="bbox 500 1621 2126 1692; baseline 0.001 -14"><span class='ocrx_word' id='word_1_127' title='bbox 500 1661 523 1684; x_wconf 89' lang='lat'><strong>.</strong></span> <span class='ocrx_word' id='word_1_128' title='bbox 547 1623 866 1678; x_wconf 89' lang='lat' dir='ltr'><strong>Theudorici</strong></span> <span class='ocrx_word' id='word_1_129' title='bbox 906 1622 1081 1676; x_wconf 91' lang='lat' dir='ltr'><strong>Loher</strong></span> <span class='ocrx_word' id='word_1_130' title='bbox 1109 1636 1138 1674; x_wconf 91' lang='lat' dir='ltr'><strong>a</strong></span> <span class='ocrx_word' id='word_1_131' title='bbox 1171 1622 1382 1687; x_wconf 88' lang='lat' dir='ltr'><strong>Stratis,</strong></span> <span class='ocrx_word' id='word_1_132' title='bbox 1416 1624 1504 1692; x_wconf 89' lang='lat' dir='ltr'><strong>qui</strong></span> <span class='ocrx_word' id='word_1_133' title='bbox 1528 1621 1904 1678; x_wconf 91' lang='lat' dir='ltr'><strong>Coloniensem</strong></span> <span class='ocrx_word' id='word_1_134' title='bbox 1932 1623 2126 1679; x_wconf 91' lang='lat' dir='ltr'><strong>editio-</strong></span> 
     </span>
    </p>
   </div>
   <div class='ocr_carea' id='block_1_21' title="bbox 547 1692 2131 1750">
    <p class='ocr_par' dir='ltr' id='par_1_21' title="bbox 547 1692 2131 1750">
     <span class='ocr_line' id='line_1_21' title="bbox 547 1692 2131 1750; baseline 0.001 -2"><span class='ocrx_word' id='word_1_135' title='bbox 547 1710 667 1748; x_wconf 85' lang='lat' dir='ltr'><strong>nem</strong></span> <span class='ocrx_word' id='word_1_136' title='bbox 703 1694 937 1747; x_wconf 85' lang='lat' dir='ltr'><strong>Vitarum</strong></span> <span class='ocrx_word' id='word_1_137' title='bbox 967 1694 1180 1748; x_wconf 82' lang='lat' dir='ltr'><strong>Patrum</strong></span> <span class='ocrx_word' id='word_1_138' title='bbox 1206 1696 1428 1749; x_wconf 83' lang='lat' dir='ltr'><strong>curavit.</strong></span> <span class='ocrx_word' id='word_1_139' title='bbox 1457 1693 1552 1749; x_wconf 90' lang='lat' dir='ltr'><strong>Ille</strong></span> <span class='ocrx_word' id='word_1_140' title='bbox 1571 1693 1714 1749; x_wconf 92' lang='lat' dir='ltr'><strong>enim</strong></span> <span class='ocrx_word' id='word_1_141' title='bbox 1736 1692 1802 1746; x_wconf 87' lang='lat' dir='ltr'><strong>ad</strong></span> <span class='ocrx_word' id='word_1_142' title='bbox 1825 1692 1983 1747; x_wconf 84' lang='lat' dir='ltr'><strong>finem</strong></span> <span class='ocrx_word' id='word_1_143' title='bbox 2008 1697 2131 1750; x_wconf 72' lang='lat' dir='ltr'><strong>vita:</strong></span> 
     </span>
    </p>
   </div>
   <div class='ocr_carea' id='block_1_22' title="bbox 546 1762 2127 1830">
    <p class='ocr_par' dir='ltr' id='par_1_22' title="bbox 546 1762 2127 1830">
     <span class='ocr_line' id='line_1_22' title="bbox 546 1762 2127 1830; baseline -0.001 -10"><span class='ocrx_word' id='word_1_144' title='bbox 546 1762 692 1820; x_wconf 88' lang='lat' dir='ltr'><strong>Pauli</strong></span> <span class='ocrx_word' id='word_1_145' title='bbox 715 1765 1004 1829; x_wconf 84' lang='lat' dir='ltr'><strong>annotavit,</strong></span> <span class='ocrx_word' id='word_1_146' title='bbox 1030 1765 1228 1819; x_wconf 88' lang='lat' dir='ltr'><strong>obiisse</strong></span> <span class='ocrx_word' id='word_1_147' title='bbox 1248 1781 1369 1819; x_wconf 89' lang='lat' dir='ltr'><strong>eum</strong></span> <span class='ocrx_word' id='word_1_148' title='bbox 1390 1765 1530 1819; x_wconf 86' lang='lat' dir='ltr'><strong>circa</strong></span> <span class='ocrx_word' id='word_1_149' title='bbox 1552 1779 1747 1818; x_wconf 90' lang='lat' dir='ltr'><strong>annum</strong></span> <span class='ocrx_word' id='word_1_150' title='bbox 1769 1762 1978 1818; x_wconf 89' lang='lat' dir='ltr'><strong>Domini</strong></span> <span class='ocrx_word' id='word_1_151' title='bbox 2000 1764 2127 1830; x_wconf 76' lang='lat'><strong>9.87,</strong></span> 
     </span>
    </p>
   </div>
   <div class='ocr_carea' id='block_1_23' title="bbox 551 1833 2131 1907">
    <p class='ocr_par' dir='ltr' id='par_1_23' title="bbox 551 1833 2131 1907">
     <span class='ocr_line' id='line_1_23' title="bbox 551 1833 2131 1907; baseline 0.001 -17"><span class='ocrx_word' id='word_1_152' title='bbox 551 1839 641 1905; x_wconf 90' lang='lat' dir='ltr'><strong>qui</strong></span> <span class='ocrx_word' id='word_1_153' title='bbox 683 1851 965 1890; x_wconf 84' lang='lat' dir='ltr'><strong>erroneum</strong></span> <span class='ocrx_word' id='word_1_154' title='bbox 1009 1849 1131 1889; x_wconf 89' lang='lat' dir='ltr'><strong>eum</strong></span> <span class='ocrx_word' id='word_1_155' title='bbox 1174 1836 1437 1907; x_wconf 78' lang='lat' dir='ltr'><strong>calculum</strong></span> <span class='ocrx_word' id='word_1_156' title='bbox 1491 1850 1527 1907; x_wconf 12' lang='lat' dir='ltr'><strong>a7</strong></span> <span class='ocrx_word' id='word_1_157' title='bbox 1566 1835 1723 1890; x_wconf 91' lang='lat' dir='ltr'><strong>Petro</strong></span> <span class='ocrx_word' id='word_1_158' title='bbox 1775 1833 1829 1888; x_wconf 93' lang='lat' dir='ltr'><strong>in</strong></span> <span class='ocrx_word' id='word_1_159' title='bbox 1879 1837 2131 1907; x_wconf 87' lang='lat' dir='ltr'><strong>Catalogo</strong></span> 
     </span>
    </p>
   </div>
   <div class='ocr_carea' id='block_1_24' title="bbox 550 1905 1578 1975">
    <p class='ocr_par' dir='ltr' id='par_1_24' title="bbox 550 1905 1578 1975">
     <span class='ocr_line' id='line_1_24' title="bbox 550 1905 1578 1975; baseline -0.002 -13"><span class='ocrx_word' id='word_1_160' title='bbox 550 1915 877 1971; x_wconf 81' lang='lat' dir='ltr'><strong>sanctorum,</strong></span> <span class='ocrx_word' id='word_1_161' title='bbox 910 1907 1002 1960; x_wconf 86' lang='lat' dir='ltr'><strong>lib.</strong></span> <span class='ocrx_word' id='word_1_162' title='bbox 1034 1921 1090 1970; x_wconf 83' lang='grc' dir='ltr'><strong>ιι,</strong></span> <span class='ocrx_word' id='word_1_163' title='bbox 1117 1920 1234 1974; x_wconf 87' lang='lat' dir='ltr'><strong>cap.</strong></span> <span class='ocrx_word' id='word_1_164' title='bbox 1262 1905 1330 1959; x_wconf 81' lang='grc' dir='ltr'><strong>ϐυ</strong></span> <span class='ocrx_word' id='word_1_165' title='bbox 1354 1906 1578 1975; x_wconf 84' lang='lat' dir='ltr'><strong>accepit.</strong></span> 
     </span>
    </p>
   </div>
   <div class='ocr_carea' id='block_1_25' title="bbox 623 1975 2128 2049">
    <p class='ocr_par' dir='ltr' id='par_1_25' title="bbox 623 1975 2128 2049">
     <span class='ocr_line' id='line_1_25' title="bbox 623 1975 2128 2049; baseline 0.002 -22"><span class='ocrx_word' id='word_1_166' title='bbox 623 1975 698 2049; x_wconf 89' lang='lat' dir='ltr'><strong>(b)</strong></span> <span class='ocrx_word' id='word_1_167' title='bbox 731 1975 875 2048; x_wconf 80' lang='lat' dir='ltr'><strong>Nos]</strong></span> <span class='ocrx_word' id='word_1_168' title='bbox 936 1977 1223 2049; x_wconf 64' lang='lat' dir='ltr'><strong>Duronius,</strong></span> <span class='ocrx_word' id='word_1_169' title='bbox 1256 1986 1385 2031; x_wconf 92' lang='lat' dir='ltr'><strong>tom.</strong></span> <span class='ocrx_word' id='word_1_170' title='bbox 1425 1976 1490 2031; x_wconf 87' lang='grc' dir='ltr'><strong>ΙΙΙ</strong></span> <span class='ocrx_word' id='word_1_171' title='bbox 1516 2017 1532 2044; x_wconf 82' lang='grc'>,</span> <span class='ocrx_word' id='word_1_172' title='bbox 1565 1991 1706 2049; x_wconf 82' lang='lat' dir='ltr'><strong>anno</strong></span> <span class='ocrx_word' id='word_1_173' title='bbox 1754 1975 2128 2049; x_wconf 62' lang='lat' dir='ltr'><strong>Christi_545,</strong></span> 
     </span>
    </p>
   </div>
   <div class='ocr_carea' id='block_1_26' title="bbox 550 2045 2132 2117">
    <p class='ocr_par' dir='ltr' id='par_1_26' title="bbox 550 2045 2132 2117">
     <span class='ocr_line' id='line_1_26' title="bbox 550 2045 2132 2117; baseline 0.001 -17"><span class='ocrx_word' id='word_1_174' title='bbox 550 2045 926 2103; x_wconf 60' lang='lat' dir='ltr'><strong>CoiiStantii&#39;ct</strong></span> <span class='ocrx_word' id='word_1_175' title='bbox 943 2047 1243 2102; x_wconf 88' lang='lat' dir='ltr'><strong>Constantis</strong></span> <span class='ocrx_word' id='word_1_176' title='bbox 1267 2050 1644 2115; x_wconf 85' lang='lat' dir='ltr'><strong>imperatorum</strong></span> <span class='ocrx_word' id='word_1_177' title='bbox 1672 2048 1726 2100; x_wconf 88' lang='lat'><strong>7.</strong></span> <span class='ocrx_word' id='word_1_178' title='bbox 1749 2047 1914 2116; x_wconf 84' lang='lat' dir='ltr'><strong>Cujus</strong></span> <span class='ocrx_word' id='word_1_179' title='bbox 1938 2047 2132 2117; x_wconf 88' lang='lat' dir='ltr'><strong>(Pauli)</strong></span> 
     </span>
    </p>
   </div>
   <div class='ocr_carea' id='block_1_27' title="bbox 551 2118 2133 2188">
    <p class='ocr_par' dir='ltr' id='par_1_27' title="bbox 551 2118 2133 2188">
     <span class='ocr_line' id='line_1_27' title="bbox 551 2118 2133 2188; baseline 0.003 -17"><span class='ocrx_word' id='word_1_180' title='bbox 551 2119 765 2188; x_wconf 88' lang='lat' dir='ltr'><strong>quidem</strong></span> <span class='ocrx_word' id='word_1_181' title='bbox 799 2121 917 2172; x_wconf 78' lang='lat' dir='ltr'><strong>vita:</strong></span> <span class='ocrx_word' id='word_1_182' title='bbox 949 2119 1185 2174; x_wconf 74' lang='lat' dir='ltr'><strong>historia:</strong></span> <span class='ocrx_word' id='word_1_183' title='bbox 1208 2159 1223 2184; x_wconf 92' lang='lat'><strong>,</strong></span> <span class='ocrx_word' id='word_1_184' title='bbox 1256 2119 1564 2188; x_wconf 18' lang='lat' dir='ltr'><strong>divinail5</strong></span> <span class='ocrx_word' id='word_1_185' title='bbox 1617 2118 1953 2174; x_wconf 85' lang='lat' dir='ltr'><strong>Providentia</strong></span> <span class='ocrx_word' id='word_1_186' title='bbox 1996 2118 2133 2175; x_wconf 86' lang='lat' dir='ltr'><strong>bene</strong></span> 
     </span>
    </p>
   </div>
   <div class='ocr_carea' id='block_1_28' title="bbox 551 2187 2126 2259">
    <p class='ocr_par' dir='ltr' id='par_1_28' title="bbox 551 2187 2126 2259">
     <span class='ocr_line' id='line_1_28' title="bbox 551 2187 2126 2259; baseline 0 -15"><span class='ocrx_word' id='word_1_187' title='bbox 551 2187 850 2244; x_wconf 80' lang='lat' dir='ltr'><strong>consultum</strong></span> <span class='ocrx_word' id='word_1_188' title='bbox 881 2190 1068 2250; x_wconf 89' lang='lat' dir='ltr'><strong>voluit,</strong></span> <span class='ocrx_word' id='word_1_189' title='bbox 1089 2200 1196 2243; x_wconf 90' lang='lat' dir='ltr'><strong>uta</strong></span> <span class='ocrx_word' id='word_1_190' title='bbox 1226 2200 1414 2246; x_wconf 89' lang='lat' dir='ltr'><strong>sancto</strong></span> <span class='ocrx_word' id='word_1_191' title='bbox 1435 2187 1760 2259; x_wconf 65' lang='lat' dir='ltr'><strong>Hieronymo</strong></span> <span class='ocrx_word' id='word_1_192' title='bbox 1782 2188 2126 2256; x_wconf 88' lang='lat' dir='ltr'><strong>scriberetur,</strong></span> 
     </span>
    </p>
   </div>
   <div class='ocr_carea' id='block_1_29' title="bbox 555 2259 2132 2328">
    <p class='ocr_par' dir='ltr' id='par_1_29' title="bbox 555 2259 2132 2328">
     <span class='ocr_line' id='line_1_29' title="bbox 555 2259 2132 2328; baseline 0.001 -16"><span class='ocrx_word' id='word_1_193' title='bbox 555 2261 755 2315; x_wconf 80' lang='lat' dir='ltr'><strong>viroab</strong></span> <span class='ocrx_word' id='word_1_194' title='bbox 777 2260 921 2315; x_wconf 91' lang='lat' dir='ltr'><strong>omni</strong></span> <span class='ocrx_word' id='word_1_195' title='bbox 951 2260 1244 2314; x_wconf 81' lang='lat' dir='ltr'><strong>tabularum</strong></span> <span class='ocrx_word' id='word_1_196' title='bbox 1275 2270 1578 2316; x_wconf 90' lang='lat' dir='ltr'><strong>commento</strong></span> <span class='ocrx_word' id='word_1_197' title='bbox 1601 2259 1910 2328; x_wconf 81' lang='lat' dir='ltr'><strong>longissime</strong></span> <span class='ocrx_word' id='word_1_198' title='bbox 1931 2260 2132 2314; x_wconf 87' lang='lat' dir='ltr'><strong>abhor-</strong></span> 
     </span>
    </p>
   </div>
   <div class='ocr_carea' id='block_1_30' title="bbox 554 2329 2129 2400">
    <p class='ocr_par' dir='ltr' id='par_1_30' title="bbox 554 2329 2129 2400">
     <span class='ocr_line' id='line_1_30' title="bbox 554 2329 2129 2400; baseline 0 -14"><span class='ocrx_word' id='word_1_199' title='bbox 554 2343 725 2396; x_wconf 83' lang='lat' dir='ltr'><strong>rente,</strong></span> <span class='ocrx_word' id='word_1_200' title='bbox 758 2342 814 2387; x_wconf 88' lang='lat' dir='ltr'><strong>et</strong></span> <span class='ocrx_word' id='word_1_201' title='bbox 841 2333 930 2400; x_wconf 87' lang='lat' dir='ltr'><strong>qui</strong></span> <span class='ocrx_word' id='word_1_202' title='bbox 965 2347 1069 2385; x_wconf 91' lang='lat' dir='ltr'><strong>non</strong></span> <span class='ocrx_word' id='word_1_203' title='bbox 1101 2332 1202 2386; x_wconf 87' lang='lat' dir='ltr'><strong>nisi</strong></span> <span class='ocrx_word' id='word_1_204' title='bbox 1233 2332 1333 2387; x_wconf 90' lang='lat' dir='ltr'><strong>sibi</strong></span> <span class='ocrx_word' id='word_1_205' title='bbox 1364 2329 1809 2399; x_wconf 84' lang='lat' dir='ltr'><strong>cxploratissima,</strong></span> <span class='ocrx_word' id='word_1_206' title='bbox 1840 2331 1981 2400; x_wconf 92' lang='lat' dir='ltr'><strong>stylo</strong></span> <span class='ocrx_word' id='word_1_207' title='bbox 2009 2345 2129 2396; x_wconf 91' lang='lat' dir='ltr'><strong>suo,</strong></span> 
     </span>
    </p>
   </div>
   <div class='ocr_carea' id='block_1_31' title="bbox 553 2403 2136 2474">
    <p class='ocr_par' dir='ltr' id='par_1_31' title="bbox 553 2403 2136 2474">
     <span class='ocr_line' id='line_1_31' title="bbox 553 2403 2136 2474; baseline -0.001 -17"><span class='ocrx_word' id='word_1_208' title='bbox 553 2413 822 2474; x_wconf 67' lang='lat' dir='ltr'><strong>perpetuae</strong></span> <span class='ocrx_word' id='word_1_209' title='bbox 853 2403 1126 2474; x_wconf 71' lang='lat' dir='ltr'><strong>memoria:</strong></span> <span class='ocrx_word' id='word_1_210' title='bbox 1155 2403 1390 2470; x_wconf 89' lang='lat' dir='ltr'><strong>potuerit</strong></span> <span class='ocrx_word' id='word_1_211' title='bbox 1424 2416 1809 2474; x_wconf 72' lang='lat' dir='ltr'><strong>consecrasse;</strong></span> <span class='ocrx_word' id='word_1_212' title='bbox 1842 2417 1963 2456; x_wconf 91' lang='lat' dir='ltr'><strong>cum</strong></span> <span class='ocrx_word' id='word_1_213' title='bbox 1996 2416 2136 2474; x_wconf 72' lang='lat' dir='ltr'><strong>prte-</strong></span> 
     </span>
    </p>
   </div>
   <div class='ocr_carea' id='block_1_32' title="bbox 555 2471 2136 2542">
    <p class='ocr_par' dir='ltr' id='par_1_32' title="bbox 555 2471 2136 2542">
     <span class='ocr_line' id='line_1_32' title="bbox 555 2471 2136 2542; baseline -0.001 -13"><span class='ocrx_word' id='word_1_214' title='bbox 555 2471 736 2529; x_wconf 75' lang='lat' dir='ltr'><strong>sertim</strong></span> <span class='ocrx_word' id='word_1_215' title='bbox 769 2475 850 2528; x_wconf 90' lang='lat' dir='ltr'><strong>sui</strong></span> <span class='ocrx_word' id='word_1_216' title='bbox 881 2473 1059 2527; x_wconf 83' lang='lat' dir='ltr'><strong>saeculi</strong></span> <span class='ocrx_word' id='word_1_217' title='bbox 1100 2488 1185 2527; x_wconf 91' lang='lat' dir='ltr'><strong>res</strong></span> <span class='ocrx_word' id='word_1_218' title='bbox 1233 2484 1411 2542; x_wconf 83' lang='lat' dir='ltr'><strong>gestas</strong></span> <span class='ocrx_word' id='word_1_219' title='bbox 1454 2471 1833 2541; x_wconf 89' lang='lat' dir='ltr'><strong>conscribens,</strong></span> <span class='ocrx_word' id='word_1_220' title='bbox 1878 2487 1908 2525; x_wconf 91' lang='lat' dir='ltr'><strong>a</strong></span> <span class='ocrx_word' id='word_1_221' title='bbox 1949 2473 2136 2541; x_wconf 87' lang='lat' dir='ltr'><strong>quovis</strong></span> 
     </span>
    </p>
   </div>
   <div class='ocr_carea' id='block_1_33' title="bbox 596 2543 2135 2614">
    <p class='ocr_par' dir='ltr' id='par_1_33' title="bbox 596 2543 2135 2614">
     <span class='ocr_line' id='line_1_33' title="bbox 596 2543 2135 2614; baseline 0 -18"><span class='ocrx_word' id='word_1_222' title='bbox 596 2547 818 2598; x_wconf 90' lang='lat' dir='ltr'><strong>rudente</strong></span> <span class='ocrx_word' id='word_1_223' title='bbox 850 2543 1113 2614; x_wconf 80' lang='lat' dir='ltr'><strong>mendacii</strong></span> <span class='ocrx_word' id='word_1_224' title='bbox 1141 2544 1386 2614; x_wconf 78' lang='lat' dir='ltr'><strong>redargui</strong></span> <span class='ocrx_word' id='word_1_225' title='bbox 1416 2543 1689 2614; x_wconf 83' lang='lat' dir='ltr'><strong>valuisset,</strong></span> <span class='ocrx_word' id='word_1_226' title='bbox 1713 2553 1872 2610; x_wconf 89' lang='lat' dir='ltr'><strong>atque</strong></span> <span class='ocrx_word' id='word_1_227' title='bbox 1900 2558 1927 2594; x_wconf 92' lang='lat' dir='ltr'><strong>a</strong></span> <span class='ocrx_word' id='word_1_228' title='bbox 1959 2543 2135 2611; x_wconf 60' lang='lat' dir='ltr'><strong>quoii.</strong></span> 
     </span>
    </p>
   </div>
   <div class='ocr_carea' id='block_1_34' title="bbox 555 2561 2138 2686">
    <p class='ocr_par' dir='ltr' id='par_1_34' title="bbox 555 2561 2138 2686">
     <span class='ocr_line' id='line_1_34' title="bbox 596 2561 2135 2614; baseline 0 -18"><span class='ocrx_word' id='word_1_229' title='bbox 596 2561 818 2598; x_wconf 83' lang='lat' dir='ltr'><strong>ruuente</strong></span> <span class='ocrx_word' id='word_1_230' title='bbox 850 2561 1113 2598; x_wconf 81' lang='lat' dir='ltr'><strong>inenuacn</strong></span> <span class='ocrx_word' id='word_1_231' title='bbox 1141 2561 1386 2614; x_wconf 79' lang='lat' dir='ltr'><strong>redargui</strong></span> <span class='ocrx_word' id='word_1_232' title='bbox 1418 2561 1689 2607; x_wconf 77' lang='lat' dir='ltr'><strong>valuisset,</strong></span> <span class='ocrx_word' id='word_1_233' title='bbox 1713 2561 1872 2610; x_wconf 83' lang='lat' dir='ltr'><strong>atque</strong></span> <span class='ocrx_word' id='word_1_234' title='bbox 1900 2561 1927 2594; x_wconf 89' lang='lat' dir='ltr'><strong>a</strong></span> <span class='ocrx_word' id='word_1_235' title='bbox 1959 2561 2135 2611; x_wconf 61' lang='lat' dir='ltr'><strong>quon.</strong></span> 
     </span>
     <span class='ocr_line' id='line_1_35' title="bbox 555 2561 2138 2686; baseline -0.001 -16"><span class='ocrx_word' id='word_1_236' title='bbox 555 2561 649 2670; x_wconf 58' lang='lat' dir='ltr'><strong>get</strong></span> <span class='ocrx_word' id='word_1_237' title='bbox 679 2630 710 2668; x_wconf 89' lang='lat' dir='ltr'><strong>e</strong></span> <span class='ocrx_word' id='word_1_238' title='bbox 739 2614 896 2686; x_wconf 87' lang='lat' dir='ltr'><strong>vulgo</strong></span> <span class='ocrx_word' id='word_1_239' title='bbox 927 2613 1140 2668; x_wconf 81' lang='lat' dir='ltr'><strong>homine</strong></span> <span class='ocrx_word' id='word_1_240' title='bbox 1171 2615 1369 2682; x_wconf 85' lang='lat' dir='ltr'><strong>pariter</strong></span> <span class='ocrx_word' id='word_1_241' title='bbox 1391 2613 1624 2686; x_wconf 86' lang='lat' dir='ltr'><strong>derideri</strong></span> <span class='ocrx_word' id='word_1_242' title='bbox 1649 2631 1662 2678; x_wconf 91' lang='lat'><strong>;</strong></span> <span class='ocrx_word' id='word_1_243' title='bbox 1693 2624 1746 2667; x_wconf 90' lang='lat' dir='ltr'><strong>et</strong></span> <span class='ocrx_word' id='word_1_244' title='bbox 1773 2614 1862 2686; x_wconf 84' lang='lat' dir='ltr'><strong>qui</strong></span> <span class='ocrx_word' id='word_1_245' title='bbox 1893 2614 2138 2686; x_wconf 75' lang='lat' dir='ltr'><strong>sciretse</strong></span> 
     </span>
    </p>
   </div>
   <div class='ocr_carea' id='block_1_35' title="bbox 558 2683 2136 2753">
    <p class='ocr_par' dir='ltr' id='par_1_35' title="bbox 558 2683 2136 2753">
     <span class='ocr_line' id='line_1_36' title="bbox 558 2683 2136 2753; baseline -0.002 -13"><span class='ocrx_word' id='word_1_246' title='bbox 558 2683 892 2740; x_wconf 80' lang='lat' dir='ltr'><strong>adversarios</strong></span> <span class='ocrx_word' id='word_1_247' title='bbox 921 2695 1188 2739; x_wconf 69' lang='lat' dir='ltr'><strong>emunctae</strong></span> <span class='ocrx_word' id='word_1_248' title='bbox 1218 2686 1363 2739; x_wconf 88' lang='lat' dir='ltr'><strong>naris</strong></span> <span class='ocrx_word' id='word_1_249' title='bbox 1387 2685 1606 2748; x_wconf 90' lang='lat' dir='ltr'><strong>habere,</strong></span> <span class='ocrx_word' id='word_1_250' title='bbox 1633 2683 1943 2753; x_wconf 86' lang='lat' dir='ltr'><strong>quamlibet,</strong></span> <span class='ocrx_word' id='word_1_251' title='bbox 1974 2684 2136 2738; x_wconf 88' lang='lat' dir='ltr'><strong>levis-</strong></span> 
     </span>
    </p>
   </div>
   <div class='ocr_carea' id='block_1_36' title="bbox 560 2754 2138 2882">
    <p class='ocr_par' dir='ltr' id='par_1_36' title="bbox 560 2754 2138 2882">
     <span class='ocr_line' id='line_1_37' title="bbox 560 2754 2138 2882; baseline -0.001 -72"><span class='ocrx_word' id='word_1_252' title='bbox 560 2755 964 2882; x_wconf 72' lang='lat' dir='ltr'><strong>siinamdlicet,</strong></span> <span class='ocrx_word' id='word_1_253' title='bbox 1013 2756 1351 2812; x_wconf 89' lang='lat' dir='ltr'><strong>occasionem</strong></span> <span class='ocrx_word' id='word_1_254' title='bbox 1400 2763 1678 2824; x_wconf 87' lang='lat' dir='ltr'><strong>captantes</strong></span> <span class='ocrx_word' id='word_1_255' title='bbox 1725 2754 1891 2824; x_wconf 90' lang='lat' dir='ltr'><strong>ipsius</strong></span> <span class='ocrx_word' id='word_1_256' title='bbox 1938 2755 2138 2825; x_wconf 86' lang='lat' dir='ltr'><strong>scripta</strong></span> 
     </span>
     <span class='ocr_line' id='line_1_38' title="bbox 561 2842 833 2882; baseline 0 0"><span class='ocrx_word' id='word_1_257' title='bbox 561 2842 755 2882; x_wconf 87' lang='lat' dir='ltr'><strong>carnen</strong></span> <span class='ocrx_word' id='word_1_258' title='bbox 798 2844 833 2882; x_wconf 82' lang='grc' dir='ltr'><strong>ι.</strong></span> 
     </span>
    </p>
   </div>
   <div class='ocr_carea' id='block_1_37' title="bbox 561 2842 833 2898">
    <p class='ocr_par' dir='ltr' id='par_1_37' title="bbox 561 2842 833 2898">
     <span class='ocr_line' id='line_1_39' title="bbox 561 2842 833 2898; baseline -0.007 -15"><span class='ocrx_word' id='word_1_259' title='bbox 561 2842 833 2898; x_wconf 80' lang='lat' dir='ltr'><strong>carpendi.</strong></span> 
     </span>
    </p>
   </div>
   <div class='ocr_carea' id='block_1_38' title="bbox 633 2914 2142 2989">
    <p class='ocr_par' dir='ltr' id='par_1_38' title="bbox 633 2914 2142 2989">
     <span class='ocr_line' id='line_1_40' title="bbox 633 2914 2142 2989; baseline -0.001 -16"><span class='ocrx_word' id='word_1_260' title='bbox 633 2921 704 2973; x_wconf 87' lang='lat' dir='ltr'><strong>At</strong></span> <span class='ocrx_word' id='word_1_261' title='bbox 733 2918 898 2989; x_wconf 89' lang='lat' dir='ltr'><strong>(quod</strong></span> <span class='ocrx_word' id='word_1_262' title='bbox 924 2917 1211 2973; x_wconf 88' lang='lat' dir='ltr'><strong>do.endum</strong></span> <span class='ocrx_word' id='word_1_263' title='bbox 1241 2918 1345 2987; x_wconf 84' lang='lat' dir='ltr'><strong>est)</strong></span> <span class='ocrx_word' id='word_1_264' title='bbox 1377 2933 1494 2988; x_wconf 81' lang='lat' dir='ltr'><strong>quae</strong></span> <span class='ocrx_word' id='word_1_265' title='bbox 1536 2924 1614 2971; x_wconf 91' lang='lat' dir='ltr'><strong>tot</strong></span> <span class='ocrx_word' id='word_1_266' title='bbox 1653 2914 1993 2971; x_wconf 88' lang='lat' dir='ltr'><strong>succedentia</strong></span> <span class='ocrx_word' id='word_1_267' title='bbox 2039 2916 2142 2972; x_wconf 88' lang='lat' dir='ltr'><strong>sibi</strong></span> 
     </span>
    </p>
   </div>
   <div class='ocr_carea' id='block_1_39' title="bbox 564 2989 2144 3057">
    <p class='ocr_par' dir='ltr' id='par_1_39' title="bbox 564 2989 2144 3057">
     <span class='ocr_line' id='line_1_41' title="bbox 564 2989 2144 3057; baseline -0.003 -11"><span class='ocrx_word' id='word_1_268' title='bbox 564 2991 760 3046; x_wconf 84' lang='lat' dir='ltr'><strong>saecula</strong></span> <span class='ocrx_word' id='word_1_269' title='bbox 791 2990 1004 3044; x_wconf 88' lang='lat' dir='ltr'><strong>assidua</strong></span> <span class='ocrx_word' id='word_1_270' title='bbox 1035 2989 1263 3044; x_wconf 88' lang='lat' dir='ltr'><strong>lectione</strong></span> <span class='ocrx_word' id='word_1_271' title='bbox 1289 2995 1598 3057; x_wconf 83' lang='lat' dir='ltr'><strong>probarunt,</strong></span> <span class='ocrx_word' id='word_1_272' title='bbox 1629 2994 1684 3042; x_wconf 93' lang='lat' dir='ltr'><strong>et</strong></span> <span class='ocrx_word' id='word_1_273' title='bbox 1723 2995 1974 3042; x_wconf 89' lang='lat' dir='ltr'><strong>venerata</strong></span> <span class='ocrx_word' id='word_1_274' title='bbox 2021 2999 2144 3042; x_wconf 91' lang='lat' dir='ltr'><strong>sunt</strong></span> 
     </span>
    </p>
   </div>
   <div class='ocr_carea' id='block_1_40' title="bbox 565 3059 2142 3130">
    <p class='ocr_par' dir='ltr' id='par_1_40' title="bbox 565 3059 2142 3130">
     <span class='ocr_line' id='line_1_42' title="bbox 565 3059 2142 3130; baseline -0.001 -14"><span class='ocrx_word' id='word_1_275' title='bbox 565 3062 782 3130; x_wconf 87' lang='lat' dir='ltr'><strong>scripta,</strong></span> <span class='ocrx_word' id='word_1_276' title='bbox 816 3059 1050 3129; x_wconf 76' lang='lat' dir='ltr'><strong>effugere</strong></span> <span class='ocrx_word' id='word_1_277' title='bbox 1080 3061 1299 3114; x_wconf 91' lang='lat' dir='ltr'><strong>minime</strong></span> <span class='ocrx_word' id='word_1_278' title='bbox 1330 3066 1617 3129; x_wconf 90' lang='lat' dir='ltr'><strong>potuerunt</strong></span> <span class='ocrx_word' id='word_1_279' title='bbox 1663 3059 1833 3112; x_wconf 88' lang='lat' dir='ltr'><strong>nostri</strong></span> <span class='ocrx_word' id='word_1_280' title='bbox 1885 3060 2142 3127; x_wconf 91' lang='lat' dir='ltr'><strong>temporis</strong></span> 
     </span>
    </p>
   </div>
   <div class='ocr_carea' id='block_1_41' title="bbox 568 3130 2143 3202">
    <p class='ocr_par' dir='ltr' id='par_1_41' title="bbox 568 3130 2143 3202">
     <span class='ocr_line' id='line_1_43' title="bbox 568 3130 2143 3202; baseline -0.001 -16"><span class='ocrx_word' id='word_1_281' title='bbox 568 3131 956 3202; x_wconf 87' lang='lat' dir='ltr'><strong>llagiomachos</strong></span> <span class='ocrx_word' id='word_1_282' title='bbox 1001 3130 1358 3202; x_wconf 84' lang='lat' dir='ltr'><strong>Aristarchus,</strong></span> <span class='ocrx_word' id='word_1_283' title='bbox 1398 3145 1464 3184; x_wconf 85' lang='lat' dir='ltr'><strong>ex</strong></span> <span class='ocrx_word' id='word_1_284' title='bbox 1512 3130 1941 3202; x_wconf 6' lang='lat' dir='ltr'><strong>Hippocentﬁauro</strong></span> <span class='ocrx_word' id='word_1_285' title='bbox 1968 3137 2143 3202; x_wconf 77' lang='lat' dir='ltr'><strong>atque</strong></span> 
     </span>
    </p>
   </div>
   <div class='ocr_carea' id='block_1_42' title="bbox 565 3199 2142 3272">
    <p class='ocr_par' dir='ltr' id='par_1_42' title="bbox 565 3199 2142 3272">
     <span class='ocr_line' id='line_1_44' title="bbox 565 3199 2142 3272; baseline -0.001 -14"><span class='ocrx_word' id='word_1_286' title='bbox 565 3199 770 3267; x_wconf 79' lang='lat' dir='ltr'><strong>Fauno,</strong></span> <span class='ocrx_word' id='word_1_287' title='bbox 801 3217 1024 3272; x_wconf 92' lang='lat' dir='ltr'><strong>quorum</strong></span> <span class='ocrx_word' id='word_1_288' title='bbox 1053 3201 1106 3255; x_wconf 94' lang='lat' dir='ltr'><strong>in</strong></span> <span class='ocrx_word' id='word_1_289' title='bbox 1137 3201 1253 3270; x_wconf 85' lang='lat' dir='ltr'><strong>ejus</strong></span> <span class='ocrx_word' id='word_1_290' title='bbox 1290 3203 1414 3256; x_wconf 76' lang='lat' dir='ltr'><strong>vita:</strong></span> <span class='ocrx_word' id='word_1_291' title='bbox 1461 3201 1606 3255; x_wconf 86' lang='lat' dir='ltr'><strong>Actis</strong></span> <span class='ocrx_word' id='word_1_292' title='bbox 1651 3201 1850 3272; x_wconf 86' lang='lat' dir='ltr'><strong>mentio</strong></span> <span class='ocrx_word' id='word_1_293' title='bbox 1878 3199 2142 3272; x_wconf 87' lang='lat' dir='ltr'><strong>habetur,</strong></span> 
     </span>
    </p>
   </div>
   <div class='ocr_carea' id='block_1_43' title="bbox 545 3271 2217 3342">
    <p class='ocr_par' dir='ltr' id='par_1_43' title="bbox 545 3271 2217 3342">
     <span class='ocr_line' id='line_1_45' title="bbox 545 3271 2217 3342; baseline -0.001 -14"><span class='ocrx_word' id='word_1_294' title='bbox 545 3271 827 3336; x_wconf 84' lang='lat' dir='ltr'><strong>ducentes</strong></span> <span class='ocrx_word' id='word_1_295' title='bbox 848 3283 1240 3342; x_wconf 75' lang='lat' dir='ltr'><strong>argumentum,</strong></span> <span class='ocrx_word' id='word_1_296' title='bbox 1271 3280 1439 3327; x_wconf 91' lang='lat' dir='ltr'><strong>totum</strong></span> <span class='ocrx_word' id='word_1_297' title='bbox 1470 3272 1544 3338; x_wconf 91' lang='lat' dir='ltr'><strong>id,</strong></span> <span class='ocrx_word' id='word_1_298' title='bbox 1576 3271 1716 3340; x_wconf 88' lang='lat' dir='ltr'><strong>quod</strong></span> <span class='ocrx_word' id='word_1_299' title='bbox 1763 3271 2018 3326; x_wconf 86' lang='lat' dir='ltr'><strong>scribitur</strong></span> <span class='ocrx_word' id='word_1_300' title='bbox 2057 3271 2140 3327; x_wconf 61' lang='lat' dir='ltr'><strong>lu.</strong></span> <span class='ocrx_word' id='word_1_301' title='bbox 2172 3272 2217 3335; x_wconf 88' lang='lat' dir='ltr'><strong>C</strong></span> 
     </span>
    </p>
   </div>
   <div class='ocr_carea' id='block_1_44' title="bbox 566 3342 1930 3400">
    <p class='ocr_par' dir='ltr' id='par_1_44' title="bbox 566 3342 1930 3400">
     <span class='ocr_line' id='line_1_46' title="bbox 566 3342 1930 3400; baseline -0.004 1"><span class='ocrx_word' id='word_1_302' title='bbox 566 3345 771 3400; x_wconf 86' lang='lat' dir='ltr'><strong>dierum</strong></span> <span class='ocrx_word' id='word_1_303' title='bbox 802 3358 920 3398; x_wconf 92' lang='lat' dir='ltr'><strong>esse</strong></span> <span class='ocrx_word' id='word_1_304' title='bbox 946 3352 1327 3398; x_wconf 90' lang='lat' dir='ltr'><strong>commentum.</strong></span> <span class='ocrx_word' id='word_1_305' title='bbox 1359 3343 1623 3399; x_wconf 87' lang='lat' dir='ltr'><strong>Hactenus</strong></span> <span class='ocrx_word' id='word_1_306' title='bbox 1653 3342 1930 3397; x_wconf 87' lang='lat' dir='ltr'><strong>Baronins.</strong></span> 
     </span>
    </p>
   </div>
   <div class='ocr_carea' id='block_1_45' title="bbox 639 3413 2146 3484">
    <p class='ocr_par' dir='ltr' id='par_1_45' title="bbox 639 3413 2146 3484">
     <span class='ocr_line' id='line_1_47' title="bbox 639 3413 2146 3484; baseline 0.001 -14"><span class='ocrx_word' id='word_1_307' title='bbox 639 3416 739 3480; x_wconf 85' lang='lat' dir='ltr'><strong>Qui</strong></span> <span class='ocrx_word' id='word_1_308' title='bbox 768 3425 946 3469; x_wconf 90' lang='lat' dir='ltr'><strong>autem</strong></span> <span class='ocrx_word' id='word_1_309' title='bbox 977 3415 1054 3468; x_wconf 87' lang='lat' dir='ltr'><strong>illi</strong></span> <span class='ocrx_word' id='word_1_310' title='bbox 1107 3414 1450 3484; x_wconf 90' lang='lat' dir='ltr'><strong>Hagiomachi</strong></span> <span class='ocrx_word' id='word_1_311' title='bbox 1480 3418 1606 3478; x_wconf 90' lang='lat' dir='ltr'><strong>sint,</strong></span> <span class='ocrx_word' id='word_1_312' title='bbox 1660 3413 1748 3483; x_wconf 93' lang='lat' dir='ltr'><strong>qui</strong></span> <span class='ocrx_word' id='word_1_313' title='bbox 1795 3415 1957 3468; x_wconf 90' lang='lat' dir='ltr'><strong>vitam</strong></span> <span class='ocrx_word' id='word_1_314' title='bbox 2008 3413 2146 3471; x_wconf 91' lang='lat' dir='ltr'><strong>hanc</strong></span> 
     </span>
    </p>
   </div>
   <div class='ocr_carea' id='block_1_46' title="bbox 566 3484 2144 3551">
    <p class='ocr_par' dir='ltr' id='par_1_46' title="bbox 566 3484 2144 3551">
     <span class='ocr_line' id='line_1_48' title="bbox 566 3484 2144 3551; baseline -0.001 -10"><span class='ocrx_word' id='word_1_315' title='bbox 566 3495 928 3541; x_wconf 89' lang='lat' dir='ltr'><strong>commentum</strong></span> <span class='ocrx_word' id='word_1_316' title='bbox 956 3499 1076 3539; x_wconf 90' lang='lat' dir='ltr'><strong>esse</strong></span> <span class='ocrx_word' id='word_1_317' title='bbox 1096 3485 1403 3538; x_wconf 85' lang='lat' dir='ltr'><strong>censuerint</strong></span> <span class='ocrx_word' id='word_1_318' title='bbox 1424 3485 1709 3551; x_wconf 90' lang='lat' dir='ltr'><strong>ludicrum,</strong></span> <span class='ocrx_word' id='word_1_319' title='bbox 1738 3484 1808 3538; x_wconf 92' lang='lat' dir='ltr'><strong>ob</strong></span> <span class='ocrx_word' id='word_1_320' title='bbox 1829 3487 2144 3540; x_wconf 88' lang='lat' dir='ltr'><strong>memoriam</strong></span> 
     </span>
    </p>
   </div>
   <div class='ocr_carea' id='block_1_47' title="bbox 567 3553 2147 3625">
    <p class='ocr_par' dir='ltr' id='par_1_47' title="bbox 567 3553 2147 3625">
     <span class='ocr_line' id='line_1_49' title="bbox 567 3553 2147 3625; baseline -0.001 -13"><span class='ocrx_word' id='word_1_321' title='bbox 567 3559 624 3612; x_wconf 91' lang='lat' dir='ltr'><strong>in</strong></span> <span class='ocrx_word' id='word_1_322' title='bbox 654 3571 716 3612; x_wconf 88' lang='lat' dir='ltr'><strong>ea</strong></span> <span class='ocrx_word' id='word_1_323' title='bbox 748 3555 1158 3625; x_wconf 87' lang='lat' dir='ltr'><strong>Hippocentanri</strong></span> <span class='ocrx_word' id='word_1_324' title='bbox 1186 3563 1345 3624; x_wconf 86' lang='lat' dir='ltr'><strong>atque</strong></span> <span class='ocrx_word' id='word_1_325' title='bbox 1378 3554 1564 3618; x_wconf 82' lang='lat' dir='ltr'><strong>Fauni,</strong></span> <span class='ocrx_word' id='word_1_326' title='bbox 1595 3553 1725 3608; x_wconf 89' lang='lat' dir='ltr'><strong>mihi</strong></span> <span class='ocrx_word' id='word_1_327' title='bbox 1751 3554 2147 3624; x_wconf 87' lang='lat' dir='ltr'><strong>inexploratum</strong></span> 
     </span>
    </p>
   </div>
   <div class='ocr_carea' id='block_1_48' title="bbox 570 3626 2146 3694">
    <p class='ocr_par' dir='ltr' id='par_1_48' title="bbox 570 3626 2146 3694">
     <span class='ocr_line' id='line_1_50' title="bbox 570 3626 2146 3694; baseline -0.002 -10"><span class='ocrx_word' id='word_1_328' title='bbox 570 3639 675 3684; x_wconf 90' lang='lat' dir='ltr'><strong>est.</strong></span> <span class='ocrx_word' id='word_1_329' title='bbox 707 3629 820 3682; x_wconf 80' lang='lat' dir='ltr'><strong>luto</strong></span> <span class='ocrx_word' id='word_1_330' title='bbox 865 3642 990 3681; x_wconf 86' lang='lat' dir='ltr'><strong>vero</strong></span> <span class='ocrx_word' id='word_1_331' title='bbox 1038 3626 1298 3679; x_wconf 91' lang='lat' dir='ltr'><strong>ludicrum</strong></span> <span class='ocrx_word' id='word_1_332' title='bbox 1348 3639 1535 3680; x_wconf 92' lang='lat' dir='ltr'><strong>eorum</strong></span> <span class='ocrx_word' id='word_1_333' title='bbox 1586 3635 1958 3693; x_wconf 78' lang='lat' dir='ltr'><strong>argumentum</strong></span> <span class='ocrx_word' id='word_1_334' title='bbox 2006 3640 2146 3694; x_wconf 89' lang='lat' dir='ltr'><strong>esse,</strong></span> 
     </span>
    </p>
   </div>
   <div class='ocr_carea' id='block_1_49' title="bbox 570 3695 2149 3769">
    <p class='ocr_par' dir='ltr' id='par_1_49' title="bbox 570 3695 2149 3769">
     <span class='ocr_line' id='line_1_51' title="bbox 570 3695 2149 3769; baseline -0.001 -18"><span class='ocrx_word' id='word_1_335' title='bbox 570 3699 771 3769; x_wconf 83' lang='lat' dir='ltr'><strong>patebit</strong></span> <span class='ocrx_word' id='word_1_336' title='bbox 802 3696 1071 3769; x_wconf 86' lang='lat' dir='ltr'><strong>notatione</strong></span> <span class='ocrx_word' id='word_1_337' title='bbox 1099 3697 1164 3750; x_wconf 89' lang='lat' dir='ltr'><strong>ad</strong></span> <span class='ocrx_word' id='word_1_338' title='bbox 1191 3710 1312 3750; x_wconf 90' lang='lat' dir='ltr'><strong>eum</strong></span> <span class='ocrx_word' id='word_1_339' title='bbox 1341 3695 1545 3769; x_wconf 72' lang='lat' dir='ltr'><strong>locum.</strong></span> <span class='ocrx_word' id='word_1_340' title='bbox 1594 3697 1712 3749; x_wconf 86' lang='lat' dir='ltr'><strong>Alia</strong></span> <span class='ocrx_word' id='word_1_341' title='bbox 1756 3696 1984 3769; x_wconf 76' lang='lat' dir='ltr'><strong>ratione</strong></span> <span class='ocrx_word' id='word_1_342' title='bbox 2018 3696 2149 3769; x_wconf 83' lang='lat' dir='ltr'><strong>Era-</strong></span> 
     </span>
    </p>
   </div>
   <div class='ocr_carea' id='block_1_50' title="bbox 572 3766 2150 3838">
    <p class='ocr_par' dir='ltr' id='par_1_50' title="bbox 572 3766 2150 3838">
     <span class='ocr_line' id='line_1_52' title="bbox 572 3766 2150 3838; baseline -0.002 -13"><span class='ocrx_word' id='word_1_343' title='bbox 572 3766 720 3825; x_wconf 79' lang='lat' dir='ltr'><strong>smus</strong></span> <span class='ocrx_word' id='word_1_344' title='bbox 747 3777 801 3822; x_wconf 89' lang='lat' dir='ltr'><strong>et</strong></span> <span class='ocrx_word' id='word_1_345' title='bbox 827 3768 1303 3838; x_wconf 82' lang='lat' dir='ltr'><strong>Magdeburgenses</strong></span> <span class='ocrx_word' id='word_1_346' title='bbox 1328 3766 1727 3838; x_wconf 88' lang='lat' dir='ltr'><strong>Centuriatores</strong></span> <span class='ocrx_word' id='word_1_347' title='bbox 1752 3766 1943 3821; x_wconf 89' lang='lat' dir='ltr'><strong>lusisse</strong></span> <span class='ocrx_word' id='word_1_348' title='bbox 1973 3767 2027 3820; x_wconf 94' lang='lat' dir='ltr'><strong>in</strong></span> <span class='ocrx_word' id='word_1_349' title='bbox 2053 3768 2150 3822; x_wconf 90' lang='lat' dir='ltr'><strong>hac</strong></span> 
     </span>
    </p>
   </div>
   <div class='ocr_carea' id='block_1_51' title="bbox 575 3837 2041 3910">
    <p class='ocr_par' dir='ltr' id='par_1_51' title="bbox 575 3837 2041 3910">
     <span class='ocr_line' id='line_1_53' title="bbox 575 3837 2041 3910; baseline -0.004 -14"><span class='ocrx_word' id='word_1_350' title='bbox 575 3840 690 3896; x_wconf 82' lang='lat' dir='ltr'><strong>Vita</strong></span> <span class='ocrx_word' id='word_1_351' title='bbox 721 3837 1167 3910; x_wconf 74' lang='lat' dir='ltr'><strong>voluntsancmrn</strong></span> <span class='ocrx_word' id='word_1_352' title='bbox 1197 3837 1576 3910; x_wconf 88' lang='lat' dir='ltr'><strong>Hieronymum</strong></span> <span class='ocrx_word' id='word_1_353' title='bbox 1610 3854 1623 3891; x_wconf 89' lang='lat'><strong>:</strong></span> <span class='ocrx_word' id='word_1_354' title='bbox 1656 3837 1724 3910; x_wconf 77' lang='lat' dir='ltr'><strong>de</strong></span> <span class='ocrx_word' id='word_1_355' title='bbox 1761 3851 1867 3910; x_wconf 84' lang='lat' dir='ltr'><strong>quo</strong></span> <span class='ocrx_word' id='word_1_356' title='bbox 1895 3852 2041 3910; x_wconf 81' lang='lat' dir='ltr'><strong>mox.</strong></span> 
     </span>
    </p>
   </div>
   <div class='ocr_carea' id='block_1_52' title="bbox 640 3905 2154 3983">
    <p class='ocr_par' dir='ltr' id='par_1_52' title="bbox 640 3905 2154 3983">
     <span class='ocr_line' id='line_1_54' title="bbox 640 3905 2154 3983; baseline 0 -19"><span class='ocrx_word' id='word_1_357' title='bbox 640 3913 712 3983; x_wconf 87' lang='lat' dir='ltr'><strong>(c)</strong></span> <span class='ocrx_word' id='word_1_358' title='bbox 756 3907 1079 3983; x_wconf 79' lang='lat' dir='ltr'><strong>Paulo_seni</strong></span> <span class='ocrx_word' id='word_1_359' title='bbox 1132 3907 1359 3983; x_wconf 77' lang='lat' dir='ltr'><strong>Paulum</strong></span> <span class='ocrx_word' id='word_1_360' title='bbox 1398 3905 1722 3979; x_wconf 60' lang='lat' dir='ltr'><strong>seniorem]</strong></span> <span class='ocrx_word' id='word_1_361' title='bbox 1773 3905 1907 3962; x_wconf 79' lang='lat' dir='ltr'><strong>Nam</strong></span> <span class='ocrx_word' id='word_1_362' title='bbox 1956 3908 2154 3983; x_wconf 84' lang='lat' dir='ltr'><strong>Paulus</strong></span> 
     </span>
    </p>
   </div>
   <div class='ocr_carea' id='block_1_53' title="bbox 571 3980 2151 4042">
    <p class='ocr_par' dir='ltr' id='par_1_53' title="bbox 571 3980 2151 4042">
     <span class='ocr_line' id='line_1_55' title="bbox 571 3980 2151 4042; baseline -0.002 -4"><span class='ocrx_word' id='word_1_363' title='bbox 571 3980 983 4038; x_wconf 81' lang='lat' dir='ltr'><strong>Concordiensis</strong></span> <span class='ocrx_word' id='word_1_364' title='bbox 1024 3981 1366 4035; x_wconf 80' lang='lat' dir='ltr'><strong>centenarias</strong></span> <span class='ocrx_word' id='word_1_365' title='bbox 1418 3989 1622 4034; x_wconf 86' lang='lat' dir='ltr'><strong>tantum</strong></span> <span class='ocrx_word' id='word_1_366' title='bbox 1671 3985 1810 4042; x_wconf 90' lang='lat' dir='ltr'><strong>erat,</strong></span> <span class='ocrx_word' id='word_1_367' title='bbox 1859 3987 1918 4032; x_wconf 94' lang='lat' dir='ltr'><strong>ut</strong></span> <span class='ocrx_word' id='word_1_368' title='bbox 1965 3980 2151 4035; x_wconf 89' lang='lat' dir='ltr'><strong>eadem</strong></span> 
     </span>
    </p>
   </div>
   <div class='ocr_carea' id='block_1_54' title="bbox 549 4050 2153 4122">
    <p class='ocr_par' dir='ltr' id='par_1_54' title="bbox 549 4050 2153 4122">
     <span class='ocr_line' id='line_1_56' title="bbox 549 4050 2153 4122; baseline -0.001 -14"><span class='ocrx_word' id='word_1_369' title='bbox 549 4052 802 4122; x_wconf 84' lang='lat' dir='ltr'><strong>epistola</strong></span> <span class='ocrx_word' id='word_1_370' title='bbox 849 4051 1218 4122; x_wconf 62' lang='lat' dir='ltr'><strong>exprimitur;</strong></span> <span class='ocrx_word' id='word_1_371' title='bbox 1259 4068 1278 4102; x_wconf 73' lang='grc' dir='ltr'>ι</span> <span class='ocrx_word' id='word_1_372' title='bbox 1333 4050 1476 4119; x_wconf 81' lang='lat' dir='ltr'><strong>Ecce</strong></span> <span class='ocrx_word' id='word_1_373' title='bbox 1515 4051 1625 4119; x_wconf 91' lang='lat' dir='ltr'><strong>jam</strong></span> <span class='ocrx_word' id='word_1_374' title='bbox 1672 4058 1929 4122; x_wconf 84' lang='lat' dir='ltr'><strong>centenus</strong></span> <span class='ocrx_word' id='word_1_375' title='bbox 1979 4051 2153 4106; x_wconf 81' lang='lat' dir='ltr'><strong>aetatis</strong></span> 
     </span>
    </p>
   </div>
   <div class='ocr_carea' id='block_1_55' title="bbox 571 4121 2152 4190">
    <p class='ocr_par' dir='ltr' id='par_1_55' title="bbox 571 4121 2152 4190">
     <span class='ocr_line' id='line_1_57' title="bbox 571 4121 2152 4190; baseline -0.002 -11"><span class='ocrx_word' id='word_1_376' title='bbox 571 4121 806 4180; x_wconf 89' lang='lat' dir='ltr'><strong>circulus</strong></span> <span class='ocrx_word' id='word_1_377' title='bbox 853 4121 1104 4179; x_wconf 73' lang='lat' dir='ltr'><strong>volvitur.</strong></span> <span class='ocrx_word' id='word_1_378' title='bbox 1146 4140 1165 4173; x_wconf 87' lang='grc'><strong>›</strong></span> <span class='ocrx_word' id='word_1_379' title='bbox 1198 4121 1393 4176; x_wconf 88' lang='lat' dir='ltr'><strong>Paulus</strong></span> <span class='ocrx_word' id='word_1_380' title='bbox 1433 4135 1598 4185; x_wconf 90' lang='lat' dir='ltr'><strong>vero,</strong></span> <span class='ocrx_word' id='word_1_381' title='bbox 1652 4121 1857 4189; x_wconf 88' lang='lat' dir='ltr'><strong>primus</strong></span> <span class='ocrx_word' id='word_1_382' title='bbox 1904 4124 2152 4190; x_wconf 90' lang='lat' dir='ltr'><strong>cremita,</strong></span> 
     </span>
    </p>
   </div>
   <div class='ocr_carea' id='block_1_56' title="bbox 573 4191 2150 4261">
    <p class='ocr_par' dir='ltr' id='par_1_56' title="bbox 573 4191 2150 4261">
     <span class='ocr_line' id='line_1_58' title="bbox 573 4191 2150 4261; baseline -0.003 -10"><span class='ocrx_word' id='word_1_383' title='bbox 573 4204 787 4251; x_wconf 83' lang='lat' dir='ltr'><strong>centum</strong></span> <span class='ocrx_word' id='word_1_384' title='bbox 811 4202 865 4247; x_wconf 91' lang='lat' dir='ltr'><strong>et</strong></span> <span class='ocrx_word' id='word_1_385' title='bbox 894 4192 1144 4248; x_wconf 87' lang='lat' dir='ltr'><strong>tredecim</strong></span> <span class='ocrx_word' id='word_1_386' title='bbox 1169 4206 1450 4258; x_wconf 84' lang='lat' dir='ltr'><strong>annorum,</strong></span> <span class='ocrx_word' id='word_1_387' title='bbox 1476 4199 1531 4244; x_wconf 94' lang='lat' dir='ltr'><strong>ut</strong></span> <span class='ocrx_word' id='word_1_388' title='bbox 1553 4191 1778 4246; x_wconf 89' lang='lat' dir='ltr'><strong>habetur</strong></span> <span class='ocrx_word' id='word_1_389' title='bbox 1801 4192 1854 4246; x_wconf 94' lang='lat' dir='ltr'><strong>in</strong></span> <span class='ocrx_word' id='word_1_390' title='bbox 1874 4193 1990 4261; x_wconf 91' lang='lat' dir='ltr'><strong>ejus</strong></span> <span class='ocrx_word' id='word_1_391' title='bbox 2011 4191 2150 4248; x_wconf 86' lang='lat' dir='ltr'><strong>Vita.</strong></span> 
     </span>
    </p>
   </div>
   <div class='ocr_carea' id='block_1_57' title="bbox 576 4262 2155 4334">
    <p class='ocr_par' dir='ltr' id='par_1_57' title="bbox 576 4262 2155 4334">
     <span class='ocr_line' id='line_1_59' title="bbox 576 4262 2155 4334; baseline -0.001 -14"><span class='ocrx_word' id='word_1_392' title='bbox 576 4266 653 4320; x_wconf 90' lang='lat' dir='ltr'><strong>De</strong></span> <span class='ocrx_word' id='word_1_393' title='bbox 687 4264 850 4319; x_wconf 87' lang='lat' dir='ltr'><strong>Paulo</strong></span> <span class='ocrx_word' id='word_1_394' title='bbox 875 4263 1257 4319; x_wconf 88' lang='lat' dir='ltr'><strong>Concordiensi</strong></span> <span class='ocrx_word' id='word_1_395' title='bbox 1288 4262 1427 4318; x_wconf 87' lang='lat' dir='ltr'><strong>idem</strong></span> <span class='ocrx_word' id='word_1_396' title='bbox 1444 4262 1639 4334; x_wconf 17' lang='lat' dir='ltr'><strong>gdivus</strong></span> <span class='ocrx_word' id='word_1_397' title='bbox 1681 4262 2038 4334; x_wconf 83' lang='lat' dir='ltr'><strong>Hieronymus</strong></span> <span class='ocrx_word' id='word_1_398' title='bbox 2088 4263 2155 4318; x_wconf 89' lang='lat' dir='ltr'><strong>de</strong></span> 
     </span>
    </p>
   </div>
   <div class='ocr_carea' id='block_1_58' title="bbox 543 4332 2155 4404">
    <p class='ocr_par' dir='ltr' id='par_1_58' title="bbox 543 4332 2155 4404">
     <span class='ocr_line' id='line_1_60' title="bbox 543 4332 2155 4404; baseline 0.002 -18"><span class='ocrx_word' id='word_1_399' title='bbox 543 4337 769 4392; x_wconf 83' lang='lat' dir='ltr'><strong>.illnstr.</strong></span> <span class='ocrx_word' id='word_1_400' title='bbox 799 4333 1000 4389; x_wconf 84' lang='lat' dir='ltr'><strong>Eccles.</strong></span> <span class='ocrx_word' id='word_1_401' title='bbox 1031 4335 1226 4403; x_wconf 91' lang='lat' dir='ltr'><strong>Scrip.,</strong></span> <span class='ocrx_word' id='word_1_402' title='bbox 1255 4349 1374 4404; x_wconf 90' lang='lat' dir='ltr'><strong>cap.</strong></span> <span class='ocrx_word' id='word_1_403' title='bbox 1401 4332 1492 4399; x_wconf 78' lang='lat'><strong>55,</strong></span> <span class='ocrx_word' id='word_1_404' title='bbox 1520 4335 1572 4404; x_wconf 86' lang='lat' dir='ltr'><strong>in</strong></span> <span class='ocrx_word' id='word_1_405' title='bbox 1600 4332 1962 4389; x_wconf 81' lang='lat' dir='ltr'><strong>Tertulliano:</strong></span> <span class='ocrx_word' id='word_1_406' title='bbox 1993 4352 2013 4387; x_wconf 70' lang='grc' dir='ltr'><strong>α</strong></span> <span class='ocrx_word' id='word_1_407' title='bbox 2039 4334 2155 4389; x_wconf 82' lang='lat' dir='ltr'><strong>Vidi</strong></span> 
     </span>
    </p>
   </div>
   <div class='ocr_carea' id='block_1_59' title="bbox 575 4403 2154 4476">
    <p class='ocr_par' dir='ltr' id='par_1_59' title="bbox 575 4403 2154 4476">
     <span class='ocr_line' id='line_1_61' title="bbox 575 4403 2154 4476; baseline -0.001 -15"><span class='ocrx_word' id='word_1_408' title='bbox 575 4422 676 4476; x_wconf 87' lang='lat' dir='ltr'><strong>ego</strong></span> <span class='ocrx_word' id='word_1_409' title='bbox 720 4404 1005 4476; x_wconf 88' lang='lat' dir='ltr'><strong>quemdam</strong></span> <span class='ocrx_word' id='word_1_410' title='bbox 1058 4405 1276 4460; x_wconf 87' lang='lat' dir='ltr'><strong>Paulum</strong></span> <span class='ocrx_word' id='word_1_411' title='bbox 1324 4403 1662 4472; x_wconf 61' lang='lat' dir='ltr'><strong>Concordiae,</strong></span> <span class='ocrx_word' id='word_1_412' title='bbox 1707 4405 1846 4476; x_wconf 90' lang='lat' dir='ltr'><strong>quod</strong></span> <span class='ocrx_word' id='word_1_413' title='bbox 1899 4406 2154 4476; x_wconf 77' lang='lat' dir='ltr'><strong>Oppidum</strong></span> 
     </span>
    </p>
   </div>
   <div class='ocr_carea' id='block_1_60' title="bbox 574 4476 2155 4546">
    <p class='ocr_par' dir='ltr' id='par_1_60' title="bbox 574 4476 2155 4546">
     <span class='ocr_line' id='line_1_62' title="bbox 574 4476 2155 4546; baseline -0.001 -13"><span class='ocrx_word' id='word_1_414' title='bbox 574 4477 738 4533; x_wconf 76' lang='lat' dir='ltr'><strong>italia:</strong></span> <span class='ocrx_word' id='word_1_415' title='bbox 763 4487 865 4546; x_wconf 89' lang='lat' dir='ltr'><strong>est,</strong></span> <span class='ocrx_word' id='word_1_416' title='bbox 898 4490 1100 4541; x_wconf 88' lang='lat' dir='ltr'><strong>senem,</strong></span> <span class='ocrx_word' id='word_1_417' title='bbox 1135 4486 1239 4532; x_wconf 92' lang='lat' dir='ltr'><strong>etc.</strong></span> <span class='ocrx_word' id='word_1_418' title='bbox 1274 4477 1350 4532; x_wconf 89' lang='lat' dir='ltr'><strong>De</strong></span> <span class='ocrx_word' id='word_1_419' title='bbox 1373 4476 1562 4531; x_wconf 91' lang='lat' dir='ltr'><strong>eodem</strong></span> <span class='ocrx_word' id='word_1_420' title='bbox 1594 4477 1730 4531; x_wconf 89' lang='lat' dir='ltr'><strong>forte</strong></span> <span class='ocrx_word' id='word_1_421' title='bbox 1770 4477 1921 4532; x_wconf 90' lang='lat' dir='ltr'><strong>divus</strong></span> <span class='ocrx_word' id='word_1_422' title='bbox 1964 4476 2155 4532; x_wconf 84' lang='lat' dir='ltr'><strong>Hiero-</strong></span> 
     </span>
    </p>
   </div>
   <div class='ocr_carea' id='block_1_61' title="bbox 572 4546 2156 4619">
    <p class='ocr_par' dir='ltr' id='par_1_61' title="bbox 572 4546 2156 4619">
     <span class='ocr_line' id='line_1_63' title="bbox 572 4546 2156 4619; baseline 0 -15"><span class='ocrx_word' id='word_1_423' title='bbox 572 4565 784 4619; x_wconf 89' lang='lat' dir='ltr'><strong>nymus,</strong></span> <span class='ocrx_word' id='word_1_424' title='bbox 815 4549 976 4618; x_wconf 87' lang='lat' dir='ltr'><strong>epist.</strong></span> <span class='ocrx_word' id='word_1_425' title='bbox 1007 4550 1060 4614; x_wconf 84' lang='lat'><strong>6,</strong></span> <span class='ocrx_word' id='word_1_426' title='bbox 1094 4547 1158 4600; x_wconf 88' lang='lat' dir='ltr'><strong>ad</strong></span> <span class='ocrx_word' id='word_1_427' title='bbox 1191 4549 1514 4602; x_wconf 87' lang='lat' dir='ltr'><strong>Florentium</strong></span> <span class='ocrx_word' id='word_1_428' title='bbox 1548 4563 1566 4602; x_wconf 85' lang='lat'><strong>;</strong></span> <span class='ocrx_word' id='word_1_429' title='bbox 1601 4565 1620 4619; x_wconf 65' lang='grc' dir='ltr'>ᾳ</span> <span class='ocrx_word' id='word_1_430' title='bbox 1657 4546 1886 4619; x_wconf 87' lang='lat' dir='ltr'><strong>Scripsit</strong></span> <span class='ocrx_word' id='word_1_431' title='bbox 1929 4549 2062 4602; x_wconf 91' lang='lat' dir='ltr'><strong>mihi</strong></span> <span class='ocrx_word' id='word_1_432' title='bbox 2101 4557 2156 4604; x_wconf 88' lang='lat' dir='ltr'><strong>et</strong></span> 
     </span>
    </p>
   </div>
   <div class='ocr_carea' id='block_1_62' title="bbox 573 4618 2155 4690">
    <p class='ocr_par' dir='ltr' id='par_1_62' title="bbox 573 4618 2155 4690">
     <span class='ocr_line' id='line_1_64' title="bbox 573 4618 2155 4690; baseline 0 -18"><span class='ocrx_word' id='word_1_433' title='bbox 573 4618 792 4690; x_wconf 82' lang='lat' dir='ltr'><strong>quidam</strong></span> <span class='ocrx_word' id='word_1_434' title='bbox 821 4623 887 4674; x_wconf 90' lang='lat' dir='ltr'><strong>de</strong></span> <span class='ocrx_word' id='word_1_435' title='bbox 917 4621 1086 4687; x_wconf 88' lang='lat' dir='ltr'><strong>patria</strong></span> <span class='ocrx_word' id='word_1_436' title='bbox 1126 4619 1415 4688; x_wconf 87' lang='lat' dir='ltr'><strong>supradicti</strong></span> <span class='ocrx_word' id='word_1_437' title='bbox 1465 4618 1647 4690; x_wconf 78' lang='lat' dir='ltr'><strong>fratris</strong></span> <span class='ocrx_word' id='word_1_438' title='bbox 1692 4618 1911 4688; x_wconf 74' lang='lat' dir='ltr'><strong>Bullini,</strong></span> <span class='ocrx_word' id='word_1_439' title='bbox 1959 4620 2155 4673; x_wconf 88' lang='lat' dir='ltr'><strong>Paulus</strong></span> 
     </span>
    </p>
   </div>
   <div class='ocr_carea' id='block_1_63' title="bbox 548 4689 2154 4762">
    <p class='ocr_par' dir='ltr' id='par_1_63' title="bbox 548 4689 2154 4762">
     <span class='ocr_line' id='line_1_65' title="bbox 548 4689 2154 4762; baseline -0.002 -15"><span class='ocrx_word' id='word_1_440' title='bbox 548 4706 756 4762; x_wconf 83' lang='lat' dir='ltr'><strong>_senex,</strong></span> <span class='ocrx_word' id='word_1_441' title='bbox 780 4689 1092 4762; x_wconf 58' lang='lat' dir='ltr'><strong>Tertulliani</strong></span> <span class='ocrx_word' id='word_1_442' title='bbox 1120 4691 1203 4762; x_wconf 86' lang='lat' dir='ltr'><strong>sui</strong></span> <span class='ocrx_word' id='word_1_443' title='bbox 1231 4690 1490 4762; x_wconf 81' lang='lat' dir='ltr'><strong>Codicem</strong></span> <span class='ocrx_word' id='word_1_444' title='bbox 1515 4689 1654 4762; x_wconf 83' lang='lat' dir='ltr'><strong>apud</strong></span> <span class='ocrx_word' id='word_1_445' title='bbox 1680 4705 1799 4762; x_wconf 74' lang='lat' dir='ltr'><strong>eum</strong></span> <span class='ocrx_word' id='word_1_446' title='bbox 1829 4704 1968 4755; x_wconf 90' lang='lat' dir='ltr'><strong>esse,</strong></span> <span class='ocrx_word' id='word_1_447' title='bbox 2004 4710 2022 4742; x_wconf 75' lang='grc' dir='ltr'><strong><em>ι</em></strong></span> <span class='ocrx_word' id='word_1_448' title='bbox 2049 4700 2154 4745; x_wconf 92' lang='lat' dir='ltr'><strong>etc.</strong></span> 
     </span>
    </p>
   </div>
   <div class='ocr_carea' id='block_1_64' title="bbox 648 4758 2156 4834">
    <p class='ocr_par' dir='ltr' id='par_1_64' title="bbox 648 4758 2156 4834">
     <span class='ocr_line' id='line_1_66' title="bbox 648 4758 2156 4834; baseline 0.001 -20"><span class='ocrx_word' id='word_1_449' title='bbox 648 4762 768 4834; x_wconf 81' lang='lat' dir='ltr'><strong>[(d)</strong></span> <span class='ocrx_word' id='word_1_450' title='bbox 801 4759 866 4814; x_wconf 81' lang='lat' dir='ltr'><strong>In</strong></span> <span class='ocrx_word' id='word_1_451' title='bbox 905 4760 1191 4834; x_wconf 67' lang='lat' dir='ltr'><strong>deﬁcientia</strong></span> <span class='ocrx_word' id='word_1_452' title='bbox 1219 4758 1494 4831; x_wconf 65' lang='lat' dir='ltr'><strong>sermone.)</strong></span> <span class='ocrx_word' id='word_1_453' title='bbox 1521 4760 1687 4815; x_wconf 76' lang='lat' dir='ltr'><strong>Mirus</strong></span> <span class='ocrx_word' id='word_1_454' title='bbox 1714 4759 2036 4834; x_wconf 81' lang='lat' dir='ltr'><strong>Novatorum</strong></span> <span class='ocrx_word' id='word_1_455' title='bbox 2061 4777 2156 4831; x_wconf 78' lang='lat' dir='ltr'><strong>ge-</strong></span> 
     </span>
    </p>
   </div>
   <div class='ocr_carea' id='block_1_65' title="bbox 577 4831 2156 4903">
    <p class='ocr_par' dir='ltr' id='par_1_65' title="bbox 577 4831 2156 4903">
     <span class='ocr_line' id='line_1_67' title="bbox 577 4831 2156 4903; baseline -0.002 -13"><span class='ocrx_word' id='word_1_456' title='bbox 577 4831 720 4894; x_wconf 81' lang='lat' dir='ltr'><strong>nius,</strong></span> <span class='ocrx_word' id='word_1_457' title='bbox 744 4833 835 4900; x_wconf 89' lang='lat' dir='ltr'><strong>qni</strong></span> <span class='ocrx_word' id='word_1_458' title='bbox 860 4831 1042 4885; x_wconf 85' lang='lat' dir='ltr'><strong>volunt</strong></span> <span class='ocrx_word' id='word_1_459' title='bbox 1072 4832 1452 4903; x_wconf 85' lang='lat' dir='ltr'><strong>Hieronymum</strong></span> <span class='ocrx_word' id='word_1_460' title='bbox 1474 4846 1579 4886; x_wconf 89' lang='lat' dir='ltr'><strong>non</strong></span> <span class='ocrx_word' id='word_1_461' title='bbox 1598 4841 1866 4903; x_wconf 85' lang='lat' dir='ltr'><strong>versatum</strong></span> <span class='ocrx_word' id='word_1_462' title='bbox 1888 4831 1974 4886; x_wconf 91' lang='lat' dir='ltr'><strong>hic</strong></span> <span class='ocrx_word' id='word_1_463' title='bbox 1989 4835 2156 4899; x_wconf 78' lang='lat' dir='ltr'><strong>serio,</strong></span> 
     </span>
    </p>
   </div>
   <div class='ocr_carea' id='block_1_66' title="bbox 576 4902 2159 4973">
    <p class='ocr_par' dir='ltr' id='par_1_66' title="bbox 576 4902 2159 4973">
     <span class='ocr_line' id='line_1_68' title="bbox 576 4902 2159 4973; baseline 0.001 -15"><span class='ocrx_word' id='word_1_464' title='bbox 576 4905 672 4960; x_wconf 88' lang='lat' dir='ltr'><strong>sed</strong></span> <span class='ocrx_word' id='word_1_465' title='bbox 704 4905 896 4957; x_wconf 83' lang='lat' dir='ltr'><strong>lusisse</strong></span> <span class='ocrx_word' id='word_1_466' title='bbox 923 4903 1208 4958; x_wconf 80' lang='lat' dir='ltr'><strong>exercendi</strong></span> <span class='ocrx_word' id='word_1_467' title='bbox 1248 4902 1444 4973; x_wconf 77' lang='lat' dir='ltr'><strong>ingenii</strong></span> <span class='ocrx_word' id='word_1_468' title='bbox 1484 4917 1663 4958; x_wconf 87' lang='lat' dir='ltr'><strong>causa.</strong></span> <span class='ocrx_word' id='word_1_469' title='bbox 1705 4902 1782 4958; x_wconf 91' lang='lat' dir='ltr'><strong>lta</strong></span> <span class='ocrx_word' id='word_1_470' title='bbox 1825 4918 1889 4958; x_wconf 86' lang='lat' dir='ltr'><strong>ex</strong></span> <span class='ocrx_word' id='word_1_471' title='bbox 1931 4903 2159 4959; x_wconf 88' lang='lat' dir='ltr'><strong>Erasmo</strong></span> 
     </span>
    </p>
   </div>
   <div class='ocr_carea' id='block_1_67' title="bbox 576 4973 2156 5044">
    <p class='ocr_par' dir='ltr' id='par_1_67' title="bbox 576 4973 2156 5044">
     <span class='ocr_line' id='line_1_69' title="bbox 576 4973 2156 5044; baseline 0 -16"><span class='ocrx_word' id='word_1_472' title='bbox 576 4973 1022 5044; x_wconf 84' lang='lat' dir='ltr'><strong>Magdeburgens.</strong></span> <span class='ocrx_word' id='word_1_473' title='bbox 1052 4983 1258 5030; x_wconf 90' lang='lat' dir='ltr'><strong>centur.</strong></span> <span class='ocrx_word' id='word_1_474' title='bbox 1291 4990 1364 5042; x_wconf 81' lang='grc' dir='ltr'><strong>ιν,</strong></span> <span class='ocrx_word' id='word_1_475' title='bbox 1397 4988 1517 5044; x_wconf 90' lang='lat' dir='ltr'><strong>cap.</strong></span> <span class='ocrx_word' id='word_1_476' title='bbox 1552 4975 1640 5028; x_wconf 84' lang='grc'><strong>10.</strong></span> <span class='ocrx_word' id='word_1_477' title='bbox 1669 4974 1814 5041; x_wconf 87' lang='lat' dir='ltr'><strong>Quos</strong></span> <span class='ocrx_word' id='word_1_478' title='bbox 1841 4973 1924 5029; x_wconf 90' lang='lat' dir='ltr'><strong>vel</strong></span> <span class='ocrx_word' id='word_1_479' title='bbox 1954 4974 2039 5029; x_wconf 89' lang='lat' dir='ltr'><strong>hic</strong></span> <span class='ocrx_word' id='word_1_480' title='bbox 2065 4989 2156 5030; x_wconf 87' lang='lat' dir='ltr'><strong>so-</strong></span> 
     </span>
    </p>
   </div>
   <div class='ocr_carea' id='block_1_68' title="bbox 577 5045 2160 5115">
    <p class='ocr_par' dir='ltr' id='par_1_68' title="bbox 577 5045 2160 5115">
     <span class='ocr_line' id='line_1_70' title="bbox 577 5045 2160 5115; baseline 0.001 -15"><span class='ocrx_word' id='word_1_481' title='bbox 577 5046 661 5101; x_wconf 88' lang='lat' dir='ltr'><strong>lus</strong></span> <span class='ocrx_word' id='word_1_482' title='bbox 689 5047 838 5101; x_wconf 85' lang='lat' dir='ltr'><strong>locus</strong></span> <span class='ocrx_word' id='word_1_483' title='bbox 869 5045 1084 5113; x_wconf 83' lang='lat' dir='ltr'><strong>refutet,</strong></span> <span class='ocrx_word' id='word_1_484' title='bbox 1112 5059 1218 5115; x_wconf 89' lang='lat' dir='ltr'><strong>quo</strong></span> <span class='ocrx_word' id='word_1_485' title='bbox 1247 5056 1470 5102; x_wconf 86' lang='lat' dir='ltr'><strong>testatur</strong></span> <span class='ocrx_word' id='word_1_486' title='bbox 1498 5059 1557 5100; x_wconf 88' lang='lat' dir='ltr'><strong>se</strong></span> <span class='ocrx_word' id='word_1_487' title='bbox 1585 5054 1787 5100; x_wconf 90' lang='lat' dir='ltr'><strong>tantum</strong></span> <span class='ocrx_word' id='word_1_488' title='bbox 1816 5045 2050 5101; x_wconf 87' lang='lat' dir='ltr'><strong>abfuisse</strong></span> <span class='ocrx_word' id='word_1_489' title='bbox 2092 5045 2160 5102; x_wconf 89' lang='lat' dir='ltr'><strong>ab</strong></span> 
     </span>
    </p>
   </div>
   <div class='ocr_carea' id='block_1_69' title="bbox 578 5116 2159 5187">
    <p class='ocr_par' dir='ltr' id='par_1_69' title="bbox 578 5116 2159 5187">
     <span class='ocr_line' id='line_1_71' title="bbox 578 5116 2159 5187; baseline -0.001 -15"><span class='ocrx_word' id='word_1_490' title='bbox 578 5131 663 5182; x_wconf 89' lang='lat' dir='ltr'><strong>eo,</strong></span> <span class='ocrx_word' id='word_1_491' title='bbox 697 5127 755 5171; x_wconf 93' lang='lat' dir='ltr'><strong>ut</strong></span> <span class='ocrx_word' id='word_1_492' title='bbox 785 5117 1059 5172; x_wconf 89' lang='lat' dir='ltr'><strong>rhetorum</strong></span> <span class='ocrx_word' id='word_1_493' title='bbox 1088 5133 1238 5172; x_wconf 90' lang='lat' dir='ltr'><strong>more</strong></span> <span class='ocrx_word' id='word_1_494' title='bbox 1266 5117 1459 5187; x_wconf 90' lang='lat' dir='ltr'><strong>stylum</strong></span> <span class='ocrx_word' id='word_1_495' title='bbox 1490 5116 1576 5170; x_wconf 89' lang='lat' dir='ltr'><strong>hic</strong></span> <span class='ocrx_word' id='word_1_496' title='bbox 1603 5132 1772 5187; x_wconf 85' lang='lat' dir='ltr'><strong>suum</strong></span> <span class='ocrx_word' id='word_1_497' title='bbox 1798 5127 2075 5172; x_wconf 79' lang='lat' dir='ltr'><strong>exerceret</strong></span> <span class='ocrx_word' id='word_1_498' title='bbox 2102 5127 2159 5172; x_wconf 90' lang='lat' dir='ltr'><strong>et</strong></span> 
     </span>
    </p>
   </div>
   <div class='ocr_carea' id='block_1_70' title="bbox 577 5186 2158 5259">
    <p class='ocr_par' dir='ltr' id='par_1_70' title="bbox 577 5186 2158 5259">
     <span class='ocr_line' id='line_1_72' title="bbox 577 5186 2158 5259; baseline 0.002 -18"><span class='ocrx_word' id='word_1_499' title='bbox 577 5189 879 5252; x_wconf 78' lang='lat' dir='ltr'><strong>extolleret,</strong></span> <span class='ocrx_word' id='word_1_500' title='bbox 915 5197 972 5242; x_wconf 92' lang='lat' dir='ltr'><strong>ut</strong></span> <span class='ocrx_word' id='word_1_501' title='bbox 1001 5202 1067 5243; x_wconf 90' lang='lat' dir='ltr'><strong>ex</strong></span> <span class='ocrx_word' id='word_1_502' title='bbox 1100 5186 1357 5244; x_wconf 86' lang='lat' dir='ltr'><strong>industria</strong></span> <span class='ocrx_word' id='word_1_503' title='bbox 1387 5187 1561 5256; x_wconf 89' lang='lat' dir='ltr'><strong>potius</strong></span> <span class='ocrx_word' id='word_1_504' title='bbox 1587 5203 1731 5259; x_wconf 88' lang='lat' dir='ltr'><strong>eum,</strong></span> <span class='ocrx_word' id='word_1_505' title='bbox 1764 5186 1819 5243; x_wconf 87' lang='lat' dir='ltr'><strong>in</strong></span> <span class='ocrx_word' id='word_1_506' title='bbox 1865 5189 2158 5256; x_wconf 83' lang='lat' dir='ltr'><strong>Simplicio-</strong></span> 
     </span>
    </p>
   </div>
   <div class='ocr_carea' id='block_1_71' title="bbox 577 5259 1608 5328">
    <p class='ocr_par' dir='ltr' id='par_1_71' title="bbox 577 5259 1608 5328">
     <span class='ocr_line' id='line_1_73' title="bbox 577 5259 1608 5328; baseline 0 -14"><span class='ocrx_word' id='word_1_507' title='bbox 577 5273 694 5314; x_wconf 85' lang='lat' dir='ltr'><strong>rum</strong></span> <span class='ocrx_word' id='word_1_508' title='bbox 726 5259 971 5328; x_wconf 76' lang='lat' dir='ltr'><strong>gratiam,</strong></span> <span class='ocrx_word' id='word_1_509' title='bbox 1003 5269 1228 5314; x_wconf 86' lang='lat' dir='ltr'><strong>conatus</strong></span> <span class='ocrx_word' id='word_1_510' title='bbox 1257 5263 1325 5314; x_wconf 88' lang='lat' dir='ltr'><strong>sit</strong></span> <span class='ocrx_word' id='word_1_511' title='bbox 1354 5259 1608 5328; x_wconf 85' lang='lat' dir='ltr'><strong>dejicere.</strong></span> 
     </span>
    </p>
   </div>
   <div class='ocr_carea' id='block_1_72' title="bbox 650 5328 2160 5401">
    <p class='ocr_par' dir='ltr' id='par_1_72' title="bbox 650 5328 2160 5401">
     <span class='ocr_line' id='line_1_74' title="bbox 650 5328 2160 5401; baseline 0.002 -19"><span class='ocrx_word' id='word_1_512' title='bbox 650 5329 853 5396; x_wconf 79' lang='lat' dir='ltr'><strong>Quibus</strong></span> <span class='ocrx_word' id='word_1_513' title='bbox 883 5331 1096 5401; x_wconf 87' lang='lat' dir='ltr'><strong>egregie</strong></span> <span class='ocrx_word' id='word_1_514' title='bbox 1123 5332 1356 5386; x_wconf 90' lang='lat' dir='ltr'><strong>annectit</strong></span> <span class='ocrx_word' id='word_1_515' title='bbox 1396 5334 1597 5386; x_wconf 78' lang='lat' dir='ltr'><strong>Alanus</strong></span> <span class='ocrx_word' id='word_1_516' title='bbox 1636 5328 1835 5400; x_wconf 80' lang='lat' dir='ltr'><strong>Copus,</strong></span> <span class='ocrx_word' id='word_1_517' title='bbox 1865 5346 1944 5385; x_wconf 82' lang='lat' dir='ltr'><strong>vir</strong></span> <span class='ocrx_word' id='word_1_518' title='bbox 1982 5330 2160 5385; x_wconf 90' lang='lat' dir='ltr'><strong>erudi-</strong></span> 
     </span>
    </p>
   </div>
   <div class='ocr_carea' id='block_1_73' title="bbox 579 5401 2162 5471">
    <p class='ocr_par' dir='ltr' id='par_1_73' title="bbox 579 5401 2162 5471">
     <span class='ocr_line' id='line_1_75' title="bbox 579 5401 2162 5471; baseline 0 -16"><span class='ocrx_word' id='word_1_519' title='bbox 579 5401 839 5466; x_wconf 73' lang='lat' dir='ltr'><strong>tissumus,</strong></span> <span class='ocrx_word' id='word_1_520' title='bbox 869 5402 996 5456; x_wconf 89' lang='lat' dir='ltr'><strong>dial.</strong></span> <span class='ocrx_word' id='word_1_521' title='bbox 1031 5417 1087 5468; x_wconf 83' lang='grc' dir='ltr'><strong>ιι,</strong></span> <span class='ocrx_word' id='word_1_522' title='bbox 1115 5417 1232 5470; x_wconf 87' lang='lat' dir='ltr'><strong>cap.</strong></span> <span class='ocrx_word' id='word_1_523' title='bbox 1266 5401 1355 5458; x_wconf 73' lang='grc'><strong>14.</strong></span> <span class='ocrx_word' id='word_1_524' title='bbox 1387 5404 1456 5457; x_wconf 83' lang='lat' dir='ltr'><strong>At</strong></span> <span class='ocrx_word' id='word_1_525' title='bbox 1482 5401 1590 5467; x_wconf 89' lang='lat' dir='ltr'><strong>isti,</strong></span> <span class='ocrx_word' id='word_1_526' title='bbox 1617 5401 1806 5471; x_wconf 88' lang='lat' dir='ltr'><strong>inquit,</strong></span> <span class='ocrx_word' id='word_1_527' title='bbox 1839 5403 2012 5470; x_wconf 80' lang='lat' dir='ltr'><strong>potius</strong></span> <span class='ocrx_word' id='word_1_528' title='bbox 2038 5401 2162 5457; x_wconf 90' lang='lat' dir='ltr'><strong>novi</strong></span> 
     </span>
    </p>
   </div>
   <div class='ocr_carea' id='block_1_74' title="bbox 578 5471 2162 5542">
    <p class='ocr_par' dir='ltr' id='par_1_74' title="bbox 578 5471 2162 5542">
     <span class='ocr_line' id='line_1_76' title="bbox 578 5471 2162 5542; baseline 0.002 -17"><span class='ocrx_word' id='word_1_529' title='bbox 578 5486 648 5542; x_wconf 80' lang='lat' dir='ltr'><strong>ex</strong></span> <span class='ocrx_word' id='word_1_530' title='bbox 702 5472 1055 5542; x_wconf 79' lang='lat' dir='ltr'><strong>Magdeburgo</strong></span> <span class='ocrx_word' id='word_1_531' title='bbox 1102 5474 1381 5541; x_wconf 90' lang='lat' dir='ltr'><strong>rhetores,</strong></span> <span class='ocrx_word' id='word_1_532' title='bbox 1429 5473 1649 5526; x_wconf 89' lang='lat' dir='ltr'><strong>nimium</strong></span> <span class='ocrx_word' id='word_1_533' title='bbox 1700 5471 1757 5526; x_wconf 90' lang='lat' dir='ltr'><strong>in</strong></span> <span class='ocrx_word' id='word_1_534' title='bbox 1797 5475 1957 5528; x_wconf 87' lang='lat' dir='ltr'><strong>rebus</strong></span> <span class='ocrx_word' id='word_1_535' title='bbox 2006 5474 2162 5528; x_wconf 88' lang='lat' dir='ltr'><strong>seriis</strong></span> 
     </span>
    </p>
   </div>
   <div class='ocr_carea' id='block_1_75' title="bbox 557 5541 2161 5611">
    <p class='ocr_par' dir='ltr' id='par_1_75' title="bbox 557 5541 2161 5611">
     <span class='ocr_line' id='line_1_77' title="bbox 557 5541 2161 5611; baseline 0.001 -13"><span class='ocrx_word' id='word_1_536' title='bbox 557 5541 789 5611; x_wconf 64' lang='lat' dir='ltr'><strong>indunt,</strong></span> <span class='ocrx_word' id='word_1_537' title='bbox 817 5553 872 5598; x_wconf 91' lang='lat' dir='ltr'><strong>et</strong></span> <span class='ocrx_word' id='word_1_538' title='bbox 899 5541 1015 5600; x_wconf 76' lang='lat' dir='ltr'><strong>orbi</strong></span> <span class='ocrx_word' id='word_1_539' title='bbox 1043 5545 1243 5600; x_wconf 85' lang='lat' dir='ltr'><strong>nefarie</strong></span> <span class='ocrx_word' id='word_1_540' title='bbox 1273 5545 1360 5599; x_wconf 87' lang='lat' dir='ltr'><strong>hic</strong></span> <span class='ocrx_word' id='word_1_541' title='bbox 1390 5543 1638 5598; x_wconf 86' lang='lat' dir='ltr'><strong>illudunt.</strong></span> <span class='ocrx_word' id='word_1_542' title='bbox 1679 5545 1853 5610; x_wconf 83' lang='lat' dir='ltr'><strong>Atque</strong></span> <span class='ocrx_word' id='word_1_543' title='bbox 1883 5559 1915 5597; x_wconf 93' lang='grc' dir='ltr'><strong>ο</strong></span> <span class='ocrx_word' id='word_1_544' title='bbox 1942 5546 2161 5599; x_wconf 91' lang='lat' dir='ltr'><strong>stultum</strong></span> 
     </span>
    </p>
   </div>
   <div class='ocr_carea' id='block_1_76' title="bbox 580 5614 2163 5686">
    <p class='ocr_par' dir='ltr' id='par_1_76' title="bbox 580 5614 2163 5686">
     <span class='ocr_line' id='line_1_78' title="bbox 580 5614 2163 5686; baseline 0.002 -19"><span class='ocrx_word' id='word_1_545' title='bbox 580 5624 634 5686; x_wconf 67' lang='lat' dir='ltr'><strong>et</strong></span> <span class='ocrx_word' id='word_1_546' title='bbox 663 5616 908 5671; x_wconf 81' lang='lat' dir='ltr'><strong>hebetem</strong></span> <span class='ocrx_word' id='word_1_547' title='bbox 939 5615 1232 5680; x_wconf 78' lang='lat' dir='ltr'><strong>Gelasium,</strong></span> <span class='ocrx_word' id='word_1_548' title='bbox 1262 5616 1350 5686; x_wconf 89' lang='lat' dir='ltr'><strong>qui</strong></span> <span class='ocrx_word' id='word_1_549' title='bbox 1389 5614 1525 5670; x_wconf 89' lang='lat' dir='ltr'><strong>inter</strong></span> <span class='ocrx_word' id='word_1_550' title='bbox 1560 5614 1707 5670; x_wconf 86' lang='lat' dir='ltr'><strong>Vitas</strong></span> <span class='ocrx_word' id='word_1_551' title='bbox 1755 5615 1970 5686; x_wconf 86' lang='lat' dir='ltr'><strong>Patrum</strong></span> <span class='ocrx_word' id='word_1_552' title='bbox 2027 5616 2163 5670; x_wconf 88' lang='lat' dir='ltr'><strong>hanc</strong></span> 
     </span>
    </p>
   </div>
   <div class='ocr_carea' id='block_1_77' title="bbox 581 5684 2162 5757">
    <p class='ocr_par' dir='ltr' id='par_1_77' title="bbox 581 5684 2162 5757">
     <span class='ocr_line' id='line_1_79' title="bbox 581 5684 2162 5757; baseline 0.001 -18"><span class='ocrx_word' id='word_1_553' title='bbox 581 5684 860 5740; x_wconf 82' lang='lat' dir='ltr'><strong>historiam</strong></span> <span class='ocrx_word' id='word_1_554' title='bbox 891 5702 957 5742; x_wconf 87' lang='lat' dir='ltr'><strong>ex</strong></span> <span class='ocrx_word' id='word_1_555' title='bbox 1001 5684 1307 5757; x_wconf 72' lang='lat' dir='ltr'><strong>Hieronymi</strong></span> <span class='ocrx_word' id='word_1_556' title='bbox 1357 5686 1691 5757; x_wconf 85' lang='lat' dir='ltr'><strong>auctoritate,</strong></span> <span class='ocrx_word' id='word_1_557' title='bbox 1723 5698 1834 5757; x_wconf 84' lang='lat' dir='ltr'><strong>non</strong></span> <span class='ocrx_word' id='word_1_558' title='bbox 1874 5684 2020 5755; x_wconf 91' lang='lat' dir='ltr'><strong>joco,</strong></span> <span class='ocrx_word' id='word_1_559' title='bbox 2067 5686 2162 5741; x_wconf 88' lang='lat' dir='ltr'><strong>sed</strong></span> 
     </span>
    </p>
   </div>
   <div class='ocr_carea' id='block_1_78' title="bbox 580 5754 2165 5829">
    <p class='ocr_par' dir='ltr' id='par_1_78' title="bbox 580 5754 2165 5829">
     <span class='ocr_line' id='line_1_80' title="bbox 580 5754 2165 5829; baseline 0.002 -20"><span class='ocrx_word' id='word_1_560' title='bbox 580 5760 757 5829; x_wconf 78' lang='lat' dir='ltr'><strong>serio,</strong></span> <span class='ocrx_word' id='word_1_561' title='bbox 792 5759 939 5827; x_wconf 90' lang='lat' dir='ltr'><strong>ponit</strong></span> <span class='ocrx_word' id='word_1_562' title='bbox 968 5754 1282 5829; x_wconf 64' lang='lat' dir='ltr'><strong>(Gelus.,&#39;d.</strong></span> <span class='ocrx_word' id='word_1_563' title='bbox 1311 5757 1409 5823; x_wconf 82' lang='grc'><strong>15,</strong></span> <span class='ocrx_word' id='word_1_564' title='bbox 1440 5773 1487 5810; x_wconf 89' lang='lat' dir='ltr'><strong>c.</strong></span> <span class='ocrx_word' id='word_1_565' title='bbox 1520 5754 1762 5823; x_wconf 88' lang='lat' dir='ltr'><strong>Sancta).</strong></span> <span class='ocrx_word' id='word_1_566' title='bbox 1810 5754 1938 5824; x_wconf 63' lang='lat' dir='ltr'><strong>Quae</strong></span> <span class='ocrx_word' id='word_1_567' title='bbox 1987 5766 2165 5812; x_wconf 89' lang='lat' dir='ltr'><strong>tamen</strong></span> 
     </span>
    </p>
   </div>
   <div class='ocr_carea' id='block_1_79' title="bbox 582 5828 2159 5899">
    <p class='ocr_par' dir='ltr' id='par_1_79' title="bbox 582 5828 2159 5899">
     <span class='ocr_line' id='line_1_81' title="bbox 582 5828 2159 5899; baseline 0.002 -19"><span class='ocrx_word' id='word_1_568' title='bbox 582 5828 912 5883; x_wconf 89' lang='lat' dir='ltr'><strong>incredibilis</strong></span> <span class='ocrx_word' id='word_1_569' title='bbox 939 5828 1222 5899; x_wconf 85' lang='lat' dir='ltr'><strong>stupiditas</strong></span> <span class='ocrx_word' id='word_1_570' title='bbox 1247 5829 1477 5899; x_wconf 12' lang='lat' dir='ltr'><strong>(siiistos</strong></span> <span class='ocrx_word' id='word_1_571' title='bbox 1522 5837 1626 5882; x_wconf 87' lang='lat' dir='ltr'><strong>tam</strong></span> <span class='ocrx_word' id='word_1_572' title='bbox 1653 5837 1839 5883; x_wconf 87' lang='lat' dir='ltr'><strong>acutos</strong></span> <span class='ocrx_word' id='word_1_573' title='bbox 1865 5829 2159 5898; x_wconf 80' lang='lat' dir='ltr'><strong>diSputato-</strong></span> 
     </span>
    </p>
   </div>
   <div class='ocr_carea' id='block_1_80' title="bbox 584 5898 2167 5974">
    <p class='ocr_par' dir='ltr' id='par_1_80' title="bbox 584 5898 2167 5974">
     <span class='ocr_line' id='line_1_82' title="bbox 584 5898 2167 5974; baseline 0.002 -16"><span class='ocrx_word' id='word_1_574' title='bbox 584 5898 1168 5974; x_wconf 32' lang='lat' dir='ltr'><strong>res.audiamus)’non</strong></span> <span class='ocrx_word' id='word_1_575' title='bbox 1206 5898 1263 5958; x_wconf 79' lang='lat' dir='ltr'><strong>in</strong></span> <span class='ocrx_word' id='word_1_576' title='bbox 1308 5898 1520 5958; x_wconf 84' lang='lat' dir='ltr'><strong>Gelasio</strong></span> <span class='ocrx_word' id='word_1_577' title='bbox 1561 5899 1770 5974; x_wconf 75' lang='lat' dir='ltr'><strong>solum,</strong></span> <span class='ocrx_word' id='word_1_578' title='bbox 1808 5899 1904 5961; x_wconf 82' lang='lat' dir='ltr'><strong>sed</strong></span> <span class='ocrx_word' id='word_1_579' title='bbox 1951 5901 2009 5961; x_wconf 84' lang='lat' dir='ltr'><strong>in</strong></span> <span class='ocrx_word' id='word_1_580' title='bbox 2057 5909 2167 5961; x_wconf 81' lang='lat' dir='ltr'><strong>tota</strong></span> 
     </span>
    </p>
   </div>
   <div class='ocr_carea' id='block_1_81' title="bbox 2225 555 3364 627">
    <p class='ocr_par' dir='ltr' id='par_1_81' title="bbox 2225 555 3364 627">
     <span class='ocr_line' id='line_1_83' title="bbox 2225 555 3364 627; baseline -0.004 -12"><span class='ocrx_word' id='word_1_581' title='bbox 2225 560 2344 627; x_wconf 91' lang='lat' dir='ltr'><strong>Quo</strong></span> <span class='ocrx_word' id='word_1_582' title='bbox 2367 559 2491 624; x_wconf 90' lang='lat' dir='ltr'><strong>quid</strong></span> <span class='ocrx_word' id='word_1_583' title='bbox 2510 555 2710 613; x_wconf 73' lang='lat' dir='ltr'><strong>vanius</strong></span> <span class='ocrx_word' id='word_1_584' title='bbox 2740 556 2964 627; x_wconf 12' lang='lat' dir='ltr'><strong>diciiaut</strong></span> <span class='ocrx_word' id='word_1_585' title='bbox 2989 555 3114 627; x_wconf 82' lang='lat' dir='ltr'><strong>fingi</strong></span> <span class='ocrx_word' id='word_1_586' title='bbox 3145 558 3364 623; x_wconf 80' lang='lat' dir='ltr'><strong>potest?</strong></span> 
     </span>
    </p>
   </div>
   <div class='ocr_carea' id='block_1_82' title="bbox 2306 626 3806 701">
    <p class='ocr_par' dir='ltr' id='par_1_82' title="bbox 2306 626 3806 701">
     <span class='ocr_line' id='line_1_84' title="bbox 2306 626 3806 701; baseline 0.004 -17"><span class='ocrx_word' id='word_1_587' title='bbox 2306 631 2476 698; x_wconf 83' lang='lat' dir='ltr'><strong>Quod,</strong></span> <span class='ocrx_word' id='word_1_588' title='bbox 2504 639 2561 684; x_wconf 92' lang='lat' dir='ltr'><strong>ut</strong></span> <span class='ocrx_word' id='word_1_589' title='bbox 2581 643 2794 684; x_wconf 91' lang='lat' dir='ltr'><strong>omnem</strong></span> <span class='ocrx_word' id='word_1_590' title='bbox 2817 626 3032 701; x_wconf 89' lang='lat' dir='ltr'><strong>aliunde</strong></span> <span class='ocrx_word' id='word_1_591' title='bbox 3061 629 3430 701; x_wconf 87' lang='lat' dir='ltr'><strong>auctoritatem</strong></span> <span class='ocrx_word' id='word_1_592' title='bbox 3463 643 3806 701; x_wconf 83' lang='lat' dir='ltr'><strong>seponamus,</strong></span> 
     </span>
    </p>
   </div>
   <div class='ocr_carea' id='block_1_83' title="bbox 2226 700 3808 774">
    <p class='ocr_par' dir='ltr' id='par_1_83' title="bbox 2226 700 3808 774">
     <span class='ocr_line' id='line_1_85' title="bbox 2226 700 3808 774; baseline 0.002 -18"><span class='ocrx_word' id='word_1_593' title='bbox 2226 703 2337 772; x_wconf 89' lang='lat' dir='ltr'><strong>ipsa</strong></span> <span class='ocrx_word' id='word_1_594' title='bbox 2371 701 2690 755; x_wconf 91' lang='lat' dir='ltr'><strong>narrationis</strong></span> <span class='ocrx_word' id='word_1_595' title='bbox 2719 700 2914 774; x_wconf 84' lang='lat' dir='ltr'><strong>series,</strong></span> <span class='ocrx_word' id='word_1_596' title='bbox 2945 708 2995 753; x_wconf 91' lang='lat' dir='ltr'><strong>et</strong></span> <span class='ocrx_word' id='word_1_597' title='bbox 3023 714 3086 774; x_wconf 81' lang='lat' dir='ltr'><strong>ea</strong></span> <span class='ocrx_word' id='word_1_598' title='bbox 3113 700 3409 774; x_wconf 65' lang='lat' dir='ltr'><strong>prmsertim</strong></span> <span class='ocrx_word' id='word_1_599' title='bbox 3431 700 3667 757; x_wconf 89' lang='lat' dir='ltr'><strong>clausula</strong></span> <span class='ocrx_word' id='word_1_600' title='bbox 3689 700 3808 774; x_wconf 73' lang='lat' dir='ltr'><strong>qua:</strong></span> 
     </span>
    </p>
   </div>
   <div class='ocr_carea' id='block_1_84' title="bbox 2224 770 3807 839">
    <p class='ocr_par' dir='ltr' id='par_1_84' title="bbox 2224 770 3807 839">
     <span class='ocr_line' id='line_1_86' title="bbox 2224 770 3807 839; baseline 0.002 -11"><span class='ocrx_word' id='word_1_601' title='bbox 2224 770 2585 828; x_wconf 82' lang='lat' dir='ltr'><strong>narrationem</strong></span> <span class='ocrx_word' id='word_1_602' title='bbox 2616 770 2886 834; x_wconf 92' lang='lat' dir='ltr'><strong>terminat,</strong></span> <span class='ocrx_word' id='word_1_603' title='bbox 2913 771 3191 839; x_wconf 77' lang='lat' dir='ltr'><strong>perSpicue</strong></span> <span class='ocrx_word' id='word_1_604' title='bbox 3214 772 3563 827; x_wconf 90' lang='lat' dir='ltr'><strong>demonstrat.</strong></span> <span class='ocrx_word' id='word_1_605' title='bbox 3592 792 3612 826; x_wconf 72' lang='grc' dir='ltr'>ι</span> <span class='ocrx_word' id='word_1_606' title='bbox 3639 770 3807 831; x_wconf 79' lang='lat' dir='ltr'><strong>Obse-</strong></span> 
     </span>
    </p>
   </div>
   <div class='ocr_carea' id='block_1_85' title="bbox 2224 842 3808 914">
    <p class='ocr_par' dir='ltr' id='par_1_85' title="bbox 2224 842 3808 914">
     <span class='ocr_line' id='line_1_87' title="bbox 2224 842 3808 914; baseline -0.001 -15"><span class='ocrx_word' id='word_1_607' title='bbox 2224 861 2339 911; x_wconf 87' lang='lat' dir='ltr'><strong>cro,</strong></span> <span class='ocrx_word' id='word_1_608' title='bbox 2373 843 2564 913; x_wconf 91' lang='lat' dir='ltr'><strong>inquit,</strong></span> <span class='ocrx_word' id='word_1_609' title='bbox 2596 843 2897 914; x_wconf 87' lang='lat' dir='ltr'><strong>quicunque</strong></span> <span class='ocrx_word' id='word_1_610' title='bbox 2928 845 3041 914; x_wconf 68' lang='lat' dir='ltr'><strong>haec</strong></span> <span class='ocrx_word' id='word_1_611' title='bbox 3065 842 3220 914; x_wconf 83' lang='lat' dir='ltr'><strong>legis,</strong></span> <span class='ocrx_word' id='word_1_612' title='bbox 3254 851 3311 896; x_wconf 92' lang='lat' dir='ltr'><strong>ut</strong></span> <span class='ocrx_word' id='word_1_613' title='bbox 3344 842 3650 914; x_wconf 81' lang='lat' dir='ltr'><strong>Hieronymi</strong></span> <span class='ocrx_word' id='word_1_614' title='bbox 3682 861 3808 914; x_wconf 83' lang='lat' dir='ltr'><strong>pec-</strong></span> 
     </span>
    </p>
   </div>
   <div class='ocr_carea' id='block_1_86' title="bbox 2225 912 3806 984">
    <p class='ocr_par' dir='ltr' id='par_1_86' title="bbox 2225 912 3806 984">
     <span class='ocr_line' id='line_1_88' title="bbox 2225 912 3806 984; baseline 0.002 -15"><span class='ocrx_word' id='word_1_615' title='bbox 2225 916 2421 970; x_wconf 89' lang='lat' dir='ltr'><strong>catoris</strong></span> <span class='ocrx_word' id='word_1_616' title='bbox 2450 912 2776 977; x_wconf 88' lang='lat' dir='ltr'><strong>memineris,</strong></span> <span class='ocrx_word' id='word_1_617' title='bbox 2807 913 2892 967; x_wconf 87' lang='lat' dir='ltr'><strong>cui</strong></span> <span class='ocrx_word' id='word_1_618' title='bbox 2923 915 2966 967; x_wconf 91' lang='lat' dir='ltr'><strong>si</strong></span> <span class='ocrx_word' id='word_1_619' title='bbox 3003 912 3261 967; x_wconf 88' lang='lat' dir='ltr'><strong>Dominus</strong></span> <span class='ocrx_word' id='word_1_620' title='bbox 3307 912 3576 983; x_wconf 84' lang='lat' dir='ltr'><strong>optionem</strong></span> <span class='ocrx_word' id='word_1_621' title='bbox 3627 912 3806 984; x_wconf 78' lang='lat' dir='ltr'><strong>daret,</strong></span> 
     </span>
    </p>
   </div>
   <div class='ocr_carea' id='block_1_87' title="bbox 2226 983 3799 1054">
    <p class='ocr_par' dir='ltr' id='par_1_87' title="bbox 2226 983 3799 1054">
     <span class='ocr_line' id='line_1_89' title="bbox 2226 983 3799 1054; baseline 0.001 -13"><span class='ocrx_word' id='word_1_622' title='bbox 2226 986 2396 1041; x_wconf 90' lang='lat' dir='ltr'><strong>multo</strong></span> <span class='ocrx_word' id='word_1_623' title='bbox 2419 986 2586 1054; x_wconf 87' lang='lat' dir='ltr'><strong>magis</strong></span> <span class='ocrx_word' id='word_1_624' title='bbox 2609 985 2826 1050; x_wconf 79' lang='lat' dir='ltr'><strong>eligeret</strong></span> <span class='ocrx_word' id='word_1_625' title='bbox 2854 983 3083 1038; x_wconf 89' lang='lat' dir='ltr'><strong>tunicam</strong></span> <span class='ocrx_word' id='word_1_626' title='bbox 3112 984 3258 1038; x_wconf 87' lang='lat' dir='ltr'><strong>Pauli</strong></span> <span class='ocrx_word' id='word_1_627' title='bbox 3285 1000 3404 1040; x_wconf 89' lang='lat' dir='ltr'><strong>cum</strong></span> <span class='ocrx_word' id='word_1_628' title='bbox 3430 987 3632 1040; x_wconf 90' lang='lat' dir='ltr'><strong>meritis</strong></span> <span class='ocrx_word' id='word_1_629' title='bbox 3661 983 3799 1054; x_wconf 82' lang='lat' dir='ltr'><strong>ejns,</strong></span> 
     </span>
    </p>
   </div>
   <div class='ocr_carea' id='block_1_88' title="bbox 2227 1055 3809 1126">
    <p class='ocr_par' dir='ltr' id='par_1_88' title="bbox 2227 1055 3809 1126">
     <span class='ocr_line' id='line_1_90' title="bbox 2227 1055 3809 1126; baseline 0.003 -16"><span class='ocrx_word' id='word_1_630' title='bbox 2227 1072 2387 1126; x_wconf 90' lang='lat' dir='ltr'><strong>quam</strong></span> <span class='ocrx_word' id='word_1_631' title='bbox 2433 1071 2617 1126; x_wconf 87' lang='lat' dir='ltr'><strong>regum</strong></span> <span class='ocrx_word' id='word_1_632' title='bbox 2647 1069 2930 1126; x_wconf 88' lang='lat' dir='ltr'><strong>purpuram</strong></span> <span class='ocrx_word' id='word_1_633' title='bbox 2971 1069 3092 1108; x_wconf 92' lang='lat' dir='ltr'><strong>cum</strong></span> <span class='ocrx_word' id='word_1_634' title='bbox 3132 1056 3310 1125; x_wconf 88' lang='lat' dir='ltr'><strong>regnis</strong></span> <span class='ocrx_word' id='word_1_635' title='bbox 3339 1055 3470 1110; x_wconf 89' lang='lat' dir='ltr'><strong>suis.</strong></span> <span class='ocrx_word' id='word_1_636' title='bbox 3506 1074 3524 1108; x_wconf 74' lang='grc' dir='ltr'><strong><em>ι</em></strong></span> <span class='ocrx_word' id='word_1_637' title='bbox 3555 1059 3637 1112; x_wconf 89' lang='lat' dir='ltr'><strong>An</strong></span> <span class='ocrx_word' id='word_1_638' title='bbox 3689 1055 3809 1114; x_wconf 68' lang='lat' dir='ltr'><strong>haec</strong></span> 
     </span>
    </p>
   </div>
   <div class='ocr_carea' id='block_1_89' title="bbox 2228 1125 3806 1193">
    <p class='ocr_par' dir='ltr' id='par_1_89' title="bbox 2228 1125 3806 1193">
     <span class='ocr_line' id='line_1_91' title="bbox 2228 1125 3806 1193; baseline 0 -11"><span class='ocrx_word' id='word_1_639' title='bbox 2228 1125 2462 1182; x_wconf 82' lang='lat' dir='ltr'><strong>ludentis</strong></span> <span class='ocrx_word' id='word_1_640' title='bbox 2504 1125 2734 1181; x_wconf 86' lang='lat' dir='ltr'><strong>oratoris</strong></span> <span class='ocrx_word' id='word_1_641' title='bbox 2774 1125 3058 1180; x_wconf 86' lang='lat' dir='ltr'><strong>videntur?</strong></span> <span class='ocrx_word' id='word_1_642' title='bbox 3089 1141 3251 1193; x_wconf 82' lang='lat' dir='ltr'><strong>pauca</strong></span> <span class='ocrx_word' id='word_1_643' title='bbox 3299 1137 3444 1182; x_wconf 90' lang='lat' dir='ltr'><strong>certe</strong></span> <span class='ocrx_word' id='word_1_644' title='bbox 3493 1126 3589 1181; x_wconf 89' lang='lat' dir='ltr'><strong>ista</strong></span> <span class='ocrx_word' id='word_1_645' title='bbox 3643 1127 3806 1182; x_wconf 86' lang='lat' dir='ltr'><strong>verba</strong></span> 
     </span>
    </p>
   </div>
   <div class='ocr_carea' id='block_1_90' title="bbox 2227 1195 3809 1266">
    <p class='ocr_par' dir='ltr' id='par_1_90' title="bbox 2227 1195 3809 1266">
     <span class='ocr_line' id='line_1_92' title="bbox 2227 1195 3809 1266; baseline -0.001 -11"><span class='ocrx_word' id='word_1_646' title='bbox 2227 1213 2335 1255; x_wconf 88' lang='lat' dir='ltr'><strong>non</strong></span> <span class='ocrx_word' id='word_1_647' title='bbox 2369 1211 2562 1266; x_wconf 84' lang='lat' dir='ltr'><strong>paucas</strong></span> <span class='ocrx_word' id='word_1_648' title='bbox 2591 1197 2773 1266; x_wconf 89' lang='lat' dir='ltr'><strong>plagas</strong></span> <span class='ocrx_word' id='word_1_649' title='bbox 2803 1197 3341 1266; x_wconf 84' lang='lat' dir='ltr'><strong>Magdehnrgensihus</strong></span> <span class='ocrx_word' id='word_1_650' title='bbox 3364 1195 3618 1265; x_wconf 89' lang='lat' dir='ltr'><strong>inferunt,</strong></span> <span class='ocrx_word' id='word_1_651' title='bbox 3644 1207 3702 1253; x_wconf 90' lang='lat' dir='ltr'><strong>ut</strong></span> <span class='ocrx_word' id='word_1_652' title='bbox 3725 1199 3809 1253; x_wconf 83' lang='lat' dir='ltr'><strong>vel</strong></span> 
     </span>
    </p>
   </div>
   <div class='ocr_carea' id='block_1_91' title="bbox 2228 1268 3813 1340">
    <p class='ocr_par' dir='ltr' id='par_1_91' title="bbox 2228 1268 3813 1340">
     <span class='ocr_line' id='line_1_93' title="bbox 2228 1268 3813 1340; baseline 0.001 -16"><span class='ocrx_word' id='word_1_653' title='bbox 2228 1278 2450 1340; x_wconf 87' lang='lat' dir='ltr'><strong>propter</strong></span> <span class='ocrx_word' id='word_1_654' title='bbox 2477 1284 2539 1322; x_wconf 93' lang='lat' dir='ltr'><strong>ea</strong></span> <span class='ocrx_word' id='word_1_655' title='bbox 2569 1277 2734 1322; x_wconf 91' lang='lat' dir='ltr'><strong>totam</strong></span> <span class='ocrx_word' id='word_1_656' title='bbox 2764 1268 2999 1340; x_wconf 85' lang='lat' dir='ltr'><strong>historiae</strong></span> <span class='ocrx_word' id='word_1_657' title='bbox 3036 1268 3192 1321; x_wconf 87' lang='lat' dir='ltr'><strong>fidem</strong></span> <span class='ocrx_word' id='word_1_658' title='bbox 3235 1268 3610 1340; x_wconf 80' lang='lat' dir='ltr'><strong>labefactatam</strong></span> <span class='ocrx_word' id='word_1_659' title='bbox 3648 1284 3813 1338; x_wconf 88' lang='lat' dir='ltr'><strong>cupe-</strong></span> 
     </span>
    </p>
   </div>
   <div class='ocr_carea' id='block_1_92' title="bbox 2230 1339 3808 1407">
    <p class='ocr_par' dir='ltr' id='par_1_92' title="bbox 2230 1339 3808 1407">
     <span class='ocr_line' id='line_1_94' title="bbox 2230 1339 3808 1407; baseline 0.001 -13"><span class='ocrx_word' id='word_1_660' title='bbox 2230 1339 2371 1394; x_wconf 83' lang='lat' dir='ltr'><strong>rent.</strong></span> <span class='ocrx_word' id='word_1_661' title='bbox 2405 1340 2544 1394; x_wconf 88' lang='lat' dir='ltr'><strong>Ecee</strong></span> <span class='ocrx_word' id='word_1_662' title='bbox 2569 1340 2711 1393; x_wconf 92' lang='lat' dir='ltr'><strong>enim</strong></span> <span class='ocrx_word' id='word_1_663' title='bbox 2743 1339 3051 1394; x_wconf 84' lang='lat' dir='ltr'><strong>memoriam</strong></span> <span class='ocrx_word' id='word_1_664' title='bbox 3082 1345 3136 1392; x_wconf 92' lang='lat' dir='ltr'><strong>et</strong></span> <span class='ocrx_word' id='word_1_665' title='bbox 3165 1352 3348 1406; x_wconf 88' lang='lat' dir='ltr'><strong>preces</strong></span> <span class='ocrx_word' id='word_1_666' title='bbox 3378 1354 3474 1407; x_wconf 90' lang='lat' dir='ltr'><strong>pro</strong></span> <span class='ocrx_word' id='word_1_667' title='bbox 3519 1339 3808 1406; x_wconf 87' lang='lat' dir='ltr'><strong>defuncto;</strong></span> 
     </span>
    </p>
   </div>
   <div class='ocr_carea' id='block_1_93' title="bbox 2231 1410 3816 1475">
    <p class='ocr_par' dir='ltr' id='par_1_93' title="bbox 2231 1410 3816 1475">
     <span class='ocr_line' id='line_1_95' title="bbox 2231 1410 3816 1475; baseline 0.001 -9"><span class='ocrx_word' id='word_1_668' title='bbox 2231 1426 2357 1466; x_wconf 87' lang='lat' dir='ltr'><strong>ecce</strong></span> <span class='ocrx_word' id='word_1_669' title='bbox 2398 1410 2643 1464; x_wconf 89' lang='lat' dir='ltr'><strong>monachi</strong></span> <span class='ocrx_word' id='word_1_670' title='bbox 2693 1419 2894 1465; x_wconf 92' lang='lat' dir='ltr'><strong>vestem</strong></span> <span class='ocrx_word' id='word_1_671' title='bbox 2949 1423 3157 1462; x_wconf 91' lang='lat' dir='ltr'><strong>summo</strong></span> <span class='ocrx_word' id='word_1_672' title='bbox 3201 1411 3318 1464; x_wconf 93' lang='lat' dir='ltr'><strong>loco</strong></span> <span class='ocrx_word' id='word_1_673' title='bbox 3368 1410 3630 1475; x_wconf 89' lang='lat' dir='ltr'><strong>habitam;</strong></span> <span class='ocrx_word' id='word_1_674' title='bbox 3685 1426 3816 1468; x_wconf 82' lang='lat' dir='ltr'><strong>ecce</strong></span> 
     </span>
    </p>
   </div>
   <div class='ocr_carea' id='block_1_94' title="bbox 2232 1480 3814 1550">
    <p class='ocr_par' dir='ltr' id='par_1_94' title="bbox 2232 1480 3814 1550">
     <span class='ocr_line' id='line_1_96' title="bbox 2232 1480 3814 1550; baseline -0.001 -13"><span class='ocrx_word' id='word_1_675' title='bbox 2232 1483 2447 1538; x_wconf 90' lang='lat' dir='ltr'><strong>demum</strong></span> <span class='ocrx_word' id='word_1_676' title='bbox 2478 1480 2858 1537; x_wconf 87' lang='lat' dir='ltr'><strong>monachorum</strong></span> <span class='ocrx_word' id='word_1_677' title='bbox 2889 1480 3072 1534; x_wconf 90' lang='lat' dir='ltr'><strong>merita</strong></span> <span class='ocrx_word' id='word_1_678' title='bbox 3097 1480 3255 1550; x_wconf 86' lang='lat' dir='ltr'><strong>(quos</strong></span> <span class='ocrx_word' id='word_1_679' title='bbox 3284 1495 3406 1536; x_wconf 92' lang='lat' dir='ltr'><strong>cum</strong></span> <span class='ocrx_word' id='word_1_680' title='bbox 3437 1496 3619 1536; x_wconf 89' lang='lat' dir='ltr'><strong>eorum</strong></span> <span class='ocrx_word' id='word_1_681' title='bbox 3651 1482 3814 1536; x_wconf 87' lang='lat' dir='ltr'><strong>meri-</strong></span> 
     </span>
    </p>
   </div>
   <div class='ocr_carea' id='block_1_95' title="bbox 2232 1552 3812 1621">
    <p class='ocr_par' dir='ltr' id='par_1_95' title="bbox 2232 1552 3812 1621">
     <span class='ocr_line' id='line_1_97' title="bbox 2232 1552 3812 1621; baseline 0.001 -15"><span class='ocrx_word' id='word_1_682' title='bbox 2232 1553 2320 1617; x_wconf 87' lang='lat' dir='ltr'><strong>tis,</strong></span> <span class='ocrx_word' id='word_1_683' title='bbox 2346 1568 2464 1621; x_wconf 79' lang='lat' dir='ltr'><strong>quae</strong></span> <span class='ocrx_word' id='word_1_684' title='bbox 2492 1567 2589 1606; x_wconf 88' lang='lat' dir='ltr'><strong>nec</strong></span> <span class='ocrx_word' id='word_1_685' title='bbox 2617 1552 2669 1605; x_wconf 92' lang='lat' dir='ltr'><strong>in</strong></span> <span class='ocrx_word' id='word_1_686' title='bbox 2700 1553 2806 1616; x_wconf 90' lang='lat' dir='ltr'><strong>eis,</strong></span> <span class='ocrx_word' id='word_1_687' title='bbox 2837 1567 2935 1606; x_wconf 88' lang='lat' dir='ltr'><strong>nec</strong></span> <span class='ocrx_word' id='word_1_688' title='bbox 2964 1553 3014 1605; x_wconf 93' lang='lat' dir='ltr'><strong>in</strong></span> <span class='ocrx_word' id='word_1_689' title='bbox 3046 1566 3308 1621; x_wconf 85' lang='lat' dir='ltr'><strong>quoquam</strong></span> <span class='ocrx_word' id='word_1_690' title='bbox 3335 1563 3520 1607; x_wconf 87' lang='lat' dir='ltr'><strong>sancto</strong></span> <span class='ocrx_word' id='word_1_691' title='bbox 3551 1553 3657 1607; x_wconf 90' lang='lat' dir='ltr'><strong>ulla</strong></span> <span class='ocrx_word' id='word_1_692' title='bbox 3687 1567 3812 1609; x_wconf 85' lang='lat' dir='ltr'><strong>esse</strong></span> 
     </span>
    </p>
   </div>
   <div class='ocr_carea' id='block_1_96' title="bbox 2233 1620 3813 1694">
    <p class='ocr_par' dir='ltr' id='par_1_96' title="bbox 2233 1620 3813 1694">
     <span class='ocr_line' id='line_1_98' title="bbox 2233 1620 3813 1694; baseline 0 -16"><span class='ocrx_word' id='word_1_693' title='bbox 2233 1620 2440 1690; x_wconf 88' lang='lat' dir='ltr'><strong>dicunt,</strong></span> <span class='ocrx_word' id='word_1_694' title='bbox 2464 1623 2798 1678; x_wconf 84' lang='lat' dir='ltr'><strong>odiosissime</strong></span> <span class='ocrx_word' id='word_1_695' title='bbox 2825 1623 2909 1678; x_wconf 90' lang='lat' dir='ltr'><strong>isti</strong></span> <span class='ocrx_word' id='word_1_696' title='bbox 2938 1620 3226 1692; x_wconf 87' lang='lat' dir='ltr'><strong>exagitant)</strong></span> <span class='ocrx_word' id='word_1_697' title='bbox 3250 1623 3370 1678; x_wconf 90' lang='lat' dir='ltr'><strong>totis</strong></span> <span class='ocrx_word' id='word_1_698' title='bbox 3395 1625 3570 1694; x_wconf 86' lang='lat' dir='ltr'><strong>regnis</strong></span> <span class='ocrx_word' id='word_1_699' title='bbox 3593 1624 3660 1678; x_wconf 90' lang='lat' dir='ltr'><strong>ab</strong></span> <span class='ocrx_word' id='word_1_700' title='bbox 3685 1624 3813 1680; x_wconf 81' lang='lat' dir='ltr'><strong>llie-</strong></span> 
     </span>
    </p>
   </div>
   <div class='ocr_carea' id='block_1_97' title="bbox 2234 1695 2794 1763">
    <p class='ocr_par' dir='ltr' id='par_1_97' title="bbox 2234 1695 2794 1763">
     <span class='ocr_line' id='line_1_99' title="bbox 2234 1695 2794 1763; baseline -0.005 -13"><span class='ocrx_word' id='word_1_701' title='bbox 2234 1710 2461 1763; x_wconf 85' lang='lat' dir='ltr'><strong>ronymo</strong></span> <span class='ocrx_word' id='word_1_702' title='bbox 2489 1695 2794 1763; x_wconf 70' lang='lat' dir='ltr'><strong>praeposita.</strong></span> 
     </span>
    </p>
   </div>
   <div class='ocr_carea' id='block_1_98' title="bbox 2307 1763 3809 1836">
    <p class='ocr_par' dir='ltr' id='par_1_98' title="bbox 2307 1763 3809 1836">
     <span class='ocr_line' id='line_1_100' title="bbox 2307 1763 3809 1836; baseline 0.001 -17"><span class='ocrx_word' id='word_1_703' title='bbox 2307 1766 2408 1834; x_wconf 90' lang='lat' dir='ltr'><strong>Qui</strong></span> <span class='ocrx_word' id='word_1_704' title='bbox 2433 1766 2475 1819; x_wconf 89' lang='lat' dir='ltr'><strong>si</strong></span> <span class='ocrx_word' id='word_1_705' title='bbox 2508 1765 2640 1819; x_wconf 91' lang='lat' dir='ltr'><strong>nihil</strong></span> <span class='ocrx_word' id='word_1_706' title='bbox 2670 1765 2830 1836; x_wconf 82' lang='lat' dir='ltr'><strong>aliud,</strong></span> <span class='ocrx_word' id='word_1_707' title='bbox 2860 1779 3017 1836; x_wconf 90' lang='lat' dir='ltr'><strong>quam</strong></span> <span class='ocrx_word' id='word_1_708' title='bbox 3049 1763 3342 1834; x_wconf 91' lang='lat' dir='ltr'><strong>periculosa</strong></span> <span class='ocrx_word' id='word_1_709' title='bbox 3365 1765 3591 1836; x_wconf 85' lang='lat' dir='ltr'><strong>quadam</strong></span> <span class='ocrx_word' id='word_1_710' title='bbox 3622 1766 3809 1821; x_wconf 82' lang='lat' dir='ltr'><strong>rheto-</strong></span> 
     </span>
    </p>
   </div>
   <div class='ocr_carea' id='block_1_99' title="bbox 2241 1835 3814 1902">
    <p class='ocr_par' dir='ltr' id='par_1_99' title="bbox 2241 1835 3814 1902">
     <span class='ocr_line' id='line_1_101' title="bbox 2241 1835 3814 1902; baseline 0.001 -10"><span class='ocrx_word' id='word_1_711' title='bbox 2241 1837 2372 1902; x_wconf 91' lang='lat' dir='ltr'><strong>rica,</strong></span> <span class='ocrx_word' id='word_1_712' title='bbox 2404 1836 2470 1890; x_wconf 93' lang='lat' dir='ltr'><strong>de</strong></span> <span class='ocrx_word' id='word_1_713' title='bbox 2502 1845 2646 1890; x_wconf 92' lang='lat' dir='ltr'><strong>tanto</strong></span> <span class='ocrx_word' id='word_1_714' title='bbox 2676 1835 2851 1898; x_wconf 87' lang='lat' dir='ltr'><strong>Patre,</strong></span> <span class='ocrx_word' id='word_1_715' title='bbox 2880 1835 3075 1890; x_wconf 83' lang='lat' dir='ltr'><strong>etlam</strong></span> <span class='ocrx_word' id='word_1_716' title='bbox 3108 1837 3260 1889; x_wconf 86' lang='lat' dir='ltr'><strong>seriis</strong></span> <span class='ocrx_word' id='word_1_717' title='bbox 3289 1836 3449 1892; x_wconf 90' lang='lat' dir='ltr'><strong>rebus</strong></span> <span class='ocrx_word' id='word_1_718' title='bbox 3482 1838 3658 1901; x_wconf 88' lang='lat' dir='ltr'><strong>ludat;</strong></span> <span class='ocrx_word' id='word_1_719' title='bbox 3695 1849 3814 1894; x_wconf 90' lang='lat' dir='ltr'><strong>tan-</strong></span> 
     </span>
    </p>
   </div>
   <div class='ocr_carea' id='block_1_100' title="bbox 2235 1905 3811 1976">
    <p class='ocr_par' dir='ltr' id='par_1_100' title="bbox 2235 1905 3811 1976">
     <span class='ocr_line' id='line_1_102' title="bbox 2235 1905 3811 1976; baseline 0 -13"><span class='ocrx_word' id='word_1_720' title='bbox 2235 1919 2396 1975; x_wconf 89' lang='lat' dir='ltr'><strong>taque</strong></span> <span class='ocrx_word' id='word_1_721' title='bbox 2426 1907 2632 1961; x_wconf 90' lang='lat' dir='ltr'><strong>vafritie</strong></span> <span class='ocrx_word' id='word_1_722' title='bbox 2668 1907 2766 1960; x_wconf 90' lang='lat' dir='ltr'><strong>sub</strong></span> <span class='ocrx_word' id='word_1_723' title='bbox 2795 1906 3030 1961; x_wconf 69' lang='lat' dir='ltr'><strong>historias</strong></span> <span class='ocrx_word' id='word_1_724' title='bbox 3059 1906 3210 1961; x_wconf 89' lang='lat' dir='ltr'><strong>titulo</strong></span> <span class='ocrx_word' id='word_1_725' title='bbox 3243 1905 3470 1962; x_wconf 91' lang='lat' dir='ltr'><strong>fabulam</strong></span> <span class='ocrx_word' id='word_1_726' title='bbox 3495 1909 3811 1976; x_wconf 88' lang='lat' dir='ltr'><strong>concinnet;</strong></span> 
     </span>
    </p>
   </div>
   <div class='ocr_carea' id='block_1_101' title="bbox 2234 1977 3813 2047">
    <p class='ocr_par' dir='ltr' id='par_1_101' title="bbox 2234 1977 3813 2047">
     <span class='ocr_line' id='line_1_103' title="bbox 2234 1977 3813 2047; baseline 0 -13"><span class='ocrx_word' id='word_1_727' title='bbox 2234 1995 2339 2034; x_wconf 93' lang='lat' dir='ltr'><strong>non</strong></span> <span class='ocrx_word' id='word_1_728' title='bbox 2368 1980 2476 2047; x_wconf 91' lang='lat' dir='ltr'><strong>jam</strong></span> <span class='ocrx_word' id='word_1_729' title='bbox 2507 1978 2695 2047; x_wconf 83' lang='lat' dir='ltr'><strong>dignus</strong></span> <span class='ocrx_word' id='word_1_730' title='bbox 2730 1986 2812 2032; x_wconf 85' lang='lat' dir='ltr'><strong>est</strong></span> <span class='ocrx_word' id='word_1_731' title='bbox 2839 1977 2992 2047; x_wconf 88' lang='lat' dir='ltr'><strong>cujus</strong></span> <span class='ocrx_word' id='word_1_732' title='bbox 3019 1978 3298 2046; x_wconf 88' lang='lat' dir='ltr'><strong>quisquam</strong></span> <span class='ocrx_word' id='word_1_733' title='bbox 3331 1980 3470 2047; x_wconf 91' lang='lat' dir='ltr'><strong>apud</strong></span> <span class='ocrx_word' id='word_1_734' title='bbox 3515 1979 3678 2034; x_wconf 93' lang='lat' dir='ltr'><strong>Deum</strong></span> <span class='ocrx_word' id='word_1_735' title='bbox 3727 1995 3813 2034; x_wconf 89' lang='lat' dir='ltr'><strong>re-</strong></span> 
     </span>
    </p>
   </div>
   <div class='ocr_carea' id='block_1_102' title="bbox 2236 2049 3810 2118">
    <p class='ocr_par' dir='ltr' id='par_1_102' title="bbox 2236 2049 3810 2118">
     <span class='ocr_line' id='line_1_104' title="bbox 2236 2049 3810 2118; baseline 0.002 -16"><span class='ocrx_word' id='word_1_736' title='bbox 2236 2050 2567 2110; x_wconf 83' lang='lat' dir='ltr'><strong>miniscatur,</strong></span> <span class='ocrx_word' id='word_1_737' title='bbox 2599 2050 2693 2102; x_wconf 88' lang='lat' dir='ltr'><strong>sed</strong></span> <span class='ocrx_word' id='word_1_738' title='bbox 2723 2064 2880 2118; x_wconf 90' lang='lat' dir='ltr'><strong>quem</strong></span> <span class='ocrx_word' id='word_1_739' title='bbox 2923 2062 3109 2104; x_wconf 90' lang='lat' dir='ltr'><strong>omnes</strong></span> <span class='ocrx_word' id='word_1_740' title='bbox 3139 2049 3316 2117; x_wconf 83' lang='lat' dir='ltr'><strong>pmius</strong></span> <span class='ocrx_word' id='word_1_741' title='bbox 3345 2049 3468 2105; x_wconf 91' lang='lat' dir='ltr'><strong>boni</strong></span> <span class='ocrx_word' id='word_1_742' title='bbox 3513 2050 3582 2104; x_wconf 92' lang='lat' dir='ltr'><strong>ab</strong></span> <span class='ocrx_word' id='word_1_743' title='bbox 3623 2065 3687 2107; x_wconf 91' lang='lat' dir='ltr'><strong>eo</strong></span> <span class='ocrx_word' id='word_1_744' title='bbox 3737 2051 3810 2105; x_wconf 85' lang='lat' dir='ltr'><strong>ita</strong></span> 
     </span>
    </p>
   </div>
   <div class='ocr_carea' id='block_1_103' title="bbox 2233 2120 2759 2176">
    <p class='ocr_par' dir='ltr' id='par_1_103' title="bbox 2233 2120 2759 2176">
     <span class='ocr_line' id='line_1_105' title="bbox 2233 2120 2759 2176; baseline -0.01 0"><span class='ocrx_word' id='word_1_745' title='bbox 2233 2120 2372 2176; x_wconf 86' lang='lat' dir='ltr'><strong>illusi</strong></span> <span class='ocrx_word' id='word_1_746' title='bbox 2401 2127 2759 2175; x_wconf 88' lang='lat' dir='ltr'><strong>exsecrentur.</strong></span> 
     </span>
    </p>
   </div>
   <div class='ocr_carea' id='block_1_104' title="bbox 2311 2190 3813 2262">
    <p class='ocr_par' dir='ltr' id='par_1_104' title="bbox 2311 2190 3813 2262">
     <span class='ocr_line' id='line_1_106' title="bbox 2311 2190 3813 2262; baseline 0.003 -17"><span class='ocrx_word' id='word_1_747' title='bbox 2311 2191 2416 2245; x_wconf 88' lang='lat' dir='ltr'><strong>Sed</strong></span> <span class='ocrx_word' id='word_1_748' title='bbox 2447 2192 2582 2246; x_wconf 91' lang='lat' dir='ltr'><strong>bene</strong></span> <span class='ocrx_word' id='word_1_749' title='bbox 2609 2199 2712 2257; x_wconf 69' lang='lat' dir='ltr'><strong>est,</strong></span> <span class='ocrx_word' id='word_1_750' title='bbox 2742 2198 2797 2262; x_wconf 88' lang='lat' dir='ltr'><strong>et</strong></span> <span class='ocrx_word' id='word_1_751' title='bbox 2821 2205 2909 2246; x_wconf 91' lang='lat' dir='ltr'><strong>res</strong></span> <span class='ocrx_word' id='word_1_752' title='bbox 2937 2190 3153 2262; x_wconf 67' lang='lat' dir='ltr'><strong>omnino</strong></span> <span class='ocrx_word' id='word_1_753' title='bbox 3184 2190 3234 2245; x_wconf 91' lang='lat' dir='ltr'><strong>in</strong></span> <span class='ocrx_word' id='word_1_754' title='bbox 3266 2197 3401 2256; x_wconf 89' lang='lat' dir='ltr'><strong>tuto,</strong></span> <span class='ocrx_word' id='word_1_755' title='bbox 3433 2206 3602 2262; x_wconf 87' lang='lat' dir='ltr'><strong>neque</strong></span> <span class='ocrx_word' id='word_1_756' title='bbox 3633 2204 3813 2250; x_wconf 82' lang='lat' dir='ltr'><strong>nostra</strong></span> 
     </span>
    </p>
   </div>
   <div class='ocr_carea' id='block_1_105' title="bbox 2235 2261 3812 2332">
    <p class='ocr_par' dir='ltr' id='par_1_105' title="bbox 2235 2261 3812 2332">
     <span class='ocr_line' id='line_1_107' title="bbox 2235 2261 3812 2332; baseline 0 -13"><span class='ocrx_word' id='word_1_757' title='bbox 2235 2263 2547 2319; x_wconf 84' lang='lat' dir='ltr'><strong>defensione</strong></span> <span class='ocrx_word' id='word_1_758' title='bbox 2577 2276 2708 2329; x_wconf 91' lang='lat' dir='ltr'><strong>opus</strong></span> <span class='ocrx_word' id='word_1_759' title='bbox 2741 2261 2919 2316; x_wconf 91' lang='lat' dir='ltr'><strong>habet.</strong></span> <span class='ocrx_word' id='word_1_760' title='bbox 2951 2261 3303 2332; x_wconf 81' lang='lat' dir='ltr'><strong>Hieronymus</strong></span> <span class='ocrx_word' id='word_1_761' title='bbox 3332 2262 3473 2318; x_wconf 92' lang='lat' dir='ltr'><strong>enim</strong></span> <span class='ocrx_word' id='word_1_762' title='bbox 3498 2261 3647 2332; x_wconf 74' lang='lat' dir='ltr'><strong>quasi</strong></span> <span class='ocrx_word' id='word_1_763' title='bbox 3677 2279 3812 2332; x_wconf 69' lang='lat' dir='ltr'><strong>prte-</strong></span> 
     </span>
    </p>
   </div>
   <div class='ocr_carea' id='block_1_106' title="bbox 2236 2332 3814 2402">
    <p class='ocr_par' dir='ltr' id='par_1_106' title="bbox 2236 2332 3814 2402">
     <span class='ocr_line' id='line_1_108' title="bbox 2236 2332 3814 2402; baseline 0.002 -15"><span class='ocrx_word' id='word_1_764' title='bbox 2236 2333 2476 2397; x_wconf 89' lang='lat' dir='ltr'><strong>vidisset,</strong></span> <span class='ocrx_word' id='word_1_765' title='bbox 2509 2332 2986 2402; x_wconf 82' lang='lat' dir='ltr'><strong>Magdeburgenses</strong></span> <span class='ocrx_word' id='word_1_766' title='bbox 3014 2334 3144 2386; x_wconf 92' lang='lat' dir='ltr'><strong>istos</strong></span> <span class='ocrx_word' id='word_1_767' title='bbox 3173 2332 3298 2388; x_wconf 92' lang='lat' dir='ltr'><strong>olim</strong></span> <span class='ocrx_word' id='word_1_768' title='bbox 3324 2333 3578 2398; x_wconf 87' lang='lat' dir='ltr'><strong>orituros,</strong></span> <span class='ocrx_word' id='word_1_769' title='bbox 3604 2345 3657 2389; x_wconf 91' lang='lat' dir='ltr'><strong>et</strong></span> <span class='ocrx_word' id='word_1_770' title='bbox 3681 2351 3738 2389; x_wconf 90' lang='lat' dir='ltr'><strong>se</strong></span> <span class='ocrx_word' id='word_1_771' title='bbox 3757 2345 3814 2390; x_wconf 91' lang='lat' dir='ltr'><strong>et</strong></span> 
     </span>
    </p>
   </div>
   <div class='ocr_carea' id='block_1_107' title="bbox 2238 2403 3815 2473">
    <p class='ocr_par' dir='ltr' id='par_1_107' title="bbox 2238 2403 3815 2473">
     <span class='ocr_line' id='line_1_109' title="bbox 2238 2403 3815 2473; baseline 0.001 -13"><span class='ocrx_word' id='word_1_772' title='bbox 2238 2405 2460 2460; x_wconf 89' lang='lat' dir='ltr'><strong>Paulum</strong></span> <span class='ocrx_word' id='word_1_773' title='bbox 2517 2419 2701 2470; x_wconf 90' lang='lat' dir='ltr'><strong>suum,</strong></span> <span class='ocrx_word' id='word_1_774' title='bbox 2750 2413 2908 2472; x_wconf 91' lang='lat' dir='ltr'><strong>atquc</strong></span> <span class='ocrx_word' id='word_1_775' title='bbox 2967 2403 3291 2458; x_wconf 91' lang='lat' dir='ltr'><strong>Hilarionem</strong></span> <span class='ocrx_word' id='word_1_776' title='bbox 3334 2419 3572 2473; x_wconf 85' lang='lat' dir='ltr'><strong>quoque.</strong></span> <span class='ocrx_word' id='word_1_777' title='bbox 3627 2415 3815 2461; x_wconf 81' lang='lat' dir='ltr'><strong>contra</strong></span> 
     </span>
    </p>
   </div>
   <div class='ocr_carea' id='block_1_108' title="bbox 2238 2473 3814 2544">
    <p class='ocr_par' dir='ltr' id='par_1_108' title="bbox 2238 2473 3814 2544">
     <span class='ocr_line' id='line_1_110' title="bbox 2238 2473 3814 2544; baseline -0.001 -13"><span class='ocrx_word' id='word_1_778' title='bbox 2238 2476 2462 2531; x_wconf 89' lang='lat' dir='ltr'><strong>istorum</strong></span> <span class='ocrx_word' id='word_1_779' title='bbox 2496 2475 2721 2544; x_wconf 91' lang='lat' dir='ltr'><strong>ineptias</strong></span> <span class='ocrx_word' id='word_1_780' title='bbox 2749 2484 2802 2528; x_wconf 92' lang='lat' dir='ltr'><strong>et</strong></span> <span class='ocrx_word' id='word_1_781' title='bbox 2841 2475 3137 2528; x_wconf 86' lang='lat' dir='ltr'><strong>calumnias</strong></span> <span class='ocrx_word' id='word_1_782' title='bbox 3181 2473 3432 2530; x_wconf 86' lang='lat' dir='ltr'><strong>defendit.</strong></span> <span class='ocrx_word' id='word_1_783' title='bbox 3470 2495 3487 2525; x_wconf 89' lang='grc'><strong>‹</strong></span> <span class='ocrx_word' id='word_1_784' title='bbox 3528 2475 3814 2531; x_wconf 85' lang='lat' dir='ltr'><strong>Maledico-</strong></span> 
     </span>
    </p>
   </div>
   <div class='ocr_carea' id='block_1_109' title="bbox 2238 2545 3815 2614">
    <p class='ocr_par' dir='ltr' id='par_1_109' title="bbox 2238 2545 3815 2614">
     <span class='ocr_line' id='line_1_111' title="bbox 2238 2545 3815 2614; baseline -0.001 -11"><span class='ocrx_word' id='word_1_785' title='bbox 2238 2562 2383 2612; x_wconf 88' lang='lat' dir='ltr'><strong>rum,</strong></span> <span class='ocrx_word' id='word_1_786' title='bbox 2408 2546 2597 2614; x_wconf 88' lang='lat' dir='ltr'><strong>inquit,</strong></span> <span class='ocrx_word' id='word_1_787' title='bbox 2633 2560 2790 2600; x_wconf 90' lang='lat' dir='ltr'><strong>voces</strong></span> <span class='ocrx_word' id='word_1_788' title='bbox 2822 2545 3234 2610; x_wconf 90' lang='lat' dir='ltr'><strong>contemnimus,</strong></span> <span class='ocrx_word' id='word_1_789' title='bbox 3267 2545 3354 2613; x_wconf 92' lang='lat' dir='ltr'><strong>qui</strong></span> <span class='ocrx_word' id='word_1_790' title='bbox 3378 2547 3504 2599; x_wconf 85' lang='lat' dir='ltr'><strong>olim</strong></span> <span class='ocrx_word' id='word_1_791' title='bbox 3527 2545 3815 2602; x_wconf 88' lang='lat' dir='ltr'><strong>detrahen-</strong></span> 
     </span>
    </p>
   </div>
   <div class='ocr_carea' id='block_1_110' title="bbox 2240 2614 3809 2684">
    <p class='ocr_par' dir='ltr' id='par_1_110' title="bbox 2240 2614 3809 2684">
     <span class='ocr_line' id='line_1_112' title="bbox 2240 2614 3809 2684; baseline 0 -12"><span class='ocrx_word' id='word_1_792' title='bbox 2240 2627 2321 2672; x_wconf 89' lang='lat' dir='ltr'><strong>tes</strong></span> <span class='ocrx_word' id='word_1_793' title='bbox 2353 2617 2514 2671; x_wconf 91' lang='lat' dir='ltr'><strong>Paulo</strong></span> <span class='ocrx_word' id='word_1_794' title='bbox 2545 2631 2683 2680; x_wconf 90' lang='lat' dir='ltr'><strong>meo,</strong></span> <span class='ocrx_word' id='word_1_795' title='bbox 2711 2630 2849 2671; x_wconf 93' lang='lat' dir='ltr'><strong>nunc</strong></span> <span class='ocrx_word' id='word_1_796' title='bbox 2873 2616 3093 2670; x_wconf 80' lang='lat' dir='ltr'><strong>forsitan</strong></span> <span class='ocrx_word' id='word_1_797' title='bbox 3121 2614 3405 2670; x_wconf 89' lang='lat' dir='ltr'><strong>detrahent</strong></span> <span class='ocrx_word' id='word_1_798' title='bbox 3429 2628 3484 2672; x_wconf 90' lang='lat' dir='ltr'><strong>et</strong></span> <span class='ocrx_word' id='word_1_799' title='bbox 3508 2616 3765 2672; x_wconf 79' lang='lat' dir='ltr'><strong>llilarioni</strong></span> <span class='ocrx_word' id='word_1_800' title='bbox 3792 2635 3809 2684; x_wconf 92' lang='lat'><strong>;</strong></span> 
     </span>
    </p>
   </div>
   <div class='ocr_carea' id='block_1_111' title="bbox 2242 2685 3821 2752">
    <p class='ocr_par' dir='ltr' id='par_1_111' title="bbox 2242 2685 3821 2752">
     <span class='ocr_line' id='line_1_113' title="bbox 2242 2685 3821 2752; baseline 0.001 -10"><span class='ocrx_word' id='word_1_801' title='bbox 2242 2689 2391 2743; x_wconf 90' lang='lat' dir='ltr'><strong>illum</strong></span> <span class='ocrx_word' id='word_1_802' title='bbox 2450 2686 2751 2741; x_wconf 90' lang='lat' dir='ltr'><strong>solitudinis</strong></span> <span class='ocrx_word' id='word_1_803' title='bbox 2797 2685 3124 2752; x_wconf 90' lang='lat' dir='ltr'><strong>calumniati,</strong></span> <span class='ocrx_word' id='word_1_804' title='bbox 3180 2687 3300 2741; x_wconf 87' lang='lat' dir='ltr'><strong>huic</strong></span> <span class='ocrx_word' id='word_1_805' title='bbox 3344 2687 3657 2752; x_wconf 68' lang='lat' dir='ltr'><strong>objicientes</strong></span> <span class='ocrx_word' id='word_1_806' title='bbox 3707 2689 3821 2744; x_wconf 88' lang='lat' dir='ltr'><strong>fre-</strong></span> 
     </span>
    </p>
   </div>
   <div class='ocr_carea' id='block_1_112' title="bbox 2242 2755 3821 2831">
    <p class='ocr_par' dir='ltr' id='par_1_112' title="bbox 2242 2755 3821 2831">
     <span class='ocr_line' id='line_1_114' title="bbox 2242 2755 3821 2831; baseline 0.001 -19"><span class='ocrx_word' id='word_1_807' title='bbox 2242 2759 2514 2831; x_wconf 86' lang='lat' dir='ltr'><strong>quentiam</strong></span> <span class='ocrx_word' id='word_1_808' title='bbox 2539 2776 2552 2824; x_wconf 90' lang='lat'><strong>;</strong></span> <span class='ocrx_word' id='word_1_809' title='bbox 2582 2768 2671 2822; x_wconf 93' lang='lat' dir='ltr'><strong>ut,</strong></span> <span class='ocrx_word' id='word_1_810' title='bbox 2703 2758 2805 2831; x_wconf 81' lang='lat' dir='ltr'><strong>qui</strong></span> <span class='ocrx_word' id='word_1_811' title='bbox 2815 2772 3031 2831; x_wconf 74' lang='lat' dir='ltr'><strong>semper</strong></span> <span class='ocrx_word' id='word_1_812' title='bbox 3049 2757 3229 2831; x_wconf 81' lang='lat' dir='ltr'><strong>latuit,</strong></span> <span class='ocrx_word' id='word_1_813' title='bbox 3275 2772 3381 2831; x_wconf 64' lang='lat' dir='ltr'><strong>neu</strong></span> <span class='ocrx_word' id='word_1_814' title='bbox 3409 2755 3631 2831; x_wconf 82' lang='lat' dir='ltr'><strong>fuisse;_</strong></span> <span class='ocrx_word' id='word_1_815' title='bbox 3655 2758 3746 2831; x_wconf 86' lang='lat' dir='ltr'><strong>qui</strong></span> <span class='ocrx_word' id='word_1_816' title='bbox 3790 2773 3821 2814; x_wconf 80' lang='lat' dir='ltr'><strong>a</strong></span> 
     </span>
    </p>
   </div>
   <div class='ocr_carea' id='block_1_113' title="bbox 2241 2827 3823 2894">
    <p class='ocr_par' dir='ltr' id='par_1_113' title="bbox 2241 2827 3823 2894">
     <span class='ocr_line' id='line_1_115' title="bbox 2241 2827 3823 2894; baseline 0.001 -9"><span class='ocrx_word' id='word_1_817' title='bbox 2241 2827 2421 2885; x_wconf 86' lang='lat' dir='ltr'><strong>multis</strong></span> <span class='ocrx_word' id='word_1_818' title='bbox 2446 2829 2591 2884; x_wconf 88' lang='lat' dir='ltr'><strong>visus</strong></span> <span class='ocrx_word' id='word_1_819' title='bbox 2622 2827 2728 2894; x_wconf 88' lang='lat' dir='ltr'><strong>est,</strong></span> <span class='ocrx_word' id='word_1_820' title='bbox 2756 2827 2877 2882; x_wconf 84' lang='lat' dir='ltr'><strong>vilis</strong></span> <span class='ocrx_word' id='word_1_821' title='bbox 2906 2828 3260 2883; x_wconf 80' lang='lat' dir='ltr'><strong>existimetur.</strong></span> <span class='ocrx_word' id='word_1_822' title='bbox 3311 2828 3573 2883; x_wconf 89' lang='lat' dir='ltr'><strong>Fecerunt</strong></span> <span class='ocrx_word' id='word_1_823' title='bbox 3618 2827 3720 2885; x_wconf 76' lang='lat' dir='ltr'><strong>hoc</strong></span> <span class='ocrx_word' id='word_1_824' title='bbox 3767 2837 3823 2886; x_wconf 84' lang='lat' dir='ltr'><strong>et</strong></span> 
     </span>
    </p>
   </div>
   <div class='ocr_carea' id='block_1_114' title="bbox 2243 2897 3827 2971">
    <p class='ocr_par' dir='ltr' id='par_1_114' title="bbox 2243 2897 3827 2971">
     <span class='ocr_line' id='line_1_116' title="bbox 2243 2897 3827 2971; baseline 0.001 -16"><span class='ocrx_word' id='word_1_825' title='bbox 2243 2901 2479 2971; x_wconf 86' lang='lat' dir='ltr'><strong>majores</strong></span> <span class='ocrx_word' id='word_1_826' title='bbox 2508 2915 2691 2956; x_wconf 87' lang='lat' dir='ltr'><strong>eorum</strong></span> <span class='ocrx_word' id='word_1_827' title='bbox 2721 2898 2989 2971; x_wconf 86' lang='lat' dir='ltr'><strong>quondam</strong></span> <span class='ocrx_word' id='word_1_828' title='bbox 3021 2897 3298 2971; x_wconf 67' lang='lat' dir='ltr'><strong>Pharisaei,</strong></span> <span class='ocrx_word' id='word_1_829' title='bbox 3326 2901 3514 2971; x_wconf 83' lang='lat' dir='ltr'><strong>quibus</strong></span> <span class='ocrx_word' id='word_1_830' title='bbox 3545 2915 3643 2954; x_wconf 90' lang='lat' dir='ltr'><strong>nec</strong></span> <span class='ocrx_word' id='word_1_831' title='bbox 3661 2901 3827 2956; x_wconf 81' lang='lat' dir='ltr'><strong>Joan-</strong></span> 
     </span>
    </p>
   </div>
   <div class='ocr_carea' id='block_1_115' title="bbox 2245 2969 3826 3039">
    <p class='ocr_par' dir='ltr' id='par_1_115' title="bbox 2245 2969 3826 3039">
     <span class='ocr_line' id='line_1_117' title="bbox 2245 2969 3826 3039; baseline 0 -12"><span class='ocrx_word' id='word_1_832' title='bbox 2245 2969 2573 3027; x_wconf 28' lang='lat' dir='ltr'><strong>nis‘eremns</strong></span> <span class='ocrx_word' id='word_1_833' title='bbox 2620 2985 2682 3026; x_wconf 90' lang='lat' dir='ltr'><strong>ac</strong></span> <span class='ocrx_word' id='word_1_834' title='bbox 2724 2969 3004 3039; x_wconf 89' lang='lat' dir='ltr'><strong>jejunium,</strong></span> <span class='ocrx_word' id='word_1_835' title='bbox 3056 2984 3228 3039; x_wconf 91' lang='lat' dir='ltr'><strong>neque</strong></span> <span class='ocrx_word' id='word_1_836' title='bbox 3277 2969 3484 3025; x_wconf 93' lang='lat' dir='ltr'><strong>Domini</strong></span> <span class='ocrx_word' id='word_1_837' title='bbox 3533 2971 3826 3027; x_wconf 85' lang='lat' dir='ltr'><strong>Salvatoris</strong></span> 
     </span>
    </p>
   </div>
   <div class='ocr_carea' id='block_1_116' title="bbox 2247 3040 3822 3110">
    <p class='ocr_par' dir='ltr' id='par_1_116' title="bbox 2247 3040 3822 3110">
     <span class='ocr_line' id='line_1_118' title="bbox 2247 3040 3822 3110; baseline 0.001 -13"><span class='ocrx_word' id='word_1_838' title='bbox 2247 3043 2417 3098; x_wconf 73' lang='lat' dir='ltr'><strong>turbae</strong></span> <span class='ocrx_word' id='word_1_839' title='bbox 2438 3083 2450 3103; x_wconf 88' lang='lat'><strong>,</strong></span> <span class='ocrx_word' id='word_1_840' title='bbox 2485 3041 2622 3107; x_wconf 89' lang='lat' dir='ltr'><strong>cibi,</strong></span> <span class='ocrx_word' id='word_1_841' title='bbox 2656 3051 2922 3110; x_wconf 88' lang='lat' dir='ltr'><strong>potusque</strong></span> <span class='ocrx_word' id='word_1_842' title='bbox 2959 3042 3292 3110; x_wconf 90' lang='lat' dir='ltr'><strong>placuerunt.</strong></span> <span class='ocrx_word' id='word_1_843' title='bbox 3325 3040 3521 3095; x_wconf 91' lang='lat' dir='ltr'><strong>Verum</strong></span> <span class='ocrx_word' id='word_1_844' title='bbox 3553 3042 3822 3099; x_wconf 76' lang='lat' dir='ltr'><strong>destinato</strong></span> 
     </span>
    </p>
   </div>
   <div class='ocr_carea' id='block_1_117' title="bbox 2247 3112 3827 3182">
    <p class='ocr_par' dir='ltr' id='par_1_117' title="bbox 2247 3112 3827 3182">
     <span class='ocr_line' id='line_1_119' title="bbox 2247 3112 3827 3182; baseline 0.001 -15"><span class='ocrx_word' id='word_1_845' title='bbox 2247 3113 2399 3182; x_wconf 91' lang='lat' dir='ltr'><strong>operi</strong></span> <span class='ocrx_word' id='word_1_846' title='bbox 2430 3113 2701 3181; x_wconf 90' lang='lat' dir='ltr'><strong>imponam</strong></span> <span class='ocrx_word' id='word_1_847' title='bbox 2742 3126 2979 3180; x_wconf 91' lang='lat' dir='ltr'><strong>manum,</strong></span> <span class='ocrx_word' id='word_1_848' title='bbox 3009 3119 3065 3168; x_wconf 90' lang='lat' dir='ltr'><strong>et</strong></span> <span class='ocrx_word' id='word_1_849' title='bbox 3093 3112 3352 3182; x_wconf 86' lang='lat' dir='ltr'><strong>Scyllaeos</strong></span> <span class='ocrx_word' id='word_1_850' title='bbox 3391 3126 3552 3168; x_wconf 88' lang='lat' dir='ltr'><strong>canes</strong></span> <span class='ocrx_word' id='word_1_851' title='bbox 3581 3112 3827 3169; x_wconf 71' lang='lat' dir='ltr'><strong>obturat:</strong></span> 
     </span>
    </p>
   </div>
   <div class='ocr_carea' id='block_1_118' title="bbox 2249 3185 2657 3239">
    <p class='ocr_par' dir='ltr' id='par_1_118' title="bbox 2249 3185 2657 3239">
     <span class='ocr_line' id='line_1_120' title="bbox 2249 3185 2657 3239; baseline 0.002 -2"><span class='ocrx_word' id='word_1_852' title='bbox 2249 3199 2377 3239; x_wconf 91' lang='lat' dir='ltr'><strong>aure</strong></span> <span class='ocrx_word' id='word_1_853' title='bbox 2403 3185 2657 3239; x_wconf 79' lang='lat' dir='ltr'><strong>transibo.</strong></span> 
     </span>
    </p>
   </div>
   <div class='ocr_carea' id='block_1_119' title="bbox 2321 3254 3829 3329">
    <p class='ocr_par' dir='ltr' id='par_1_119' title="bbox 2321 3254 3829 3329">
     <span class='ocr_line' id='line_1_121' title="bbox 2321 3254 3829 3329; baseline 0.003 -20"><span class='ocrx_word' id='word_1_854' title='bbox 2321 3256 2337 3329; x_wconf 83' lang='lat'><strong>[</strong></span> <span class='ocrx_word' id='word_1_855' title='bbox 2362 3254 2433 3329; x_wconf 74' lang='grc' dir='ltr'><strong>(ε)</strong></span> <span class='ocrx_word' id='word_1_856' title='bbox 2467 3254 2715 3329; x_wconf 71' lang='lat' dir='ltr'><strong>Euntdem</strong></span> <span class='ocrx_word' id='word_1_857' title='bbox 2746 3255 2951 3310; x_wconf 86' lang='lat' dir='ltr'><strong>odorem</strong></span> <span class='ocrx_word' id='word_1_858' title='bbox 2980 3255 3388 3329; x_wconf 41' lang='lat' dir='ltr'><strong>fagenqservah]</strong></span> <span class='ocrx_word' id='word_1_859' title='bbox 3418 3255 3614 3310; x_wconf 86' lang='lat' dir='ltr'><strong>Eadem</strong></span> <span class='ocrx_word' id='word_1_860' title='bbox 3647 3254 3829 3325; x_wconf 80' lang='lat' dir='ltr'><strong>phrasi</strong></span> 
     </span>
    </p>
   </div>
   <div class='ocr_carea' id='block_1_120' title="bbox 2249 3325 3828 3399">
    <p class='ocr_par' dir='ltr' id='par_1_120' title="bbox 2249 3325 3828 3399">
     <span class='ocr_line' id='line_1_122' title="bbox 2249 3325 3828 3399; baseline 0.001 -17"><span class='ocrx_word' id='word_1_861' title='bbox 2249 3337 2303 3382; x_wconf 93' lang='lat' dir='ltr'><strong>et</strong></span> <span class='ocrx_word' id='word_1_862' title='bbox 2322 3325 2681 3399; x_wconf 70' lang='lat' dir='ltr'><strong>similitudine</strong></span> <span class='ocrx_word' id='word_1_863' title='bbox 2705 3328 2901 3396; x_wconf 75' lang='lat' dir='ltr'><strong>saepius</strong></span> <span class='ocrx_word' id='word_1_864' title='bbox 2930 3325 3094 3399; x_wconf 64' lang='lat' dir='ltr'><strong>utitur</strong></span> <span class='ocrx_word' id='word_1_865' title='bbox 3123 3327 3276 3381; x_wconf 90' lang='lat' dir='ltr'><strong>divus</strong></span> <span class='ocrx_word' id='word_1_866' title='bbox 3323 3325 3678 3399; x_wconf 79' lang='lat' dir='ltr'><strong>Hieronymus</strong></span> <span class='ocrx_word' id='word_1_867' title='bbox 3710 3345 3724 3381; x_wconf 90' lang='lat'><strong>:</strong></span> <span class='ocrx_word' id='word_1_868' title='bbox 3771 3335 3828 3384; x_wconf 79' lang='lat' dir='ltr'><strong>ut</strong></span> 
     </span>
    </p>
   </div>
   <div class='ocr_carea' id='block_1_121' title="bbox 2249 3396 3832 3467">
    <p class='ocr_par' dir='ltr' id='par_1_121' title="bbox 2249 3396 3832 3467">
     <span class='ocr_line' id='line_1_123' title="bbox 2249 3396 3832 3467; baseline 0.001 -13"><span class='ocrx_word' id='word_1_869' title='bbox 2249 3399 2407 3467; x_wconf 82' lang='lat' dir='ltr'><strong>epist.</strong></span> <span class='ocrx_word' id='word_1_870' title='bbox 2439 3398 2492 3462; x_wconf 88' lang='lat'><strong>7,</strong></span> <span class='ocrx_word' id='word_1_871' title='bbox 2525 3396 2592 3451; x_wconf 89' lang='lat' dir='ltr'><strong>ad</strong></span> <span class='ocrx_word' id='word_1_872' title='bbox 2615 3397 2814 3452; x_wconf 82' lang='lat' dir='ltr'><strong>Laetam</strong></span> <span class='ocrx_word' id='word_1_873' title='bbox 2848 3415 2860 3450; x_wconf 89' lang='lat'><strong>:</strong></span> <span class='ocrx_word' id='word_1_874' title='bbox 2898 3416 2917 3450; x_wconf 73' lang='grc' dir='ltr'>ι</span> <span class='ocrx_word' id='word_1_875' title='bbox 2955 3397 3161 3452; x_wconf 85' lang='lat' dir='ltr'><strong>Recens</strong></span> <span class='ocrx_word' id='word_1_876' title='bbox 3188 3407 3320 3452; x_wconf 89' lang='lat' dir='ltr'><strong>testa</strong></span> <span class='ocrx_word' id='word_1_877' title='bbox 3364 3398 3455 3451; x_wconf 89' lang='lat' dir='ltr'><strong>diu</strong></span> <span class='ocrx_word' id='word_1_878' title='bbox 3500 3396 3553 3452; x_wconf 84' lang='lat' dir='ltr'><strong>et</strong></span> <span class='ocrx_word' id='word_1_879' title='bbox 3583 3411 3832 3466; x_wconf 86' lang='lat' dir='ltr'><strong>saporem</strong></span> 
     </span>
    </p>
   </div>
   <div class='ocr_carea' id='block_1_122' title="bbox 2251 3468 3829 3538">
    <p class='ocr_par' dir='ltr' id='par_1_122' title="bbox 2251 3468 3829 3538">
     <span class='ocr_line' id='line_1_124' title="bbox 2251 3468 3829 3538; baseline 0.001 -14"><span class='ocrx_word' id='word_1_880' title='bbox 2251 3469 2465 3530; x_wconf 87' lang='lat' dir='ltr'><strong>retinet,</strong></span> <span class='ocrx_word' id='word_1_881' title='bbox 2497 3477 2552 3522; x_wconf 91' lang='lat' dir='ltr'><strong>et</strong></span> <span class='ocrx_word' id='word_1_882' title='bbox 2571 3468 2816 3533; x_wconf 90' lang='lat' dir='ltr'><strong>odorem,</strong></span> <span class='ocrx_word' id='word_1_883' title='bbox 2845 3483 2951 3537; x_wconf 90' lang='lat' dir='ltr'><strong>quo</strong></span> <span class='ocrx_word' id='word_1_884' title='bbox 2983 3471 3208 3538; x_wconf 89' lang='lat' dir='ltr'><strong>primum</strong></span> <span class='ocrx_word' id='word_1_885' title='bbox 3239 3469 3442 3524; x_wconf 90' lang='lat' dir='ltr'><strong>imbuta</strong></span> <span class='ocrx_word' id='word_1_886' title='bbox 3472 3479 3571 3524; x_wconf 91' lang='lat' dir='ltr'><strong>est.</strong></span> <span class='ocrx_word' id='word_1_887' title='bbox 3607 3485 3626 3520; x_wconf 71' lang='grc' dir='ltr'><strong><em>ι</em></strong></span> <span class='ocrx_word' id='word_1_888' title='bbox 3663 3468 3829 3537; x_wconf 85' lang='lat' dir='ltr'><strong>Idem,</strong></span> 
     </span>
    </p>
   </div>
   <div class='ocr_carea' id='block_1_123' title="bbox 2251 3538 3834 3609">
    <p class='ocr_par' dir='ltr' id='par_1_123' title="bbox 2251 3538 3834 3609">
     <span class='ocr_line' id='line_1_125' title="bbox 2251 3538 3834 3609; baseline 0.001 -15"><span class='ocrx_word' id='word_1_889' title='bbox 2251 3540 2291 3594; x_wconf 86' lang='grc' dir='ltr'><strong>Ι.</strong></span> <span class='ocrx_word' id='word_1_890' title='bbox 2324 3555 2340 3593; x_wconf 87' lang='grc' dir='ltr'>ι</span> <span class='ocrx_word' id='word_1_891' title='bbox 2369 3539 2596 3609; x_wconf 85' lang='lat' dir='ltr'><strong>Apolog.</strong></span> <span class='ocrx_word' id='word_1_892' title='bbox 2628 3538 2884 3594; x_wconf 88' lang='lat' dir='ltr'><strong>adversus</strong></span> <span class='ocrx_word' id='word_1_893' title='bbox 2916 3538 3189 3594; x_wconf 82' lang='lat' dir='ltr'><strong>Rufiinum</strong></span> <span class='ocrx_word' id='word_1_894' title='bbox 3215 3555 3228 3593; x_wconf 92' lang='lat'><strong>:</strong></span> <span class='ocrx_word' id='word_1_895' title='bbox 3267 3557 3286 3591; x_wconf 84' lang='grc'><strong>‹</strong></span> <span class='ocrx_word' id='word_1_896' title='bbox 3325 3540 3381 3596; x_wconf 89' lang='lat' dir='ltr'><strong>Si</strong></span> <span class='ocrx_word' id='word_1_897' title='bbox 3401 3540 3606 3595; x_wconf 86' lang='lat' dir='ltr'><strong>litteras</strong></span> <span class='ocrx_word' id='word_1_898' title='bbox 3627 3539 3834 3596; x_wconf 80' lang='lat' dir='ltr'><strong>didicis-</strong></span> 
     </span>
    </p>
   </div>
   <div class='ocr_carea' id='block_1_124' title="bbox 2253 3610 3832 3680">
    <p class='ocr_par' dir='ltr' id='par_1_124' title="bbox 2253 3610 3832 3680">
     <span class='ocr_line' id='line_1_126' title="bbox 2253 3610 3832 3680; baseline 0.001 -15"><span class='ocrx_word' id='word_1_899' title='bbox 2253 3625 2356 3674; x_wconf 73' lang='lat' dir='ltr'><strong>ses,</strong></span> <span class='ocrx_word' id='word_1_900' title='bbox 2392 3610 2562 3666; x_wconf 90' lang='lat' dir='ltr'><strong>oleret</strong></span> <span class='ocrx_word' id='word_1_901' title='bbox 2593 3619 2726 3664; x_wconf 90' lang='lat' dir='ltr'><strong>testa</strong></span> <span class='ocrx_word' id='word_1_902' title='bbox 2749 3610 2998 3680; x_wconf 88' lang='lat' dir='ltr'><strong>ingenioli</strong></span> <span class='ocrx_word' id='word_1_903' title='bbox 3032 3613 3127 3676; x_wconf 90' lang='lat' dir='ltr'><strong>tui,</strong></span> <span class='ocrx_word' id='word_1_904' title='bbox 3162 3626 3268 3680; x_wconf 92' lang='lat' dir='ltr'><strong>quo</strong></span> <span class='ocrx_word' id='word_1_905' title='bbox 3308 3612 3472 3666; x_wconf 89' lang='lat' dir='ltr'><strong>semel</strong></span> <span class='ocrx_word' id='word_1_906' title='bbox 3503 3612 3689 3666; x_wconf 90' lang='lat' dir='ltr'><strong>fuisset</strong></span> <span class='ocrx_word' id='word_1_907' title='bbox 3730 3612 3832 3666; x_wconf 83' lang='lat' dir='ltr'><strong>im-</strong></span> 
     </span>
    </p>
   </div>
   <div class='ocr_carea' id='block_1_125' title="bbox 2253 3680 3830 3749">
    <p class='ocr_par' dir='ltr' id='par_1_125' title="bbox 2253 3680 3830 3749">
     <span class='ocr_line' id='line_1_127' title="bbox 2253 3680 3830 3749; baseline 0.002 -15"><span class='ocrx_word' id='word_1_908' title='bbox 2253 3680 2396 3735; x_wconf 90' lang='lat' dir='ltr'><strong>buta.</strong></span> <span class='ocrx_word' id='word_1_909' title='bbox 2435 3698 2454 3731; x_wconf 84' lang='grc'><strong>›</strong></span> <span class='ocrx_word' id='word_1_910' title='bbox 2494 3680 2559 3734; x_wconf 83' lang='grc' dir='ltr'><strong>Ει</strong></span> <span class='ocrx_word' id='word_1_911' title='bbox 2586 3680 2638 3734; x_wconf 92' lang='lat' dir='ltr'><strong>in</strong></span> <span class='ocrx_word' id='word_1_912' title='bbox 2667 3695 2785 3749; x_wconf 91' lang='lat' dir='ltr'><strong>cap.</strong></span> <span class='ocrx_word' id='word_1_913' title='bbox 2820 3698 2832 3734; x_wconf 85' lang='grc' dir='ltr'>ι</span> <span class='ocrx_word' id='word_1_914' title='bbox 2863 3682 2929 3736; x_wconf 93' lang='lat' dir='ltr'><strong>ad</strong></span> <span class='ocrx_word' id='word_1_915' title='bbox 2962 3681 3217 3748; x_wconf 76' lang='lat' dir='ltr'><strong>Ephesios</strong></span> <span class='ocrx_word' id='word_1_916' title='bbox 3248 3700 3260 3735; x_wconf 89' lang='lat'><strong>:</strong></span> <span class='ocrx_word' id='word_1_917' title='bbox 3305 3701 3322 3735; x_wconf 78' lang='grc' dir='ltr'>ι</span> <span class='ocrx_word' id='word_1_918' title='bbox 3356 3683 3643 3749; x_wconf 73' lang='lat' dir='ltr'><strong>Qualisque</strong></span> <span class='ocrx_word' id='word_1_919' title='bbox 3666 3681 3830 3737; x_wconf 89' lang='lat' dir='ltr'><strong>fuerit</strong></span> 
     </span>
    </p>
   </div>
   <div class='ocr_carea' id='block_1_126' title="bbox 2253 3751 3832 3820">
    <p class='ocr_par' dir='ltr' id='par_1_126' title="bbox 2253 3751 3832 3820">
     <span class='ocr_line' id='line_1_128' title="bbox 2253 3751 3832 3820; baseline 0.001 -14"><span class='ocrx_word' id='word_1_920' title='bbox 2253 3752 2447 3820; x_wconf 88' lang='lat' dir='ltr'><strong>liquor,</strong></span> <span class='ocrx_word' id='word_1_921' title='bbox 2479 3751 2568 3820; x_wconf 92' lang='lat' dir='ltr'><strong>qui</strong></span> <span class='ocrx_word' id='word_1_922' title='bbox 2597 3767 2748 3806; x_wconf 79' lang='lat' dir='ltr'><strong>nova:</strong></span> <span class='ocrx_word' id='word_1_923' title='bbox 2774 3761 2926 3807; x_wconf 82' lang='lat' dir='ltr'><strong>testae</strong></span> <span class='ocrx_word' id='word_1_924' title='bbox 2955 3752 3160 3807; x_wconf 89' lang='lat' dir='ltr'><strong>infusus</strong></span> <span class='ocrx_word' id='word_1_925' title='bbox 3204 3763 3307 3820; x_wconf 92' lang='lat' dir='ltr'><strong>est,</strong></span> <span class='ocrx_word' id='word_1_926' title='bbox 3341 3756 3503 3808; x_wconf 87' lang='lat' dir='ltr'><strong>talem</strong></span> <span class='ocrx_word' id='word_1_927' title='bbox 3550 3753 3638 3808; x_wconf 93' lang='lat' dir='ltr'><strong>diu</strong></span> <span class='ocrx_word' id='word_1_928' title='bbox 3693 3763 3832 3809; x_wconf 87' lang='lat' dir='ltr'><strong>testa</strong></span> 
     </span>
    </p>
   </div>
   <div class='ocr_carea' id='block_1_127' title="bbox 2253 3823 3831 3894">
    <p class='ocr_par' dir='ltr' id='par_1_127' title="bbox 2253 3823 3831 3894">
     <span class='ocr_line' id='line_1_129' title="bbox 2253 3823 3831 3894; baseline 0.003 -18"><span class='ocrx_word' id='word_1_929' title='bbox 2253 3831 2308 3894; x_wconf 85' lang='lat' dir='ltr'><strong>et</strong></span> <span class='ocrx_word' id='word_1_930' title='bbox 2342 3824 2561 3894; x_wconf 86' lang='lat' dir='ltr'><strong>odorem</strong></span> <span class='ocrx_word' id='word_1_931' title='bbox 2592 3823 2808 3886; x_wconf 90' lang='lat' dir='ltr'><strong>retinet,</strong></span> <span class='ocrx_word' id='word_1_932' title='bbox 2841 3831 2897 3878; x_wconf 90' lang='lat' dir='ltr'><strong>et</strong></span> <span class='ocrx_word' id='word_1_933' title='bbox 2918 3837 3181 3894; x_wconf 87' lang='lat' dir='ltr'><strong>saporem.</strong></span> <span class='ocrx_word' id='word_1_934' title='bbox 3219 3841 3239 3876; x_wconf 77' lang='grc' dir='ltr'><strong><em>ι</em></strong></span> <span class='ocrx_word' id='word_1_935' title='bbox 3289 3825 3614 3894; x_wconf 80' lang='lat' dir='ltr'><strong>Expressum</strong></span> <span class='ocrx_word' id='word_1_936' title='bbox 3655 3833 3831 3882; x_wconf 80' lang='lat' dir='ltr'><strong>estex</strong></span> 
     </span>
    </p>
   </div>
   <div class='ocr_carea' id='block_1_128' title="bbox 2254 3892 2824 3962">
    <p class='ocr_par' dir='ltr' id='par_1_128' title="bbox 2254 3892 2824 3962">
     <span class='ocr_line' id='line_1_130' title="bbox 2254 3892 2824 3962; baseline -0.002 -13"><span class='ocrx_word' id='word_1_937' title='bbox 2254 3892 2347 3949; x_wconf 77' lang='lat' dir='ltr'><strong>ilo</strong></span> <span class='ocrx_word' id='word_1_938' title='bbox 2378 3893 2564 3949; x_wconf 80' lang='lat' dir='ltr'><strong>Horat.</strong></span> <span class='ocrx_word' id='word_1_939' title='bbox 2589 3909 2678 3962; x_wconf 88' lang='lat' dir='ltr'><strong>ep.</strong></span> <span class='ocrx_word' id='word_1_940' title='bbox 2713 3895 2775 3949; x_wconf 79' lang='grc'><strong>11</strong></span> <span class='ocrx_word' id='word_1_941' title='bbox 2809 3910 2824 3948; x_wconf 87' lang='lat'><strong>:</strong></span> 
     </span>
    </p>
   </div>
   <div class='ocr_carea' id='block_1_129' title="bbox 2350 3983 3632 4098">
    <p class='ocr_par' dir='ltr' id='par_1_129' title="bbox 2350 3983 3632 4098">
     <span class='ocr_line' id='line_1_131' title="bbox 2350 3983 3632 4098; baseline 0.002 -63"><span class='ocrx_word' id='word_1_942' title='bbox 2350 3983 2636 4098; x_wconf 48' lang='grc' dir='ltr'><strong>ῼὲἓέεὲξξι</strong></span> <span class='ocrx_word' id='word_1_943' title='bbox 2664 3991 2740 4037; x_wconf 90' lang='lat' dir='ltr'><strong>est</strong></span> <span class='ocrx_word' id='word_1_944' title='bbox 2763 3985 2971 4049; x_wconf 88' lang='lat' dir='ltr'><strong>imbuta,</strong></span> <span class='ocrx_word' id='word_1_945' title='bbox 2999 3997 3176 4037; x_wconf 88' lang='lat' dir='ltr'><strong>recens</strong></span> <span class='ocrx_word' id='word_1_946' title='bbox 3194 3988 3410 4038; x_wconf 81' lang='lat' dir='ltr'><strong>servabit</strong></span> <span class='ocrx_word' id='word_1_947' title='bbox 3431 3988 3632 4039; x_wconf 90' lang='lat' dir='ltr'><strong>odorem</strong></span> 
     </span>
     <span class='ocr_line' id='line_1_132' title="bbox 2567 4063 2712 4098; baseline -0.014 0"><span class='ocrx_word' id='word_1_948' title='bbox 2567 4063 2582 4098; x_wconf 87' lang='grc' dir='ltr'>ι</span> 
     </span>
    </p>
   </div>
   <div class='ocr_carea' id='block_1_130' title="bbox 2567 4063 2712 4098">
    <p class='ocr_par' dir='ltr' id='par_1_130' title="bbox 2567 4063 2712 4098">
     <span class='ocr_line' id='line_1_133' title="bbox 2567 4063 2712 4098; baseline -0.014 0"><span class='ocrx_word' id='word_1_949' title='bbox 2567 4063 2712 4098; x_wconf 84' lang='grc' dir='ltr'><strong>ιυ.....</strong></span> 
     </span>
    </p>
   </div>
   <div class='ocr_carea' id='block_1_131' title="bbox 2307 4129 3839 4211">
    <p class='ocr_par' dir='ltr' id='par_1_131' title="bbox 2307 4129 3839 4211">
     <span class='ocr_line' id='line_1_134' title="bbox 2307 4129 3839 4211; baseline 0.004 -25"><span class='ocrx_word' id='word_1_950' title='bbox 2307 4130 2436 4211; x_wconf 47' lang='grc'><strong>,16</strong></span> <span class='ocrx_word' id='word_1_951' title='bbox 2456 4129 2528 4200; x_wconf 71' lang='grc' dir='ltr'><strong>(ι’)</strong></span> <span class='ocrx_word' id='word_1_952' title='bbox 2560 4130 2863 4211; x_wconf 58' lang='grc' dir='ltr'><strong>ρυαηιίςςίι</strong></span> <span class='ocrx_word' id='word_1_953' title='bbox 2885 4131 3068 4199; x_wconf 73' lang='lat' dir='ltr'><strong>palma:</strong></span> <span class='ocrx_word' id='word_1_954' title='bbox 3083 4131 3263 4211; x_wconf 68' lang='lat' dir='ltr'><strong>foliis.)</strong></span> <span class='ocrx_word' id='word_1_955' title='bbox 3281 4133 3633 4211; x_wconf 82' lang='lat' dir='ltr'><strong>Hieronymus</strong></span> <span class='ocrx_word' id='word_1_956' title='bbox 3650 4134 3704 4188; x_wconf 94' lang='lat' dir='ltr'><strong>in</strong></span> <span class='ocrx_word' id='word_1_957' title='bbox 3724 4136 3839 4203; x_wconf 77' lang='lat' dir='ltr'><strong>ejus</strong></span> 
     </span>
    </p>
   </div>
   <div class='ocr_carea' id='block_1_132' title="bbox 2256 4198 3840 4275">
    <p class='ocr_par' dir='ltr' id='par_1_132' title="bbox 2256 4198 3840 4275">
     <span class='ocr_line' id='line_1_135' title="bbox 2256 4198 3840 4275; baseline 0.005 -22"><span class='ocrx_word' id='word_1_958' title='bbox 2256 4198 2605 4275; x_wconf 67' lang='lat' dir='ltr'><strong>vna,‘ca&#39;p.5</strong></span> <span class='ocrx_word' id='word_1_959' title='bbox 2633 4219 2648 4255; x_wconf 88' lang='lat'><strong>:</strong></span> <span class='ocrx_word' id='word_1_960' title='bbox 2682 4220 2702 4253; x_wconf 85' lang='grc'><em>‹</em></span> <span class='ocrx_word' id='word_1_961' title='bbox 2733 4198 2921 4275; x_wconf 85' lang='lat' dir='ltr'><strong>Cibum</strong></span> <span class='ocrx_word' id='word_1_962' title='bbox 2948 4213 3002 4259; x_wconf 93' lang='lat' dir='ltr'><strong>et</strong></span> <span class='ocrx_word' id='word_1_963' title='bbox 3028 4198 3405 4275; x_wconf 77' lang='lat' dir='ltr'><strong>vestimentum</strong></span> <span class='ocrx_word' id='word_1_964' title='bbox 3430 4198 3675 4275; x_wconf 67' lang='lat' dir='ltr'><strong>ei&#39;palina</strong></span> <span class='ocrx_word' id='word_1_965' title='bbox 3702 4198 3840 4275; x_wconf 72' lang='lat' dir='ltr'><strong>prae-</strong></span> 
     </span>
    </p>
   </div>
   <div class='ocr_carea' id='block_1_133' title="bbox 2257 4270 3840 4345">
    <p class='ocr_par' dir='ltr' id='par_1_133' title="bbox 2257 4270 3840 4345">
     <span class='ocr_line' id='line_1_136' title="bbox 2257 4270 3840 4345; baseline 0.004 -19"><span class='ocrx_word' id='word_1_966' title='bbox 2257 4270 2439 4345; x_wconf 69' lang='lat' dir='ltr'><strong>bebat.</strong></span> <span class='ocrx_word' id='word_1_967' title='bbox 2474 4270 2506 4324; x_wconf 72' lang='lat' dir='ltr'><strong>r</strong></span> <span class='ocrx_word' id='word_1_968' title='bbox 2539 4273 2603 4327; x_wconf 77' lang='lat' dir='ltr'><strong>Et</strong></span> <span class='ocrx_word' id='word_1_969' title='bbox 2633 4285 2752 4342; x_wconf 90' lang='lat' dir='ltr'><strong>cap.</strong></span> <span class='ocrx_word' id='word_1_970' title='bbox 2794 4272 2863 4328; x_wconf 88' lang='grc'><strong>10</strong></span> <span class='ocrx_word' id='word_1_971' title='bbox 2895 4289 2910 4328; x_wconf 88' lang='lat'><strong>:</strong></span> <span class='ocrx_word' id='word_1_972' title='bbox 2953 4293 2994 4345; x_wconf 14' lang='grc' dir='ltr'><strong>«ί</strong></span> <span class='ocrx_word' id='word_1_973' title='bbox 3024 4273 3297 4331; x_wconf 84' lang='lat' dir='ltr'><strong>Contextis</strong></span> <span class='ocrx_word' id='word_1_974' title='bbox 3349 4270 3638 4345; x_wconf 76' lang='lat' dir='ltr'><strong>palmarum</strong></span> <span class='ocrx_word' id='word_1_975' title='bbox 3695 4270 3840 4332; x_wconf 75' lang='lat' dir='ltr'><strong>foliis</strong></span> 
     </span>
    </p>
   </div>
   <div class='ocr_carea' id='block_1_134' title="bbox 2256 4343 3840 4417">
    <p class='ocr_par' dir='ltr' id='par_1_134' title="bbox 2256 4343 3840 4417">
     <span class='ocr_line' id='line_1_137' title="bbox 2256 4343 3840 4417; baseline 0.003 -19"><span class='ocrx_word' id='word_1_976' title='bbox 2256 4343 2617 4417; x_wconf 65' lang='lat' dir='ltr'><strong>vestiebatur.</strong></span> <span class='ocrx_word' id='word_1_977' title='bbox 2639 4363 2658 4396; x_wconf 75' lang='grc' dir='ltr'><strong><em>ι</em></strong></span> <span class='ocrx_word' id='word_1_978' title='bbox 2688 4345 2897 4417; x_wconf 84' lang='lat' dir='ltr'><strong>Et_cap.</strong></span> <span class='ocrx_word' id='word_1_979' title='bbox 2931 4344 2998 4417; x_wconf 78' lang='grc'><strong>15</strong></span> <span class='ocrx_word' id='word_1_980' title='bbox 3028 4362 3042 4400; x_wconf 89' lang='lat'><strong>:</strong></span> <span class='ocrx_word' id='word_1_981' title='bbox 3071 4363 3090 4395; x_wconf 84' lang='grc'><em>‹</em></span> <span class='ocrx_word' id='word_1_982' title='bbox 3123 4347 3293 4412; x_wconf 90' lang='lat' dir='ltr'><strong>Quam</strong></span> <span class='ocrx_word' id='word_1_983' title='bbox 3318 4343 3368 4401; x_wconf 83' lang='lat' dir='ltr'><strong>in</strong></span> <span class='ocrx_word' id='word_1_984' title='bbox 3391 4356 3697 4417; x_wconf 85' lang='lat' dir='ltr'><strong>sportaruin</strong></span> <span class='ocrx_word' id='word_1_985' title='bbox 3723 4363 3840 4402; x_wconf 85' lang='lat' dir='ltr'><strong>mo-</strong></span> 
     </span>
    </p>
   </div>
   <div class='ocr_carea' id='block_1_135' title="bbox 2258 4413 3842 4486">
    <p class='ocr_par' dir='ltr' id='par_1_135' title="bbox 2258 4413 3842 4486">
     <span class='ocr_line' id='line_1_138' title="bbox 2258 4413 3842 4486; baseline 0.004 -18"><span class='ocrx_word' id='word_1_986' title='bbox 2258 4413 2407 4480; x_wconf 90' lang='lat' dir='ltr'><strong>dum,</strong></span> <span class='ocrx_word' id='word_1_987' title='bbox 2439 4415 2506 4486; x_wconf 86' lang='lat' dir='ltr'><strong>de</strong></span> <span class='ocrx_word' id='word_1_988' title='bbox 2536 4415 2729 4483; x_wconf 67' lang='lat' dir='ltr'><strong>palmae</strong></span> <span class='ocrx_word' id='word_1_989' title='bbox 2755 4414 2899 4470; x_wconf 89' lang='lat' dir='ltr'><strong>foliis</strong></span> <span class='ocrx_word' id='word_1_990' title='bbox 2943 4416 3056 4484; x_wconf 90' lang='lat' dir='ltr'><strong>ipse</strong></span> <span class='ocrx_word' id='word_1_991' title='bbox 3081 4417 3180 4471; x_wconf 87' lang='lat' dir='ltr'><strong>sibi</strong></span> <span class='ocrx_word' id='word_1_992' title='bbox 3207 4413 3575 4474; x_wconf 79' lang='lat' dir='ltr'><strong>contexuerat.</strong></span> <span class='ocrx_word' id='word_1_993' title='bbox 3615 4437 3634 4471; x_wconf 86' lang='grc'><strong>›</strong></span> <span class='ocrx_word' id='word_1_994' title='bbox 3670 4419 3842 4486; x_wconf 83' lang='lat' dir='ltr'><strong>Quam</strong></span> 
     </span>
    </p>
   </div>
   <div class='ocr_carea' id='block_1_136' title="bbox 2259 4485 3844 4554">
    <p class='ocr_par' dir='ltr' id='par_1_136' title="bbox 2259 4485 3844 4554">
     <span class='ocr_line' id='line_1_139' title="bbox 2259 4485 3844 4554; baseline 0.004 -16"><span class='ocrx_word' id='word_1_995' title='bbox 2259 4485 2597 4554; x_wconf 90' lang='lat' dir='ltr'><strong>postmodum</strong></span> <span class='ocrx_word' id='word_1_996' title='bbox 2632 4489 2749 4554; x_wconf 90' lang='lat' dir='ltr'><strong>pius</strong></span> <span class='ocrx_word' id='word_1_997' title='bbox 2781 4487 2955 4541; x_wconf 68' lang='lat' dir='ltr'><strong>haeres</strong></span> <span class='ocrx_word' id='word_1_998' title='bbox 2981 4489 3245 4543; x_wconf 79' lang='lat' dir='ltr'><strong>Antonius</strong></span> <span class='ocrx_word' id='word_1_999' title='bbox 3289 4503 3355 4545; x_wconf 89' lang='lat' dir='ltr'><strong>ex</strong></span> <span class='ocrx_word' id='word_1_1000' title='bbox 3402 4490 3637 4544; x_wconf 84' lang='lat' dir='ltr'><strong>intestati</strong></span> <span class='ocrx_word' id='word_1_1001' title='bbox 3684 4490 3844 4545; x_wconf 73' lang='lat' dir='ltr'><strong>bonis</strong></span> 
     </span>
    </p>
   </div>
   <div class='ocr_carea' id='block_1_137' title="bbox 2259 4555 3060 4626">
    <p class='ocr_par' dir='ltr' id='par_1_137' title="bbox 2259 4555 3060 4626">
     <span class='ocr_line' id='line_1_140' title="bbox 2259 4555 3060 4626; baseline -0.001 -15"><span class='ocrx_word' id='word_1_1002' title='bbox 2259 4555 2519 4625; x_wconf 88' lang='lat' dir='ltr'><strong>possedit,</strong></span> <span class='ocrx_word' id='word_1_1003' title='bbox 2548 4567 2601 4610; x_wconf 92' lang='lat' dir='ltr'><strong>ut</strong></span> <span class='ocrx_word' id='word_1_1004' title='bbox 2632 4557 2796 4612; x_wconf 82' lang='lat' dir='ltr'><strong>habes</strong></span> <span class='ocrx_word' id='word_1_1005' title='bbox 2823 4572 2940 4626; x_wconf 91' lang='lat' dir='ltr'><strong>cap.</strong></span> <span class='ocrx_word' id='word_1_1006' title='bbox 2973 4559 3060 4613; x_wconf 82' lang='grc'><strong>15.</strong></span> 
     </span>
    </p>
   </div>
   <div class='ocr_carea' id='block_1_138' title="bbox 2188 4627 3845 4750">
    <p class='ocr_par' dir='ltr' id='par_1_138' title="bbox 2188 4627 3845 4750">
     <span class='ocr_line' id='line_1_141' title="bbox 2188 4627 3845 4727; baseline 0.005 -49"><span class='ocrx_word' id='word_1_1007' title='bbox 2188 4667 2238 4727; x_wconf 81' lang='lat' dir='ltr'><strong>D</strong></span> <span class='ocrx_word' id='word_1_1008' title='bbox 2332 4628 2543 4708; x_wconf 61' lang='grc' dir='ltr'><strong>ρωπος-ει</strong></span> <span class='ocrx_word' id='word_1_1009' title='bbox 2575 4627 2897 4709; x_wconf 47' lang='grc' dir='ltr'><strong>ιιίοβιὶψιίε</strong></span> <span class='ocrx_word' id='word_1_1010' title='bbox 2927 4641 3023 4682; x_wconf 92' lang='lat' dir='ltr'><strong>cur</strong></span> <span class='ocrx_word' id='word_1_1011' title='bbox 3055 4640 3160 4683; x_wconf 90' lang='lat' dir='ltr'><strong>tam</strong></span> <span class='ocrx_word' id='word_1_1012' title='bbox 3204 4632 3356 4701; x_wconf 85' lang='lat' dir='ltr'><strong>pauci</strong></span> <span class='ocrx_word' id='word_1_1013' title='bbox 3405 4638 3640 4687; x_wconf 87' lang='lat' dir='ltr'><strong>veterum</strong></span> <span class='ocrx_word' id='word_1_1014' title='bbox 3691 4628 3845 4686; x_wconf 78' lang='lat' dir='ltr'><strong>Pauli</strong></span> 
     </span>
     <span class='ocr_line' id='line_1_142' title="bbox 2266 4696 3845 4750; baseline 0 0"><span class='ocrx_word' id='word_1_1015' title='bbox 2266 4696 2482 4750; x_wconf 69' lang='lat' dir='ltr'><strong>Theban</strong></span> <span class='ocrx_word' id='word_1_1016' title='bbox 2535 4699 2918 4750; x_wconf 81' lang='lat' dir='ltr'><strong>meminerint?</strong></span> <span class='ocrx_word' id='word_1_1017' title='bbox 2947 4698 3300 4750; x_wconf 78' lang='lat' dir='ltr'><strong>Resnondeo-</strong></span> <span class='ocrx_word' id='word_1_1018' title='bbox 3329 4702 3449 4750; x_wconf 84' lang='lat' dir='ltr'><strong>auia</strong></span> <span class='ocrx_word' id='word_1_1019' title='bbox 3493 4710 3656 4750; x_wconf 84' lang='lat' dir='ltr'><strong>totam</strong></span> <span class='ocrx_word' id='word_1_1020' title='bbox 3710 4717 3845 4750; x_wconf 79' lang='lat' dir='ltr'><strong>nene</strong></span> 
     </span>
    </p>
   </div>
   <div class='ocr_carea' id='block_1_139' title="bbox 2329 4698 3846 4769">
    <p class='ocr_par' dir='ltr' id='par_1_139' title="bbox 2329 4698 3846 4769">
     <span class='ocr_line' id='line_1_143' title="bbox 2329 4698 3846 4769; baseline 0.005 -21"><span class='ocrx_word' id='word_1_1021' title='bbox 2329 4698 2482 4752; x_wconf 80' lang='lat' dir='ltr'><strong>iebaei</strong></span> <span class='ocrx_word' id='word_1_1022' title='bbox 2513 4699 2918 4769; x_wconf 81' lang='lat' dir='ltr'><strong>meminerint?</strong></span> <span class='ocrx_word' id='word_1_1023' title='bbox 2947 4698 3265 4768; x_wconf 79' lang='lat' dir='ltr'><strong>Respondeo</strong></span> <span class='ocrx_word' id='word_1_1024' title='bbox 3287 4743 3300 4764; x_wconf 95' lang='lat'><strong>,</strong></span> <span class='ocrx_word' id='word_1_1025' title='bbox 3329 4702 3449 4768; x_wconf 92' lang='lat' dir='ltr'><strong>quia</strong></span> <span class='ocrx_word' id='word_1_1026' title='bbox 3493 4710 3656 4756; x_wconf 90' lang='lat' dir='ltr'><strong>totam</strong></span> <span class='ocrx_word' id='word_1_1027' title='bbox 3710 4717 3846 4769; x_wconf 88' lang='lat' dir='ltr'><strong>pene</strong></span> 
     </span>
    </p>
   </div>
   <div class='ocr_carea' id='block_1_140' title="bbox 2269 4768 3848 4841">
    <p class='ocr_par' dir='ltr' id='par_1_140' title="bbox 2269 4768 3848 4841">
     <span class='ocr_line' id='line_1_144' title="bbox 2269 4768 3848 4841; baseline 0.004 -19"><span class='ocrx_word' id='word_1_1028' title='bbox 2269 4777 2484 4822; x_wconf 64' lang='lat' dir='ltr'><strong>aetatem</strong></span> <span class='ocrx_word' id='word_1_1029' title='bbox 2509 4768 2561 4823; x_wconf 90' lang='lat' dir='ltr'><strong>in</strong></span> <span class='ocrx_word' id='word_1_1030' title='bbox 2589 4783 2774 4841; x_wconf 87' lang='lat' dir='ltr'><strong>eremo</strong></span> <span class='ocrx_word' id='word_1_1031' title='bbox 2799 4770 2948 4836; x_wconf 84' lang='lat' dir='ltr'><strong>vixit,</strong></span> <span class='ocrx_word' id='word_1_1032' title='bbox 2979 4771 3190 4841; x_wconf 83' lang='lat' dir='ltr'><strong>ignotus</strong></span> <span class='ocrx_word' id='word_1_1033' title='bbox 3217 4772 3484 4840; x_wconf 89' lang='lat' dir='ltr'><strong>omnibus,</strong></span> <span class='ocrx_word' id='word_1_1034' title='bbox 3506 4774 3607 4826; x_wconf 90' lang='lat' dir='ltr'><strong>sibi</strong></span> <span class='ocrx_word' id='word_1_1035' title='bbox 3635 4768 3848 4841; x_wconf 79' lang='lat' dir='ltr'><strong>Deoquo</strong></span> 
     </span>
    </p>
   </div>
   <div class='ocr_carea' id='block_1_141' title="bbox 2266 4840 3842 4911">
    <p class='ocr_par' dir='ltr' id='par_1_141' title="bbox 2266 4840 3842 4911">
     <span class='ocr_line' id='line_1_145' title="bbox 2266 4840 3842 4911; baseline 0.004 -19"><span class='ocrx_word' id='word_1_1036' title='bbox 2266 4846 2470 4894; x_wconf 89' lang='lat' dir='ltr'><strong>tantum</strong></span> <span class='ocrx_word' id='word_1_1037' title='bbox 2499 4847 2672 4896; x_wconf 89' lang='lat' dir='ltr'><strong>notus.</strong></span> <span class='ocrx_word' id='word_1_1038' title='bbox 2709 4840 2785 4896; x_wconf 90' lang='lat' dir='ltr'><strong>De</strong></span> <span class='ocrx_word' id='word_1_1039' title='bbox 2822 4856 2928 4911; x_wconf 94' lang='lat' dir='ltr'><strong>quo</strong></span> <span class='ocrx_word' id='word_1_1040' title='bbox 2954 4840 3060 4897; x_wconf 89' lang='lat' dir='ltr'><strong>non</strong></span> <span class='ocrx_word' id='word_1_1041' title='bbox 3092 4843 3191 4895; x_wconf 91' lang='lat' dir='ltr'><strong>nisi</strong></span> <span class='ocrx_word' id='word_1_1042' title='bbox 3214 4842 3432 4897; x_wconf 89' lang='lat' dir='ltr'><strong>Antonii</strong></span> <span class='ocrx_word' id='word_1_1043' title='bbox 3463 4843 3632 4897; x_wconf 90' lang='lat' dir='ltr'><strong>relatu</strong></span> <span class='ocrx_word' id='word_1_1044' title='bbox 3674 4840 3842 4909; x_wconf 83' lang='lat' dir='ltr'><strong>pauca</strong></span> 
     </span>
    </p>
   </div>
   <div class='ocr_carea' id='block_1_142' title="bbox 2265 4911 3848 4981">
    <p class='ocr_par' dir='ltr' id='par_1_142' title="bbox 2265 4911 3848 4981">
     <span class='ocr_line' id='line_1_146' title="bbox 2265 4911 3848 4981; baseline 0.003 -17"><span class='ocrx_word' id='word_1_1045' title='bbox 2265 4911 2508 4979; x_wconf 70' lang='lat' dir='ltr'><strong>quiedam</strong></span> <span class='ocrx_word' id='word_1_1046' title='bbox 2548 4912 2779 4980; x_wconf 88' lang='lat' dir='ltr'><strong>cognita.</strong></span> <span class='ocrx_word' id='word_1_1047' title='bbox 2817 4931 2836 4963; x_wconf 71' lang='grc' dir='ltr'>ι</span> <span class='ocrx_word' id='word_1_1048' title='bbox 2869 4911 3001 4966; x_wconf 85' lang='lat' dir='ltr'><strong>Nam</strong></span> <span class='ocrx_word' id='word_1_1049' title='bbox 3043 4913 3311 4981; x_wconf 90' lang='lat' dir='ltr'><strong>quomodo</strong></span> <span class='ocrx_word' id='word_1_1050' title='bbox 3357 4912 3409 4967; x_wconf 93' lang='lat' dir='ltr'><strong>in</strong></span> <span class='ocrx_word' id='word_1_1051' title='bbox 3463 4913 3636 4969; x_wconf 90' lang='lat' dir='ltr'><strong>media</strong></span> <span class='ocrx_word' id='word_1_1052' title='bbox 3689 4921 3848 4969; x_wconf 74' lang='lat' dir='ltr'><strong>aetate</strong></span> 
     </span>
    </p>
   </div>
   <div class='ocr_carea' id='block_1_143' title="bbox 2268 4981 3949 5051">
    <p class='ocr_par' dir='ltr' id='par_1_143' title="bbox 2268 4981 3949 5051">
     <span class='ocr_line' id='line_1_147' title="bbox 2268 4981 3949 5051; baseline 0.002 -17"><span class='ocrx_word' id='word_1_1053' title='bbox 2268 4981 2480 5047; x_wconf 86' lang='lat' dir='ltr'><strong>vixerit,</strong></span> <span class='ocrx_word' id='word_1_1054' title='bbox 2509 4990 2602 5036; x_wconf 93' lang='lat' dir='ltr'><strong>aut</strong></span> <span class='ocrx_word' id='word_1_1055' title='bbox 2623 4996 2755 5051; x_wconf 88' lang='lat' dir='ltr'><strong>quas</strong></span> <span class='ocrx_word' id='word_1_1056' title='bbox 2784 4982 2996 5038; x_wconf 80' lang='lat' dir='ltr'><strong>Satanae</strong></span> <span class='ocrx_word' id='word_1_1057' title='bbox 3024 4984 3300 5051; x_wconf 89' lang='lat' dir='ltr'><strong>pertulerit</strong></span> <span class='ocrx_word' id='word_1_1058' title='bbox 3321 4983 3563 5050; x_wconf 84' lang='lat' dir='ltr'><strong>insidias,</strong></span> <span class='ocrx_word' id='word_1_1059' title='bbox 3592 4984 3721 5038; x_wconf 90' lang='lat' dir='ltr'><strong>nulli</strong></span> <span class='ocrx_word' id='word_1_1060' title='bbox 3747 4983 3847 5038; x_wconf 83' lang='lat' dir='ltr'><strong>ho-</strong></span> <span class='ocrx_word' id='word_1_1061' title='bbox 3945 5013 3949 5016; x_wconf 55' lang='grc' dir='ltr'>λ</span> 
     </span>
    </p>
   </div>
   <div class='ocr_carea' id='block_1_144' title="bbox 2268 5051 3846 5137">
    <p class='ocr_par' dir='ltr' id='par_1_144' title="bbox 2268 5051 3846 5137">
     <span class='ocr_line' id='line_1_148' title="bbox 2268 5051 3846 5137; baseline 0.001 -31"><span class='ocrx_word' id='word_1_1062' title='bbox 2268 5052 2473 5137; x_wconf 61' lang='lat' dir='ltr'><strong>mitium</strong></span> <span class='ocrx_word' id='word_1_1063' title='bbox 2502 5051 3106 5137; x_wconf 33' lang='lat' dir='ltr'><strong>compertu‘rii‘habetur,</strong></span> <span class='ocrx_word' id='word_1_1064' title='bbox 3147 5070 3167 5106; x_wconf 72' lang='grc' dir='ltr'><strong><em>ι</em></strong></span> <span class='ocrx_word' id='word_1_1065' title='bbox 3201 5065 3258 5135; x_wconf 83' lang='lat' dir='ltr'><strong>ut</strong></span> <span class='ocrx_word' id='word_1_1066' title='bbox 3285 5055 3744 5137; x_wconf 77' lang='lat' dir='ltr'><strong>ait_Hieronymus</strong></span> <span class='ocrx_word' id='word_1_1067' title='bbox 3789 5056 3846 5109; x_wconf 86' lang='lat' dir='ltr'><strong>in</strong></span> 
     </span>
    </p>
   </div>
   <div class='ocr_carea' id='block_1_145' title="bbox 2269 5121 3850 5195">
    <p class='ocr_par' dir='ltr' id='par_1_145' title="bbox 2269 5121 3850 5195">
     <span class='ocr_line' id='line_1_149' title="bbox 2269 5121 3850 5195; baseline 0.001 -19"><span class='ocrx_word' id='word_1_1068' title='bbox 2269 5124 2505 5195; x_wconf 74' lang='lat' dir='ltr'><strong>prologo</strong></span> <span class='ocrx_word' id='word_1_1069' title='bbox 2518 5121 2582 5176; x_wconf 90' lang='lat' dir='ltr'><strong>ad</strong></span> <span class='ocrx_word' id='word_1_1070' title='bbox 2609 5122 2749 5195; x_wconf 78' lang='lat' dir='ltr'><strong>hanc</strong></span> <span class='ocrx_word' id='word_1_1071' title='bbox 2774 5123 2970 5178; x_wconf 90' lang='lat' dir='ltr'><strong>Vitam.</strong></span> <span class='ocrx_word' id='word_1_1072' title='bbox 3003 5128 3178 5190; x_wconf 85' lang='lat' dir='ltr'><strong>Quare</strong></span> <span class='ocrx_word' id='word_1_1073' title='bbox 3207 5125 3322 5194; x_wconf 89' lang='lat' dir='ltr'><strong>ipse</strong></span> <span class='ocrx_word' id='word_1_1074' title='bbox 3345 5124 3414 5180; x_wconf 91' lang='lat' dir='ltr'><strong>de</strong></span> <span class='ocrx_word' id='word_1_1075' title='bbox 3441 5121 3702 5195; x_wconf 87' lang='lat' dir='ltr'><strong>principio</strong></span> <span class='ocrx_word' id='word_1_1076' title='bbox 3731 5133 3850 5178; x_wconf 84' lang='lat' dir='ltr'><strong>tan-</strong></span> 
     </span>
    </p>
   </div>
   <div class='ocr_carea' id='block_1_146' title="bbox 2272 5191 3850 5265">
    <p class='ocr_par' dir='ltr' id='par_1_146' title="bbox 2272 5191 3850 5265">
     <span class='ocr_line' id='line_1_150' title="bbox 2272 5191 3850 5265; baseline 0.002 -17"><span class='ocrx_word' id='word_1_1077' title='bbox 2272 5191 2385 5248; x_wconf 89' lang='lat' dir='ltr'><strong>tum</strong></span> <span class='ocrx_word' id='word_1_1078' title='bbox 2411 5191 2464 5248; x_wconf 86' lang='lat' dir='ltr'><strong>et</strong></span> <span class='ocrx_word' id='word_1_1079' title='bbox 2479 5191 2583 5265; x_wconf 84' lang='lat' dir='ltr'><strong>line</strong></span> <span class='ocrx_word' id='word_1_1080' title='bbox 2607 5193 2750 5249; x_wconf 89' lang='lat' dir='ltr'><strong>Pauli</strong></span> <span class='ocrx_word' id='word_1_1081' title='bbox 2773 5207 2937 5263; x_wconf 90' lang='lat' dir='ltr'><strong>pauca</strong></span> <span class='ocrx_word' id='word_1_1082' title='bbox 2959 5209 3019 5250; x_wconf 91' lang='lat' dir='ltr'><strong>se</strong></span> <span class='ocrx_word' id='word_1_1083' title='bbox 3039 5191 3358 5264; x_wconf 86' lang='lat' dir='ltr'><strong>scripturum</strong></span> <span class='ocrx_word' id='word_1_1084' title='bbox 3381 5191 3682 5265; x_wconf 75' lang='lat' dir='ltr'><strong>profitetur,</strong></span> <span class='ocrx_word' id='word_1_1085' title='bbox 3705 5195 3850 5265; x_wconf 87' lang='lat' dir='ltr'><strong>quod</strong></span> 
     </span>
    </p>
   </div>
   <div class='ocr_carea' id='block_1_147' title="bbox 2265 5262 3852 5336">
    <p class='ocr_par' dir='ltr' id='par_1_147' title="bbox 2265 5262 3852 5336">
     <span class='ocr_line' id='line_1_151' title="bbox 2265 5262 3852 5336; baseline 0.001 -18"><span class='ocrx_word' id='word_1_1086' title='bbox 2265 5277 2331 5318; x_wconf 82' lang='lat' dir='ltr'><strong>ea</strong></span> <span class='ocrx_word' id='word_1_1087' title='bbox 2363 5279 2451 5318; x_wconf 89' lang='lat' dir='ltr'><strong>res</strong></span> <span class='ocrx_word' id='word_1_1088' title='bbox 2479 5262 2545 5317; x_wconf 90' lang='lat' dir='ltr'><strong>ad</strong></span> <span class='ocrx_word' id='word_1_1089' title='bbox 2571 5279 2722 5319; x_wconf 85' lang='lat' dir='ltr'><strong>suam</strong></span> <span class='ocrx_word' id='word_1_1090' title='bbox 2754 5262 2920 5336; x_wconf 84' lang='lat' dir='ltr'><strong>usque</strong></span> <span class='ocrx_word' id='word_1_1091' title='bbox 2950 5262 3164 5336; x_wconf 68' lang='lat' dir='ltr'><strong>aetatem</strong></span> <span class='ocrx_word' id='word_1_1092' title='bbox 3213 5262 3411 5322; x_wconf 78' lang='lat' dir='ltr'><strong>omissa</strong></span> <span class='ocrx_word' id='word_1_1093' title='bbox 3454 5264 3649 5321; x_wconf 89' lang='lat' dir='ltr'><strong>fuerat.</strong></span> <span class='ocrx_word' id='word_1_1094' title='bbox 3679 5262 3852 5333; x_wconf 78' lang='lat' dir='ltr'><strong>Quam</strong></span> 
     </span>
    </p>
   </div>
   <div class='ocr_carea' id='block_1_148' title="bbox 2267 5334 3850 5408">
    <p class='ocr_par' dir='ltr' id='par_1_148' title="bbox 2267 5334 3850 5408">
     <span class='ocr_line' id='line_1_152' title="bbox 2267 5334 3850 5408; baseline 0 -18"><span class='ocrx_word' id='word_1_1095' title='bbox 2267 5348 2483 5408; x_wconf 79' lang='lat' dir='ltr'><strong>causam</strong></span> <span class='ocrx_word' id='word_1_1096' title='bbox 2510 5349 2722 5408; x_wconf 84' lang='lat' dir='ltr'><strong>quoque</strong></span> <span class='ocrx_word' id='word_1_1097' title='bbox 2742 5334 2907 5392; x_wconf 80' lang='lat' dir='ltr'><strong>fuisse</strong></span> <span class='ocrx_word' id='word_1_1098' title='bbox 2931 5334 3180 5393; x_wconf 90' lang='lat' dir='ltr'><strong>existimo</strong></span> <span class='ocrx_word' id='word_1_1099' title='bbox 3203 5352 3300 5391; x_wconf 90' lang='lat' dir='ltr'><strong>cur</strong></span> <span class='ocrx_word' id='word_1_1100' title='bbox 3325 5337 3630 5408; x_wconf 89' lang='lat' dir='ltr'><strong>Hieronymi</strong></span> <span class='ocrx_word' id='word_1_1101' title='bbox 3654 5340 3850 5391; x_wconf 88' lang='lat' dir='ltr'><strong>adver-</strong></span> 
     </span>
    </p>
   </div>
   <div class='ocr_carea' id='block_1_149' title="bbox 2262 5405 3852 5475">
    <p class='ocr_par' dir='ltr' id='par_1_149' title="bbox 2262 5405 3852 5475">
     <span class='ocr_line' id='line_1_153' title="bbox 2262 5405 3852 5475; baseline 0.002 -16"><span class='ocrx_word' id='word_1_1102' title='bbox 2262 5405 2392 5460; x_wconf 89' lang='lat' dir='ltr'><strong>sarii</strong></span> <span class='ocrx_word' id='word_1_1103' title='bbox 2408 5405 2518 5475; x_wconf 87' lang='lat' dir='ltr'><strong>jam</strong></span> <span class='ocrx_word' id='word_1_1104' title='bbox 2534 5405 2682 5474; x_wconf 87' lang='lat' dir='ltr'><strong>olim,</strong></span> <span class='ocrx_word' id='word_1_1105' title='bbox 2712 5415 2768 5462; x_wconf 94' lang='lat' dir='ltr'><strong>ut</strong></span> <span class='ocrx_word' id='word_1_1106' title='bbox 2789 5417 2912 5462; x_wconf 90' lang='lat' dir='ltr'><strong>ante</strong></span> <span class='ocrx_word' id='word_1_1107' title='bbox 2938 5407 3192 5473; x_wconf 88' lang='lat' dir='ltr'><strong>vidimus,</strong></span> <span class='ocrx_word' id='word_1_1108' title='bbox 3215 5408 3282 5462; x_wconf 90' lang='lat' dir='ltr'><strong>de</strong></span> <span class='ocrx_word' id='word_1_1109' title='bbox 3308 5408 3469 5463; x_wconf 87' lang='lat' dir='ltr'><strong>Paulo</strong></span> <span class='ocrx_word' id='word_1_1110' title='bbox 3492 5405 3593 5463; x_wconf 78' lang='lat' dir='ltr'><strong>hoc</strong></span> <span class='ocrx_word' id='word_1_1111' title='bbox 3611 5408 3852 5464; x_wconf 66' lang='lat' dir='ltr'><strong>Thebaa</strong></span> 
     </span>
    </p>
   </div>
   <div class='ocr_carea' id='block_1_150' title="bbox 2266 5476 3848 5548">
    <p class='ocr_par' dir='ltr' id='par_1_150' title="bbox 2266 5476 3848 5548">
     <span class='ocr_line' id='line_1_154' title="bbox 2266 5476 3848 5548; baseline 0.001 -17"><span class='ocrx_word' id='word_1_1112' title='bbox 2266 5476 2649 5548; x_wconf 84' lang='lat' dir='ltr'><strong>dubitaverint,</strong></span> <span class='ocrx_word' id='word_1_1113' title='bbox 2678 5479 3046 5534; x_wconf 78' lang='lat' dir='ltr'><strong>existimantes</strong></span> <span class='ocrx_word' id='word_1_1114' title='bbox 3067 5493 3192 5534; x_wconf 93' lang='lat' dir='ltr'><strong>eum</strong></span> <span class='ocrx_word' id='word_1_1115' title='bbox 3219 5493 3324 5532; x_wconf 88' lang='lat' dir='ltr'><strong>nun</strong></span> <span class='ocrx_word' id='word_1_1116' title='bbox 3364 5477 3530 5534; x_wconf 87' lang='lat' dir='ltr'><strong>fuisse</strong></span> <span class='ocrx_word' id='word_1_1117' title='bbox 3573 5479 3660 5548; x_wconf 90' lang='lat' dir='ltr'><strong>qui</strong></span> <span class='ocrx_word' id='word_1_1118' title='bbox 3703 5493 3848 5534; x_wconf 82' lang='lat' dir='ltr'><strong>sem-</strong></span> 
     </span>
    </p>
   </div>
   <div class='ocr_carea' id='block_1_151' title="bbox 2268 5547 3850 5617">
    <p class='ocr_par' dir='ltr' id='par_1_151' title="bbox 2268 5547 3850 5617">
     <span class='ocr_line' id='line_1_155' title="bbox 2268 5547 3850 5617; baseline 0.001 -17"><span class='ocrx_word' id='word_1_1119' title='bbox 2268 5561 2363 5616; x_wconf 89' lang='lat' dir='ltr'><strong>per</strong></span> <span class='ocrx_word' id='word_1_1120' title='bbox 2409 5548 2464 5602; x_wconf 94' lang='lat' dir='ltr'><strong>in</strong></span> <span class='ocrx_word' id='word_1_1121' title='bbox 2515 5547 2801 5603; x_wconf 90' lang='lat' dir='ltr'><strong>solitudine</strong></span> <span class='ocrx_word' id='word_1_1122' title='bbox 2846 5549 3056 5615; x_wconf 87' lang='lat' dir='ltr'><strong>vixerit,</strong></span> <span class='ocrx_word' id='word_1_1123' title='bbox 3111 5560 3165 5605; x_wconf 90' lang='lat' dir='ltr'><strong>et</strong></span> <span class='ocrx_word' id='word_1_1124' title='bbox 3216 5550 3365 5617; x_wconf 88' lang='lat' dir='ltr'><strong>cujus</strong></span> <span class='ocrx_word' id='word_1_1125' title='bbox 3410 5547 3633 5617; x_wconf 80' lang='lat' dir='ltr'><strong>proinde</strong></span> <span class='ocrx_word' id='word_1_1126' title='bbox 3686 5548 3850 5617; x_wconf 72' lang='lat' dir='ltr'><strong>nutli,’</strong></span> 
     </span>
    </p>
   </div>
   <div class='ocr_carea' id='block_1_152' title="bbox 2268 5619 3486 5689">
    <p class='ocr_par' dir='ltr' id='par_1_152' title="bbox 2268 5619 3486 5689">
     <span class='ocr_line' id='line_1_156' title="bbox 2268 5619 3486 5689; baseline 0.002 -18"><span class='ocrx_word' id='word_1_1127' title='bbox 2268 5630 2466 5687; x_wconf 69' lang='lat' dir='ltr'><strong>prmter</strong></span> <span class='ocrx_word' id='word_1_1128' title='bbox 2495 5634 2656 5672; x_wconf 90' lang='lat' dir='ltr'><strong>unum</strong></span> <span class='ocrx_word' id='word_1_1129' title='bbox 2688 5619 3066 5689; x_wconf 82' lang='lat' dir='ltr'><strong>Hieronymum</strong></span> <span class='ocrx_word' id='word_1_1130' title='bbox 3095 5619 3486 5676; x_wconf 88' lang='lat' dir='ltr'><strong>meminissent.</strong></span> 
     </span>
    </p>
   </div>
   <div class='ocr_carea' id='block_1_153' title="bbox 2345 5689 3852 5762">
    <p class='ocr_par' dir='ltr' id='par_1_153' title="bbox 2345 5689 3852 5762">
     <span class='ocr_line' id='line_1_157' title="bbox 2345 5689 3852 5762; baseline 0.001 -18"><span class='ocrx_word' id='word_1_1131' title='bbox 2345 5689 2496 5744; x_wconf 89' lang='lat' dir='ltr'><strong>Unde</strong></span> <span class='ocrx_word' id='word_1_1132' title='bbox 2533 5690 2714 5762; x_wconf 89' lang='lat' dir='ltr'><strong>colligi</strong></span> <span class='ocrx_word' id='word_1_1133' title='bbox 2762 5703 2975 5759; x_wconf 88' lang='lat' dir='ltr'><strong>quoque</strong></span> <span class='ocrx_word' id='word_1_1134' title='bbox 3021 5700 3195 5758; x_wconf 87' lang='lat' dir='ltr'><strong>potest</strong></span> <span class='ocrx_word' id='word_1_1135' title='bbox 3238 5689 3418 5744; x_wconf 84' lang='lat' dir='ltr'><strong>divum</strong></span> <span class='ocrx_word' id='word_1_1136' title='bbox 3466 5691 3852 5762; x_wconf 86' lang='lat' dir='ltr'><strong>Hieronymum</strong></span> 
     </span>
    </p>
   </div>
   <div class='ocr_carea' id='block_1_154' title="bbox 2274 5759 3853 5831">
    <p class='ocr_par' dir='ltr' id='par_1_154' title="bbox 2274 5759 3853 5831">
     <span class='ocr_line' id='line_1_158' title="bbox 2274 5759 3853 5831; baseline 0.001 -16"><span class='ocrx_word' id='word_1_1137' title='bbox 2274 5759 2420 5815; x_wconf 89' lang='lat' dir='ltr'><strong>Pauli</strong></span> <span class='ocrx_word' id='word_1_1138' title='bbox 2451 5759 2688 5815; x_wconf 74' lang='lat' dir='ltr'><strong>cremitale</strong></span> <span class='ocrx_word' id='word_1_1139' title='bbox 2713 5769 2861 5831; x_wconf 82' lang='lat' dir='ltr'><strong>gesta</strong></span> <span class='ocrx_word' id='word_1_1140' title='bbox 2889 5769 3252 5831; x_wconf 85' lang='lat' dir='ltr'><strong>posterorum</strong></span> <span class='ocrx_word' id='word_1_1141' title='bbox 3302 5762 3575 5816; x_wconf 60' lang='lat' dir='ltr'><strong>memoriae</strong></span> <span class='ocrx_word' id='word_1_1142' title='bbox 3621 5759 3853 5829; x_wconf 83' lang='lat' dir='ltr'><strong>primum</strong></span> 
     </span>
    </p>
   </div>
   <div class='ocr_carea' id='block_1_155' title="bbox 2273 5830 3854 5901">
    <p class='ocr_par' dir='ltr' id='par_1_155' title="bbox 2273 5830 3854 5901">
     <span class='ocr_line' id='line_1_159' title="bbox 2273 5830 3854 5901; baseline 0.002 -14"><span class='ocrx_word' id='word_1_1143' title='bbox 2273 5833 2486 5901; x_wconf 84' lang='lat' dir='ltr'><strong>scriptis</strong></span> <span class='ocrx_word' id='word_1_1144' title='bbox 2517 5830 2830 5899; x_wconf 87' lang='lat' dir='ltr'><strong>prodidisse.</strong></span> <span class='ocrx_word' id='word_1_1145' title='bbox 2858 5830 2987 5887; x_wconf 84' lang='lat' dir='ltr'><strong>Nam</strong></span> <span class='ocrx_word' id='word_1_1146' title='bbox 3013 5839 3068 5887; x_wconf 87' lang='lat' dir='ltr'><strong>et</strong></span> <span class='ocrx_word' id='word_1_1147' title='bbox 3095 5832 3140 5887; x_wconf 90' lang='lat' dir='ltr'><strong>si</strong></span> <span class='ocrx_word' id='word_1_1148' title='bbox 3165 5833 3217 5887; x_wconf 91' lang='lat' dir='ltr'><strong>in</strong></span> <span class='ocrx_word' id='word_1_1149' title='bbox 3248 5832 3496 5887; x_wconf 80' lang='lat' dir='ltr'><strong>Bavarica</strong></span> <span class='ocrx_word' id='word_1_1150' title='bbox 3527 5833 3854 5890; x_wconf 77' lang='lat' dir='ltr'><strong>Bibiimheca</strong></span> 
     </span>
    </p>
   </div>
   <div class='ocr_carea' id='block_1_156' title="bbox 2274 5903 3856 5977">
    <p class='ocr_par' dir='ltr' id='par_1_156' title="bbox 2274 5903 3856 5977">
     <span class='ocr_line' id='line_1_160' title="bbox 2274 5903 3856 5977; baseline 0.001 -19"><span class='ocrx_word' id='word_1_1151' title='bbox 2274 5904 2519 5975; x_wconf 65' lang='lat' dir='ltr'><strong>quaedam</strong></span> <span class='ocrx_word' id='word_1_1152' title='bbox 2566 5903 2754 5962; x_wconf 57' lang='lat' dir='ltr'><strong>Grasse</strong></span> <span class='ocrx_word' id='word_1_1153' title='bbox 2803 5914 3043 5976; x_wconf 82' lang='lat' dir='ltr'><strong>exstent,</strong></span> <span class='ocrx_word' id='word_1_1154' title='bbox 3092 5920 3211 5977; x_wconf 76' lang='lat' dir='ltr'><strong>qua:</strong></span> <span class='ocrx_word' id='word_1_1155' title='bbox 3255 5917 3375 5960; x_wconf 89' lang='lat' dir='ltr'><strong>cum</strong></span> <span class='ocrx_word' id='word_1_1156' title='bbox 3422 5903 3856 5971; x_wconf 73' lang='lat' dir='ltr'><strong>Hieronyinianis</strong></span> 
     </span>
    </p>
   </div>
  </div>
