4124 6350
286 373 392 432 105

1106 375 1267 433 VITA
1306 375 1554 435 SANCTI
1590 375 1828 444 PAULI,
1868 369 2057 430 PRIMI
2099 366 2452 429 EREMITIE.
2482 371 2801 431 NOTATIO.

3454 371 3562 432 106

284 491 630 563 conveniunt,
661 488 841 560 paucis
879 491 1137 562 exceptis,
1170 506 1289 561 qua:
1318 491 1674 563 Hieronymus
1703 491 1873 547 inter-
1902 498 1950 556 Α
1979 485 2241 563 retulerit,
2260 486 2450 563 nescio
2474 501 2553 563 an
2568 484 2816 563 alicunde
2841 483 3020 563 colligi
3053 481 3242 554 possit.
3271 480 3349 539 Ex
3372 483 3557 563 prolo-

281 562 451 617 mixta
481 561 680 626 habet;
711 577 771 616 ea
800 569 976 617 tamen
1005 561 1351 620 existimarim
1377 580 1437 619 ex
1473 561 1662 618 Latino
1687 564 1876 618 Hiero-

283 639 433 703 nymi
479 645 633 690 textu
681 645 798 704 post
847 635 1117 689 translata.
1163 636 1312 701 Quod
1360 637 1401 689 si
1454 650 1516 689 ea
1566 635 1875 705 Hieronymi

285 714 447 764 atate
476 706 839 770 exstitissent,
870 705 1090 775 ipseque
1110 721 1171 761 ea
1196 706 1435 769 vidisset,
1481 723 1663 760 eorum
1695 708 1876 775 utique

280 783 653 837 meminisset:
687 791 785 832 nec
826 778 1064 836 dixisset.
1112 779 1178 832 de
1214 779 1444 833 Antonio
1476 796 1496 830 ς
1532 787 1637 831 tam
1689 779 1876 833 Graeco

278 863 444 974 suam
478 851 720 904 Romano
749 849 892 918 stylo
923 849 1205 918 diligenter
1233 847 1504 905 memoriae
1533 848 1816 915 traditum;
1850 866 1870 901 δ

323 936 352 973 e
382 923 549 974 Paulo
577 934 726 974 vero.
759 920 895 974 quod
933 938 951 972 ι
985 935 1069 974 res
1097 922 1292 974 omissa
1319 933 1420 974 e'st.
1463 939 1481 971 )

323 936 352 973 e
382 923 549 976 Paulo
577 934 726 983 vero,
759 920 895 989 quod
933 938 951 972 ι
985 935 1069 974 res
1097 922 1292 976 omissa
1319 933 1420 977 est.
1463 939 1481 971 ›

354 994 619 1048 Existimo
650 999 826 1045 autem
867 991 1246 1061 Hieronymum
1296 995 1408 1046 haec
1454 1006 1546 1045 sua
1591 991 1660 1046 de
1712 991 1876 1046 Paulo

279 1076 349 1118 ex
385 1064 617 1118 Amatha
647 1074 699 1117 et
745 1063 978 1117 Macario
1022 1064 1237 1116 Antonii
1281 1063 1557 1133 discipulis
1601 1061 1871 1128 didicisse,

278 1139 374 1203 qui
403 1137 475 1188 illi
509 1137 807 1189 indicarunt
853 1134 1074 1188 Paulum
1123 1134 1412 1189 Thebanum
1461 1134 1757 1205 principem
1797 1133 1878 1188 rei

279 1207 574 1261 eremtticae
606 1206 788 1260 fuisse.

353 1278 583 1346 Quando
611 1292 740 1332 vero
774 1276 1130 1349 Hieronymus
1162 1277 1332 1332 Vitam
1373 1277 1524 1332 Pauli
1574 1278 1627 1334 in
1672 1275 1880 1334 litteras

1979 571 2046 625 go
2077 555 2233 626 hujus
2260 557 2392 611 Vita:
2436 557 2704 626 colligitur
2751 572 2868 610 eam
2900 554 3171 626 scriptam,
3216 569 3337 609 cum
3379 554 3563 612 adhuc

1981 631 2239 682 Amathas
2263 641 2314 682 et
2339 629 2877 698 Macarius,discipuli
2903 630 3138 696 Antonii,
3157 630 3206 682 itt
3232 627 3366 681 vivis
3385 634 3561 698 erant.

1981 700 2072 752 Ait
2100 701 2241 752 enim
2270 698 2336 752 de
2362 699 2425 753 iis
2458 717 2471 753 :
2504 717 2524 751 ‹
2559 700 2729 755 Etiam
2776 697 2921 754 nunc
2949 699 3236 754 affirmant.
3269 715 3288 750 ι
3330 698 3480 765 Quod
3519 697 3568 752 si

1981 771 2141 824 lectio
2169 782 2408 824 veterum
2437 769 2728 824 editionum
2770 781 2826 825 ct
2868 771 3217 840 quorumdam
3269 769 3568 824 manuscri-

1980 852 2192 910 ptorum
2221 841 2478 895 librorum
2508 857 2631 897 vera
2659 849 2744 896 est
2784 857 2901 910 cap.
2938 843 2971 896 5
3003 841 3156 909 hujus
3181 841 3327 905 vitae,
3358 840 3570 894 videtur

1981 911 2038 966 in
2066 911 2234 983 Syria:
2281 927 2464 968 eremo
2491 928 2607 968 eam
2653 914 2955 981 scripsisse.
3005 913 3078 965 Ita
3122 913 3264 966 enitn
3315 915 3474 964 habet
3504 924 3571 965 eo

1980 985 2155 1051 capite
2184 1001 2196 1036 :
2237 1001 2255 1035 ι
2293 985 2344 1036 In
2371 999 2432 1038 ea
2460 993 2611 1052 parte
2635 985 2820 1046 eremi,
2851 999 2971 1053 qua).
2990 983 3142 1052 juxta
3170 983 3377 1053 Syriam
3409 983 3571 1036 Sara-

1982 1055 2130 1109 cenis
2152 1054 2407 1124 jungitur,
2443 1067 2496 1110 et
2526 1057 2722 1109 vidisse
2757 1071 2844 1109 tne
2889 1055 3180 1108 monachos
3206 1065 3259 1107 et
3302 1054 3508 1106 videre.
3544 1068 3565 1102 ι

1981 1124 2291 1195 Quanquam
2335 1126 2472 1180 istud
2494 1167 2507 1192 ,
2539 1137 2584 1180 et
2613 1128 2781 1179 videre
2807 1165 2822 1192 ,
2857 1124 3008 1181 abest
3033 1141 3061 1180 a
3092 1124 3408 1195 quibusdam
3439 1124 3567 1178 Mss.

1985 1207 2041 1250 et
2058 1197 2446 1253 recentioribus
2474 1197 2821 1253 editionibus.

1731 1514 2027 1558 JANUARII
2071 1518 2140 1559 Χ.

883 1636 1364 1786 VITA
1489 1637 2218 1788 SANCTI
2328 1640 2980 1864 PAULI,

1468 1885 1799 1962 PRIMI
1873 1887 2427 1961 EREMITAZ.

1075 2041 1446 2105 AUCTORE
1492 2044 1689 2107 ΙΠνο
1731 2045 2210 2108 ΗΙΕΒΟΝΥΜΟ
2254 2045 2798 2107 PRESBYTERO.

371 2169 622 2253 (Huius
663 2168 824 2253 [itte
860 2176 1101 2253 textum
1125 2171 1360 2253 pidesis
1387 2172 1556 2234 inter
1587 2191 1774 2252 opera
1801 2174 2009 2238 sancti
2042 2175 2440 2253 Hieronymi,
2472 2173 2723 2238 Patro].
2759 2183 2907 2235 tom.
2943 2175 3229 2250 XXIII,
3252 2181 3382 2253 col.
3416 2181 3512 2252 17,
3541 2201 3579 2241 a

290 2249 618 2312 Vallarsio
651 2250 1299 2339 Ma/feioqtte-editttm
1326 2261 1382 2314 et
1417 2249 1816 2339 annotatum.
1837 2256 1982 2339 Δῌίο
2015 2264 2214 2339 tamen
2247 2249 2567 2339 Rosweydi
2597 2255 3038 2339 cunctationes
3068 2301 3083 2330 ,
3139 2252 3286 2339 quia
3322 2249 3580 2324 maximi

285 2339 433 2390 sunt
466 2328 794 2413 momenti,
816 2328 1168 2413 exscribere
1184 2332 1368 2408 juvat
1394 2378 1412 2409 ,
1461 2350 1588 2392 rem
1624 2333 1962 2395 lectoribus
1999 2333 2416 2413 gratissimam
2460 2328 2657 2412 ἀρεῖς
2709 2328 3108 2400 arbitrantes.
3145 2328 3335 2402 'Loca
3386 2346 3580 2401 nota-

285 2423 432 2471 rum
466 2410 657 2473 initio
695 2411 889 2473 citata
919 2410 1219 2473 asterisco
1249 2418 1540 2475 notamus
1574 2413 1777 2475 sicubi
1809 2435 1846 2474 (ι
1896 2410 2288 2476 ναῐίανείαηο
2321 2410 2832 2494 ιεπιαὺωνίιιηιδ

1575 2561 1947 2622 ROSWEYDI
1983 2561 2306 2619 NOTATIO.

534 2672 699 2747 Vita.]
756 2675 1011 2731 Erasmus
1059 2673 1133 2730 ait
1186 2681 1386 2730 tantam
1412 2746 1421 2747 ί
1452 2675 1505 2729 in
1566 2674 1890 2741 exemplari-
1923 2675 1970 2736 B
1999 2681 2084 2747 tur
2115 2672 2334 2747 Piamon
2354 2715 2368 2747 ,_
2391 2685 2512 2727 cum
2537 2678 2726 2726 neuter
2744 2671 2933 2729 borum
2955 2675 3103 2743 prius
3140 2673 3194 2730 in
3217 2677 3478 2735 coenobiis
3501 2679 3581 2737 in‘

367 2678 473 2800 2}
535 2678 699 2747 Vita.]
756 2678 1011 2731 Erasmus
1059 2678 1133 2730 ait
1186 2681 1386 2730 tantam
1452 2678 1505 2729 in
1566 2678 1886 2741 exemplari-

295 2747 402 2804 bus
449 2749 591 2802 uisse
627 2747 967 2810 varietatem,
997 2756 1053 2801 ut
1097 2756 1354 2816 appareat
1395 2746 1575 2802 divum
1625 2747 1886 2817 Hierony-

297 2833 446 2876 mum
477 2816 676 2889 saepius
701 2817 839 2872 idem
857 2828 1226 2889 argumentum
1243 2817 1656 2889 aliistractasse
1676 2816 1885 2889 verbis;

293 2901 389 2945 aut
411 2888 574 2945 alium
608 2888 937 2944 exercendae
972 2890 1140 2958 copim
1171 2903 1328 2945 causa
1373 2888 1476 2943 hoc
1523 2889 1742 2946 fecisse.
1778 2888 1888 2956 Ego

292 2971 426 3017 Vero
455 2970 653 3016 tantam
686 2963 996 3015 varietatem
1022 2976 1126 3015 non
1174 2960 1412 3026 invenio,
1445 2975 1546 3016 nec
1576 2961 1628 3015 itt
1656 2961 1888 3028 impres-

292 3030 393 3100 sis,
425 3047 524 3087 nec
547 3036 598 3086 in
632 3032 1010 3101 manuscriptis
1056 3031 1480 3101 exemplaribus.
1509 3031 1765 3100 Quasdam
1794 3045 1887 3085 su-

293 3103 456 3158 binde
515 3103 676 3158 verba
709 3111 909 3157 mutata
938 3102 1137 3168 inveni,
1175 3103 1513 3158 librariorum
1568 3104 1655 3158 vel
1686 3103 1888 3158 incuria

294 3178 376 3230 vel
427 3173 675 3256 audacia.
721 3173 826 3229 Sed
877 3175 1294 3230 vetustissimam
1339 3189 1556 3245 semper
1598 3173 1887 3230 lectionem

292 3260 558 3302 ειητοεει.
823 3287 831 3295 .

364 3262 558 3372 ἓΐὲἱὲἔέ
607 3287 831 3390 Pauli].
864 3317 1321 3390 Martyrologium,
1346 3316 1670 3390 Romanum,
1703 3317 1769 3371 10
1796 3315 1888 3390 ,ἰδέ

298 3390 525 3444 tmarii:
579 3405 600 3441 ‹
640 3390 697 3445 In
741 3387 1014 3446 Thebaide
1065 3389 1260 3444 natalis
1312 3389 1453 3445 beati
1505 3389 1676 3455 Pauli,
1732 3387 1889 3456 primi

297 3461 566 3527 eremitze,
599 3464 688 3530 qui
720 3475 749 3514 a
772 3469 927 3516 sexto
956 3461 1168 3515 decimo
1198 3461 1368 3516 aetatis
1412 3475 1523 3515 suae
1549 3474 1691 3514 anno
1720 3474 1889 3526 usque

292 3531 360 3586 ad
420 3531 775 3588 centesimum
823 3533 1090 3588 decimum
1150 3532 1363 3587 tertium
1406 3532 1553 3586 solus
1603 3533 1654 3585 in
1706 3545 1889 3585 eremo

295 3602 622 3672 permansit.
683 3602 848 3673 Cujus
915 3603 1148 3658 anintam
1209 3602 1349 3658 inter
1389 3603 1763 3673 apostolorum
1835 3613 1889 3673 et

292 3671 681 3742 prophetarum
751 3671 948 3730 choros
999 3675 1065 3728 ad
1120 3674 1314 3728 coelum
1375 3671 1504 3728 ferri
1563 3674 1632 3729 ab
1684 3671 1889 3743 angelis

291 3755 516 3799 sanctus
565 3745 831 3800 Antonius
898 3746 1055 3800 vidit.
1119 3744 1248 3812 Ejus
1302 3755 1478 3800 autem
1546 3744 1664 3799 dies
1718 3743 1889 3800 festus

289 3828 425 3871 xmt
474 3816 593 3871 Kal.
654 3817 934 3872 Februarii
971 3813 1292 3871 celebratur.
1333 3835 1350 3867 ι
1387 3815 1527 3870 Nihil
1569 3817 1636 3869 de
1680 3817 1781 3869 hoc
1835 3813 1888 3868 in

290 3884 632 4012 ῗξῖοιοεὶολ
669 3886 873 3944 Menaea
922 3887 1084 3942 breve
1114 3887 1234 3941 vita;
1278 3886 1658 3957 compendium
1693 3886 1889 3941 habent

426 3975 654 4012 anuartt.

426 3975 654 4014 anuartt.

370 4029 448 4084 De
474 4045 543 4084 eo
566 4030 713 4099 paria
734 4045 854 4085 cum
889 4027 1267 4100 Martyrologio
1316 4029 1559 4100 Romano
1591 4028 1755 4085 habet
1790 4029 1888 4085 Be-

291 4099 386 4167 da,
442 4100 740 4168 Usuardus,
792 4099 1105 4165 Bhabanus,
1158 4101 1298 4165 Ado,
1348 4099 1638 4166 Notkerus,
1693 4113 1889 4168 printer

293 4171 598 4226 clausulam
624 4173 692 4228 de
738 4175 874 4228 festo
923 4187 1054 4227 xvnt
1103 4171 1222 4226 Kal.
1273 4171 1544 4227 Februarii
1592 4171 1886 4227 celebrato.

290 4240 452 4298 Pauli
478 4244 638 4298 etiam
665 4245 908 4299 meminit
939 4244 1158 4298 Hieron.
1185 4243 1343 4311 epist.
1376 4241 1442 4297 13
1480 4245 1546 4296 ad
1575 4242 1888 4310 Paulinum;

293 4312 621 4380 Cassianus,
655 4315 830 4370 collat.
871 4316 959 4380 18,
986 4330 1106 4382 cap.
1133 4313 1165 4366 ὅ
1212 4324 1267 4370 et
1314 4311 1376 4378 6;
1432 4323 1653 4370 sanctus
1711 4315 1893 4370 Aldel-

291 4399 440 4449 mus,
475 4386 542 4439 de
571 4386 738 4440 Laud.
767 4387 982 4456 virgin.,
1014 4386 1106 4440 lib.
1133 4401 1171 4453 ι,
1200 4399 1318 4452 cap.
1337 4385 1399 4441 51
1425 4403 1438 4451 ;
1464 4385 1716 4450 Isidorus,
1744 4385 1835 4440 lib.
1857 4401 1892 4440 tt

291 4456 368 4510 de
396 4457 714 4523 Ufiic.,cap.
749 4457 845 4520 13);
873 4457 1204 4524 Vincentius,
1234 4457 1449 4525 Specul.
1479 4456 1669 4511 histor.
1702 4457 1793 4510 lib.
1816 4473 1888 4524 χι,

290 4540 418 4596 cap.
453 4527 542 4593 86,
573 4537 629 4584 et
655 4528 862 4583 duobus
890 4530 1222 4597 sequentib.;
1257 4530 1580 4593 Antoninus,
1611 4528 1890 4596 Chronie.,

340 4607 454 4654 arte
485 4613 542 4666 tt,
577 4601 656 4654 tit.
693 4615 780 4663 xv,
831 4615 948 4668 cap.
978 4599 1042 4665 5;
1093 4600 1283 4670 Petrus
1314 4599 1616 4670 Equilinus,
1661 4599 1712 4654 in
1737 4600 1892 4654 Cata-

319 4684 426 4738 ogo
455 4683 783 4733 sanctorum.
813 4670 905 4725 lib.
940 4685 1001 4731 tt.
1027 4685 1146 4736 cap.
1178 4669 1265 4724 60.

371 4740 526 4813 Quod
579 4756 704 4796 vero
755 4744 945 4797 Petrus
983 4741 1319 4813 Galesinius,
1362 4742 1473 4796 suis
1507 4741 1588 4813 ad
1630 4741 1894 4813 Martyro-

298 4813 414 4882 log.
481 4811 637 4867 Hom.
726 4813 1088 4868 notationilsus
1153 4811 1218 4866 10
1279 4812 1516 4867 Januarii
1572 4813 1676 4874 ait,
1734 4811 1894 4879 hujus

294 4883 453 4938 Pauli
492 4884 798 4940 meminisse
845 4884 1218 4939 Cassiedorum
1252 4883 1344 4938 lib.
1399 4899 1437 4946 ι,
1473 4897 1591 4951 cap.
1649 4885 1738 4947 il,
1770 4885 1893 4939 Tri—

295 4964 442 5021 part.
482 4954 640 5020 llist.,
669 4965 723 5011 et
754 4955 1089 5010 Heraclidem
1119 4955 1299 5010 multis
1332 4954 1484 5020 locis,
1512 4955 1732 5010 omnino
1763 4956 1894 5009 labi-

295 5035 412 5080 tur.
441 5024 518 5079 Eu
549 5026 690 5082 enim
745 5027 862 5082 loco
892 5027 1245 5082 Cassiodorus
1275 5041 1344 5081 ex
1399 5030 1699 5082 Sozomeno
1745 5026 1894 5082 Pauli

296 5097 578 5166 Simplicis
612 5097 873 5152 meminit.
919 5096 1231 5152 Heraclides
1262 5112 1390 5152 vero
1413 5138 1428 5163 ,
1467 5111 1572 5152 non
1605 5097 1751 5151 Pauli
1791 5099 1896 5166 pri-

297 5169 378 5221 mi
402 5171 678 5233 eremitte,
709 5168 803 5224 sed
836 5169 996 5224 etiam
1035 5166 1185 5224 Pauli
1235 5167 1528 5238 Simplicis,
1577 5176 1632 5222 et
1670 5169 1894 5224 alio‘rum

297 5237 596 5294 Paulorum
625 5241 951 5296 mentionem
982 5239 1125 5294 facit.

378 5307 550 5383 Primi
625 5309 910 5383 Eretriam]
984 5310 1298 5381 Rodolphus
1373 5308 1760 5383 Hospinianus,
1830 5311 1898 5366 de

300 5380 458 5452 Orig.
487 5382 756 5449 Monaclt.,
804 5380 908 5438 lib:
934 5397 992 5448 tt,
1024 5380 1248 5451 capal.
1300 5383 1544 5448 Piamon,
1577 5381 1770 5451 inquit,
1805 5384 1896 5436 ab-

1996 2745 2209 2798 stitutus
2239 2743 2414 2799 fuerit.

2065 2815 2169 2870 Sed
2222 2816 2410 2887 ineptit
2443 2821 2751 2887 haereticus,
2803 2817 3000 2872 nullam
3055 2833 3160 2872 non
3206 2821 3406 2876 sanctis
3447 2821 3582 2878 viris

1993 2885 2327 2942 obtrectandi
2393 2885 2743 2946 occasionem
2806 2897 3047 2954 captans.
3097 2889 3211 2944 Non
3270 2893 3412 2947 enim
3466 2894 3582 2948 vult

1994 2957 2215 3012 Piatnon
2261 2973 2448 3013 omnes
2502 2965 2723 3018 omnino
2774 2961 3127 3016 anachoretas
3197 2976 3262 3016 cx
3315 2963 3582 3021 emnobiis

1994 3031 2288 3102 prodiisse,
2313 3030 2411 3102 sed
2460 3045 2558 3086 Slln
2587 3045 2827 3102 tempore
2871 3047 2941 3086 ex
2993 3032 3368 3088 fecundissima
3401 3050 3583 3091 emno-

1992 3100 2202 3174 hiorum
2234 3100 2432 3174 radice.
2465 3100 2771 3160 sanctorum
2801 3105 2961 3158 etiam
2983 3105 3424 3159 anachoretarum
3458 3115 3581 3174 post

1993 3169 2108 3244 lineo
2139 3172 2298 3225 ﬂores
2331 3171 2653 3244 iii-uetusque
2682 3175 2919 3244 prolatos
2947 3188 3094 3229 esse:
3125 3174 3178 3227 id
3206 3184 3307 3240 est,
3333 3169 3581 3231 coenobia

1993 3240 2160 3296 fuisse
2189 3240 2637 3300 anachoretarum
2670 3240 2991 3310 seminaria;
3016 3244 3140 3299 licet
3165 3245 3358 3300 Paulus
3384 3256 3440 3302 et
3468 3248 3579 3303 An-

1993 3313 2206 3386 tonius,
2229 3313 2384 3383 hujus
2416 3315 2768 3382 professionis
2788 3314 3076 3385 principes,
3112 3331 3215 3370 non
3235 3331 3266 3371 e
3293 3318 3576 3386 coenobiis,

1990 3384 2089 3438 sed
2118 3399 2147 3437 e
2177 3383 2336 3438 domo
2390 3397 2634 3459 paterna,
2663 3383 2889 3460 quisque
2945 3387 3199 3455 peculiari
3247 3389 3477 3460 ratione,
3506 3383 3575 3447 ad

1992 3469 2231 3510 eremum
2257 3459 2565 3525 provolarit.

2065 3527 2109 3579 Α
2161 3530 2635 3598 ᾳιιογροιὶδεὶηηιηι
2696 3528 3061 3584 monachorum
3113 3546 3309 3586 eremus
3347 3532 3579 3591 habitare

1993 3609 2167 3673 empta
2191 3597 2298 3669 sit.)
2332 3598 2582 3673 Variade
2611 3603 2782 3672 primo
2817 3603 2980 3658 eremi
3020 3600 3319 3659 habitatore
3371 3606 3578 3673 opinio,

1992 3683 2112 3737 qua:
2148 3670 2316 3742 jama
2370 3670 2638 3742 plerisque
2683 3678 3059 3736 asceticorum,
3093 3670 3444 3742 scriptoribus
3490 3670 3584 3732 exl-

1993 3741 2337 3816 cussa._Vide
2369 3741 2772 3816 Bellarminum,
2801 3753 2930 3798 tom.
2953 3743 3030 3816 _ll,
3062 3741 3394 3816 controvers.
3431 3762 3468 3800 ll
3494 3762 3584 3816 ge-

1995 3824 2149 3876 ner.;
2187 3812 2280 3869 lib.
2313 3829 2351 3867 tt
2379 3813 2447 3868 de
2475 3813 2770 3879 Monachis,
2797 3830 2917 3881 cap.
2951 3813 3039 3876 59,
3075 3814 3217 3882 quod
3243 3815 3414 3870 estde
3449 3812 3585 3874 Ere-

1993 3882 2161 3946 tnitis,
2191 3882 2276 3937 ubi
2307 3895 2361 3938 et
2390 3884 2768 3940 haereticorum
2796 3882 3092 3939 calumnias
3121 3894 3306 3941 contra
3334 3886 3475 3943 hunc
3497 3903 3583 3946 or-

1992 3951 2172 4027 dinem
2198 3961 2252 4027 et
2275 3964 2471 4027 statum
2503 3958 2717 4027 egregie
2746 3956 2969 4012 refutat.

1916 4056 1966 4122 ο
2068 4025 2217 4091 Quod
2270 4026 2356 4080 hic
2399 4029 2552 4108 divus
2607 4025 2960 4110 Hieronymus
2989 4025 3164 4082 subdit
3190 4067 3204 4091 ,
3235 4028 3305 4086 de
3350 4028 3584 4099 Joanne,

1995 4093 2162 4148 Paulo
2195 4105 2249 4148 et
2264 4100 2517 4148 Antonio.
2546 4099 2705 4148 habet
2727 4109 2782 4148 et
2803 4107 2960 4148 entst.
2991 4097 3089 4148 22.
3109 4100 3173 4148 ad
3197 4099 3541 4148 Eustochium
3566 4121 3580 4148 τ

2039 4096 2162 4168 aulo
2195 4099 2517 4163 etAntonio,
2545 4099 2705 4154 habet
2727 4109 2782 4154 et
2803 4096 2960 4168 epist.
2991 4097 3173 4162 22,ad
3197 4096 3581 4160 Eustochiumi

2002 4183 2020 4216 ι
2060 4165 2227 4242 Hujus
2257 4170 2380 4242 vita:
2401 4180 2588 4223 auctor
2617 4165 3156 4242 Paulum-illustratur
3176 4170 3441 4242 Antonius
3466 4190 3480 4240 ;
3503 4185 3582 4242 et,

1997 4245 2068 4312 ut
2086 4241 2150 4291 ad
2182 4241 2458 4312 superiora
2500 4241 2889 4309 conscendam,
2920 4245 3169 4312 princeps
3197 4241 3432 4300 Joannes
3487 4241 3584 4301 Ba;

1995 4310 2157 4378 ptista
2178 4310 2294 4365 fuit.
2332 4328 2350 4362 ι

2069 4381 2113 4433 Α
2169 4383 2312 4456 beato
2365 4382 2483 4436 Elia
2535 4391 2584 4456 et
2631 4383 2879 4455 Joanne]
2931 4385 3097 4454 Hujus
3141 4385 3410 4456 opinionis
3465 4401 3584 4442 cre-

1997 4449 2090 4522 bra
2120 4454 2260 4522 apud
2287 4466 2504 4510 sanctos
2533 4454 2718 4511 Patres
2751 4465 2804 4510 et
2840 4449 3125 4512 historicos
3177 4449 3400 4511 inentio.
3433 4459 3580 4513 Basi-

1997 4520 2122 4606 lilt‘s,
2156 4520 2316 4606 epist.
2333 4525 2415 4606 *δᾴ
2447 4524 2729 4606 p‘ltilonern
2758 4545 2773 4606 _:
2803 4528 3049 4582 Ἐνταῦθα
3079 4529 3136 4584 τὸ
3179 4524 3296 4606 apo;
3337 4529 3395 4606 es
3437 4537 3581 4606 Καρ-

1995 4594 2192 4673 μήλιρν,
2244 4594 2360 4673 ἐν
2392 4596 2557 4673 fugiat-
2603 4599 2921 4673 αὐλιζρμςνος
2947 4608 3020 4670 τῷ
3061 4608 3169 4673 Θεῷ
3206 4594 3579 4673 ἐὐηρέστηκξη

1996 4675 2094 4718 etc.
2114 4665 2342 4748 :Evmﬁe“
2374 4670 2403 4724 ἡ
2431 4665 2732 4748 ἕρημοςηένΑ
2748 4665 2836 4748 ἤι’-ὁ
2865 4665 3115 4748 μακ-ἇριος
3144 4665 3370 4748 Ἰωάννῇς
3389 4671 3586 4748 ἀκριδο.

1997 4742 2182 4818 (pagani,
2213 4741 2477 4818 μεςςάνοιαηξ
2503 4747 2616 4818 τοῖς.
2647 4741 2926 4818 ἀνθρὡτς-ᾳς
2956 4741 3184 4818 ἐκὴρυξεν
3203 4786 3216 4808 ,
3251 4760 3270 4793 t
3312 4744 3405 4797 llic
3432 4741 3585 4818 litan

1996 4809 2235 4884 celeber,
2267 4809 2569 4884 Carmelus,
2604 4811 2656 4884 in
2687 4809 2794 4881 quo
2825 4811 2968 4867 Elias
3015 4809 3324 4884 demoratus
3369 4815 3583 4884 perpla-

1999 4880 2108 4954 cuit
2150 4881 2288 4946 Deo,
2315 4891 2421 4954 etc.
2457 4881 2551 4954 llic
2590 4880 2951 4940 sitaeremus
2994 4894 3098 4952 est,
3147 4883 3198 4938 in
3241 4898 3343 4954 qua
3369 4880 3586 4954 'beatus

1998 4949 2256 5026 Joannes,
2288 4953 2489 5026 esitans
2519 4952 2774 5026 locustas,
2819 4949 3100 5012 formulam
3132 4949 3585 5026 pmnitentiteho-

1999 5021 2232 5077 minibus
2269 5024 2612 5095 perﬁciuttda:
2637 5071 2650 5089 ,
2685 5040 2779 5080 sua
2832 5021 3212 5092 praedicatio—ne
3260 5024 3586 5095 praescripsit

1998 5102 2053 5149 et
2072 5094 2362 5164 evolgavit.
2405 5114 2422 5146 ι
2457 5095 2750 5165 Gregorius
2789 5095 3191 5163 Nazianzenus,
3223 5105 3355 5150 orat.
3400 5110 3452 5160 v,
3486 5109 3583 5151 seu

1999 5167 2266 5243 apologet.
2301 5175 2420 5243 post
2433 5167 2672 5243 reditum
2701 5182 2768 5223 ex
2799 5169 2941 5243 fuga,
2973 5166 3457 5243 ‘u).iou__1_npt§véow
3480 5168 3586 5243 ab»

1999 5235 2281 5314 Κάρμηλον2
2323 5241 2408 5314 atati
2430 5237 2659 5314 'lma'tvvou
2695 5245 2787 5314 τὴη
2819 5235 3022 5314 ἕρημον.
3057 5258 3076 5292 t
3114 5235 3586 5314 Elite'_Carmel_um

1999 5307 2178 5362 animo
2200 5310 2482 5379 agitabam,
2518 5317 2570 5363 et
2597 5310 2818 5365 Joannis
2840 5307 3133 5365 desertum.
3173 5327 3192 5360 ι
3219 5307 3361 5364 Idem
3389 5310 3456 5364 de
3487 5309 3588 5379 iis-

2001 5379 2147 5443 dem,
2181 5378 2319 5434 orat.
2363 5395 2492 5435 xxv.
2525 5381 2756 5436 Joannes
2810 5381 3244 5447 Chrysostomus,
3299 5380 3484 5437 homil.
3517 5378 3586 5434 69

301 5450 426 5518 bas,
456 5453 599 5522 apud
625 5452 977 5519 Cassianum,
1006 5450 1186 5508 collat.
1223 5469 1377 5516 xvttt.
1410 5468 1530 5523 cap.
1563 5455 1619 5519 4,
1648 5450 1739 5508 eos
1768 5467 1898 5506 ana-
1929 5455 1974 5513 D
2002 5450 2054 5523 i_n
2107 5450 2304 5523 Matth.
2335 5453 2561 5506 vestium
2601 5453 2741 5506 inter
2779 5451 3068 5505 monachos
3112 5468 3266 5508 usum
3308 5452 3374 5506 ad
3430 5451 3582 5515 Elite,

301 5525 582 5593 choretas,
649 5525 702 5580 id
747 5535 852 5592 est,
909 5539 1217 5581 secessores
1265 5534 1438 5592 vocat,
1489 5524 1580 5594 qtti
1639 5524 1784 5592 prius
1823 5527 1893 5594 fin

303 5597 569 5651 omnobiist
620 5595 865 5662 instituti,
921 5596 1227 5652 solitudinis
1283 5593 1778 5666 elegere’secreta.
1811 5593 1897 5649 Si-

304 5667 455 5722 milia
487 5667 648 5722 habet
670 5668 806 5723 libro
860 5683 890 5720 v
925 5666 1129 5730 lnstit.,
1161 5681 1280 5737 cap.
1327 5665 1416 5721 36.
1443 5665 1548 5722 Sed
1579 5667 1704 5720 dum
1725 5709 1738 5732 ,
1771 5666 1898 5720 sub-

306 5737 392 5793 dit
439 5740 747 5804 lia-reticus,
797 5749 1045 5794 auctores
1089 5740 1280 5794 horum
1311 5740 1513 5807 primos
1555 5737 1741 5792 scribit
1789 5738 1898 5792 col-

309 5808 405 5864 lat.
437 5825 596 5874 svnt,
623 5825 743 5877 cap.
771 5814 825 5871 6.
863 5813 942 5865 vel
980 5811 1200 5865 Paulum
1252 5811 1535 5878 quemdam
1584 5808 1896 5875 Theba‘ttm,

307 5881 394 5937 vel
441 5883 735 5938 Antonium
789 5881 1134 5952 zEgyptinm,
1179 5882 1334 5939 tacite
1386 5882 1585 5940 erroris
1620 5879 1898 5936 convinci-

594 5980 870 6041 l'nnon.
914 5963 1182 6038 LXXIII

2005 5519 2167 5576 Elisei
2197 5533 2249 5576 et
2285 5522 2504 5578 Joannis
2548 5523 2795 5588 Baptista:
2839 5524 3148 5591 exemplum
3190 5523 3372 5579 relert.
3409 5523 3586 5578 Theo-

2004 5593 2307 5668 pbylacttts,
2336 5595 2386 5668 in
2410 5609 2570 5668 cap.t
2613 5593 2768 5668 Luca:
2799 5590 2917 5668 είΕν
2963 5590 3172 5668 δυνάμει
3212 5599 3294 5651 καὶ
3335 5598 3586 5668 πνεύματι

2002 5662 2168 5740 ’ωξρου
2187 5662 2324 5724 ἦλθεν
2348 5664 2648 5740 ὁῇιωάῖυνης,
2672 5662 2800 5719 διότι
2823 5664 3059 5740 ἐρημίτης
3090 5662 3154 5729 ⁷’ἦν
3192 5671 3278 5722 καὶ
3299 5662 3473 5740 αρτὸςξ
3499 5671 3587 5719 καὶ

2005 5738 2298 5812 ἀπέριττφς.
2331 5754 2348 5786 t
2385 5737 2438 5812 ln_
2471 5737 2662 5812 virtute
2689 5749 2750 5812 ac
2780 5737 2966 5812 spiritu
2998 5740 3305 5812 Elizovenit
3328 5737 3584 5812 Joannes,

2007 5823 2071 5880 eo
2104 5805 2243 5878 quod
2275 5806 2496 5880 eremita
2539 5805 2633 5858 fuit
2676 5805 2831 5863 etiam
2862 5810 2994 5880 ipse,
3023 5821 3077 5865 et
3122 5808 3340 5877 fragilis
3369 5808 3515 5862 vitm.
3556 5824 3576 5856 ι

2007 5877 2314 5945 CasSianus,
2357 5877 2538 5932 collat.
2573 5893 2728 5949 xvm,
2760 5877 2943 5952 cupfti
2974 5899 2986 5935 ε
3021 5899 3038 5932 t
3083 5881 3273 5935 Vastos
3299 5881 3466 5933 eremi
3494 5892 3582 5932 re-

3110 5968 3148 6026 Is
