4124 6350
343 443 432 498 H5

339 627 612 688 Barnnius,
665 624 855 679 eodem
882 637 1023 676 anno
1053 622 1129 688 (ut
1159 629 1429 690 poetarum
1464 623 1663 676 fabulas
1711 624 1901 676 missas

338 696 637 764 iaciamus),
665 704 916 764 certaque
946 693 1170 764 mentio.
1201 692 1344 764 Inter
1373 707 1508 761 quos
1554 691 1755 764 Plinius
1782 708 1901 747 cum

335 768 494 831 dit-at,
521 761 718 836 printer
744 761 977 836 effigiem,
999 763 1127 818 nihil
1162 763 1213 817 in
1246 763 1328 836 eis
1354 779 1473 818 esse
1497 766 1661 818 moris
1685 763 1903 836 humani

335 834 535 909 [Pliu.,‘
563 837 751 909 lib.77v,
783 852 898 905 cap.
933 834 1020 904 8);
1073 843 1263 889 cuncta
1316 835 1451 909 hrec,
1502 850 1618 909 qua:
1648 835 1905 909 accidisse

333 905 571 964 Antonio
599 923 631 962 a
662 908 983 976 Hieronymo
1012 915 1349 976 enarrantur,
1383 905 1639 976 miraculo
1663 905 1907 962 evenisse

332 981 619 1035 dicendum
652 987 752 1042 est,
785 986 844 1031 ut
864 975 938 1032 de
962 975 1142 1030 multis
1171 976 1291 1031 aliis
1316 975 1654 1041 animalibus,
1688 976 1907 1031 rationis

332 1049 456 1106 licet
488 1049 827 1119 expertibus,
877 1046 1275 1119 smpedegitur,
1318 1061 1415 1112 ea,
1453 1047 1624 1119 veluti
1676 1048 1908 1101 humano

332 1117 610 1178 intellectu
654 1119 872 1187 praedita
896 1160 909 1182 ,
941 1135 1001 1171 ac
1035 1117 1128 1172 Dei
1167 1127 1296 1172 nutu
1338 1117 1540 1171 reddita
1572 1134 1704 1185 pene
1736 1119 1901 1171 ratio-

331 1192 557 1260 nabilia,
582 1192 758 1261 qualia
785 1191 958 1261 solent
978 1188 1770 1261 homines,exhibuissesanctis
1784 1189 1910 1242 viris

330 1260 649 1320 ministeria.
707 1263 774 1317 Ut
822 1260 924 1331 (ne
967 1275 997 1313 a
1031 1260 1198 1313 Paulo
1245 1260 1590 1330 recedamus)
1635 1261 1703 1316 de
1749 1273 1911 1314 corvo

329 1335 585 1404 contigit,
633 1335 723 1404 qui
763 1346 883 1404 cum
929 1331 1121 1404 diebus
1150 1331 1399 1404 singulis‘
1415 1345 1510 1404 per
1543 1338 1910 1404 totﬁannorum

328 1401 624 1468 Curriculo,
653 1401 933 1458 dimidium
971 1401 1122 1470 panis
1171 1401 1343 1455 eidem
1373 1401 1538 1455 Paulo
1585 1403 1779 1457 afferre
1823 1415 1912 1456 so-

329 1477 500 1539 leret,
541 1475 769 1530 adventu
797 1483 975 1527 tamen
1005 1471 1219 1526 Antonii
1251 1472 1414 1540 (quod
1459 1473 1510 1525 in
1554 1472 1912 1527 admiratione

330 1547 452 1616 luit)
489 1548 753 1616 integrum
783 1543 991 1616 attulit,
1042 1557 1148 1612 quo
1195 1543 1506 1616 reﬁceretur
1537 1550 1778 1616 uterque.
1813 1543 1914 1610 Qui

328 1613 479 1689 plura
508 1618 576 1671 de
609 1613 688 1672 his
713 1615 1012 1689 desiderat,
1041 1613 1279 1689 consulat
1304 1614 1699 1689 Onomasticon.

401 1684 747 1757 Constantio.)
794 1687 868 1757 lta
901 1685 1228 1757 legendum,
1269 1699 1375 1738 non
1436 1684 1805 1757 Constantino,
1858 1691 1916 1740 ut

326 1758 573 1828 plerique
622 1754 747 1812 libri
785 1756 1000 1811 habent.
1052 1754 1402 1828 Nicephorus,
1452 1755 1544 1828 lib.
1586 1772 1664 1824 ix,
1695 1771 1812 1824 cap.
1847 1757 1915 1828 {_9

327 1826 500 1897 agens
525 1830 592 1883 de
621 1836 845 1882 tractatu
886 1827 1117 1881 Orientis
1145 1837 1198 1880 et
1226 1826 1485 1890 Meridiei,
1528 1835 1583 1881 et
1623 1828 1773 1881 vario
1799 1826 1916 1880 ani-

327 1900 552 1955 malium
577 1899 630 1954 in
655 1899 842 1953 iisdem
867 1897 996 1952 locis
1018 1912 1251 1968 genere:
1283 1915 1301 1949 ι
1331 1900 1565 1962 Quarum
1591 1898 1910 1967 (simiarnm)

325 1971 614 2039 permultae
644 1968 802 2023 etiam
833 1968 899 2022 ad
942 1967 1040 2022 nos
1064 1967 1257 2039 delatae
1289 1969 1389 2039 hoc
1421 1968 1700 2023 manifesto
1731 1969 1908 2023 decla-

326 2038 472 2095 rant.
513 2041 589 2094 Ex
620 2040 818 2110 quibus
839 2047 922 2093 est
950 2040 1109 2093 etiam
1143 2038 1188 2092 is
1213 2038 1302 2110 qui
1328 2039 1521 2093 dicitur
1547 2041 1677 2103 Pan,
1707 2041 1905 2105 capite,

325 2112 509 2176 vultu,
559 2120 614 2165 et
639 2109 908 2164 cornibus
954 2124 1166 2179 capram
1212 2109 1483 2176 relcrens;
1530 2120 1584 2165 et
1629 2111 1697 2164 ab
1748 2111 1907 2164 ilibus

323 2181 460 2237 item
511 2182 762 2236 deorsum
809 2194 1022 2234 versum
1065 2181 1298 2248 caprinis
1347 2183 1567 2249 pedibus
1617 2182 1908 2246 insistens;

325 2262 516 2307 ventre
542 2262 741 2316 autem,
771 2259 986 2320 pectore
1015 2261 1068 2307 et
1097 2252 1346 2306 manibus
1379 2266 1526 2306 mera
1549 2253 1723 2320 simia,
1747 2267 1906 2320 quem

327 2333 441 2379 tum
491 2337 702 2392 quoque
749 2321 998 2376 Indorum
1043 2337 1137 2376 rex
1180 2321 1495 2376 Constantio
1540 2324 1703 2378 misit.
1754 2322 1907 2388 Quod

323 2409 462 2450 sane
477 2395 674 2448 animal
697 2393 764 2448 ad
788 2402 998 2458 tempus
1011 2393 1248 2461 aliquod,
1265 2408 1385 2447 cum
1402 2394 1697 2449 ferreturin
1719 2408 1906 2460 cavea,

330 2476 550 2535 pr0pter
584 2465 853 2520 feritatem
884 2463 1146 2518 inclusum
1179 2464 1328 2518 vixit.
1361 2464 1458 2519 Ubi
1483 2479 1610 2519 vero
1637 2475 1908 2520 mortuum

327 2546 434 2602 est,
459 2537 785 2590 aromatihus
805 2535 1121 2590 condierunt
1142 2543 1511 2589 exenteratum
1530 2539 1614 2602 qui
1643 2535 1903 2602 ferebant,

323 2616 382 2661 et
431 2609 655 2662 insolita:
704 2606 890 2661 forma:
937 2606 1496 2678 ostendendggratia
1529 2605 1906 2660 Constantino-

321 2679 494 2748 polim
542 2686 810 2732 servatum
845 2679 1203 2748 pertulerunt.
1252 2675 1511 2731 Videntur
1551 2686 1728 2731 autem
1776 2678 1904 2732 mihi

317 2749 522 2805 animal
565 2750 668 2803 hoc
697 2748 821 2802 olim
871 2748 1070 2802 vidisse
1120 2748 1316 2814 Graeci,
1363 2762 1566 2817 eosque
1618 2748 1904 2803 insolentia

319 2831 573 2884 aSpectus
621 2821 929 2882 exterritos,
979 2820 1142 2873 Deum
1194 2819 1296 2873 sibi
1349 2822 1729 2885 constituisse;
1780 2835 1904 2874 cum

318 2891 567 2946 solemne
590 2891 693 2944 hoc
721 2890 823 2943 illis
847 2897 1009 2956 esset,
1040 2898 1099 2944 ut
1125 2906 1242 2958 quae
1271 2889 1428 2943 fidem
1460 2890 1805 2957 excellerent,
1840 2906 1904 2946 ea

314 2960 375 3016 in
409 2962 541 3017 deos
571 2962 850 3032 referrent.
885 2961 940 3013 ld
972 2959 1112 3030 quod
1146 2963 1196 3014 in
1234 2962 1428 3032 Satyro
1457 2975 1672 3030 quoque
1715 2962 1782 3016 ab
1824 2966 1905 3018 eis

313 3043 401 3087 est
430 3032 649 3097 factum,
676 3031 842 3101 quiet
872 3033 984 3098 ipse
1009 3032 1161 3085 simia
1190 3041 1290 3086 est.
1329 3031 1348 3083 ι

391 3102 460 3156 Et
520 3111 633 3171 post
685 3111 914 3156 sanctum
971 3101 1255 3173 osculum.]
1315 3102 1398 3156 Ex
1452 3103 1761 3172 Apostolico
1823 3105 1903 3159 vi-

313 3173 520 3230 delicet
571 3188 688 3239 usu,
748 3173 900 3226 Rom.
935 3188 1054 3235 xvr;
1088 3173 1105 3226 Ι
1146 3174 1390 3227 Corinth.
1425 3190 1549 3239 xvi;
1582 3175 1620 3226 ll
1651 3173 1900 3231 Corinth.

305 3259 448 3310 xm;
481 3245 498 3300 Ι
530 3244 724 3300 Thess.
762 3261 830 3309 v;
859 3245 874 3296 I
908 3245 1044 3298 Petri
1071 3259 1123 3300 ν.
1169 3243 1299 3298 Vide
1319 3245 1726 3298 Onomasticon.

1121 437 1272 494 vm
1315 437 1559 496 SANCTI
1600 436 1827 509 PAULI,
1868 435 2056 494 pana
2101 436 2455 498 alterum.
2491 401 2809 498 Hormo.

339 556 394 628 de
451 552 645 608 Faunis
692 550 829 628 apud
885 550 1135 628 antiquos
1181 549 1726 628 historicos,_snbdit
1754 549 1896 628 idem
1928 553 1980 613 A
2039 551 2331 628 _Osculatis
2388 557 2499 625 ejus
2554 556 2749 620 oculis,
2810 557 3155 628 manibusque.

1942 1939 1989 1999 Β
2059 1939 2328 1986 ,τιυυηιυσ
2386 1939 2582 1974 qum,”

2015 1973 2206 2028 dittone
2261 1973 2582 2046 decantans.]

3492 449 3592 504 ΗΑ

3248 558 3414 616 Ohv‘ia
3470 575 3596 616 nas-

2039 555 2331 635 .Osculatis
2388 557 2499 625 ejus
2554 556 2749 620 oculis,
2810 555 3191 683 manibusque}
3248 558 3414 616 Obv‘ia
3470 575 3594 632 pas-

2007 638 2108 678 sim
2167 639 2415 679 manuum
2472 629 2683 691 oscula,
2735 642 2839 681 non
2892 629 3017 683 item
3064 645 3164 683 ocu
3188 643 3364 687 orum.
3415 629 3480 686 Et
3525 648 3594 689 ex

2013 695 2382 760 veneratione,
2427 705 2480 751 et
2509 712 2572 752 ex
2617 698 2808 752 aliectu
2837 699 2986 753 libari
3012 701 3166 755 solita
3212 703 3325 757 haec
3353 703 3542 758 oscula
3573 720 3590 758 :

2008 765 2076 821 de
2104 766 2294 835 quibus
2315 766 2584 836 copiosius
2613 769 2664 823 ill
2688 771 3050 825 Onomastico.

2083 837 2159 890 Ad
2194 841 2580 910 monasterium,
2606 844 2756 910 .quad
2807 849 2980 909 pastea
3023 859 3055 895 a
3109 843 3383 898 Saracenis
3431 860 3587 898 occu-

2009 918 2208 980 patum
2233 907 2352 978 esl.j
2373 907 2619 979 Contigit
2636 907 2749 965 hoc
2789 907 2930 966 anno
2955 912 3024 970 2t)
3047 912 3362 980 Constantii,
3388 914 3589 970 Christi

2010 979 2133 1034 358.
2168 978 2548 1052 Hieronymus,
2570 980 2621 1034 in
2651 982 2918 1037 Chronico
2950 1001 2960 1034 :
3000 1002 3019 1035 r
3055 978 3427 1051 Saracerti,vin
3479 1002 3592 1040 rno-

2012 1050 2302 1104 nastcriutn
2351 1050 2490 1106 beati
2530 1052 2746 1106 Antonii
2773 1054 3054 1120 irruentes,
3087 1054 3382 1110 Sarmatam
3426 1058 3593 1111 inter-

2011 1120 2272 1193 fecerunt.
2305 1143 2324 1172 ι
2356 1122 2541 1193 _Cujus
2585 1124 2841 1178 memoria
2887 1134 2969 1180 est
3015 1127 3065 1180 in
3106 1125 3259 1180 Mart.
3313 1128 3495 1193 Rotn.,
3530 1128 3592 1180 11

2014 1192 2230 1266 Octobr.
2258 1209 2272 1244 :
2301 1210 2317 1243 t
2355 1191 2412 1266 In
2459 1193 2731 1266 Thebaide
2779 1196 2949 1250 sancti
2998 1199 3286 1266 Sarmatae,
3348 1191 3594 1266 discipuli

2012 1263 2152 1319 beati
2182 1263 2418 1328 Antonii,
2451 1263 2540 1332 qui
2584 1279 2612 1318 a
2644 1265 2927 1321 Saracenis
2969 1282 3065 1322 oro
3108 1265 3320 1322 Christo
3371 1263 3594 1323 necatus

2012 1342 2113 1389 est.
2153 1353 2171 1386 ι

2086 1404 2338 1461 Sabulttm
2391 1407 2546 1478 capiti
2598 1406 3028 1478 superjaciebat.)
3083 1408 3334 1465 Solemne
3363 1409 3416 1465 in
3446 1410 3595 1468 luctu

2013 1485 2068 1532 et
2096 1492 2346 1551 m_oerore,
2372 1477 2855 1551 cinere,_pulvere,
2885 1477 3070 1551 marena
3133 1491 3291 1548 caput
3341 1495 3592 1551 asperge-

2016 1562 2095 1602 re.
2128 1547 2401 1617 Frequens
2430 1549 2545 1617 ejus
2589 1549 2640 1604 in
2693 1551 2863 1605 sacris
2884 1549 3095 1606 Litteris
3135 1547 3418 1607 memoria.
3462 1547 3595 1608 Vide

2017 1618 2418 1674 Onomasticon.

2095 1689 2237 1745 Vidit
2292 1691 2517 1762 gentibus
2581 1690 2943 1763 complicatis.]
3017 1693 3292 1747 Orantium
3336 1694 3593 1749 solemnis

2018 1760 2064 1816 is
2111 1760 2554 1835 gestusg,_equi_ab
2600 1760 2974 1835 hereticorum
3024 1763 3391 1820 conciliabulis
3439 1765 3596 1835 plano

2020 1836 2251 1887 exsulat.
2285 1832 2419 1887 Vide
2449 1832 2847 1888 Onomasticon.

2091 1902 2328 1974 Hymnus
2386 1919 2583 1974 quoque
2644 1914 2690 1958 et
2748 1907 2974 1972 psalmos
3032 1922 3095 1961 ea:
3150 1906 3443 1961 Christiana
3483 1917 3594 1961 tra-

2640 1974 2707 2028 Et
2761 1978 2844 2048 hic
2902 1977 3155 2033 solemnis
3206 1977 3406 2032 funeris
3453 1978 3595 2048 apud

2013 2046 2342 2116 Christianos
2374 2047 2527 2116 ritus,
2557 2046 2624 2100 de
2651 2061 2756 2116 quo
2786 2047 2837 2101 in
2864 2048 3224 2103 Onomastico.

2083 2114 2274 2170 Leoues
2302 2114 2448 2191 dug.]
2483 2114 2680 2191 Simile:
2711 2119 2921 2191 leonum
2964 2120 3280 2191 obsequium
3341 2121 3506 2179 habes
3539 2124 3592 2180 in

2014 2186 2143 2259 Vita_
2159 2188 2331 2259 sancti
2363 2185 2624 2250 Ofillpltrii
2666 2185 2834 2251 infra,
2866 2205 2984 2259 cap.
3011 2192 3111 2246 ult.

2103 2257 2384 2344 Tumulth
2424 2274 2509 2344 Dea:
2577 2275 2714 2342 more
2781 2257 3132 2344 composuit-4
3201 2264 3589 2344 Hieronymus,

2009 2329 2168 2404 epist.
2197 2328 2287 2391 49,
2321 2327 2387 2382 ad
2424 2329 2784 2404 innocentium
2812 2348 2824 2382 :
2857 2327 2902 2382 r7
2932 2327 3147 2404 Clerici,
3197 2327 3481 2404 quibus'itl
3513 2327 3592 2391 of;

2012 2400 2116 2470 ficii
2163 2408 2306 2470 erat,
2352 2409 2631 2453 cruentum
2684 2400 2847 2455 linteo
2897 2402 3125 2456 cadaver
3174 2400 3483 2470 obvolvunt,
3539 2417 3594 2464 et

2011 2469 2209 2524 fossam
2262 2469 2484 2523 humum
2543 2471 2809 2541 lapidibus
2869 2483 3263 2541 construentes,
3320 2492 3387 2532 ex
3442 2469 3594 2535 more

2011 2542 2273 2616 tumulum
2315 2550 2520 2610 parant.
2560 2560 2577 2592 ι
2610 2543 2886 2616 _lntelligit
2927 2559 3021 2613 per
3057 2541 3303 2614 Clericos,
3345 2552 3592 2616 copiatas

2009 2626 2103 2667 seu
2135 2613 2483 2677 laboratores,
2514 2613 2705 2681 quibus
2728 2628 2951 2683 corpora
2977 2613 3306 2672 mortuorum
3332 2613 3588 2676 humandi

2008 2699 2135 2737 cura
2169 2684 2524 2738 incumbebat.
2561 2683 2817 2739 Reatinus
2842 2686 3113 2740 existimat
3140 2689 3460 2744 clericorum
3496 2692 3588 2746 hic

2007 2757 2333 2829 mentionem
2385 2755 2495 2829 t_ieri
2526 2754 2595 2810 ob
2641 2757 2872 2824 psalmos
2902 2757 3307 2824 decantandos,
3349 2762 3438 2829 qui
3483 2763 3589 2818 etsi

2007 2825 2275 2899 decantati
2303 2829 2357 2899 in
2383 2825 2570 2899 funere
2592 2841 2658 2899 ex
2682 2837 2920 2881 veterum
2945 2843 3112 2894 more,
3138 2825 3385 2899 adjuncta
3409 2843 3590 2889 tamen

2006 2898 2233 2970 suadent
2262 2897 2613 2970 IlichpialaS
2643 2897 2885 2969 intelligi,
2915 2900 3001 2970 qui
3030 2899 3156 2955 olim
3188 2897 3314 2956 cleri
3344 2904 3590 2970 qu-cdam

2006 2982 2149 3037 pars.
2189 2968 2315 3021 Vide
2343 2964 2745 3023 Onomasticon.
2817 2964 2840 2969 ’
2873 2964 2880 2966 '
2931 2964 2949 2970 ⁷
3361 2964 3372 2973 ³

2077 3039 2160 3093 Ex
2215 3039 2433 3092 intestati
2493 3037 2680 3112 bonis.]
2736 3041 2956 3111 Argute.
3015 3041 3163 3110 Quod
3218 3045 3360 3100 enim
3412 3053 3590 3101 extre-

2005 3126 2091 3164 me
2138 3126 2340 3182 pauper
2368 3119 2741 3167 testamentum
2791 3113 3007 3181 condat,
3057 3123 3113 3168 et
3151 3116 3279 3183 quid
3309 3117 3393 3171 cui
3425 3116 3589 3171 relin-

2002 3191 2148 3252 quat.

2080 3253 2178 3327 Qui
2231 3255 2538 3327 patrimonia
2593 3270 2690 3327 sua
2751 3251 3035 3327 ignorant]
3084 3253 3305 3327 Nempe,
3351 3257 3474 3327 quia
3531 3263 3588 3314 ut

389 3314 507 3369 lmo
540 3327 684 3371 terra:
713 3325 901 3392 terram
922 3313 1160 3392 reddam)
1183 3316 1387 3392 Cicero,
1420 3315 1636 3369 Tuscul.
1667 3316 1892 3386 Qumst.,
1925 3323 1972 3388 C
2001 3313 2340 3387 Ovidius'ait,
2374 3325 2467 3378 lib.
2493 3339 2588 3380 xm
2621 3313 2972 3392 Metamorph.

309 3385 414 3441 lib.
473 3402 552 3452 tn,
609 3402 673 3440 ex
719 3387 1007 3453 Euripide:
1050 3404 1066 3435 ε
1109 3385 1398 3440 Reddenda
1454 3395 1610 3440 terrae
1659 3399 1740 3440 εει
1786 3397 1896 3441 ter-

308 3472 441 3513 ra.»
491 3457 662 3512 Verba
684 3465 805 3512 sunt
833 3457 1142 3524 Amphiarai
1191 3458 1258 3511 ad
1309 3464 1534 3511 matrem
1581 3456 1898 3513 Archemori

309 3539 660 3593 mmrentem,
697 3545 813 3596 rpite
859 3529 1018 3582 etiam
1053 3529 1215 3582 habes
1264 3530 1401 3597 apud
1443 3528 1807 3595 Plutarchum,
1843 3531 1894 3585 in

308 3600 692 3654 consolatione
735 3601 800 3652 ad
852 3599 1214 3664 Apollonium.
1268 3601 1621 3664 Fortunatus,
1675 3600 1767 3653 lib.
1818 3615 1892 3667 tv,

308 3672 593 3740 epitaphio
631 3671 720 3736 Ξῖ,
752 3669 1100 3738 Euphrasius:

440 3764 468 3799 ‹‹
488 3750 656 3800 Terre
676 3756 808 3799 terra
832 3750 989 3810 redit,
1025 3750 1111 3798 sed
1135 3750 1331 3811 Spiritus
1357 3753 1482 3798 astra
1506 3751 1710 3811 recepit.
1737 3762 1765 3797 »

308 3812 388 3869 Ita
419 3814 719 3880 legendum,
754 3827 858 3866 non
882 3813 1055 3877 dedit,
1082 3814 1163 3867 vel
1193 3813 1317 3867 edit.

391 3883 736 3938 Pallium..."
792 3883 859 3935 ad
907 3884 1271 3937 obvolvendum
1319 3883 1677 3952 corpusculum
1723 3901 1890 3939 meum

309 3954 508 4026 defer.)
540 3954 673 4008 Vide
695 3956 756 4026 in
789 3956 1148 4026 Ottomastico,
1185 3953 1383 4020 Funus,
1418 3955 1506 4008 ubi
1531 3957 1598 4010 de
1629 3957 1730 4009 hoc
1761 3959 1886 4026 ritu,

307 4025 482 4080 linteo
511 4029 592 4080 vel
623 4025 783 4095 pallio
809 4024 1125 4078 obvolvcndi
1147 4027 1426 4080 cadavera.

387 4098 494 4151 Sed
553 4107 608 4149 ut
662 4112 691 4148 a
744 4111 796 4149 se
843 4097 1091 4149 reccdenti
1146 4112 1328 4149 maeror
1379 4112 1482 4150 sua:
1539 4098 1713 4152 mortis
1753 4099 1888 4152 leva-

308 4167 498 4238 retur.|
557 4166 834 4230 Baronius,
868 4182 1008 4220 anno
1062 4166 1260 4221 Christi
1312 4166 1437 4232 545,
1489 4184 1593 4223 non
1625 4170 1891 4225 ideotun-

309 4247 428 4293 tum
475 4239 687 4307 pallium
719 4253 748 4290 a
783 4240 944 4308 l’aulo
974 4238 1264 4304 expetitum
1292 4238 1558 4306 opinatur,
1589 4240 1681 4294 sed
1722 4242 1886 4308 quod,

307 4311 401 4379 qui
437 4309 751 4378 prophetico
775 4307 972 4379 spiritu
999 4308 1348 4362 Athanasium
1376 4320 1620 4376 noverat,
1646 4321 1698 4364 et
1723 4307 1889 4379 (quod

309 4378 649 4435 levissimum
699 4378 1021 4450 videbatur)
1080 4380 1298 4448 pallium
1353 4380 1607 4436 donatum
1657 4378 1890 4436 Antanio

310 4451 688 4515 intellexerat;
737 4450 803 4504 de
845 4453 960 4519 ipso
991 4460 1149 4504 etiam
1195 4465 1434 4505 summos
1463 4452 1582 4507 illos
1612 4463 1690 4506 t0t
1731 4454 1887 4509 annis

308 4522 616 4576 exantlatos
647 4535 744 4592 pro
771 4522 1028 4575 catholica
1055 4521 1157 4575 fide
1188 4521 1422 4584 labores,
1453 4525 1657 4590 exsilia,
1688 4523 1886 4590 fus-am,

308 4607 616 4656 mrumnas,
672 4595 1082 4660 innumerasque
1141 4593 1272 4646 alias
1341 4593 1611 4648 molestias
1670 4596 1888 4650 minime

307 4662 613 4732 ignorarit:
643 4663 988 4732 quamobrem
1031 4664 1108 4717 sic
1139 4663 1412 4717 Athanasii
1447 4666 1658 4729 pallium
1682 4667 1882 4733 potius,

308 4749 473 4802 quam
517 4736 662 4787 aliud
693 4734 910 4788 alterius
943 4733 1172 4787 hominis
1199 4742 1562 4800 tegumentum
1593 4751 1883 4805 exposcere

306 4805 377 4857 ab
408 4806 642 4860 Antonio
673 4806 817 4858 visus
845 4813 926 4858 est
947 4844 961 4867 ,
992 4812 1051 4858 ut
1078 4819 1142 4857 eo
1170 4805 1358 4858 saltem
1387 4808 1884 4861 communicationis

304 4875 592 4945 symbolo,
645 4883 699 4930 et
752 4874 1120 4944 pr0pensionis
1159 4875 1318 4927 animi
1367 4889 1492 4944 erga
1539 4878 1883 4933 Athanasium

304 4947 652 5014 signiﬁcaret,
677 4961 735 5000 se
757 4945 968 5015 plurimi
994 4945 1173 5000 facere
1195 4945 1487 5012 hominem,
1512 4961 1667 5014 quem
1693 4957 1769 5001 tot
1791 4963 1885 5014 pro

305 5015 412 5071 fide
464 5025 712 5086 suscepta
768 5018 1057 5070 certamina
1113 5017 1486 5081 illustrassent,
1543 5032 1606 5072 ac
1664 5019 1885 5086 proinde

303 5089 555 5143 omnibus
601 5091 978 5153 innotesceret,
1026 5101 1056 5140 a
1108 5098 1254 5142 tanto
1297 5089 1411 5143 viro
1441 5088 1653 5157 probari
1699 5089 1879 5154 fidem,

301 5171 467 5225 quam
487 5159 812 5215 Athanasius
832 5169 937 5212 tam
955 5159 1149 5212 acriter
1165 5170 1485 5228 strenueque
1502 5172 1878 5229 prOpugnaret.

299 5230 456 5296 Quod
474 5231 688 5299 quidem
709 5229 848 5283 haud
865 5229 1141 5283 videbatur
1160 5229 1448 5284 mediocris
1468 5245 1586 5286 esse
1603 5233 1882 5298 momenti,

298 5299 365 5353 ad
385 5301 669 5369 erigendos
692 5299 1026 5354 titubantium
1049 5301 1277 5366 animos,
1302 5310 1355 5355 et
1373 5301 1704 5355 rohorandos
1731 5304 1877 5367 illos,

297 5372 392 5438 qui
437 5371 592 5425 solidi
623 5371 674 5424 in
717 5370 822 5424 fide
868 5377 1186 5440 perstarent.
1220 5372 1490 5438 Siquidem
1524 5373 1654 5426 tanti
1703 5373 1877 5427 facere

296 5442 438 5512 solet
467 5441 692 5512 p0pulus
719 5440 1002 5495 illustrium
1041 5443 1423 5496 monachorum
1466 5442 1534 5496 de
1565 5442 1666 5498 fide
1692 5447 1877 5498 catho-

295 5509 400 5565 lica
438 5509 823 5578 testimonium,
869 5521 925 5566 ut
954 5513 1137 5566 Ariani
1185 5515 1286 5568 hoc
1314 5514 1626 5579 sentientes,
1660 5515 1875 5571 mentiri

295 5595 404 5635 non
454 5582 562 5636 sint
587 5582 764 5648 veriti,
815 5596 1064 5650 magnum
1105 5583 1390 5637 Antonium
1438 5585 1623 5639 eadem
1665 5586 1732 5639 de
1770 5585 1874 5640 fide

297 5664 484 5723 secum
511 5669 614 5707 una
641 5653 868 5718 sentire;
901 5656 1036 5708 adeo
1058 5663 1115 5708 ut
1136 5669 1252 5708 eam
1283 5654 1352 5708 ob
1373 5669 1586 5709 causam
1618 5655 1716 5723 ipsi
1738 5671 1871 5723 opus

293 5721 480 5789 fuerit,
510 5726 696 5780 relicta
728 5725 910 5778 intima
952 5725 1116 5780 eremi
1145 5725 1462 5794 solitudine,
1496 5721 1870 5781 Alexandriam

299 5807 471 5866 usque
491 5793 840 5862 descendere,
870 5805 925 5850 et
951 5796 1018 5850 de
1039 5796 1296 5852 catholica
1320 5793 1452 5862 lide,’
1467 5811 1624 5866 quam
1649 5800 1870 5862 coleret,

295 5865 532 5936 publice,
559 5880 627 5921 ne
658 5869 883 5936 populus
923 5867 1213 5933 laberetur,
1245 5865 1520 5936 specimen
1561 5867 1742 5926 edere.
1781 5870 1874 5924 Af-

297 5933 475 5990 lirntat
502 5937 552 5992 id
578 5933 708 5994 sane
729 5933 1058 5993 Athanasius
1093 5939 1142 5993 in
1177 5933 1292 5994 Vita
1323 5940 1512 6003 ipsius.

1913 4702 1966 4763 Ι)

2156 3416 2396 3480 Pauperis
2424 3425 2500 3468 est
2523 3430 2785 3468 numerare
2812 3430 2983 3481 pecus.

1999 3499 2066 3555 Et
2091 3500 2361 3569 Horatius,
2386 3501 2478 3557 lib.
2505 3517 2543 3570 ι,
2576 3503 2732 3572 epist.
2759 3502 2790 3555 6
2815 3520 2831 3558 :

2155 3593 2307 3660 Exilis
2328 3594 2617 3660 domusgest,
2643 3597 2725 3645 ubi
2749 3608 2843 3644 non
2869 3601 2921 3647 et
2943 3595 3092 3660 multa
3118 3605 3422 3660 supersunt,

2150 3654 2212 3704 Et
2233 3656 2479 3706 dominum
2502 3654 2690 3720 fallunt,
2717 3663 2770 3708 et
2791 3667 2994 3721 prosunt
3018 3654 3286 3711 furibus...

2071 3737 2171 3804 Qui
2202 3756 2301 3793 uno
2341 3741 2429 3808 ﬁlo
2474 3742 2714 3815 villarum
2754 3743 2969 3815 incitant
3012 3743 3219 3815 pretim]
3252 3745 3330 3801 Ex
3376 3745 3586 3804 Tertul-

1997 3807 2138 3887 liano
2176 3807 2526 3887 _expressum,
2585 3812 2698 3887 lib._
2735 3813 2800 3866 de
2824 3807 3021 3887 _llabitu
3047 3807 3324 3887 muliebri,
3356 3831 3474 3887 cap.
3504 3820 3536 3873 9
3565 3837 3578 3872 :

2003 3897 2022 3930 r
2045 3880 2159 3936 Uno
2176 3881 2280 3934 lino
2297 3882 2475 3936 decies
2491 3883 2793 3937 sestertium
2821 3884 3091 3951 inseritur,
3120 3885 3284 3940 saltus
3305 3880 3355 3941 et
3377 3880 3584 3946 insulas

1997 3965 2099 4005 una
2130 3953 2306 4006 cervix
2342 3952 2462 4008 fert.
2495 3972 2513 4005 ι

2068 4022 2168 4078 Ille
2210 4025 2715 4099 concavis_manibus
2740 4033 2969 4099 enatura:
3008 4025 3300 4099 satisfecit.]
3329 4028 3470 4084 Idem
3510 4030 3583 4088 de

1995 4092 2228 4172 Diogene
2257 4096 2415 4172 habet
2444 4096 2706 4172 Laertius,
2739 4096 2828 4151 lib.
2853 4113 2942 4172 _vt;
2980 4108 3035 4172 et
3060 4100 3167 4169 26
3199 4092 3579 4172 Hieronymus,

1994 4163 2034 4218 Ι.
2060 4163 2311 4221 ncontra
2355 4167 2714 4230 JOVinianum,
2763 4184 2813 4223 c.
2847 4170 2878 4223 9
2907 4187 2918 4221 :
2949 4186 2967 4219 ι
3002 4163 3241 4235 Οῶιῖεηι
3287 4163 3415 4226 νει-6
3448 4163 3581 4227 tem;

1993 4249 2124 4305 pore
2162 4239 2362 4293 habens
2407 4238 2475 4293 ad
2525 4240 2812 4309 potandum
2861 4254 3082 4294 caueum
3133 4241 3390 4308 ligneum,
3441 4244 3579 4303 vidit

1994 4322 2217 4382 puerum
2273 4324 2431 4382 manu
2465 4324 2698 4382 concava
2745 4310 2945 4382 bibere.
2987 4330 3006 4363 ι
3061 4311 3136 4365 Ita
3185 4313 3463 4382 legendum
3511 4329 3581 4371 ex

1991 4377 2089 4451 bis.
2116 4380 2413 4448 pemptimo
2435 4381 2641 4451 collegii
2667 4382 2831 4435 nostri
2849 4381 3218 4445 Lovaniensis,
3237 4377 3348 4438 non
3372 4401 3576 4440 cavum.

1992 4448 2169 4516 Quare
2199 4453 2360 4506 κοῖλον
2389 4448 2829 4516 ξύλινοιιῘΜπίξιηί
2880 4451 3094 4506 Victorii
3131 4455 3216 4507 hic
3244 4454 3418 4508 locum
3469 4471 3577 4512 non

1993 4518 2170 4575 habet.
2207 4522 2261 4575 In
2296 4523 2506 4578 Laertio
2556 4538 2650 4592 pro
2698 4538 2854 4575 cauca
2895 4523 3063 4592 ligneo
3092 4531 3177 4579 est
3220 4525 3419 4585 κοτύλη.
3474 4527 3579 4583 Oe-

1991 4595 2157 4646 currit
2185 4593 2330 4647 cauci
2353 4609 2453 4647 vox
2485 4603 2539 4648 ct
2579 4595 2631 4648 in
2680 4592 2794 4647 Vita
2824 4593 2994 4648 sancti
3025 4595 3252 4649 Abrahae
3289 4597 3530 4653 eretnitze
3553 4639 3571 4664 ,

1990 4677 2108 4731 cap.
2138 4665 2192 4726 '5,
2223 4664 2291 4718 de
2311 4680 2416 4734 quo
2445 4672 2582 4732 post.

2061 4734 2269 4806 Auratis
2312 4731 2574 4788 obvolvitis
2623 4731 2903 4806 καὶέγνω]
2948 4735 3026 4806 De
3053 4738 3275 4806 ivestitn
3334 4749 3577 4795 mortuo-

1989 4819 2109 4878 rum
2157 4805 2445 4878 Gretzerus
2476 4805 2830 4878 noster,ﬂ_lib.
2856 4805 2900 4872 ιζ
2927 4805 2995 4862 de
3028 4805 3164 4861 Fun.
3193 4807 3428 4873 ChristJ
3447 4825 3570 4878 cap.

1992 4875 2054 4940 5;
2111 4884 2163 4928 et
2217 4874 2627 4940 Kircltmannus,
2680 4876 2772 4931 lib.
2801 4893 2838 4942 ι,
2887 4893 2936 4933 c.
2994 4877 3091 4940 10.
3122 4881 3189 4934 de
3228 4879 3363 4934 Fun.
3414 4874 3569 4933 llum.

1993 4946 2144 5013 Quod
2181 4945 2268 5000 hic
2287 4947 2528 5016 suggillat
2551 4947 2903 5018 Hieronymus
2924 4948 3145 5004 divitum
3170 4964 3389 5017 corpora
3415 4964 3575 5004 aura-

1995 5019 2064 5071 tis
2096 5018 2331 5071 vcstibus
2362 5027 2413 5071 et
2437 5019 2610 5073 serico
2636 5021 2888 5086 involuta,
2922 5034 2987 5074 ex
3011 5021 3204 5075 merito
3236 5030 3289 5073 et
3318 5018 3575 5087 religione

1992 5088 2371 5160 tributumhoc
2397 5091 2594 5143 sanctis
2617 5089 2760 5154 viris,
2791 5100 2844 5144 et
2865 5092 3207 5160 martyribus.
3237 5089 3296 5144 S.
3332 5090 3573 5143 Athana-

1991 5158 2122 5224 sius,
2155 5160 2205 5211 ill
2224 5157 2348 5231 _Vita
2374 5160 2543 5214 sancti
2572 5161 2809 5228 Antonii,
2839 5177 2955 5231 cap.
2977 5157 3046 5214 5'6
3072 5179 3084 5214 :
3115 5177 3134 5210 ι
3169 5162 3280 5214 Mos
3304 5160 3574 5229 AEgyptiis

1990 5239 2096 5296 est,
2152 5227 2443 5302 nobilium,
2499 5241 2552 5286 et
2608 5227 3209 5302 prxcipue'beatorutn
3276 5227 3571 5302 martyrum

1990 5314 2211 5366 corpora
2240 5300 2545 5356 linteamine
2566 5299 2868 5356 obvolvere.
2899 5319 2917 5352 ›
2960 5299 3088 5354 Vide
3109 5300 3173 5352 ad
3201 5315 3315 5355 eam
3365 5299 3570 5361 Vitam.

2062 5370 2366 5441 Hieronymi
2426 5372 2752 5443 peccatoris.]
2815 5371 2885 5425 ita
2945 5385 3096 5443 saepe
3145 5369 3330 5427 Patres
3393 5373 3571 5430 humi-

1983 5440 2146 5497 litatis
2176 5440 2366 5497 amictu
2395 5458 2454 5498 se
2480 5440 2774 5499 inscribere
2801 5451 2854 5496 et
2876 5441 3214 5498 subscribere
3236 5445 3398 5500 soliti.
3434 5445 3566 5502 Vide

1982 5514 2380 5568 Onomasticon.

2057 5583 2303 5656 Tunicam
2351 5583 2507 5638 Pauli
2550 5598 2665 5636 cum
2714 5582 2906 5656 meritis
2943 5581 3101 5655 ejus.)
3143 5583 3408 5656 Agnosco,
3447 5586 3558 5643 lite-

1980 5655 2164 5720 retice,
2218 5655 2450 5709 lidelium
2497 5669 2563 5708 ex
2633 5655 2834 5726 sanctis
2897 5656 3150 5724 operibus
3199 5655 3428 5725 merita;
3473 5668 3558 5726 et,

1979 5727 2072 5797 qui
2101 5727 2280 5800 divum
2309 5726 2696 5800 _llieronymum
2727 5725 2878 5795 legis,
2899 5729 3186 5800 Atestimas;
3236 5729 3395 5783 fidem
3423 5725 3560 5800 quo-

1981 5796 2086 5867 que
2115 5797 2232 5866 ejus
2255 5798 2319 5850 ad
2349 5796 2539 5849 anima:
2569 5797 2796 5852 salutem
2824 5797 3039 5867 imbibe.
3069 5798 3222 5853 Disce
3247 5796 3557 5856 sanctorum

1981 5866 2254 5937 reliquias,
2301 5877 2477 5921 vestes
2503 5866 2789 5940 :estimare.
2837 5866 3122 5940 Gregorius
3154 5868 3518 5940 Nazianzenus

1983 5946 2119 5992 orat.
2164 5952 2266 5992 xxv
2300 5955 2311 5991 :
2345 5940 2444 5994 Καὶ
2475 5941 2506 5998 ἡ
2531 5940 2736 6008 μηλωτή
2760 5939 3010 5997 Ἐλισαίὸυ
3062 5940 3218 5996 πλιίω
3249 5939 3523 6000 diripuerint
