4124 6350
343 341 441 398 117
1143 336 1210 393 1N
1250 335 1463 393 VITAM
1505 326 1709 394 BEATl
1749 329 1931 395 ANTO

2069 337 2458 398 PRIELUDIA.
2497 342 2818 401 NOTATIO.

3507 339 3608 396 118

417 474 434 505 ι
470 452 654 522 Qualis
707 451 813 505 vita
882 457 939 505 et
988 448 1230 510 moribus
1303 450 1568 507 Antonius
1627 454 1922 509 monachus
1950 472 2005 531 Α
2029 455 2404 512 Alexandrinae
2434 458 2580 513 urbis
2605 461 2917 528 episcopus,
2952 457 3144 528 insigni
3177 457 3453 512 volumine
3480 469 3601 524 pro-

340 550 392 603 in
461 544 750 602 solitudine
810 542 1027 612 Egypti
1090 543 1288 599 eisdem
1355 543 1514 599 fuerit
1563 547 1921 616 temporibus,

335 640 607 715 quomodo
636 654 754 695 cum
785 635 1118 692 daemonibus
1148 637 1320 705 palam
1349 648 1398 692 et
1432 647 1616 705 aperte
1633 639 1920 704 dimicarit,

339 737 550 792 illorum
602 736 828 789 astutias
870 742 922 788 et
979 732 1200 786 callidas
1245 746 1447 802 pugnas
1486 733 1920 802 deprehenderit,

338 835 500 885 mu'ta
550 828 787 898 prodigia
840 835 891 879 et
939 825 1195 879 miracula
1253 824 1511 890 ediderit;
1559 825 1812 894 quoniam
1861 825 1927 878 ab

339 923 637 977 Athanasio
685 918 1020 975 Alexandriae
1089 917 1339 987 episcouo
1378 917 1429 970 in
1455 919 1588 972 libro
1637 919 1926 986 separatim

335 1017 406 1070 de
426 1018 545 1085 ejus
575 1015 692 1068 Vita
733 1011 1037 1078 conscripto
1076 1011 1186 1080 jam
1219 1010 1424 1079 pridem
1475 1012 1775 1079 expositum
1813 1018 1921 1075 est,

334 1107 524 1160 eadem
564 1119 660 1160 nos
689 1115 1116 1160 commemorare
1176 1101 1330 1170 plane
1371 1100 1582 1156 videtur
1607 1109 1926 1170 supervaca-

334 1213 520 1254 neunt.
560 1217 577 1250 ι

644 1288 810 1350 Idem,
845 1288 932 1341 lib.
961 1303 1032 1351 tv,
1057 1303 1172 1355 cap.
1199 1285 1287 1348 18,
1315 1285 1458 1340 Eccl.
1491 1285 1630 1340 Hist.

406 1385 602 1438 Τούτου
652 1390 740 1437 τοῦ
765 1387 984 1451 ’.ἠρεμοῦν
1014 1385 1104 1436 τὴν
1154 1378 1334 1448 ψυχήν
1363 1380 1489 1447 μετὰ
1533 1381 1768 1444 θάνατον,
1805 1379 1929 1431 ἁνα-

320 1477 839 1552 ,λαμῗανομένηνύπὸ
863 1472 1144 1546 ἁγγέλων,ὁ
1175 1473 1284 1527 κατ’
1305 1474 1454 1526 αὐτὸν
1477 1472 1930 1545 βιώσαςᾍντὼνιος

333 1572 606 1633 ἐθεάσατο,
631 1569 702 1628 ὥς
725 1589 870 1638 φησιν
899 1568 947 1619 ἐν
972 1572 1044 1633 τῷ
1092 1563 1187 1635 βίῳ
1217 1565 1370 1618 αὐτοῦ
1401 1563 1424 1616 ὁ
1452 1571 1544 1623 τῆς
1564 1560 1932 1636 Ἀλεξανδρείας

333 1661 619 1717 ἐπίσκοπος
647 1659 957 1716 Ἀθανάσιος.

417 1771 435 1802 ο
477 1750 642 1819 Hujus
671 1749 944 1803 Atntt’tonis
971 1748 1204 1799 animam
1238 1753 1355 1814 post
1385 1755 1611 1802 morlen‘t
1636 1746 1701 1799 ab
1732 1746 1931 1815 angelis

332 1842 389 1899 in
413 1843 610 1897 caelum
643 1841 922 1903 sublatam,
957 1840 1240 1900 Antonius,
1274 1839 1360 1906 qui
1401 1838 1602 1893 eisdem
1635 1839 1921 1892 vixittein-
1949 1838 2000 1914 Β

332 1937 581 2005 poribus,
600 1935 764 1998 vidit;
794 1932 1243 2002 quemadmodum
1275 1933 1342 1985 ab
1371 1933 1682 1996 Athanasio,
1701 1933 1934 1988 Alexan-

329 2032 466 2086 driae
493 2029 764 2098 episcoiio,
791 2029 842 2080 iii
875 2027 990 2097 ejus
1016 2026 1132 2081 Vita
1155 2037 1631 2082 commemoratum
1662 2037 1765 2081 est.
1804 2047 1819 2078 ι

662 2123 1007 2194 Nicephorius,
1036 2122 1122 2174 lib.
1153 2137 1264 2184 Vlli,
1299 2139 1413 2192 cup.
1444 2119 1534 2174 40.

412 2215 613 2273 Verum
659 2217 794 2283 haec,
842 2226 1090 2283 tanquam
1137 2224 1320 2283 gustus
1348 2213 1602 2284 quidam,
1633 2223 1687 2269 et
1739 2215 1929 2284 exigua

333 2309 513 2377 imago
535 2309 754 2362 Antonii
775 2309 899 2361 vita:
925 2316 978 2360 et
1007 2305 1240 2360 instituti
1268 2305 1372 2358 sint
1402 2308 1733 2373 exposita,nt
1760 2321 1821 2358 ex
1852 2305 1932 2358 his

335 2405 647 2457 universam
693 2400 832 2470 ejus,
862 2399 1033 2470 qualis
1085 2397 1262 2463 fuerit,
1288 2398 1679 2468 philosophiam
1712 2399 1932 2468 colliga-

333 2510 480 2549 mus.
514 2494 682 2560 Quani
718 2493 880 2546 rebus
907 2491 1156 2547 omnibus
1187 2491 1418 2558 Optimus
1465 2491 1819 2559 Athanasius,
1849 2492 1933 2546 cui

332 2591 502 2645 etiam
529 2589 623 2641 l‘nit
651 2588 1021 2651 eharissimus,
1053 2585 1271 2654 cepiose
1321 2585 1594 2640 memoriae
1646 2586 1933 2653 posterita-

332 2681 405 2735 tis
461 2681 655 2735 litteris
687 2679 992 2745 mandavit;
1028 2678 1410 2734 certaminibus
1453 2677 1566 2744 ejus
1594 2685 1777 2732 contra
1825 2680 1937 2732 daa-

334 2788 564 2840 tnoues,
599 2781 655 2828 et
707 2774 945 2835 artibus,
974 2786 1106 2841 quas
1159 2771 1418 2825 adversus
1468 2770 1588 2825 illos
1637 2770 1932 2837 adinvenit,

339 2869 575 2938 aliisque
599 2867 721 2920 vitae
751 2865 1006 2935 prodigiis
1030 2877 1082 2918 et
1111 2865 1268 2917 rebus
1295 2864 1571 2932 quibusvis
1592 2864 1932 2932 conscriptis,

334 2972 390 3016 ut
423 2953 565 3016 liber
593 2961 637 3014 is
669 2957 952 3013 monastici
985 2954 1217 3011 instituti
1245 2959 1346 3010 ceu
1374 2955 1494 3009 linis
1522 2956 1733 3025 quidam
1771 2965 1932 3011 esset.

308 3107 310 3114 ,
371 3050 745 3123 Hieronymus,
761 3047 931 3104 Cutal.
964 3050 1154 3103 illustr.
1179 3043 1379 3102 Eccles.
1411 3045 1631 3117 Script.,
1657 3063 1773 3114 cap.
1807 3045 1894 3102 88.

403 3144 675 3199 Antonius
750 3141 1086 3206 monachus,
1143 3140 1300 3208 cujus
1348 3137 1527 3192 Vitam
1576 3138 1928 3204 Athanasius,

2036 555 2252 602 εεουιυε
2280 556 2382 602 881.

2482 637 2648 706 Idem,
2681 639 2886 707 ibidem,
2921 658 3033 713 cap.
3067 639 3156 697 87.

2104 741 2293 798 Fertur
2339 745 2614 801 Athanasii
2646 747 2888 812 historia,
2915 746 3131 803 Antonii
3174 747 3420 805 monachi
3443 748 3614 804 vitam

2031 835 2338 892 continens.

2318 928 2579 1000 Bai/ﬁnus,
2613 931 2704 984 lib.
2736 946 2755 985 ι
2792 930 2932 985 Hist.
2966 931 3112 986 Eccl.
3133 945 3247 998 cap.
3276 930 3328 985 8.

2105 1020 2178 1076 De
2208 1023 2489 1077 virtutibus
2523 1025 2757 1089 Antonii,
2778 1038 2935 1095 atque
2967 1026 3223 1079 institutis
3246 1032 3300 1079 et
3326 1024 3616 1079 sobrietate

2031 1114 2244 1178 mentis,
2273 1114 2406 1168 utin
2439 1115 2726 1170 solitudine
2762 1116 2924 1170 vitam
2979 1115 3198 1187 degens,
3233 1132 3357 1170 usus
3405 1116 3610 1170 solum-

2032 1208 2191 1260 modo
2220 1208 2290 1261 sit
2318 1208 2587 1262 consortio
2619 1209 2928 1274 bestiarum,
2956 1200 3094 1262 etde
3126 1207 3461 1262 daemonibus
3490 1222 3612 1260 crc-

2034 1297 2162 1354 bros
2192 1313 2356 1368 agens
2387 1301 2706 1370 triumphos,
2741 1301 3001 1366 placuerit
3056 1300 3162 1353 Deo
3209 1312 3367 1365 supra
3392 1310 3616 1352 cunctos

2033 1391 2306 1454 mortales,
2338 1401 2498 1461 utque
2539 1393 2887 1447 institutionis
2929 1405 3041 1446 sua:
3073 1390 3324 1459 praeclara
3356 1403 3521 1458 usque
3563 1387 3615 1441 in

2034 1482 2350 1538 hodiernum
2401 1486 2678 1540 monachis
2721 1487 2961 1553 exempla
3018 1485 3324 1554 reliquerit,
3353 1483 3617 1537 volentem

2035 1594 2121 1632 me
2175 1580 2352 1646 aliqua
2399 1593 2668 1646 exponere
2713 1579 2800 1631 ille
2855 1578 3068 1631 libellus
3123 1576 3383 1639 exclusit,
3416 1575 3506 1644 qui
3552 1575 3617 1628 ab

2034 1672 2327 1726 Athanasio
2347 1673 2598 1741 scriptus,
2628 1672 2788 1726 etiam
2819 1671 3008 1724 Latino
3035 1684 3282 1724 sermone
3305 1669 3483 1723 editus
3511 1674 3618 1722 est.

2109 1762 2381 1829 Paulinus,
2408 1764 2619 1834 prolego
2653 1752 2784 1816 Vita:
2807 1764 2968 1816 sancti
2991 1761 3246 1815 Ambrosii
3279 1759 3311 1812 4
3340 1760 3546 1822 Aprilis.

2100 1858 2364 1922 Hortaris,
2384 1857 2710 1912 venerabilis
2735 1857 2892 1910 Pater
2912 1855 3230 1925 Augustine,
3249 1853 3459 1908 utsicut
3480 1853 3620 1906 beati

2039 1953 2156 2015 viri,
2190 1950 2516 2005 Athanasius
2548 1951 2832 2016 episeopns
2855 1958 2908 2005 et
2933 1949 3284 2018 Hieronymus
3319 1946 3618 2015 presbyter,

2041 2043 2179 2112 style
2211 2046 2474 2110 prosecuti
2506 2053 2631 2096 sunt
2663 2039 2839 2095 Vitam
2864 2052 3168 2097 sanctorum
3200 2040 3347 2094 Pauli
3376 2049 3428 2093 et
3453 2041 3619 2092 Αιηυ-

2044 2135 2111 2188 nii
2136 2133 2189 2186 in
2219 2149 2400 2190 eremo
2429 2134 2747 2203 positorum,
2773 2147 2878 2190 etc.

2115 2260 2200 2314 DE
2245 2259 2547 2316 EVAGRIO
2588 2257 3066 2325 PRESBYTERO,
3118 2255 3301 2312 νιτίΕ
3341 2252 3553 2311 HUIUS

2616 2351 3074 2406 INTERPRETE.

2075 2467 2445 2540 Hieronymus,
2476 2467 2643 2524 σαῖσι.
2669 2470 2859 2524 illuslr.
2897 2467 3034 2524 Eccl.
3063 2470 3280 2541 Script.,
3306 2489 3419 2536 cap.
3448 2470 3569 2524 ηδ.

2111 2586 2218 2656 29
2262 2583 2516 2653 Evagrius
2562 2583 2641 2654 (α)
2689 2583 2988 2638 Antiochiae
3037 2585 3341 2653 episcenos,
3376 2585 3512 2639 acris
3558 2598 3622 2637 ac

2042 2674 2301 2730 ferventis
2326 2675 2544 2745 ing-util,
2567 2689 2687 2729 cum
2713 2676 2884 2731 adlmc
2904 2691 3043 2731 esset
3072 2676 3371 2746 presbyter,
3391 2678 3622 2730 diversa-

2039 2783 2158 2821 rum
2189 2765 2555 2837 hypodteseou
2583 2774 2839 2821 tractatus
2873 2769 3002 2822 mihi
3035 2769 3191 2838 legit,
3223 2786 3358 2838 quos
3399 2768 3621 2824 necdum

2039 2861 2223 2915 edidit.
2261 2860 2436 2915 Vitam
2467 2875 2678 2930 quoque
2708 2862 2851 2916 beati
2877 2863 3092 2917 Antonii
3125 2862 3192 2917 de
3236 2862 3423 2916 ῦτίεοο
3454 2862 3622 2915 Atha«

2041 2956 2177 3011 nasii
2209 2957 2260 3011 in
2287 2971 2590 3011 sermonem
2621 2966 2859 3009 nostrum
2890 2953 3180 3007 transtulit.
3429 3003 3456 3030 ν,

2113 3048 2320 3104 Similia
2359 3048 2508 3102 habet
2548 3046 2829 3113 Honorius,
2859 3063 2974 3118 cap.
3013 3044 3113 3100 125
3153 3046 3214 3099 de
3251 3044 3441 3100 illurtr.
3485 3044 3621 3099 Eccl.

2043 3142 2219 3208 Script

1650 3275 2020 3330 ROSWEYDI
2057 3274 2374 3330 ΝΟΤΑΤΙΟ.

412 3376 500 3445 (τι)
541 3375 686 3426 Arma
727 3372 794 3426 19
847 3371 1153 3445 Constantii.

336 3442 648 3502 Chronicon
692 3442 1112 3512 manuscriptum

336 3529 388 3573 et
413 3515 680 3585 Scaligeri
709 3514 894 3585 editio,

413 3581 702 3647 Barouins,
731 3593 860 3639 tom.
881 3583 960 3646 ll,
989 3595 1130 3636 anno
1159 3581 1302 3636 Decii
1337 3581 1357 3632 1
1391 3581 1574 3651 (quem
1601 3585 1713 3650 ipse
1734 3581 1932 3634 Christi

337 3675 544 3712 annum
594 3657 778 3708 statuit
826 3651 953 3723 255)
1003 3654 1330 3724 investigans
1381 3652 1528 3724 Pauli
1577 3653 1642 3706 ad
1692 3668 1932 3724 eremum

338 3731 526 3800 fugam
555 3741 617 3781 ex
649 3727 864 3800 Antonii
892 3727 1072 3800 obitu,
1105 3722 1294 3800 asseiit
1321 3739 1383 3777 ex
1413 3722 1680 3800 Chrenieo
1706 3723 1929 3800 _Eus_ebii

339 3794 785 3867 et'llicr‘Onymi,
821 3795 1122 3867 Antonium,
1158 3795 1359 3867 obiisse
1408 3809 1550 3847 anno
1589 3794 1650 3845 2|
1676 3795 1934 3867 Jonioris

340 3865 680 3933 Constantii;
715 3869 800 3921 cui
833 3866 1128 3921 Constantii
1162 3878 1308 3930 anno,
1333 3865 1447 3934 ipse
1496 3874 1641 3930 post,
1673 3865 1724 3919 in
1757 3868 1935 3919 Anna-

305 3958 308 3961 '
341 3942 506 4005 libus,
534 3939 785 4008 textu)”,
821 3941 880 4004 in,
913 3943 1176 3992 annorum
1204 3937 1364 4001 serie,
1391 3951 1420 4008 a
1454 3935 1667 4008 Christo
1695 3939 1930 4008 assignat

342 4001 550 4066 anitum
579 4001 702 4063 357.
731 4001 881 4076 Quod
911 4009 1190 4062 occasione
1223 4006 1576 4076 invesug‘andi
1605 4001 1828 4060 aetatem'
1845 4006 1934 4060 Hi-

340 4081 570 4138 larionis
601 4083 796 4149 repetit
823 4089 951 4133 tom.
977 4079 1065 4145 IV,
1099 4082 1160 4149 ad
1191 4092 1386 4149 annum
1410 4077 1608 4149 Christi
1633 4077 1757 4131 2772.
1788 4078 1934 4149 Idem

344 4165 559 4216 tamen,
594 4145 740 4205 tomo
787 4150 881 4217 lli,
917 4158 1058 4204 anno
1099 4145 1303 4203 ChriSti
1329 4147 1453 4211 5.38,
1489 4149 1783 4202 Constantii
1823 4147 1892 4200 22
1915 4190 1931 4214 ,

342 4225 562 4281 Antonii
594 4224 798 4276 obitum
842 4222 1089 4277 collocat.
1121 4218 1276 4288 Quod
1321 4229 1416 4274 cur
1447 4217 1642 4273 fecisse
1672 4221 1930 4288 potuerit,

342 4311 469 4351 lllt'x
502 4309 782 4351 Illﬂlill‘aﬂl.

414 4310 1011 4434 [legigjibrtzmilhronici
1043 4362 1240 4434 Codice
1287 4375 1439 4416 usum
1487 4360 1808 4434 Bardninui,
1845 4377 1936 4416 su-

347 4443 447 4506 pra
477 4431 620 4498 dixi,
651 4435 721 4488 ad
765 4435 935 4489 vitam
974 4435 1143 4489 sancti
1187 4432 1366 4501 Pauli,
1398 4433 1540 4504 quod
1583 4447 1724 4487 nunc
1765 4431 1935 4489 fusius

343 4507 706 4580 ιῄινρβειηάυιιιἓ

1207 3440 1554 3505 inaudinum,
1600 3441 1674 3494 ita
1716 3441 1932 3496 Ponta‘ci

418 4577 648 4646 Vulgata
685 4575 934 4630 Chronici
980 4574 1264 4628 Eusebiani
1293 4575 1479 4639 editio,
1525 4589 1631 4642 quo
1675 4589 1799 4630 usus
1831 4575 1938 4642 Bas;

343 4652 548 4710 ronius,
586 4647 732 4716 ponit
773 4647 991 4701 Antonii
1023 4646 1426 4716 natalemanno
1458 4647 1480 4700 1
1520 4646 1699 4713 Decii,
1727 4646 1932 4701 Christi

344 4719 418 4774 25
435 4721 456 4770 ί
475 4760 491 4785 ,
516 4727 571 4773 et
592 4715 798 4772 ebitum
823 4718 1062 4786 ejusdem
1093 4732 1232 4768 anno
1256 4715 1318 4769 Si
1351 4717 1929 4786 Constatitiilunioris,

1237 3367 1313 3422 lla
1361 3369 1660 3423 rectissime
1717 3369 1932 3424 Eusebii
1963 3375 2010 3439 ο
2045 3371 2197 3432 imn.;
2231 3379 2388 3438 atque
2421 3369 2491 3423 ita
2519 3368 2647 3439 justi
2679 3385 2746 3424 cv
2770 3371 2924 3431 anni,
2955 3370 3145 3440 quibus
3172 3372 3432 3427 Antonius
3457 3373 3618 3439 vixit,

2042 3451 2354 3510 exsurgunt.
2404 3441 2511 3495 Nec
2553 3442 2708 3496 aliter
2756 3441 2950 3495 lectum
2990 3443 3041 3496 in
3077 3443 3335 3508 Eusebio,
3387 3456 3626 3512 tempore

2039 3513 2673 3584 Gregoriiu'l‘urouensis.
2710 3513 2838 3566 Nim
2884 3514 2954 3566 ita
2996 3515 3086 3567 ille
3132 3514 3268 3567 lihro
3297 3533 3308 3568 I
3333 3559 3346 3580 ,
3385 3531 3502 3584 cap.
3532 3517 3620 3580 58,

2041 3584 2240 3637 Ilistor.
2281 3582 2515 3636 Frauc.:
2550 3600 2569 3634 ι
2597 3582 2894 3638 Constantii
2940 3584 3175 3638 iunioris
3227 3601 3368 3640 anno
3401 3582 3485 3648 ill,
3522 3590 3626 3641 An-

2039 3656 2217 3710 tonius
2270 3656 2564 3708 monachus
2610 3656 2853 3718 transiit,
2904 3657 3075 3708 aitatis
3121 3669 3262 3709 anno
3316 3658 3439 3712 105.
3470 3676 3493 3711 ι
3553 3660 3624 3713 lta

2039 3725 2135 3777 Ms.
2188 3725 2588 3791 Trodonensis,
2634 3741 2755 3778 cum
2813 3728 2865 3779 in
2918 3728 3144 3792 vulgatis
3190 3729 3329 3782 male
3377 3734 3447 3782 sit
3497 3731 3617 3784 101).

2038 3796 2140 3849 Sed
2171 3805 2224 3850 et
2265 3795 2598 3862 Vincentius,
2630 3797 2784 3862 Spec.
2836 3797 2957 3850 hist.
2996 3797 3088 3850 lib.
3132 3812 3238 3860 xw,
3271 3812 3386 3863 cap.
3425 3800 3523 3863 Η,
3557 3815 3622 3855 ex

2037 3867 2226 3919 eodem
2260 3867 2476 3920 Eusebii
2505 3866 2788 3926 Chronico.
2819 3867 3036 3922 Antonii
3069 3868 3274 3922 obitum
3316 3869 3616 3924 Constantii

2037 3937 2273 3995 iunioris
2320 3952 2463 3990 anno
2509 3938 2574 3991 19
2622 3935 2788 4005 ponit.
2817 3941 2994 4004 Quare
3021 3939 3090 3994 de
3134 3941 3358 3994 Antonii
3393 3942 3541 3994 obitu
3574 3943 3624 3998 in

2037 4009 2248 4077 vulgato
2285 4009 2516 4063 Eusebio
2547 4010 3034 4078 metachronisutus
3069 4020 3152 4064 est
3195 4015 3421 4064 duorum
3452 4028 3622 4066 anno-

2038 4094 2189 4140 rum,
2220 4080 2264 4133 si
2295 4081 2361 4132 ab
2388 4080 2541 4133 annis
2577 4081 2750 4133 relatis
2780 4080 2994 4134 Antonii
3024 4086 3079 4134 et
3104 4097 3300 4136 annum
3332 4084 3622 4138 nativitatis

2036 4160 2090 4204 et
2115 4166 2311 4203 annum
2337 4151 2512 4204 obitus
2538 4150 2812 4216 excludas;
2839 4152 2922 4206 vel
2949 4155 3432 4209 mctachronismos
3461 4168 3542 4208 εει
3571 4170 3624 4207 tv

2037 4235 2332 4284 annorum,
2366 4223 2408 4274 si
2438 4232 2492 4276 et
2541 4221 2832 4276 nativitatis
2872 4227 2925 4276 et
2964 4224 3139 4276 obitus
3178 4240 3346 4278 annos
3401 4241 3622 4282 numero

2038 4307 2300 4345 annorum
2325 4293 2496 4346 aetatis
2519 4293 2633 4361 ejtts
2662 4294 3107 4362 comprehendas.

2110 4363 2325 4416 Miratus
2354 4378 2471 4416 sum
2497 4375 2622 4417 sane
2654 4362 2967 4432 Baronium,
3004 4364 3141 4432 quod
3164 4405 3179 4431 ,
3211 4379 3330 4418 cum
3365 4373 3507 4420 tomo
3541 4367 3578 4419 ll
3601 4409 3614 4428 ,

2037 4434 2226 4487 annot
2264 4435 2435 4504 Decii,
2465 4440 2625 4500 agens
2656 4434 2724 4487 de
2767 4429 2915 4488 Pauli
2955 4429 3196 4489 ereinuz’e
3241 4434 3384 4504 fuga,
3421 4438 3618 4493 ibidem

2038 4513 2245 4558 asserat
2270 4507 2336 4559 ex’
2370 4502 2634 4578 Chronico
2667 4505 2880 4578 Eusebii
2905 4506 3250 4578 (depravata,
3281 4502 3337 4560 ut
3364 4507 3620 4578 diximus)

2036 4578 2323 4628 Antonium
2369 4577 2568 4629 obiisse
2615 4585 2756 4628 anno
2790 4577 2852 4628 :Zi
2895 4575 3191 4630 Constantii
3239 4578 3507 4643 .lunioris;
3542 4575 3618 4633 ta;

2038 4661 2162 4699 men
2204 4655 2345 4699 tomo
2378 4646 2470 4709 Ill,
2505 4661 2645 4698 anno
2674 4646 2742 4698 2‘2
2784 4648 3022 4714 ejusdem
3053 4646 3381 4712 Constantii,
3418 4652 3618 4704 obitum

2039 4717 2256 4790 Antonii
2305 4726 2482 4784 ponat.
2517 4716 2681 4790 Cujus
2727 4719 2800 4770 rei
2851 4719 3112 4772 rationem
3158 4725 3279 4773 dum
3330 4723 3618 4790 investigo,

344 4775 550 4868 Christi
576 4789 699 4868 56i_.
724 4775 1064 4868 (Iuni-autem
1090 4787 1376 4868 ex
1399 4775 1930 4868 vulgatiuChronico,
1959 4775 2016 4837 Ῐ)
2039 4801 2142 4868 non
2187 4775 2342 4868 τιξίμῶ
2394 4775 2832 4868 reperioLquam
2884 4791 3022 4854 quod
3071 4792 3294 4868 fortasse
3332 4775 3614 4868 Duronius,

344 4861 646 4930 pesteriore
676 4862 774 4913 hoc
805 4861 942 4923 luco,
980 4865 1189 4912 constet
1214 4859 1504 4911 Antonium
1536 4859 1734 4912 ohiisse
1762 4862 1933 4913 :etatis

346 4929 489 4985 anno
518 4932 640 4996 105,
674 4937 876 4984 certum
907 4939 988 4984 est
1018 4931 1097 4984 vel
1132 4931 1363 4982 natalem
1404 4929 1648 4990 Antonii.
1677 4930 1757 4982 vel
1789 4945 1932 4983 mor-

349 5006 546 5057 tualem
590 5002 835 5072 ejusdem
860 5002 1006 5054 diem
1038 4999 1178 5072 male
1205 5001 1463 5069 assignari
1497 5001 1548 5053 in
1579 5017 1640 5054 ea
1672 5001 1928 5064 editione.

347 5091 468 5127 cum
521 5088 552 5127 a
593 5070 790 5126 Christi
833 5081 976 5125 anno
1016 5070 1155 5136 25-5,
1191 5081 1298 5139 quo‘
1345 5074 1493 5141 ponit
1539 5081 1716 5126 natum
1766 5075 1933 5126 Anto-

348 5147 528 5207 nium,
564 5145 630 5197 ad
662 5157 858 5196 annum
891 5141 1016 5207 561,
1047 5155 1154 5210 quo
1183 5143 1430 5197 eumdem
1465 5146 1611 5210 ponit
1641 5145 1925 5208 denatum,

350 5216 706 5270 intercurrunt
731 5213 854 5268 anni
879 5227 1002 5267 cm.
1036 5214 1188 5280 Quod
1214 5214 1257 5266 si
1287 5214 1418 5267 du-is
1450 5229 1621 5267 annos
1658 5215 1842 5278 addas,
1877 5223 1933 5268 et

349 5301 468 5340 eum
525 5287 770 5339 videlicet
809 5295 916 5353 quo
964 5298 1118 5337 natus
1149 5294 1258 5346 est,
1293 5293 1345 5337 et
1396 5299 1515 5338 eum
1557 5300 1663 5354 quo
1706 5288 1930 5338 denatus

352 5358 615 5411 Antonius
642 5357 752 5424 (qui
792 5366 970 5410 tamen
1005 5355 1232 5409 audendi
1278 5356 1540 5421 videatur,
1568 5372 1689 5409 cum
1723 5357 1927 5409 dicatur

353 5440 492 5482 anno
527 5427 627 5482 105
652 5427 824 5480 atatis
857 5435 1097 5480 mortuus
1132 5424 1417 5491 Antonius,
1452 5442 1554 5480 non
1600 5438 1776 5480 autem
1812 5436 1930 5494 post

353 5511 550 5555 annum
598 5495 749 5566 105),
791 5506 1084 5566 exsurgent
1125 5497 1253 5549 anni
1286 5512 1404 5560 δικ,
1450 5511 1567 5551 cum
1621 5509 1822 5551 tantttm
1868 5512 1932 5551 cv

297 5593 301 5596 -
356 5569 478 5623 anni
497 5613 509 5633 ,
543 5577 671 5638 quot
696 5568 959 5622 Antonius
990 5571 1151 5632 vixit,
1179 5567 1436 5622 deberent
1465 5571 1822 5624 intercurrere
1848 5569 1933 5623 vel

354 5654 658 5712 exsurgere.

429 5709 745 5766 Rectissime
772 5710 930 5780 igitur
957 5709 1006 5763 in
1034 5709 1128 5765 Ms.
1158 5709 1386 5764 Eusebio
1418 5711 1734 5772 Amandino,
1771 5721 1827 5763 ttt
1869 5711 1932 5766 ad

357 5778 531 5851 Vitam
562 5781 706 5835 Pauli
732 5778 880 5845 disi,
911 5783 1123 5835 Antonii
1154 5783 1402 5836 uatiritas
1422 5784 1769 5851 ciiiisiguatttr
1796 5797 1947 5835 anno'

362 5849 386 5905 1
432 5851 610 5916 Decii.
657 5853 834 5910 obitus
880 5866 1006 5910 vero
1058 5867 1200 5909 anno
1245 5854 1311 5909 ill
1355 5849 1652 5908 Constantii
1697 5853 1935 5910 Junioris

2037 4865 2183 4912 tonio
2224 4858 2294 4922 ll,
2328 4873 2522 4912 annum
2561 4860 2579 4910 1
2619 4858 2794 4923 Decii,
2827 4873 2930 4925 quo
2966 4871 3117 4914 natus
3151 4864 3428 4924 Antonius,
3463 4858 3617 4918 annis

2037 4933 2210 4984 aetatis
2241 4931 2478 4996 ejusdem
2510 4934 2976 5001 annumeraverit;
3008 4941 3168 5001 atque
3215 4935 3284 4986 ita
3316 4935 3382 4984 ah
3413 4948 3553 4985 anno
3590 4938 3608 4987 ι

2036 5001 2177 5055 Decii
2219 5003 2453 5068 adusque
2499 5000 2794 5055 Cottstantii
2846 5000 3090 5056 Junioris
3128 5018 3324 5055 antrum
3375 5003 3465 5064 “2!,
3493 5019 3613 5058 eum

2036 5073 2192 5125 simul
2230 5073 2569 5136 iui-ludendo,
2603 5075 2875 5138 putatione
2925 5076 3217 5125 ΗςιΓωηὶπηη
3263 5074 3388 5139 justi
3421 5090 3614 5127 essur-

2035 5156 2165 5211 gtmt
2194 5145 2315 5196 anui
2340 5158 2424 5210 cv,
2454 5159 2573 5212 qua:
2605 5159 2852 5210 suprema
2886 5145 2980 5197 irrit
3010 5149 3139 5197 aetas
3176 5143 3407 5196 Mttonii.
3446 5143 3618 5199 Tullio

2036 5229 2165 5267 vero
2206 5214 2298 5278 lli,
2336 5220 2542 5269 videtur
2582 5232 2777 5268 annum
2823 5216 2845 5268 1
2893 5215 3035 5266 Deoii
3085 5229 3188 5266 non
3232 5230 3616 5270 anuuinurasse

2035 5286 2188 5338 annis
2219 5285 2388 5339 letalis
2421 5287 2667 5349 Antonii,
2697 5286 2787 5340 sed
2827 5287 2841 5336 Ι
2881 5299 3075 5335 annum
3109 5289 3280 5337 {etatis
3303 5289 3518 5340 Antenii
3543 5329 3555 5350 ,
3591 5308 3615 5340 ιι

2040 5357 2249 5410 licciani
2299 5359 2503 5425 imperii
2547 5371 2688 5410 anno
2725 5358 2758 5408 2
2805 5354 3103 5420 inchoasse,
3134 5371 3298 5424 quare
3329 5371 3380 5410 et
3410 5360 3613 5412 obitum

2036 5430 2252 5480 Antonii
2283 5433 2345 5481 ad
2372 5443 2569 5483 annum
2590 5429 2658 5482 22
2681 5425 2975 5480 Constantii
2996 5425 3230 5481 Juttioris
3251 5429 3438 5483 eodem
3467 5441 3518 5483 to
3545 5450 3612 5480 ten

2035 5499 2097 5552 ΙΙΙ
2127 5504 2447 5567 prorogavit.

2112 5571 2262 5636 Quod
2296 5586 2419 5624 vero
2447 5569 2589 5635 dixi,
2622 5568 2918 5622 rectissime
2948 5567 3000 5623 in
3032 5569 3126 5624 Ms.
3164 5571 3392 5625 EUSCDTO
3420 5574 3616 5626 Atttatt-

2042 5641 2167 5694 diuo
2205 5642 2528 5694 nativitatem
2576 5639 2788 5693 Anteiiii
2833 5644 3130 5706 consignari
3174 5657 3314 5696 anno
3359 5647 3377 5696 i
3433 5644 3613 5708 lict-ii,

2042 5715 2109 5763 ob
2135 5720 2242 5764 tum
2277 5726 2408 5764 vero
2446 5714 2508 5765 19
2536 5710 2830 5766 Constantii
2875 5712 3130 5775 Junioris,
3159 5725 3318 5782 atque
3346 5715 3414 5767 ita
3442 5713 3616 5783 justus

2042 5798 2104 5835 Cv
2137 5799 2240 5834 anu
2267 5797 2304 5832 is
2335 5785 2507 5834 inlatis
2529 5784 2744 5837 Antoitii
2768 5799 3076 5854 exsurgere.
3110 5786 3178 5837 ita
3213 5787 3469 5850 intelligi),
3494 5791 3614 5850 quia

2043 5867 2161 5906 cum
2205 5854 2427 5922 vulgata:
2461 5856 2725 5912 editiones
2774 5858 2956 5926 (etiam
2999 5859 3351 5912 correctiores
3398 5858 3613 5911 Pontaci
