4124 6350
498 369 598 428 119

1542 370 1626 426 DE
1671 368 1845 426 VITIS
1888 365 2171 423 PATRUM
2213 365 2415 422 LIBER
2454 365 2729 424 PRIMUS.

3668 377 3768 432 1%

498 494 552 542 et
581 484 859 566 Scaligeri)
902 487 1038 542 inter
1077 501 1271 541 annum
1317 485 1386 540 20
1439 485 1756 566 Diocletiani
1781 493 1827 539 et
1867 486 1897 566 .I
1934 484 2076 566 Con-
2103 483 2151 544 A
2182 498 2411 566 quorum
2475 484 2718 540 meminit
2779 485 3104 556 AuguStinus
3167 485 3261 542 lib.
3316 504 3412 546 vni
3479 490 3763 566 Οοιιῐειιε.,

498 559 719 612 stantini
741 559 874 613 duos
897 573 1064 613 annos
1087 568 1336 624 statuant,
1361 571 1558 627 eosque
1580 557 1792 612 Galerio
1817 557 2070 618 tribuant,

495 629 829 686 Amandinus
855 629 1035 685 Codex
1065 644 1221 682 unum
1247 638 1449 682 tantum
1476 646 1669 682 annum
1701 628 2073 682 intermedium

500 701 708 772 statuit,
731 702 1108 772 vulgatumque
1123 703 1190 772 de
1213 698 1425 772 Galerio
1446 702 1833 772 paragraphnm
1856 698 2071 772 omittit.

497 771 600 839 Qtii
626 781 679 826 et
706 773 750 826 si
784 770 1113 833 admittatur.
1144 771 1364 838 ejuSque
1397 771 1620 840 imperio
1665 771 1770 824 duo
1799 770 1922 822 anni
1977 771 2073 822 tri-

496 842 728 898 bnantur
754 853 878 898 ante
907 859 1104 897 annum
1140 841 1162 893 I
1195 845 1560 907 Constantini,
1594 856 1698 896 non
1729 855 1947 894 necesse
1975 841 2077 895 erit

497 913 636 969 duos
661 930 830 970 annos
861 913 1206 970 intermedios
1238 928 1434 978 ponere
1463 913 1600 968 inter
1626 927 1824 966 annum
1854 911 1924 965 20
1955 911 2075 964 Dio-

496 985 715 1040 cletiani
746 995 802 1040 et
833 987 856 1039 I
891 984 1256 1049 Constantini;
1288 984 1379 1038 sed
1424 987 1622 1051 primus
1668 998 1837 1036 annus
1876 982 2074 1037 Galerii

499 1071 820 1111 concurrere
865 1066 1040 1125 potest
1087 1072 1206 1110 cum
1239 1058 1306 1107 20
1353 1055 1697 1118 Diocletiani,
1728 1054 1922 1125 quippe
1952 1068 2074 1125 cum

501 1123 1026 1198 Diocletiantis’anuo
1046 1128 1153 1198 30
1175 1127 1381 1195 imperii
1427 1128 1504 1180 sui
1533 1126 1624 1191 20,
1661 1142 1692 1179 ιι
1717 1125 1834 1179 Kal.
1871 1123 2076 1198 lllaiise

499 1195 722 1264 imperio
747 1199 1035 1260 abdicarit,
1058 1195 1295 1267 indeque
1327 1213 1523 1253 annum
1554 1199 1575 1252 1
1613 1199 1690 1252 sui
1726 1195 1935 1265 imperii
1965 1195 2072 1250 Ga-

496 1267 661 1338 lerius
689 1270 850 1323 ordiri
880 1271 1070 1338 potuit.

567 1337 632 1393 Et
664 1337 891 1408 quidem
912 1356 1015 1394 non
1049 1342 1146 1394 nisi
1178 1356 1334 1394 unum
1367 1355 1565 1394 annum
1593 1339 1792 1393 debere
1842 1340 2074 1394 interce-

497 1409 626 1465 dere
675 1410 812 1466 inter
853 1426 1050 1465 annum
1092 1411 1162 1464 20
1205 1411 1518 1465 Diocletiani
1565 1421 1620 1466 et
1653 1411 1673 1462 1
1710 1409 2070 1474 Constantini,

503 1482 786 1550 probatur;
820 1491 930 1536 tum
962 1499 1030 1536 ex
1070 1484 1346 1552 ipsiusmet
1373 1483 1584 1535 Eusebii
1615 1482 1897 1544 Chronico,
1933 1482 2072 1550 quod

499 1554 809 1607 Diocletiani
853 1568 997 1607 auuo
1051 1553 1112 1606 IS)
1151 1555 1350 1608 diserte
1393 1553 1592 1606 habet:
1632 1570 1650 1602 ι
1683 1552 1884 1614 Quarto
1931 1568 2071 1604 anna

499 1623 883 1692 persecutionis
928 1624 1308 1677 Constantinus
1357 1638 1583 1692 regnare
1633 1636 1808 1676 orsus.
1849 1641 1866 1673 ι
1914 1623 2071 1690 Αιηυὶ

498 1709 618 1748 cum
669 1695 974 1749 Diocletiani
1023 1710 1162 1750 anno
1206 1696 1270 1750 I9
1317 1695 1618 1763 pet-spcutio
1658 1706 1774 1745 orta
1819 1695 1916 1758 sit,
1949 1695 1990 1746 si
2023 1693 2073 1748 ei

498 1765 663 1819 addas
692 1765 931 1833 ejusdem
975 1767 1063 1825 20,
1099 1775 1153 1820 et
1183 1782 1346 1819 unum
1389 1765 1762 1818 iiitvrineditim
1811 1764 1948 1818 inter
1973 1779 2072 1817 an-

2183 569 2241 610 ca
2286 594 2302 609 .
2333 558 2388 609 ti.
3747 558 3761 566 ⁷

2251 571 2451 688 l'i‘ertio,
2497 627 2620 695 quia
2668 637 2913 682 recenset
2959 627 3232 686 historiam
3281 630 3424 688 illam
3468 633 3536 689 de
3582 637 3765 697 anima

2180 696 2481 758 Ammonis.
2513 713 2671 767 quam
2716 698 3001 762 Palladius,
3031 715 3148 768 cap.
3179 702 3233 765 8,
3265 712 3319 757 et
3357 705 3628 767 Socrates.
3663 710 3759 766 lib.

2181 768 2526 892 }:;u0atp.18,
2556 783 2620 824 ex
2669 768 2805 824 libro
2836 769 3110 826 Athanasii
3152 772 3220 829 de
3263 774 3368 829 vita
3416 779 3633 833 Antonii
3679 796 3767 837 re-

2305 856 2380 891 η.

2249 909 2449 992 Quibus
2475 909 2596 964 addi
2628 921 2852 981 possunt
2874 920 2931 967 et
2956 913 3058 966 alia
3085 930 3190 968 non
3220 916 3397 972 minus
3426 928 3571 974 certa
3608 923 3765 978 testi-

2183 995 2386 1036 monia.

2254 1052 2464 1130 Primo,
2507 1053 2867 1130 certissimum
2919 1055 3276 1130 testimonium
3335 1057 3474 1114 beati
3531 1061 3765 1130 Ephrem

2177 1127 2450 1192 suggerit,
2478 1124 2567 1191 qui
2594 1140 2659 1177 ex
2692 1124 2788 1177 hac
2819 1125 2926 1179 vita
2959 1128 3175 1181 nomine
3210 1129 3483 1184 Athanasii
3513 1124 3618 1186 duo
3650 1134 3768 1192 loca

2177 1194 2244 1268 ad
2274 1197 2494 1248 verbum
2523 1196 2670 1268 citat,
2697 1211 2815 1262 quae
2842 1197 2958 1268 vide
2980 1196 3034 1268 in
3067 1207 3258 1263 notat.,
3290 1201 3465 1268 capite
3491 1201 3562 1257 23
3592 1214 3646 1258 et
3673 1206 3765 1263 ($0.

2179 1264 2322 1319 Idem
2357 1281 2563 1334 quoque
2595 1266 2645 1319 in
2675 1269 2841 1334 epist.
2874 1267 2936 1320 ad
2969 1266 3224 1322 Joannem
3265 1264 3583 1326 monachum
3619 1277 3768 1332 brevi

2181 1337 2415 1410 Antonii
2458 1337 2609 1410 Vitae
2640 1339 3060 1410 anacephalzcosi
3119 1345 3259 1409 (qua
3305 1341 3507 1410 singula
3561 1345 3612 1398 in
3667 1346 3769 1403 hac

2185 1407 2301 1460 Vita
2336 1408 2619 1476 habentur)
2650 1408 2939 1463 monachos
2975 1409 3040 1463 ad
3073 1407 3416 1467 communem
3444 1414 3604 1470 vitam
3636 1417 3764 1472 bor-

2183 1487 2346 1531 tatur.

2253 1549 2519 1616 Secundo,
2551 1565 2702 1622 teque
2732 1559 2938 1622 certum
2969 1551 3223 1606 indicium
3251 1556 3554 1622 suppeditat
3581 1565 3770 1614 auctor

2185 1619 2312 1698 Vita:
2361 1623 2533 1698 sancti
2579 1619 2882 1686 Pachoniii,
2936 1638 3093 1690 quam
3142 1627 3254 1698 jam
3290 1619 3430 1698 olim
3477 1626 3769 1698 Dionysius

2181 1689 2417 1760 Exiguus
2469 1694 2844 1759 interpretatus
2891 1689 3014 1761 est,
3067 1695 3154 1761 qui
3216 1695 3492 1751 Athanasii
3545 1689 3763 1756 nomine

2179 1764 2503 1838 mentionem
2538 1762 2665 1816 facit
2706 1763 2982 1818 Ammonis
3023 1774 3076 1818 et
3103 1765 3404 1832 Theodori,
3435 1769 3526 1838 qui
3567 1770 3618 1823 iii
3660 1771 3761 1826 hac

499 1851 623 1890 num
653 1832 731 1888 20
756 1835 1064 1924 Diucletiaui
1086 1838 1185 1918 et.I
1215 1838 1545 1924 Constantini
1568 1853 1582 1896 ;
1605 1836 1738 1914 quid
1760 1845 1943 1924 resumi,
1971 1837 2069 1890 nisi
2105 1863 2152 1924 Β
2180 1832 2396 1924 Antonii.
2424 1833 2541 1924 Vitta
2571 1844 2880 1888 occurrunt.

499 1915 557 1960 ut
587 1909 607 1961 I
642 1922 810 1960 annus
835 1907 1196 1971 Constantini,
1227 1907 1260 1958 4
1290 1910 1359 1960 sit
1387 1907 1809 1974 persecutionis?
1842 1907 1974 1959 Tum
2007 1923 2073 1960 ex
2105 1907 2124 1950 '.

501 1978 688 2032 Politia
731 1993 822 2031 seu
855 1978 1001 2030 Actis
1030 1992 1335 2031 sauciorum
1370 1978 1584 2030 Patrum
1632 1977 1992 2042 Metrophaan
2024 1987 2078 2032 et

499 2049 821 2113 Alexandri,
859 2047 997 2116 apud
1048 2049 1330 2115 I‘hotium,
1377 2049 1429 2102 in
1477 2047 1754 2109 Biblioth.,
1783 2049 1914 2101 (.‘od.
1949 2048 2076 2116 256,

503 2119 589 2193 tibi
622 2121 815 2173 dicitur
839 2123 1064 2193 :_T.;i‘rov
1103 2119 1146 2174 δ’
1172 2119 1267 2178 ἤδη
1307 2122 1418 2175 τότε
1451 2117 1509 2178 ἦν
1542 2118 1775 2193 Esaiam?
1815 2119 1920 2171 καθ’
1942 2122 2080 2188 ἡμῶν

502 2189 748 2262 διωγμοῦ,
775 2194 822 2245 ἐν
845 2187 884 2245 ὦ
915 2187 993 2244 iui
1028 2193 1352 2251 κονστὰντιος
1373 2193 1504 2260 πρὸς
1527 2197 1616 2249 τήν
1649 2188 1896 2262 ἄφθαρτον
1927 2191 2082 2249 Bact-

502 2261 658 2326 λείαν,
705 2269 795 2321 τήν
840 2265 1072 2334 ἐπικήρον
1113 2263 1318 2332 ἧμειχι.
1361 2283 1376 2313 ι
1408 2264 1619 2315 'l'crtius
1661 2261 1787 2334 tunc
1830 2263 2084 2330 agebatur

501 2345 670 2386 annus
729 2333 1113 2399 persecutionis
1160 2335 1210 2387 in
1262 2334 1594 2387 Christianos
1647 2333 1925 2394 eXt'IIaltP,
1976 2347 2082 2400 quo

503 2402 844 2458 Constantius
872 2419 992 2459 cum
1041 2413 1244 2458 mt’rno
1288 2419 1452 2474 regno
1495 2404 1752 2457 caducum
1783 2415 2082 2456 commuta-

503 2475 597 2528 vit.
630 2495 647 2526 ι
685 2475 845 2542 Atqui
884 2477 926 2530 si
969 2477 1102 2529 duos
1148 2490 1317 2529 annos
1365 2475 1710 2530 interinedios
1740 2489 1906 2543 ponas
1947 2475 2086 2528 inter

505 2561 699 2599 annum
723 2543 794 2600 20
823 2546 1130 2600 Diocletiani
1157 2557 1210 2600 et
1239 2549 1254 2600 I
1284 2544 1648 2606 Constantini.
1675 2562 1778 2599 non
1803 2544 1911 2614 jam
1935 2546 2084 2598 tertio

507 2618 896 2685 persecutionis
919 2633 1061 2672 anno
1099 2619 1440 2672 Constantius
1476 2617 1702 2680 obierit,
1739 2619 1828 2668 sed
1876 2629 2080 2683 quarto,

509 2697 570 2742 ut
594 2703 656 2742 ex
692 2690 850 2742 modo
897 2691 1026 2742 inita
1057 2690 1314 2756 temporis
1358 2689 1564 2742 ratione
1611 2687 1949 2740 manifestum
1979 2695 2080 2740 est.

507 2758 643 2812 Tum
694 2775 757 2814 ex
807 2760 1212 2830 Ulyinpiailihus
1259 2759 1544 2828 assignans
1597 2760 1672 2830 ine
1707 2757 2086 2830 MS._Idl~t‘I)IO

507 2830 829 2885 Amandino.
863 2828 993 2885 Nam
1037 2835 1242 2900 primus
1268 2845 1439 2885 anuus
1468 2828 1795 2898 Olympiadis
1822 2828 1919 2881 2η
1954 2843 2086 2882 eon-

507 2903 748 2969 signatur
775 2917 914 2956 anno
944 2903 1013 2955 20
1048 2903 1394 2966 υι‹›(1(ιιίτιιιὶ;
1425 2900 1692 2953 secundus
1733 2914 1872 2953 anno
1919 2902 2086 2954 inter-

509 2971 686 3027 medio
732 2973 869 3027 inter
897 2973 968 3027 20
1000 2973 1318 3026 Diocletiani
1361 2983 1411 3025 et
1444 2972 1469 3025 1
1503 2972 1868 3033 Constantini;
1901 2971 2088 3024 tertius

508 3058 652 3098 anno
697 3044 719 3098 I
766 3043 1122 3098 Constantini.
1152 3043 1306 3100 Unde
1333 3047 1533 3096 clarum
1579 3042 1756 3094 evadit
1799 3041 2085 3095 Eusebmm

509 3128 615 3169 non
648 3116 747 3169 nisi
781 3131 943 3170 unum
975 3131 1171 3169 annum
1202 3116 1340 3168 inter
1368 3113 1439 3167 20
1470 3113 1780 3167 Diocletiani
1807 3121 1861 3167 et
1895 3113 1916 3164 1
1952 3116 2089 3166 tion-

509 3186 726 3240 staniini
757 3187 1066 3241 collocasse.

584 3237 1009 3312 Sol—liciant‘hiec
1025 3237 1132 3328 pro
1154 3256 1313 3312 modo
1339 3257 1704 3320 notationum,
1728 3271 1846 3324 qurc
1874 3254 2091 3309 omnino
2120 3237 2167 3300 (ἶ

511 3327 736 3382 dicenda
771 3329 918 3410 [uere
947 3330 1010 3383 ad
1032 3327 1146 3411 grite
1184 3328 1586 3384 subducendum
1620 3343 1896 3382 numerum
1928 3342 2097 3380 anno-

510 3411 629 3453 rum
656 3407 827 3454 aetatis
851 3407 1088 3458 Antonii.

591 3489 671 3561 (b)
709 3489 889 3561 Varias
935 3489 1226 3561 epistolas.]
1269 3490 1483 3560 Septem
1535 3501 1812 3545 enumerat
1860 3491 1943 3544 hic
1987 3493 2100 3560 ipse

512 3560 862 3624 Tritbemius,
911 3570 965 3615 et
1017 3577 1174 3615 unam
1211 3560 1293 3614 fait
1339 3566 1593 3631 scriptam
1641 3563 1706 3616 ad
1751 3563 2096 3630 Arseuuitas;

512 3633 654 3703 quod
683 3645 868 3703 verunt
896 3641 977 3686 est
997 3671 1014 3699 ,
1044 3647 1213 3703 eoque
1245 3633 1461 3687 nomine
1503 3633 1730 3686 habetur
1768 3633 2001 3687 secunda
2047 3635 2099 3689 in

516 3701 755 3758 editimie
793 3701 1139 3758 Coloniensi.
1169 3704 1523 3774 Hieronymus
1553 3719 1763 3772 quoque
1797 3703 1952 3758 unius
1983 3716 2102 3758 tan-

515 3781 660 3841 tum,
702 3782 953 3843 tanquam
1003 3776 1304 3844 pracipum,
1349 3775 1416 3828 ad
1469 3776 1784 3830 Arsenoitas
1833 3775 2097 3830 meminit.

515 3844 694 3913 Quare
726 3859 829 3899 nou
862 3853 1006 3901 recte
1053 3851 1192 3915 apud
1221 3847 1568 3902 Possevinum
1596 3856 1678 3901 est
1713 3863 1884 3900 omnes
1909 3857 2102 3916 septem

514 3916 761 3988 epistolas
810 3919 1028 3986 scriptas
1074 3918 1159 3988 ad,
1194 3918 1510 3971 Arsenoitas.
1557 3918 1708 3984 Quod
1757 3919 1916 3971 etiam
1965 3920 2104 3974 male

515 3989 654 4042 tituli
688 3988 976 4058 praeferunt
1002 3989 1056 4042 in
1091 3987 1420 4043 Bibliotheca
1451 3999 1758 4043 sanctorum
1792 3989 2029 4044 Patrum.

590 4082 788 4138 Harum
825 4081 1170 4152 epistularum
1221 4096 1327 4136 non
1369 4091 1452 4138 est
1496 4097 1562 4137 ex
1605 4081 1795 4136 Grmco
1841 4081 2105 4150 interpres

518 4153 946 4224 Symphorianus
968 4153 1341 4224 Champerius,
1365 4164 1421 4224 ut
1446 4164 1529 4207 est
1551 4151 1687 4221 apud
1712 4152 2101 4224 Possevinum,

520 4222 616 4280 sed
645 4223 888 4278 Valerius
915 4222 1210 4292 Sarrasius,
1239 4223 1632 4295 Symphoriano
1658 4222 1948 4278 editionem
1981 4238 2105 4293 pro-

521 4305 760 4351 curante.

593 4387 746 4454 Quod
792 4402 922 4444 vero
964 4386 1285 4442 Possevinus
1315 4386 1366 4440 in
1410 4386 1682 4456 Apparatu
1722 4400 1876 4442 sacro
1907 4388 1958 4441 in
1990 4386 2104 4442 An-

523 4459 671 4513 tonio
694 4459 824 4514 citat
847 4473 916 4514 ex
941 4457 1258 4523 Tritbemio,
1286 4457 1505 4528 Scripsit
1527 4474 1725 4528 quoque
1755 4459 1947 4513 celebre
1977 4475 2105 4528 Opus

523 4531 742 4583 duorum
776 4531 1052 4597 librorum,
1090 4530 1228 4600 quod
1271 4527 1511 4594 Melissa,
1542 4527 1598 4580 id
1628 4540 1701 4583 est
1729 4530 1976 4600 Apicula,
2012 4527 2106 4583 no-

521 4601 768 4666 minatur,
798 4603 976 4671 aitque
1019 4601 1370 4656 'l'rithemium
1402 4615 1587 4655 errore
1627 4601 1765 4665 labi;
1801 4617 1924 4656 vere
1971 4601 2106 4655 labi-

521 4680 631 4738 tur,
661 4674 706 4726 si
739 4673 808 4728 ita
838 4673 1072 4739 scripsit.
1103 4672 1207 4728 Sed
1256 4671 1308 4725 in
1359 4671 1655 4726 Tritheniio
1694 4687 1756 4727 ea
1791 4674 1949 4726 verba
1996 4687 2100 4726 non

524 4743 764 4798 invenio.
804 4743 1057 4811 Suspicor
1111 4747 1211 4797 hoc
1251 4743 1426 4798 verbis
1470 4742 1750 4798 Trithemii
1795 4743 2032 4798 additum
2071 4758 2101 4798 a

525 4814 828 4886 Margarino
855 4814 918 4867 de
945 4814 998 4865 la
1026 4812 1187 4884 Bigne
1216 4813 1268 4886 in
1300 4818 1467 4886 prima
1493 4813 1731 4886 editione
1758 4814 2104 4886 Bibliotheca:

527 4884 628 4944 SS.
648 4883 875 4939 Patrum
893 4927 908 4951 ,
931 4887 1019 4954 qui
1043 4883 1208 4938 libros
1230 4883 1349 4938 illos
1371 4885 1588 4938 Antonii
1615 4885 1865 4951 Melissae,
1891 4885 2104 4939 nomine

526 4957 748 5014 Antonii
779 4956 948 5026 Magni
988 4955 1246 5010 ediderat.
1272 4955 1377 5011 Sed
1403 4969 1556 5010 error
1583 4966 1856 5010 correctus
1888 4966 2030 5010 tomo
2064 4955 2101 5008 V

528 5028 877 5084 Bibliotheca:
903 5037 1212 5082 sanctorum
1245 5027 1458 5080 Patrum
1491 5027 1738 5081 secundae
1764 5029 2029 5082 editionis.

597 5104 670 5224 te)
699 5097 1028 5224 Athanasio?
1057 5097 1192 5152 Vita:
1218 5098 1388 5152 sancti
1419 5097 1633 5151 Antonii
1680 5108 1952 5152 auctorem
1985 5112 2105 5153 esse

639 5172 876 5224 anasiuin
916 5169 1002 5224 nul
1030 5183 1092 5224 us
1120 5167 1362 5223 dubitare
1408 5170 1630 5224 poterit.
1655 5169 1744 5224 nui
1769 5169 1941 5224 eloaia
1969 5184 2105 5224 DN:-

526 5167 876 5226 Atbanasium
916 5167 1092 5224 nullus
1120 5167 1362 5223 dubitare
1408 5170 1630 5238 poterit,
1655 5169 1744 5239 qui
1769 5169 1941 5239 elogia
1969 5184 2105 5238 pra:-

527 5241 693 5297 missa
722 5241 928 5311 legerit.
963 5241 1029 5294 Et
1055 5240 1242 5296 Graece
1269 5239 1482 5310 quidem
1529 5255 1668 5295 nunc
1697 5254 1882 5295 recens
1914 5241 2107 5311 prodiit

530 5327 674 5382 anno
715 5309 845 5368 1611
880 5313 1134 5382 Auguste
1182 5309 1610 5378 Vinilelicoruin,
1643 5320 1866 5366 curante
1907 5309 2106 5364 Davide

530 5381 871 5448 Hmschelio;
901 5381 989 5453 qui
1031 5393 1084 5439 et
1121 5382 1616 5452 interpretationem
1649 5397 1797 5438 suam
1821 5423 1835 5448 ,
1868 5391 1923 5437 et
1954 5392 2106 5453 uetas

529 5453 786 5578 quesdam
808 5495 823 5520 ,
859 5452 1102 5509 Graecum
1132 5460 1362 5510 maxime
1405 5463 1710 5525 Spectantes
1742 5463 1941 5509 textum
1963 5494 1978 5520 ,
2005 5452 2105 5507 ad-

529 5539 613 5578 tec
639 5533 678 5578 t.

525 5525 678 5594 jecit.

608 5596 902 5652 Athanasio
921 5611 1038 5652 eam
1068 5597 1259 5653 asserit
1287 5598 1642 5654 Bellarmiuus
1673 5605 1855 5653 noster
1881 5604 2014 5650 tom.
2040 5594 2104 5662 ll,

532 5677 707 5723 contr.
733 5667 766 5720 2
785 5708 800 5733 ,
825 5669 861 5722 l.
888 5669 922 5721 2
944 5669 1011 5723 de
1041 5667 1332 5734 Monacliis,
1357 5685 1476 5738 cap.
1502 5671 1558 5727 4.

612 5740 813 5805 Primo,
840 5740 960 5810 quia
994 5749 1075 5810 est
1105 5755 1291 5793 revera
1324 5737 1528 5808 insigne
1568 5741 1816 5795 volumen
1839 5781 1853 5806 ,
1885 5748 1944 5794 ut
1987 5737 2113 5793 Hie-

537 5825 796 5882 ronymus
827 5811 955 5866 dicit
982 5809 1148 5865 fuisse
1181 5810 1369 5865 librum
1399 5812 1544 5866 illum
1577 5813 1871 5868 Athanasii.

609 5883 882 5952 Secundo,
939 5882 1060 5954 quia
1109 5883 1347 5938 continet
1397 5885 1624 5954 plurima
1679 5883 1765 5940 illa
1823 5883 2110 5952 miracula,

2132 4636 2184 4698 Ι)

2254 1903 2455 1979 Tertio,
2492 1905 2880 1979 Damascenus,
2927 1913 3066 1959 orat.
3096 1921 3148 1979 ι,
3198 1907 3264 1962 de
3314 1909 3654 1979 Imaginibus,
3696 1925 3765 1967 ex

2184 1972 2285 2027 Itac
2327 1975 2442 2028 Vita
2492 1976 2663 2028 locum
2709 1975 2871 2040 citat,
2911 1991 3068 2046 quem
3117 1972 3201 2032 hic
3253 1972 3450 2046 habes:
3479 1995 3528 2034 c.
3558 1972 3648 2046 57,
3680 1983 3758 2038 uti

2184 2054 2370 2097 catena
2422 2046 2604 2119 ms.in
2627 2046 2850 2119 _l_.ucam
2881 2061 2944 2100 ex
2980 2045 3184 2119 Crtecis
3224 2050 3470 2104 Patribus
3512 2045 3758 2119 collecta,

2183 2131 2303 2182 qua:
2333 2126 2506 2170 exstat
2537 2118 2588 2170 in
2624 2117 2948 2172 Bibliotheca
2980 2117 3235 2186 Palatina,
3266 2121 3536 2177 referente
3577 2117 3770 2179 Felclt?

2187 2202 2403 2240 1113111Ιο.

2259 2258 2430 2322 Quid,
2463 2273 2666 2326 quaeso.
2700 2259 2961 2324 testatius,
2993 2261 3056 2313 ad
3105 2262 3310 2317 auctori
3359 2264 3518 2318 alicui
3567 2264 3762 2320 librum

2187 2329 2532 2404 asserendum
2557 2372 2569 2389 ,
2610 2330 2800 2385 adduci
2853 2334 3062 2398 potest?
3091 2334 3228 2387 Sunt
3269 2342 3444 2390 tamen
3495 2335 3767 2404 haeretici,

2187 2399 2277 2474 qui
2307 2400 2653 2474 subdubitare
2683 2416 2786 2474 non
2818 2414 3070 2474 verentur
3092 2420 3156 2458 an
3189 2404 3323 2474 haec,
3353 2422 3472 2474 qua:
3502 2404 3586 2459 hic
3615 2399 3770 2461 exhi;

2196 2473 2376 2533 betur,
2416 2471 2550 2534 Vita,
2583 2471 2654 2524 sit
2681 2472 2748 2525 ab
2777 2471 3070 2526 Athanasio
3100 2473 3316 2541 scripta.
3353 2471 3424 2530 lia
3457 2477 3770 2544 Magdebur-

2188 2557 2402 2610 genses,
2449 2552 2658 2595 centur.
2689 2558 2760 2606 iv,
2791 2558 2910 2611 cap.
2946 2544 3030 2609 I0,
3062 2559 3179 2612 pag.
3218 2545 3374 2608 I306,
3408 2549 3549 2600 nulla
3593 2558 3770 2603 tamen

2191 2615 2271 2666 vel
2317 2612 2525 2666 ratione
2565 2614 2646 2667 vel
2696 2615 3028 2680 conjectura,
3073 2617 3155 2670 vel
3205 2619 3519 2672 auctoritate
3565 2619 3768 2673 addita.

2193 2682 2406 2759 Dubitat
2433 2693 2486 2759 et
2504 2683 2704 2759 Petrus
2733 2684 3122 2759 Felckmanuus
3147 2687 3456 2759 Coronmus,
3481 2688 3571 2759 qui
3599 2705 3769 2759 nuper

2191 2755 2467 2828 Athanasii
2493 2755 2862 2828 Gra‘colatina:
2890 2757 3109 2828 editioni
3141 2757 3374 2828 prtel'uit.

2263 2825 2367 2879 Sed
2423 2841 2528 2900 non
2579 2826 2836 2900 insidens,
2886 2825 3158 2900 dubitare:
3182 2830 3488 2900 hmreticos,
3516 2831 3607 2886 ubi
3645 2830 3772 2900 quid

2197 2897 2590 2970 eorumpalato
2614 2895 2794 2970 minus
2818 2897 3038 2961 arridet,
3071 2897 3145 2951 uti
3178 2899 3228 2952 in
3258 2900 3358 2954 hac
3381 2900 3483 2955 vita
3519 2895 3772 2970 praeclara

2197 2968 2550 3040 monachismi
2581 2967 2825 3040 siguique
2851 2969 3022 3023 crucis
3053 2970 3377 3025 testimonia.
3413 2967 3605 3026 Verum
3639 2988 3774 3040 prae-

2193 3039 2410 3113 fractior
2436 3048 2489 3113 et
2518 3038 2945 3113 magis_elIrons
2993 3041 3190 3113 incedit
3231 3041 3539 3110 Ilodolphus
3581 3038 3774 3113 Hospi-

2193 3110 2409 3181 nianus,
2435 3110 2502 3162 de
2528 3109 2675 3180 Urig.
2704 3109 2974 3171 Monach"
3010 3111 3101 3164 lib.
3136 3126 3223 3177 ιιι,
3253 3127 3370 3181 cap.
3399 3109 3450 3176 I,
3483 3124 3535 3170 et
3562 3109 3776 3170 coiri—eo

2195 3180 2532 3254 Abrahamus
2557 3182 2846 3254 Scultetus,
2868 3182 3081 3236 ltIedull.
3101 3180 3360 3254 Theolog.
3389 3185 3600 3240 Patrum
3627 3195 3778 3253 parte

2200 3265 2236 3306 ιι
2252 3291 2277 3326 ,_
2294 3253 2382 3326 qui
2407 3253 2528 3326 ausi
2559 3252 2708 3326 luere
2735 3267 2978 3326 asserere
3003 3257 3258 3321 scriptum
3291 3252 3411 3320 hoc,
3439 3257 3579 3326 quod
3612 3252 3777 3311 hodie

2199 3323 2298 3396 sub
2334 3323 2605 3396 Athanasii
2638 3325 2853 3396 nomine
2876 3325 3288 3396 circuinlertur.
3323 3323 3519 3382 nullam
3555 3343 3775 3396 prorsus

2200 3393 2358 3447 fidem
2383 3393 2594 3465 mereri,
2618 3397 2725 3449 imo
2750 3395 2933 3449 insulsi
2987 3394 3216 3448 hominis
3236 3393 3598 3465 coiiiiiienluiti
3620 3413 3777 3465 esse;

2200 3470 2288 3531 qui
2323 3463 2537 3544 paribus
2569 3464 3010 3547 Ιιὶελιγειιιῖιθιιιὶε
3037 3467 3267 3532 instant,
3295 3468 3368 3524 ita
3397 3479 3458 3524 ut
3483 3464 3620 3526 alter
3650 3463 3780 3526 alte-

2201 3549 2318 3588 rum
2348 3545 2720 3602 exscripsertt.

2275 3607 2675 3680 Primo,‘nuper
2696 3606 2840 3680 enim
2867 3607 3154 3664 admodum
3179 3611 3245 3664 ad
3274 3610 3477 3680 reliqua
3505 3611 3781 3670 Athanasii

2202 3690 2362 3746 opera
2394 3676 2652 3744 scriptum
2695 3677 2796 3734 hoc
2839 3680 3104 3747 adjectum
3134 3693 3234 3735 εει.
3268 3676 3453 3736 Graece
3479 3684 3619 3736 enim
3671 3698 3779 3738 non

2205 3748 2488 3823 reperitur,
2519 3749 2700 3823 necin
2733 3750 3020 3823 Basilcensi
3043 3792 3059 3816 ,
3100 3767 3198 3807 nec
3227 3754 3281 3808 in
3329 3754 3641 3823 Aiiglicano,
3674 3768 3775 3808 nec

2204 3819 2259 3873 in
2285 3822 2404 3873 aliis
2444 3819 2749 3894 Codicibos.
2783 3819 3118 3894 Respondeo,
3151 3819 3536 3894 scripttim'boc
3567 3825 3617 3878 in
3649 3824 3780 3893 ipsis

2206 3891 2570 3965 typographum
2598 3891 3180 3965 cunabulis_Atliauasii
3212 3891 3426 3949 nomine
3457 3891 3780 3965 impressum

2207 3962 2370 4034 IuiSse
2396 3961 2586 4034 Latine
2617 3961 2669 4015 in
2709 3961 2839 4016 Vitis
2877 3963 3119 4034 Patrum;
3155 3977 3206 4019 et
3239 3967 3440 4034 passim
3477 3961 3692 4022 in’mss.
3721 3965 3783 4020 li~

2207 4033 2339 4107 bris,
2371 4033 2542 4101 iisque
2584 4033 2963 4107 vetustissimis
2995 4033 3251 4107 inveniri.
3273 4039 3377 4107 31
3407 4036 3574 4106 Cujus
3603 4045 3784 4091 textus

2206 4102 2426 4176 Graicos
2455 4117 2599 4176 anno
2626 4103 3042 4176 IGII_Augtistm
3076 4102 3464 4163 Vindelicorum
3487 4102 3688 4176 prodiit
3713 4121 3782 4162 ex

2207 4174 2448 4244 ejusdem
2501 4174 2733 4229 civitatis
2773 4174 3116 4241 bibliotheca,
3147 4189 3370 4233 curante
3401 4174 3598 4234 Davide
3630 4178 3784 4232 Ilms-

2206 4245 2404 4317 chelio,
2435 4255 2504 4317 ut
2512 4245 2620 4314 jam
2639 4245 2778 4317 dixi.
2809 4247 2909 4314 Qui
2934 4256 2988 4301 et
3012 4263 3074 4303 ex
3105 4248 3400 4317 Anglicano
3423 4249 3619 4305 Codice
3643 4249 3786 4305 ch-

2207 4316 2301 4370 rici
2331 4315 2511 4371 Savilii
2538 4316 2808 4372 variantes
2834 4317 3087 4373 lectiones
3109 4315 3322 4387 adjecit.

2279 4387 2548 4458 Secundo,
2577 4403 2683 4440 non
2714 4392 3052 4458 reperiuntur
3081 4390 3134 4443 in
3167 4393 3267 4444 hoc
3293 4392 3491 4455 scripto
3519 4390 3641 4444 vita:
3673 4405 3788 4444 ino-

2208 4461 2428 4513 nastica:
2455 4457 2620 4524 leges,
2649 4457 2789 4527 quas
2805 4459 3167 4516 Nazianzenus
3211 4462 3396 4516 scribit
3439 4461 3788 4520 Athanasium

2207 4544 2305 4584 suo
2347 4529 2671 4600 narrationis
2717 4540 2972 4597 praetextu
3011 4534 3350 4600 promulgare
3390 4532 3641 4588 voluisse.
3679 4531 3788 4587 Ile-

2211 4601 2488 4668 spondeo:
2522 4599 2831 4654 Sanctorum
2868 4600 2985 4654 Vita
3014 4599 3096 4670 (ut
3123 4603 3195 4657 ait
3231 4613 3447 4658 sanctus
3475 4604 3789 4659 Ambrosius

2210 4671 2303 4726 lib.
2334 4671 2402 4724 de
2433 4670 2492 4724 S.
2521 4670 2718 4742 Joseph
2737 4712 2751 4732 ,
2781 4686 2830 4725 c.
2857 4672 2912 4742 I)
2941 4675 3134 4727 ceteris
3160 4689 3342 4727 norma
3361 4675 3559 4728 vivendi
3599 4684 3688 4728 est.
3723 4673 3789 4732 Et

2209 4742 2452 4804 Ilieron.,
2481 4742 2635 4808 epist.
2669 4741 2703 4794 2
2745 4743 2808 4796 ad
2856 4741 3080 4809 Nepot.,
3107 4744 3175 4799 de
3225 4744 3340 4801 Vita
3389 4745 3594 4799 Ileliod.
3645 4744 3790 4798 Nor-

2208 4829 2454 4885 rnamque
2487 4815 2601 4866 vitm
2639 4815 2774 4885 ejus,
2801 4817 3088 4884 exemplum
3119 4816 3302 4870 habere
3347 4819 3608 4869 virtutum.
3646 4815 3792 4870 Idem

2214 4884 2382 4952 Epist.
2409 4884 2504 4950 15,
2537 4885 2603 4938 ad
2629 4884 2932 4939 Marcellam
2955 4927 2968 4950 ,
3001 4885 3069 4940 de
3095 4888 3287 4942 Asella:
3319 4886 3472 4941 Vita:
3508 4886 3792 4940 Conversao

2209 4957 2393 5008 tionem
2424 4957 2561 5008 illius
2592 4961 2830 5026 perfecta:
2853 4958 2968 5010 vitta
3000 4973 3231 5010 normam
3259 4959 3588 5013 arbitrentur.
3621 4959 3685 5012 Et
3725 4973 3793 5013 ne

2210 5027 2278 5102 ab
2331 5027 2449 5102 ipso
2500 5027 2732 5081 Antonio
2779 5027 3164 5102 discedamus;
3205 5026 3353 5084 ἐστι
3394 5032 3493 5102 γὰρ
3541 5037 3793 5102 μονειχοῐς

2211 5098 2378 5156 ἱκανὸς
2405 5105 2680 5174 χᾳρᾳιςτήρ
2711 5099 2836 5174 πρὸς
2866 5095 3133 5174 ἄσκησινᾼὸ
3153 5095 3412 5174 ’Δντονίον’
3435 5095 3567 5172 Bias.
3614 5095 3794 5174 Perfe-

2214 5177 2293 5220 cta
2319 5177 2389 5219 est
2413 5167 2660 5235 siq'uideni
2689 5167 2760 5221 ad
2788 5172 3021 5223 virtutem
3047 5169 3159 5234 cia,
3189 5167 3468 5224 Antonium
3504 5174 3651 5235 scire,
3679 5167 3795 5239 quis

2214 5239 2471 5312 [uerit,ut
2501 5240 2573 5291 ait
2618 5241 2939 5295 Athanasius
2989 5242 3041 5294 in
3089 5239 3247 5308 hujus
3293 5243 3414 5295 vita:
3458 5239 3786 5312 praefatione.

2214 5309 2322 5383 Nec
2353 5323 2543 5383 paucas
2572 5323 2788 5366 sanctus
2818 5313 3084 5366 Antonius
3127 5309 3475 5383 monasticas'
3495 5313 3663 5383 leges,
3696 5327 3797 5366 exe

2216 5379 2606 5453 hortationibus
2631 5384 2761 5447 suis,
2795 5398 2912 5450 qua:
2943 5385 2992 5436 in
3025 5384 3125 5436 hac
3150 5382 3266 5437 Vita
3296 5379 3580 5450 habentur,
3614 5383 3794 5453 expri-

2217 5455 2354 5524 mit.
2382 5451 2534 5524 Quod
2589 5454 2632 5507 si
2675 5453 3048 5524 lluspinianus,
3079 5453 3161 5507 vel
3211 5453 3503 5519 Sculietus,
3533 5455 3617 5509 vel
3659 5451 3794 5508 a‘iius

2217 5523 2390 5593 quivis
2443 5522 2752 5592 Calvinista,
2783 5522 2849 5581 ex
2899 5526 3020 5580 vita:
3065 5525 3223 5593 hujus
3273 5525 3587 5595 praescripto
3633 5524 3796 5578 vitam

2219 5610 2368 5670 suam
2399 5607 2760 5670 componeret,
2791 5611 2874 5652 na:
2903 5596 2994 5652 ille
3018 5595 3329 5652 monastims
3361 5596 3564 5667 legibus
3584 5597 3798 5670 egregie

2220 5667 2502 5723 obsecutus
2528 5667 2812 5723 diceretur.

2293 5737 2496 5802 Tertio,
2527 5753 2648 5794 cum
2681 5749 2866 5794 auctor
2893 5738 3077 5809 scripti
3107 5738 3267 5807 hujus
3297 5739 3666 5797 demonstrare
3708 5752 3799 5794 co-

2221 5821 2396 5875 natur,
2427 5809 2714 5864 Autonium
2741 5810 3010 5866 Christum
3039 5815 3096 5866 In
3123 5813 3270 5867 omni
3315 5815 3440 5867 vita:
3487 5826 3597 5866 suze
3638 5825 3798 5866 cursu

2223 5883 2485 5938 imitatum
2513 5880 2696 5952 fuisse,
2727 5882 2796 5938 ita
2825 5882 3101 5954 pueriliter
3125 5891 3180 5940 et
3208 5883 3432 5944 ridicule
3457 5884 3524 5942 de
3553 5897 3620 5940 eo
3647 5882 3796 5941 labu-
