4124 6350
258 370 352 426 121

1042 370 1108 427 ΙΝ
1148 371 1362 429 VlTAM
1403 373 1604 430 BEATI
1637 374 1917 432 ANTONII
1955 376 2346 438 PR/E'LUDlA.
2389 382 2711 446 NOTATIO.

3428 403 3524 458 122

250 487 405 572 tatur,
461 489 708 582 ut._nihil
742 502 875 574 cum
921 490 1122 582 judicio
1176 507 1296 582 enm
1353 490 1634 576 legissein
1661 493 1824 582 Atha-
1855 493 1904 556 Α
1931 511 1994 578 ea:
2026 497 2203 559 ιίὶρν..
2226 502 2392 581 ρρἱιῑ.
2425 501 2540 582 16).
2574 505 2760 582 Postea
2793 522 2940 582 vero,
2975 510 3155 566 multis
3185 519 3516 582 przetermis.

250 561 400 632 nasio
425 561 623 616 merito
651 562 754 616 dici
785 574 965 630 queat.
997 562 1335 632 Respondeo,
1371 561 1473 618 non
1503 565 1696 619 mirum
1729 566 1829 620 hoc

245 629 630 705 aCalvinianis
657 629 962 705 hominibus
1007 629 1197 700 asseri,
1226 650 1346 690 cum
1399 635 1466 690 de
1507 635 1622 705 ejus
1671 639 1831 691 sortis

243 701 576 776 hominibus,
591 719 713 776 sero
739 704 858 758 licet
882 705 1237 776 insipientiam
1261 721 1409 760 suam
1437 701 1826 776 recognoscen-

241 772 422 836 tibus,
450 784 505 829 et
531 775 732 831 sanctis
761 776 888 841 ipsis
911 774 1020 844 jam
1052 777 1176 828 olim
1209 776 1406 831 dictum
1437 778 1508 830 sit
1539 772 1664 832 :‘Hi
1711 787 1829 831 sunt

239 860 365 914 quos
393 846 668 902 habuimus
693 846 970 913 aliquando
996 848 1049 899 in
1077 847 1298 900 derisum
1346 857 1393 901 et
1438 849 1492 901 in
1534 850 1830 902 similitudi-

239 931 357 968 nem
382 918 706 986 improperii.
742 917 849 972 Nos
875 919 1116 971 imcmati
1137 918 1289 972 vitam
1311 917 1516 974 illorum
1537 921 1830 976 wstimaba-

236 1003 351 1059 mus
383 990 640 1042 insaniam
670 989 822 1059 (Sap.
858 990 932 1058 v).
1003 1047 1006 1050 ,

305 1058 535 1126 Quarto,
568 1058 732 1115 falsus
763 1058 848 1114 hic
876 1068 1060 1116 auctor
1089 1059 1216 1115 dicit
1243 1059 1530 1116 Antonium
1563 1062 1823 1118 indoctum

235 1129 395 1198 fuisse
431 1139 481 1184 et
509 1132 795 1185 litterarum
821 1132 1110 1201 imperitum
1145 1175 1161 1197 ,
1190 1147 1311 1186 cum
1341 1131 1430 1186 alii
1461 1141 1643 1187 contra
1672 1148 1821 1190 asse-

235 1209 360 1274 r_an_t
401 1204 723 1257 causidicum
751 1203 936 1265 fuisse,
968 1212 1023 1259 et
1049 1203 1196 1256 valde
1220 1204 1441 1257 doctum.
1479 1204 1820 1274 Respondeo,

239 1271 304 1344 Et
333 1272 702 1337 indoclusfuit,
727 1284 780 1328 et
799 1275 979 1328 doctus
1004 1275 1260 1328 Antonius
1284 1293 1294 1327 :
1323 1271 1818 1344 indoctusquidem,

233 1339 285 1397 id
315 1355 418 1408 esu
455 1344 752 1400 litterarum
781 1345 1088 1410 imperitus;
1119 1344 1306 1399 doctus
1335 1360 1462 1399 vero
1512 1339 1610 1399 Dei
1653 1339 1816 1414 dono,

232 1423 286 1468 et
309 1416 602 1484 sagacitate
629 1415 812 1470 animi.
843 1415 994 1482 Quod
1024 1416 1188 1470 habes
1208 1420 1259 1469 in
1293 1416 1407 1470 Vita
1437 1431 1530 1482 per
1582 1418 1820 1473 Athana-

231 1484 390 1540 sium.
426 1485 558 1540 Nam
587 1503 706 1552 cap.
738 1488 763 1541 1
795 1487 989 1542 dicitur
1018 1487 1158 1556 quod
1186 1501 1288 1540 non
1319 1502 1502 1554 passus
1535 1488 1604 1542 sit
1642 1505 1695 1541 se
1733 1491 1820 1544 lit-

230 1558 354 1609 teris
381 1559 614 1622 erudiri;
645 1573 774 1628 ergo
799 1567 941 1613 recte
966 1557 1252 1612 litterarum
1294 1559 1555 1628 imperitus
1600 1559 1813 1626 dicitur,

229 1635 283 1681 et
311 1627 573 1694 indoctus,
605 1629 655 1683 id
705 1627 816 1694 est,
848 1644 950 1685 non
1001 1630 1191 1683 doetus
1239 1627 1465 1697 litteras,
1497 1631 1584 1697 qui
1641 1639 1815 1686 tamen

227 1697 371 1770 apud
386 1701 668 1770 eumdem.
702 1702 875 1770 capite
901 1698 990 1764 38,
1022 1699 1218 1754 dicitur
1247 1714 1276 1752 a
1327 1696 1436 1752 Deo
1482 1696 1691 1765 doctus,
1721 1717 1817 1757 seu

226 1768 578 1832 Θεοδίδακτος.
609 1773 760 1836 Quod
773 1768 1072 1841 utrumque
1096 1771 1163 1826 de
1185 1786 1250 1826 eo
1274 1779 1500 1825 testatur
1525 1770 1684 1827 divus
1706 1776 1818 1828 Au-

226 1843 496 1908 gustinus,
520 1843 724 1912 prolog.
756 1842 848 1896 lib.
883 1858 898 1896 t
929 1844 994 1896 de
1016 1843 1255 1896 doctrina
1283 1841 1583 1896 Christiana
1609 1860 1622 1898 :
1651 1861 1670 1894 t
1702 1846 1814 1898 Ati-

228 1912 430 1982 tnnius,
465 1913 652 1982 inquit,
682 1913 797 1968 sine
824 1915 923 1968 ulla
946 1912 1166 1967 scientia
1191 1913 1485 1968 litterarum
1507 1913 1807 1982 Scriptores

225 1979 433 2037 divinas
463 1995 514 2038 et
539 1979 851 2040 memoriter
874 1983 1134 2039 audiendo
1159 1985 1418 2052 tenuisse,
1443 1993 1498 2038 et
1521 1979 1810 2052 prudenter

224 2055 508 2118 cogitando
538 2055 869 2110 intellexisse
901 2056 1236 2124 przediratur.
1273 2072 1293 2107 ι

293 2125 450 2189 Quod
479 2141 606 2181 vero
637 2127 948 2180 causidicum
969 2127 1116 2181 aiunt
1143 2125 1308 2181 fuisse
1337 2127 1644 2194 Antonium,
1677 2144 1808 2187 sane

222 2195 526 2250 causidicus
560 2195 748 2260 fuerit,
780 2197 873 2252 sed
897 2213 960 2251 ea:
987 2213 1159 2251 eorum
1185 2213 1420 2263 numero,
1448 2200 1537 2265 qui
1567 2210 1807 2256 tete-mam

222 2267 376 2338 uitam
407 2268 682 2331 accipiunt,
706 2277 753 2322 et
781 2268 1066 2336 efﬁciuntur
1107 2269 1353 2321 causidici
1382 2271 1664 2325 sanctitatis
1686 2318 1699 2338 ,
1751 2283 1807 2328 ut

220 2337 291 2463 Et:
309 2348 498 2394 sancto
529 2339 773 2394 Tiburtia
802 2339 1027 2394 habetur
1053 2340 1105 2394 in
1136 2338 1256 2394 Vita
1283 2340 1451 2394 sancti
1482 2341 1801 2413 Sebastiani,

241 2425 252 2462 Ι
295 2449 309 2462 .
346 2425 384 2463 Ι.

241 2409 309 2462 ib.
346 2425 384 2464 ι.

286 2480 479 2536 Mirum
503 2479 743 2550 profecto
761 2481 887 2536 mihi
915 2483 1112 2546 visum,
1138 2481 1426 2537 Antonium
1450 2483 1516 2537 ab
1539 2483 1802 2552 aliquibus

219 2553 540 2625 causidicum
568 2553 670 2625 dici
689 2592 704 2617 ,
723 2561 788 2625 ut
814 2558 942 2608 citat
971 2566 1194 2624 uterque
1225 2553 1505 2608 haereticus
1534 2554 1652 2610 loco
1689 2557 1802 2625 jam

217 2625 398 2687 citato,
431 2624 580 2679 nulio
608 2623 1060 2695 additurauclore.
1104 2626 1253 2692 Quod
1299 2639 1418 2677 cum
1460 2625 1548 2678 ditt
1582 2623 1806 2695 quaesis-

215 2707 366 2759 Iem,
402 2695 615 2750 tandem
668 2696 719 2748 in
771 2694 1119 2764 Hospiniano,
1171 2696 1264 2751 lib.
1298 2710 1334 2748 ll
1383 2696 1450 2750 de
1489 2694 1802 2754 Monachatu

214 2780 334 2834 cap.
369 2781 452 2833 tu,
480 2766 632 2822 video
654 2767 805 2821 citari
828 2766 1045 2822 Suidam
1071 2767 1135 2820 ad
1159 2766 1260 2820 hoc
1282 2768 1631 2836 prepositum.
1657 2770 1801 2835 Qua-

216 2851 274 2891 re
303 2852 424 2890 eum
455 2838 609 2892 adeo.
643 2838 732 2891 Ille
759 2853 887 2891 vero
916 2853 1020 2892 non
1056 2836 1269 2892 Antonii
1313 2838 1484 2892 nostri
1537 2841 1799 2907 meminit,

215 2907 304 2974 qui
335 2917 486 2962 ortus
515 2911 610 2962 luit
638 2911 688 2961 in
715 2907 946 2977 Αἰθιοιο
973 2909 1024 2961 in
1069 2909 1188 2963 vico
1234 2910 1396 2962 Coma
1435 2907 1583 2977 juxta
1631 2911 1800 2966 Hera-

213 2977 406 3050 cleam,
442 2988 496 3033 ut
538 2981 693 3050 habet
725 2977 946 3050 Sozam.
975 2979 1068 3035 lib.
1101 2995 1137 3042 ι,
1187 2994 1306 3050 cap.
1358 2978 1445 3041 15,
1479 2991 1530 3034 et
1575 2981 1796 3050 Niceph.

213 3047 306 3105 lib.
340 3065 452 3114 vui,
480 3065 598 3117 cap.
631 3049 717 3114 40,
751 3048 843 3104 sed
873 3050 1087 3103 Antonii
1119 3049 1396 3120 cujusdam
1429 3047 1796 3118 Alemndrini,

211 3122 298 3189 qui
326 3121 670 3193 Alexandria
696 3132 746 3175 et
781 3120 1018 3193 Byzantii
1049 3126 1248 3193 sororis
1280 3136 1493 3193 causam
1521 3125 1650 3191 egit,
1679 3125 1799 3193 qui-

211 3207 314 3267 que
341 3191 707 3267 ipsiUSASltidIB
736 3189 890 3267 aetate
917 3192 1065 3267 vixit.
1122 3191 1206 3267 Ait
1253 3206 1395 3267 enim
1426 3208 1441 3246 :
1469 3189 1661 3267 Ἐγὶυγε
1699 3189 1797 3251 ὀὖν

1935 568 2327 644 sis,_apposit_us
2354 582 2433 627 est
2455 568 2570 640 ejus
2598 577 2807 644 obitus;
2839 568 2938 634 sed
2957 595 3023 634 an
3053 583 3119 636 ab
3140 568 3517 644 eoiiein'Atl-ia-

1935 642 2107 719 nasio,
2135 640 2273 696 haud
2301 657 2544 719 asserere
2565 640 2835 704 auderem.
2853 651 2993 708 Idem
3016 655 3176 710 sentit
3197 640 3519 715 Posseviuus

1934 714 1987 763 in
2020 714 2292 780 Apparatu
2323 728 2477 767 sacro
2508 717 2559 769 in
2593 720 2842 776 Antonio.

1990 781 2114 862 .Ego
2149 799 2288 872 vero
2335 786 2535 872 nullum
2568 788 2886 872 dubitationi
2922 795 3094 872 locum
3129 797 3372 868 invenio,
3401 819 3508 872 quo

1931 855 2108 933 minus
2140 855 2457 933 Athanasius
2501 857 2658 933 finem
2707 863 2828 917 vitae
2873 864 2994 920 huic
3039 855 3371 933 attexueritf
3417 855 3514 930 nec

1929 923 2292 1009 invenissent,
2323 927 2503 1009 credo,
2538 930 2794 1009 Duronius
2823 945 2874 989 et
2907 935 3248 1009 Possevinus,
3282 942 3325 995 si
3356 923 3512 1009 'piiéi

1930 989 2147 1068 fationis
2178 997 2455 1052 Athanasii
2488 1001 2540 1054 in
2575 1001 2710 1057 hanc
2736 1003 2907 1058 Vitam
2949 989 3508 1068 fuis'seiitﬂtiieinorg.

1929 1062 2003 1118 Ita
2033 1067 2175 1148 enim
2202 1068 2286 1121 ille
2310 1068 2373 1121 ad
2405 1074 2710 1154 peregrinos
2735 1075 2925 1154 fratres
2954 1095 2966 1130 :
2997 1098 3023 1154 ⁸‹
3057 1062 3509 1154 Q‘uoniani'igitu'r

1925 1139 2174 1209 exegistis
2201 1154 2230 1192 a
2264 1153 2348 1192 me
2372 1149 2428 1194 ut
2459 1139 2608 1196 vobis
2648 1146 2937 1201 scriberem
2981 1149 3046 1204 de
3066 1139 3504 1209 "conversatione

1928 1203 2069 1262 beati
2111 1210 2336 1290 Antonii
2363 1214 2731 1290 ,_vol_entibus
2793 1203 3506 1290 discerequemadmodum

1924 1281 2166 1365 coeperit,
2202 1281 2358 1365 quive
2391 1281 2541 1365 fuerit
2572 1294 2693 1365 ante
2719 1299 2961 1365 sanctum
2994 1281 3347 1362 propositum,
3375 1281 3506 1365 qua?

1928 1347 2032 1403 lem
2064 1347 2226 1404 etiam
2258 1353 2504 1408 habuerit
2528 1358 2810 1411 terminum
2838 1347 3041 1414 νίιω.ἰ

1994 1420 2100 1504 32
2132 1421 2253 1504 Cur.
2268 1436 2392 1477 vero
2422 1440 2524 1504 non
2548 1428 2865 1504 meminerit
2891 1433 3212 1489 Athanasius
3249 1451 3502 1504 congres-

1922 1505 2014 1545 sus
2041 1493 2254 1572 Antonii
2283 1508 2402 1547 cum
2435 1495 2616 1572 Paulo,
2648 1513 2751 1552 non
2797 1501 2956 1555 aliam
2998 1519 3213 1559 causam
3267 1493 3501 1572 invenio,

1921 1575 2082 1631 quam
2115 1565 2392 1643 quod_non
2425 1569 2599 1621 omnia
2650 1573 2863 1625 Antonii
2913 1585 3055 1641 gesta
3103 1576 3316 1643 referat,
3365 1565 3503 1635 unde

1921 1636 2233 1701 peregrinos
2265 1634 2454 1690 fratres
2504 1649 2706 1704 monet,
2735 1651 2792 1694 ut
2837 1634 3144 1699 existiment
3189 1662 3246 1701 se
3291 1634 3502 1704 minima

1919 1704 2219 1781 audisseae
2265 1708 2522 1763 maximis.
2574 1710 2705 1764 Cum
2763 1714 2830 1767 ob
2887 1717 3158 1781 portitoris
3207 1717 3502 1775 litterarum

1918 1775 2330 1854 fe_3ti_riatinnem_
2358 1793 2479 1854 non
2512 1783 2739 1848 potuerit
2791 1775 3082 1840 monachos
3128 1802 3354 1843 evocare
3379 1831 3394 1854 ,
3447 1801 3500 1844 ut

1841 1847 2116 1939 nglett‘iius
2137 1845 2331 1939 aliquid
2357 1845 2647 1939 addiscens,
2665 1867 2874 1939 munera
2899 1873 3096 1938 majora
3119 1845 3496 1939 transmitteret.

1986 1915 2207 1988 Quando
2234 1933 2361 1973 vero
2388 1919 2665 1988 coiitigerit
2692 1915 3037 1980 Athanasiu'm
3069 1929 3300 1984 scribere
3323 1915 3496 1986 Vitam

1913 1987 2151 2070 Antonii,
2184 2003 2406 2058 eamque
2432 1987 2656 2070 Romam
2689 1993 2918 2060 deferre,
2951 2000 3198 2065 quoniam
3245 2001 3362 2070 ejus
3417 2003 3496 2058 rei

1916 2074 2057 2140 nunc
2084 2061 2256 2140 aliqua
2289 2061 2656 2140 mentiofacta
2678 2074 2797 2140 est,
2831 2061 2986 2140 porro
3016 2061 3423 2140 investige'vnus.

1986 2131 2267 2208 Barcinus,
2296 2145 2434 2208 anno
2459 2132 2654 2208 Christi
2678 2134 2804 2208 Sto,
2827 2131 2947 2192 Julii
2976 2155 3121 2208 papae
3151 2131 3496 2201 4,"Constan-

1910 2199 2354 2280 tini,_C0tistantii
2385 2210 2439 2257 et
2454 2204 2774 2280 Constantis
2796 2199 3124 2274 imperati}.
3149 2199 3315 2276 Quam
3342 2229 3489 2280 vero,

1910 2271 2116 2351 inquit,
2153 2272 2608 2351 proficuusfuerit
2639 2271 2914 2351 Athanasii
2946 2271 3193 2334 Romamw
3222 2271 3488 2351 accessus,

1910 2343 1995 2414 vel
2026 2357 2089 2396 ex
2116 2357 2188 2414 eo
2218 2353 2393 2414 potest
2437 2343 2682 2414 intelligi,
2710 2348 2851 2414 quod
2901 2351 2954 2403 in
3001 2351 3184 2404 urbem
3230 2343 3491 2410 invexerit

1909 2413 2020 2492 ipse
2049 2412 2248 2480 primus
2270 2412 3045 2492 {Egyptiorum‘monachorum
3071 2421 3486 2492 institutionem,

1905 2481 2180 2561 vitamque
2227 2481 2591 2561 admirandam
2637 2487 2854 2561 Antonii
2903 2491 3096 2561 Magni,
3149 2493 3271 2548 licet
3319 2481 3492 2552 adhuc

1906 2553 2153 2636 viventis,
2178 2569 2205 2606 a
2220 2569 2292 2636 se
2313 2558 2667 2636 conscriptam
2691 2559 2939 2636 detulerit
2963 2553 3147 2632 :vquod
3180 2565 3300 2619 vita:
3321 2581 3489 2636 genus

1906 2625 1970 2679 ad
2001 2640 2202 2706 omnes
2220 2625 2559 2706 Evangelicze
2583 2630 2921 2706 perfectionis
2947 2625 3197 2706 numeros
3225 2625 3489 2706 attempe-

1907 2705 2104 2760 ratum,
2131 2696 2292 2749 etiam
2327 2697 2666 2754 nobilissima:
2699 2699 2952 2757 Romana:
2975 2703 3182 2759 feminre
3210 2696 3490 2762 consecta-

1905 2767 1950 2821 ri
1977 2776 2272 2834 cmperttnt.
2303 2764 2486 2822 Tradit
2516 2770 2656 2824 enim
2686 2770 2800 2825 haec
2828 2773 2896 2828 de
2924 2775 3002 2827 his
3033 2786 3250 2831 sanctus
3299 2778 3488 2832 Hiero-

1904 2851 2136 2909 nymus:
2174 2855 2192 2888 ι
2229 2837 2376 2891 Nulla
2402 2853 2466 2891 eo
2493 2849 2732 2908 tempore
2763 2843 3016 2899 nobilium
3048 2845 3364 2902 feminarum
3391 2865 3489 2903 no-

1903 2908 2055 2963 verat
2087 2908 2272 2988 Roma:
2301 2910 2630 2988 propositum
2679 2918 3084 2988 monachorum,
3115 2933 3213 2972 nec
3261 2920 3489 2976 audebat

1904 2987 2121 3059 propter
2151 2979 2226 3033 rei
2255 2979 2563 3059 novitatem,
2594 2984 3001 3059 ignominiosum
3050 2987 3068 3055 (
3091 2997 3148 3042 ut
3179 3001 3300 3044 tunc
3333 3001 3486 3059 puta-

1903 3051 2097 3122 batur)
2126 3059 2202 3122 _et
2248 3050 2352 3122 vile
2400 3053 2450 3105 in
2511 3050 2719 3122 populis
2771 3072 2961 3112 nomen
3014 3050 3304 3114 assumere.
3333 3050 3486 3116 'llzee

1903 3120 1922 3193 (
1948 3119 2192 3175 Marcella
2224 3121 2468 3193 scilicet)
2499 3119 2969 3182 ab'Alexantlrinis
3003 3131 3146 3192 prius
3194 3132 3485 3185 sacerdoti-

1905 3191 2029 3268 bus,
2065 3206 2302 3268 papaque
2330 3191 2642 3268 Athanasio,
2679 3205 2737 3268 et
2763 3209 2942 3268 postea
2974 3191 3131 3253 Petro
3160 3201 3251 3268 qui
3297 3216 3483 3268 perse-

211 3266 294 3318 καὶ
322 3264 480 3323 αὐτὸς
502 3263 729 3353 ὁῆολοῖὥ
748 3271 822 3333 τῷ
852 3261 994 3336 ἀνδρὶ
1020 3265 1265 3350 μεγίστηετ
1294 3261 1646 3353 ἀξεζνςῖζίτῆν
1677 3269 1795 3353 χά-

345 3337 361 3352 .
428 3338 440 3353 .
524 3339 531 3351 .
799 3337 811 3353 .
859 3337 868 3350 .
962 3333 982 3347 ν

1906 3264 2167 3342 cntionem
2197 3262 2410 3343 Arianae
2431 3264 2696 3344 lintreseos
2711 3261 3038 3353 declinantes
3064 3261 3211 3336 quasi
3235 3261 3310 3323 ad.
3328 3273 3483 3353 nilis-

212 3289 294 3318 και
322 3289 480 3323 αντος
502 3289 671 3336 ομοΑο’
690 3289 729 3317 ω
748 3289 822 3333 τῳ
852 3289 994 3336 ανορι
1020 3289 1265 3333 μεγιστην
1294 3289 1525 3334 ατεχνως
1557 3289 1646 3324 την
1677 3289 1795 3353 λα’

212 3354 307 3407 ριν,
334 3337 392 3394 ἢν
416 3289 732 3408 ἀμείψασίαι
754 3337 905 3389 αὐτὸν
930 3333 982 3387 ιῦ
993 3355 1155 3410 latitat:
1181 3333 1300 3393 τοὺς
1321 3337 1456 3393 ϐιοὺς
1482 3333 1531 3410 iv
1552 3357 1795 3410 μακᾳρῳν

213 3405 386 3465 ﬁdem;
429 3405 528 3466 ἤδη
551 3410 709 3470 συζῆν
730 3408 1012 3474 ἡξιὼμενον.
1053 3423 1070 3455 t
1108 3405 1280 3472 Atque
1308 3419 1407 3473 ego
1433 3407 1592 3458 etiam
1636 3405 1799 3475 pluri-

211 3491 356 3530 nium
385 3477 468 3530 illi
502 3490 588 3530 me
614 3477 807 3531 debere
834 3478 1004 3530 fateor
1031 3491 1045 3539 ;
1078 3485 1236 3544 atque
1267 3486 1323 3528 ut
1349 3475 1423 3529 dii
1453 3477 1674 3545 gratiam
1721 3478 1796 3533 illi

211 3545 265 3600 in
298 3548 582 3601 beatorum
633 3549 817 3601 insulis
865 3547 1119 3612 referant,
1167 3560 1394 3613 quorum
1448 3547 1797 3603 contubernio

209 3615 428 3683 fruitur,
465 3631 675 3686 preCor.
715 3636 734 3670 ι
770 3617 862 3672 Vel
900 3617 1072 3684 potius
1101 3615 1324 3670 alterius
1353 3617 1551 3671 ethnici
1608 3629 1795 3673 aucto-

210 3688 284 3742 ris
317 3697 582 3756 tempore,
613 3704 677 3744 ex
705 3703 810 3757 quo
841 3687 1031 3744 Suidas
1059 3687 1144 3741 illa
1168 3687 1234 3741 de
1257 3702 1322 3742 eo
1343 3691 1602 3756 excerpsit
1631 3708 1644 3755 ;
1673 3705 1796 3746 nam

209 3760 333 3813 deos
365 3760 585 3826 precari,
617 3758 970 3814 ethnicismus
995 3766 1098 3813 est.
1127 3757 1304 3823 Quare
1333 3762 1472 3828 quod
1503 3760 1571 3813 de
1599 3776 1665 3814 eo
1697 3761 1796 3815 ibi-

208 3829 331 3906 dem
362 3832 434 3884 ait
467 3835 712 3906 :_Pa'tCatv_
726 3832 972 3902 ἀπέφηνεν
993 3830 1290 3906 ⁵ἱερωτέρανΔ
1321 3831 1490 3906 πολλυξε
1535 3832 1737 3906 uatis»,
1766 3832 1795 3892 ἧ

210 3902 458 3977 πρρτερ-ον
478 3899 535 3960 ἦν
568 3919 580 3954 :
621 3921 639 3953 ι
674 3899 866 3977 Caeam
898 3899 1612 3977 multo'atigustioremfecit,
1638 3917 1795 3971 quam

210 3970 599 4041 prius'luerat;
645 3991 663 4024 ι
697 3972 912 4034 alludit,
945 3970 1172 4040 Opinor,
1202 3971 1266 4024 ad
1312 3970 1571 4041 Gazensia
1620 3970 1792 4040 sacra,

210 4040 306 4096 Seu
325 4042 535 4113 Marnas
564 4043 782 4098 idolum.
814 4043 990 4108 Quare
1017 4052 1069 4094 et
1098 4040 1348 4108 praecedit
1376 4043 1444 4113 de
1469 4046 1648 4097 animo
1679 4045 1795 4113 ejus

207 4111 544 4189 conformata
571 4116 698 4189 πρὸς
731 4115 1150 4189 θεᾳῦ-θςραπείαν
1178 4117 1269 4171 τήν
1314 4111 1657 4189 τιμδημοτελῆ
1687 4111 1795 4183 βεαὶ

208 4183 627 4259 ἆπορῥητοτέραέ
648 4201 715 4259 ,με
753 4185 818 4259 ad
845 4183 944 4237 Dei
958 4187 1157 4259 cultum
1184 4193 1287 4238 tam
1311 4183 1605 4259 vulgarem,
1631 4201 1792 4259 quam

206 4253 498 4318 arcanum;
534 4253 558 4308 'i
591 4254 709 4325 [)ei,
759 4256 995 4323 inquam,
1030 4255 1228 4308 Marum
1267 4268 1361 4308 seu
1409 4253 1557 4309 Jovis
1608 4257 1790 4325 pluvii,

245 4326 296 4377 ui
328 4325 561 4380 maxime
589 4323 750 4379 Gazae
780 4327 977 4389 cultus,
1008 4335 1064 4378 ut
1091 4325 1314 4380 habetur
1358 4325 1412 4379 in
1465 4325 1580 4380 Vita
1610 4323 1796 4382 saneti

250 4396 516 4466 orphyrii,
545 4395 683 4461 apud
712 4395 997 4462 Metaphr.,
1020 4395 1091 4449 ‘26
1119 4394 1279 4450 Febr.

279 4465 464 4533 Vides,
516 4468 708 4529 lector.
763 4466 888 4534 quid
940 4466 1008 4521 de
1057 4467 1374 4522 emedullata
1423 4466 1510 4521 illa
1564 4469 1794 4524 medulla

206 4537 453 4608 Sculteti,
480 4539 605 4605 quid
633 4538 700 4593 de
723 4537 1042 4592 monachatu
1065 4553 1160 4592 seu
1184 4537 1452 4592 mmcbatu
1480 4539 1793 4608 Hospiniani

203 4607 299 4664 tibi
334 4607 647 4675 promittere
675 4609 894 4671 debeas,
925 4622 1045 4662 cum
1095 4617 1201 4662 tam
1248 4609 1435 4662 frivola
1481 4607 1664 4664 contra
1708 4626 1790 4665 re-

204 4651 584 4746 E'éliissimiai
617 4651 807 4742 Vitam,
837 4651 1026 4732 contra
1077 4686 1318 4732 vetustos
1367 4678 1574 4744 Patres,
1604 4690 1788 4736 contra
1817 4651 1872 4712 D

204 4750 376 4818 ipsam
404 4758 724 4804 vetustatem
759 4749 1061 4818 producunt
1089 4758 1422 4819 argumenta.
1456 4750 1559 4804 Sed
1606 4751 1790 4819 displi-

199 4823 312 4877 cuit
347 4820 599 4875 videlicet
625 4821 955 4890 reliquiarum
983 4820 1172 4882 cultus,
1202 4819 1289 4888 qui
1324 4836 1387 4872 ex
1422 4819 1519 4873 hac
1554 4822 1667 4890 Vita
1711 4822 1790 4874 lu-

199 4893 443 4946 culenter
474 4889 748 4960 probatur,
784 4891 1006 4959 ideoque
1046 4891 1332 4954 Scultetus,
1359 4904 1479 4957 cap.
1532 4889 1597 4944 l6
1653 4893 1791 4960 Syn-

200 4963 375 5017 thesis
423 4959 596 5015 dOctr.
642 4961 782 5016 beati
833 4962 1128 5025 Athanasii,
1164 4962 1300 5015 hanc
1345 4959 1562 5015 Antonii
1616 4959 1789 5016 Vitam

198 5032 556 5089 commentitii
577 5032 813 5086 auctoris
840 5031 1092 5098 scriptum
1121 5041 1290 5086 vocat.

274 5104 516 5157 Firmum
575 5105 731 5172 igitur
781 5102 1054 5168 ﬁxumque
1097 5102 1187 5167 sit,
1218 5101 1582 5174 Athanasium
1632 5102 1791 5174 hujus

200 5175 338 5229 Viue
363 5180 641 5228 auctorem
671 5187 812 5228 esse.
854 5174 935 5226 An
968 5187 1097 5228 vero
1127 5181 1182 5228 et
1206 5172 1364 5227 finem
1400 5171 1530 5228 Vita:
1561 5175 1683 5229 huic
1706 5171 1792 5230 at-

201 5245 460 5302 texuerit,
488 5242 782 5298 dubitatur.

272 5313 560 5380 Baronius,
585 5327 727 5368 anno
751 5312 952 5369 Christi
979 5315 1108 5376 543,
1131 5312 1251 5368 Julii
1284 5327 1430 5382 papa:
1448 5314 1502 5379 7,
1525 5311 1788 5370 Constan-

201 5387 258 5440 tii
290 5395 349 5442 et
379 5383 685 5439 Constantis
715 5385 882 5454 impp.
911 5385 965 5440 7.
996 5384 1166 5451 Quod,
1199 5387 1304 5447 ait,
1337 5383 1540 5454 iniVita
1573 5386 1789 5440 Antonii

199 5457 269 5511 ab
297 5454 594 5510 Athanasio
623 5453 924 5525 conscripta
946 5498 961 5521 ,
985 5456 1053 5509 de
1076 5467 1367 5525 congressu
1398 5453 1545 5509 Pauli
1573 5469 1695 5510 cum
1721 5471 1788 5511 eo

197 5528 347 5582 nulla
381 5527 590 5592 penitus
637 5524 853 5580 mentio
884 5526 1162 5589 habeatur,
1196 5524 1338 5594 inde
1383 5525 1597 5587 accidit,
1647 5528 1788 5594 quod

197 5599 306 5669 (ut
334 5598 526 5652 eodem
556 5595 879 5669 Hieronymo
909 5604 1126 5669 auctore
1144 5591 1356 5669 dictum
1385 5594 1505 5664 est)
1549 5591 1790 5669 Athana-

195 5665 314 5726 eius
345 5681 431 5722 res
455 5675 632 5738 gestas
662 5665 901 5738 Antonii,
933 5666 1049 5736 ipso
1093 5665 1285 5738 adhuc
1309 5667 1546 5738 vivente,
1577 5666 1789 5735 scriptis

196 5735 632 5806 commendavit,
656 5751 856 5807 easque
879 5735 1100 5792 Romam
1123 5735 1312 5791 detulit
1341 5745 1464 5790 ante
1490 5737 1783 5804 biennium,

195 5825 323 5865 cum
353 5824 384 5863 a
407 5807 551 5878 Julio
581 5821 714 5877 papa
744 5817 963 5878 vocatus
991 5817 1094 5878 est,
1127 5821 1232 5878 quo
1278 5813 1516 5878 tempore
1561 5807 1675 5863 hinc
1720 5809 1786 5864 ile

199 5880 372 5946 PauLo
401 5876 972 5935 nondum’acciderant
1004 5876 1261 5949 (Raram,
1282 5892 1421 5932 anno
1449 5877 1636 5936 Christi
1659 5878 1762 5935 540
1845 5966 1851 5972 Ι

1911 3332 2527 3411 simurn'communinnis
2555 3346 2926 3411 suteportum,
2964 3332 3183 3411 Romam
3232 3339 3484 3411 confuge-

1909 3411 2050 3466 rant,
2089 3402 2261 3479 Vitam
2308 3402 2716 3479 beatiAntonii,
2749 3416 2878 3479 tunc
2901 3410 3074 3464 adhuc
3099 3413 3343 3479 viventis,
3371 3402 3484 3465 nio-

1911 3473 2368 3552 na_steriornt_nque
2393 3473 2737 3552 inj'hebaide
2762 3477 3049 3546 Pachumii,
3068 3493 3118 3534 et
3139 3473 3398 3552 virginum
3422 3499 3483 3536 ac

1901 3544 2189 3621 viduarum
2210 3543 2394 3621 didicit
2439 3545 2813 3614 disciplinam;
2847 3564 2942 3602 nec
2975 3543 3482 3621 ierubuitvproiiteri

1900 3615 2038 3694 φξορ
2070 3615 2278 3694 Christo
2300 3615 2508 3694 placere
2529 3629 2849 3694 Cognoverat
2874 3622 2920 3686 ι(
2937 3620 3181 3690 "ieram,
3210 3615 3355 3694 epist.
3391 3624 3479 3689 tii,

1899 3685 2229 3762 ad_Princ_ip.
2250 3687 2288 3752 ).
2322 3685 2679 3762 Hacteuus’ex
2717 3685 3039 3762 Hieronymo
3068 3685 3348 3748 Barori'ius.

1975 3757 2050 3810 Ex
2078 3757 2271 3832 quibus
2296 3757 2509 3832 quidem
2536 3759 2706 3814 elucet
2733 3757 3049 3832 ,Athanasii
3079 3779 3289 3832 quoque
3317 3780 3477 3831 opera

1903 3826 2206 3902 Marcellam
2231 3827 2298 3880 de
2325 3825 2442 3902 Vita
2474 3827 2985 3902 Antoniididicisse,
3009 3825 3112 3902 non
3143 3825 3315 3888 tamen
3339 3825 3479 3902 quod

1901 3897 2228 3971 Athanasius
2259 3905 2385 3971 tunc
2415 3900 2631 3952 Antonii
2666 3897 2835 3954 Vitam
2869 3916 2898 3954 a
2927 3916 2985 3955 se
3022 3901 3340 3971 descriptam
3357 3897 3479 3958 ’Βο-

1900 3983 2040 4022 mam
2069 3967 2341 4031 detulerit,
2373 3971 2721 4044 quamipsius
2771 3972 3142 4044 testiﬁcatione
3186 3967 3296 4044 jam
3341 3976 3478 4028 vidi-

1899 4055 2036 4114 mus.
2090 4047 2210 4114 post
2257 4040 2739 4114 mortemdemum
2786 4043 3002 4098 Antonii
3049 4045 3116 4098 ad
3167 4040 3475 4114 peregrinos

1898 4107 2101 4164 fratres
2124 4109 2288 4163 fuisse
2319 4111 2688 4179 perscriptam.

1973 4181 2236 4254 Praestitit
2257 4181 2413 4249 igitur
2440 4180 2623 4235 Romae
2656 4183 2997 4248 Atahnasius,
3030 4185 3168 4254 quod
3208 4198 3328 4239 ante
3353 4202 3471 4241 eum

1899 4251 2240 4324 Alexandrini
2289 4253 2626 4324 sacerdotes,
2659 4256 2904 4323 quodque
2953 4251 3070 4324 post
3113 4271 3233 4310 eum
3287 4257 3475 4312 Pelius

1897 4322 2286 4396 Alexandrinus
2338 4321 2563 4389 primum
2616 4321 2919 4396 presbyter,
2953 4321 3147 4381 deinde
3190 4327 3472 4395 epist-opus

1897 4395 2226 4466 praestitere;
2256 4400 2312 4446 ut
2341 4407 2461 4466 quae
2484 4407 2668 4466 coram
2699 4395 2749 4449 in
2779 4394 3030 4466 ‘Egypto
3076 4409 3130 4452 et
3177 4394 3471 4463 Thebaide,

1896 4463 1984 4518 vel
2016 4465 2256 4518 viderant
2285 4465 2363 4517 vel
2394 4464 2672 4518 audierant
2720 4466 2787 4519 de
2815 4463 3045 4520 Anionio
3080 4475 3134 4522 et
3184 4467 3474 4521 Pachomio

1901 4544 2026 4589 tunc
2053 4534 2233 4589 adhuc
2278 4535 2611 4599 viventibus,
2645 4549 2705 4588 ea
2753 4536 3004 4590 Romanis
3054 4548 3382 4592 enarrarent.
3417 4540 3473 4594 Si

1899 4608 2017 4676 quis
2047 4605 2332 4659 breviculis
2356 4605 2598 4676 quaedam
2631 4607 2696 4658 ab
2722 4605 2785 4659 iis
2815 4606 3200 4675 comprehensa
3235 4616 3356 4662 tunc
3385 4624 3474 4663 ve-

1896 4675 1993 4739 lit,
2041 4691 2106 4728 ne
2152 4676 2405 4729 memoria
2452 4675 2789 4738 exciderent,
2844 4691 2937 4744 per
2978 4693 3062 4731 me
3100 4678 3263 4743 licet;
3318 4680 3473 4734 modo

1893 4745 2186 4817 Athanasio
2216 4745 2331 4817 ipsi
2345 4744 2503 4817 fidem
2537 4745 2854 4811 habeamus,
2886 4747 3025 4815 quod
3079 4759 3198 4817 post
3243 4763 3470 4805 mortem

1895 4815 2110 4886 demum
2139 4814 2379 4878 Antonii,
2414 4825 2599 4885 rogatu
2625 4814 3023 4886 peregrinorum
3048 4814 3287 4884 fratrum,
3312 4833 3473 4875 Vllalﬂ

1894 4885 2012 4956 ejus
2041 4885 2405 4955 descripserit.

1966 4959 2047 5010 An
2080 4970 2206 5009 vero
2221 4953 2371 5009 anno
2401 4953 2593 5010 Christi
2625 4957 2729 5012 540
2759 4958 3081 5014 Athanasius
3127 4959 3308 5014 Romae
3335 4960 3471 5012 Mar-

1895 5029 2084 5083 cellam
2114 5027 2322 5080 viduam
2371 5025 2438 5080 de
2491 5026 2604 5080 Vita
2650 5030 2864 5084 Antonii
2910 5032 3173 5095 docuerit,
3225 5029 3471 5083 existimo

1898 5113 2002 5152 non
2029 5097 2247 5150 omnino
2274 5108 2476 5153 certum
2504 5112 2646 5152 esse.
2681 5101 2808 5153 Nam
2857 5114 2977 5155 cum
3026 5101 3302 5162 Baronius,
3335 5111 3467 5151 tom.

1896 5169 1961 5232 V,
1991 5181 2130 5222 anno
2158 5166 2352 5221 Christi
2393 5169 2497 5222 ut)
2525 5177 2722 5223 statuat
2753 5171 3016 5225 Marcella:
3044 5172 3280 5234 obitum,
3312 5167 3465 5223 valde

1893 5239 2191 5308 longaevam
2210 5254 2326 5292 eam
2350 5240 2585 5304 oportuit
2603 5239 2785 5307 fuisse,
2803 5244 3000 5311 quippe
3030 5242 3468 5311 nonagenariam,

1893 5314 1937 5366 si
1970 5326 2085 5364 eam
2131 5319 2424 5362 statuamus
2457 5324 2523 5361 xx
2553 5308 2836 5373 annorum,
2867 5324 2988 5363 cum
3019 5308 3337 5361 Athanasius
3369 5310 3471 5374 pri.

1894 5396 2037 5435 mum
2072 5379 2292 5434 Romam
2325 5381 2489 5444 venit,
2519 5395 2661 5434 anno
2689 5379 2812 5434 5t0.
2845 5379 2974 5443 Quae
3005 5387 3134 5432 tetas
3161 5380 3206 5431 si
3239 5379 3471 5434 Marcel-

1893 5451 1957 5506 la:
2001 5452 2276 5517 competit,
2307 5458 2484 5518 potest
2510 5451 2652 5504 dicto
2681 5464 2823 5503 anno
2849 5449 3046 5503 Christi
3073 5447 3179 5504 540
3206 5448 3274 5505 de
3299 5451 3471 5505 Anto-

1894 5524 1983 5576 nio
2014 5536 2078 5576 ex
2107 5523 2396 5575 Athanasio
2422 5523 2729 5574 inaudiisse.

1963 5592 2111 5661 Quod
2133 5595 2174 5646 si
2201 5593 2374 5646 minor
2400 5599 2528 5644 mtas
2551 5588 2811 5661 Marcellae
2836 5587 3137 5656 tribuenda,
3162 5605 3283 5647 cum
3311 5592 3471 5646 Atha-

1893 5660 2072 5718 nasius
2101 5665 2294 5729 saepius
2329 5662 2550 5714 Romam
2581 5660 2808 5728 venerit,
2840 5661 3088 5717 videlicet
3107 5677 3247 5718 anno
3273 5663 3470 5718 Christi

1892 5734 2018 5799 540,
2049 5733 2243 5787 deinde
2274 5730 2397 5793 542,
2430 5729 2642 5783 demum
2675 5729 2802 5802 549,
2834 5742 3008 5800 potest
3056 5743 3326 5802 postremo
3371 5733 3470 5789 hoc

1892 5821 2031 5860 anno
2063 5802 2306 5856 Marcella
2335 5802 2402 5853 de
2431 5802 2660 5854 Antonio
2689 5801 2939 5859 didicisse
2965 5818 3031 5857 ex
3059 5801 3377 5858 Athanasio.

1964 5877 2140 5947 Pergit
2169 5871 2423 5926 Baronius
2450 5872 2730 5930 occasione
2757 5875 2926 5930 sancti
2971 5875 3186 5930 Antonii
3235 5881 3292 5929 et
3336 5873 3468 5929 Mar-
