4124 6350
196 433 311 490 125

1316 427 1470 485 "TA
1510 427 1710 485 BEATl
1749 427 2020 484 ANTONII
2060 427 2370 486 ABBATIS.
3383 431 3479 492 1‘26

192 565 366 622 qnam
424 549 694 622 Romano
725 556 864 619 styio
923 543 1212 622 diligenter
1284 545 1550 617 proditum
1604 557 1704 603 est.
1759 567 1778 601 ›
1813 555 1862 612 Α
1891 551 2090 614 nasius,
2118 557 2172 604 et
2194 549 2236 603 si
2270 564 2370 618 qua
2393 543 2655 618 ejusmodi
2683 559 2806 605 sunt
2834 549 2956 606 alia.
2990 549 3258 606 Hactenus
3284 549 3476 608 Posse-

195 620 368 692 Qua~i
398 623 484 674 alii
511 620 841 692 prodiderint
861 662 873 680 ,
907 635 1018 692 non
1045 621 1174 692 ipse.

279 696 406 749 llaec
439 694 606 746 fusius
628 691 897 759 aliquanto
922 690 1114 744 deduxi
1136 731 1149 752 ,
1186 707 1252 745 ne
1284 699 1482 759 temere
1518 691 1727 746 viderer
1755 707 1787 746 τι

198 767 323 821 viro
355 779 546 828 magno
572 757 843 816 recedere.
871 761 1079 814 Maneat
1113 761 1272 831 igitur
1303 757 1562 830 Evagrius
1602 765 1789 818 Antio-

201 841 414 896 clientis
429 837 562 890 Vitae
590 834 747 903 hujus
777 831 1062 898 interpres.

277 910 458 969 Dices.
480 907 746 974 Gelasius,
767 906 968 959 decret.
991 903 1059 957 de
1082 903 1202 958 libr.
1227 905 1470 958 authent.
1507 913 1563 958 et
1583 921 1790 974 θροεῖ..

202 981 258 1036 αἲ,
293 979 380 1048 lii,
419 969 626 1033 videtur
659 969 919 1048 asserere
941 975 1100 1048 etiam
1150 977 1362 1048 Antonii
1386 975 1584 1048 _Vitam
1614 969 1639 1028 ἐι
1668 969 1789 1032 divo

202 1044 540 1119 Hieronymo
560 1049 833 1114 scriptam.
859 1047 945 1100 Ait
965 1046 1108 1119 enim
1133 1063 1148 1101 :
1179 1063 1196 1096 t
1217 1044 1598 1119 VitasrPatruIn
1618 1048 1786 1115 Pauli,

201 1117 448 1184 Antonii,
475 1121 781 1182 Hilarirmis,
835 1125 890 1172 et
923 1117 1160 1172 omnium
1215 1117 1608 1188 Ercmitarum,
1656 1133 1791 1188 ituras

205 1205 384 1250 tamen
430 1193 511 1247 vir
542 1191 880 1246 beatissimus
930 1189 1212 1259 descripsit.
1248 1187 1636 1260 Hieronymus,
1668 1187 1790 1247 eum

199 1267 346 1319 omni
380 1264 583 1317 honore
613 1261 950 1330 snscipimus.
991 1280 1009 1312 ι

278 1333 572 1396 Baronius,
629 1329 797 1386 notat.
856 1329 922 1404 ad
982 1330 1788 1404 MartyrologiumRomanum,

200 1403 310 1476 ³4
348 1404 408 1458 l7
449 1405 711 1470 Januarii,
754 1415 819 1476 ex
851 1401 1156 1476 Hieronymi
1183 1401 1341 1472 epist.
1387 1403 1513 1470 10!,
1548 1421 1654 1460 non
1690 1406 1791 1460 rite

199 1475 500 1534 intellecta.
530 1478 604 1529 uti
648 1476 754 1542 iam
790 1475 1186 1540 demonstravi,
1215 1476 1544 1530 existimavit
1594 1475 1790 1532 factum

206 1558 262 1602 ut
307 1548 554 1603 Gelasius
601 1546 802 1601 dixerit
848 1546 1233 1618 Hieronymum
1279 1561 1388 1599 non
1425 1555 1532 1599 tam
1585 1549 1794 1602 vertisse

201 1633 360 1689 quam
393 1619 657 1684 scripsisse
687 1618 899 1689 Antonii
932 1616 1128 1675 Vitam,
1157 1617 1277 1687 quia
1304 1634 1405 1670 non
1420 1619 1580 1689 _verba
1609 1621 1788 1684 verbis,

200 1687 292 1744 sed
320 1691 602 1745 sententias
628 1687 907 1742 reddiderit
937 1689 1218 1742 sententiis.
1281 1687 1434 1753 Quod
1487 1690 1662 1758 ipsum
1713 1706 1792 1745 rc-

199 1764 335 1831 pelit
357 1771 502 1815 tomo
536 1760 597 1813 Ill
629 1760 847 1822 Annal.,
879 1774 1024 1812 anno
1053 1758 1250 1813 Christi
1278 1761 1402 1814 358.

280 1832 623 1893 Ροςεργὶπυς,
656 1832 922 1900 Apparatu
951 1843 1123 1895 sacro,
1156 1833 1206 1883 in
1235 1831 1487 1895 Antonio,
1544 1830 1644 1886 etsi
1666 1848 1784 1885 cum

201 1903 436 1959 Baronio
465 1902 734 1956 existimet
769 1901 939 1954 Vitam
989 1902 1204 1955 Antonii
1232 1917 1261 1956 a
1311 1903 1432 1954 divo
1464 1903 1788 1974 Hieronymo

198 1989 418 2045 quoque
451 1974 718 2045 Latinitatl
742 1975 1013 2045 donatam,
1048 1974 1205 2025 aliam
1239 1983 1414 2026 tamen
1448 1989 1660 2028 causam
1695 1989 1780 2029 as-

201 2043 375 2115 signat
405 2060 502 2115 cur
531 2044 774 2098 Gelasius
794 2043 937 2097 dicat
977 2059 1095 2097 eum
1133 2045 1394 2114 scripsisse
1421 2046 1552 2113 (non
1583 2057 1783 2108 autem,

201 2113 432 2180 veitissc)
483 2113 653 2167 Vitam
703 2115 869 2169 sancti
916 2115 1152 2167 Antonii.
1197 2113 1333 2179 Non,
1381 2116 1582 2180 inquit,
1615 2118 1784 2169 solum

202 2187 322 2256 quia
371 2186 664 2240 sententias
687 2183 964 2240 sententiis
992 2184 1238 2251 reddidit,
1274 2195 1324 2238 ut
1354 2187 1569 2255 quidam
1604 2187 1790 2256 (Baro-

197 2260 339 2326 nius)
372 2256 716 2318 existimavit,
750 2272 930 2310 Vt't‘tlllt
955 2259 1111 2310 etiam
1136 2259 1255 2325 quia
1288 2259 1629 2326 integriorein
1661 2260 1790 2312 emi-

197 2331 288 2385 sit.
323 2329 537 2383 Antonii
567 2328 708 2382 enim
741 2327 958 2398 Egypti
1006 2329 1197 2398 Magni,
1245 2331 1418 2381 adhuc
1464 2331 1784 2394 superstitis,

196 2415 317 2454 enin
350 2399 674 2453 Athanasius
698 2398 865 2451 Vitam
898 2399 1176 2463 scriberet,
1203 2401 1397 2452 factum
1420 2409 1498 2452 est
1523 2411 1576 2451 ut
1600 2415 1783 2453 eorun

198 2487 317 2538 quae
347 2472 634 2523 Subsecuta
686 2477 808 2523 sunt
862 2470 1220 2538 Prmtermissa
1253 2469 1357 2524 sint
1388 2469 1584 2537 aliqua,
1633 2481 1689 2522 ut
1735 2482 1787 2524 et

195 2543 412 2596 Antonii
444 2544 622 2595 obitus
644 2543 906 2595 incertum
930 2541 1000 2593 sit
1029 2555 1153 2594 num
1185 2549 1416 2594 attentos
1438 2541 1504 2594 sit
1530 2542 1785 2612 deinci'ps

197 2615 266 2678 ab
287 2611 603 2671 Athanasio.
637 2628 793 2681 quem
825 2613 1046 2665 Romam
1075 2613 1318 2666 attulisse
1351 2628 1434 2665 res
1461 2617 1529 2664 ab
1553 2611 1787 2666 Antonio

195 2696 375 2752 gestas
404 2696 526 2737 ante
552 2682 824 2736 biennium
869 2683 984 2750 ejus
1017 2688 1204 2736 mortis
1245 2683 1508 2753 (intellige
1541 2685 1624 2736 Inc
1655 2683 1785 2737 Pos-

194 2757 442 2809 sevinum
474 2754 540 2808 dc
571 2763 744 2808 morte
776 2753 944 2818 Pauli)
979 2769 1169 2822 nempe
1200 2768 1226 2805 a
1273 2753 1412 2808 Julia
1443 2763 1586 2822 pont.
1614 2756 1784 2807 maxi-

194 2839 283 2879 mo
309 2837 581 2889 vocatum,
637 2825 1002 2896 Hieronymus
1048 2831 1246 2879 narrat.
1281 2824 1358 2879 Ac
1391 2826 1610 2893 proinde
1645 2826 1783 2878 haud

194 2897 503 2954 mirandum
535 2897 578 2951 si
612 2897 696 2950 hic
743 2897 794 2950 in
842 2895 957 2950 Vita
992 2895 1136 2949 Pauli
1181 2909 1359 2952 narret
1399 2912 1519 2965 quas
1551 2897 1786 2950 Athana-

194 2966 304 3022 sius
337 2969 540 3031 omisit,
563 2967 630 3021 de
662 2968 983 3037 diemonein
1015 2967 1419 3037 hippocentauri
1461 2970 1659 3037 specie,
1716 2969 1785 3021 de

195 3038 410 3094 Antonii
436 3054 727 3110 congressu
748 3055 866 3110 cum
902 3036 1088 3102 l‘aulo,
1124 3039 1188 3092 de
1215 3055 1378 3110 corvo
1423 3036 1612 3108 panem
1649 3038 1781 3092 alle-

197 3120 370 3177 t'eate,
396 3110 466 3166 de
508 3108 666 3179 pallio
692 3109 834 3180 quod
885 3109 1120 3164 Antonio
1150 3108 1369 3179 largitus
1410 3112 1584 3164 fuerat
1619 3111 1783 3164 Atha-

1893 636 2067 675 νιιιης.

1973 694 2083 763 Ego
2123 706 2271 758 vero,
2321 701 2376 746 ut
2424 693 2705 763 Evagrium
2755 692 2930 748 Vitam
2983 695 3207 748 vertisse
3255 694 3472 749 Antonii

1893 762 2038 816 clare
2063 765 2210 825 satis,
2243 764 2342 816 nisi
2373 781 2456 818 me
2492 762 2622 818 fallit
2681 765 2877 830 opinio,
2937 763 3178 832 probavi,
3216 767 3352 830 quod
3402 767 3469 820 ab

1893 834 2222 905 Hieronymo
2244 850 2452 905 quoque
2483 837 2700 902 factum,
2735 851 2835 889 non
2867 851 3014 903 mque
3050 837 3324 904 probatum
3349 849 3466 900 est;

1893 904 1964 959 ita
2001 906 2166 960 videri
2189 908 2345 960 alicui
2371 904 2535 975 possit
2562 906 2836 972 Gelasius,
2867 923 2986 961 cum
3022 908 3190 961 Vitam
3243 907 3390 961 Pauli
3420 919 3474 960 et

1894 979 2109 1050 Antonii
2135 977 2201 1030 ah
2227 977 2548 1050 Hieronymo
2576 983 2646 1031 ait
2685 979 3028 1045 descriptam,
3060 979 3356 1050 respexisse
3406 977 3468 1050 ad

1895 1047 2043 1120 Pauli
2071 1048 2264 1110 Vitam,
2297 1052 2348 1104 in
2379 1047 2479 1120 qua
2515 1061 2652 1102 tanta
2702 1065 2865 1119 prope
2899 1049 3108 1120 Antonii
3139 1066 3295 1115 quam
3322 1047 3469 1102 Pauli

1897 1119 1956 1172 lit
1987 1122 2207 1174 mentio.
2249 1122 2314 1174 Et
2335 1119 2460 1175 sane
2485 1121 2668 1175 Grieca
2720 1121 2874 1187 huius
2920 1119 3052 1173 Vita:
3104 1121 3378 1186 inscriptio
3420 1120 3469 1172 in

1893 1188 2220 1246 bibliotheca
2277 1193 2525 1246 Bavarica
2584 1207 2867 1256 utrumque
2920 1191 3152 1256 pra'l'ert.
3215 1192 3285 1242 Ita
3325 1190 3467 1243 enim

1895 1261 2055 1338 habet
2080 1280 2094 1316 :
2128 1269 2477 1338 Aui’]'00’t.;__1’05
2503 1265 2646 1338 ἁγίῳ
2682 1264 2876 1338 Πᾳύλου
2913 1261 3477 1338 Θηϐαίᾳυ,ἔᾳί.Ἀντω-

1893 1335 1994 1408 νέου
2015 1331 2308 1408 Αἰγυπεῖου.
2349 1331 2624 1408 Enarrdtio
2662 1331 2918 1389 de'sancto
2961 1333 3129 1386 Paulo
3159 1331 3397 1398 Theban},
3428 1341 3474 1385 et

1893 1403 2110 1477 Antonio
2142 1403 2412 1477 (Egi/ptio.

1966 1476 2076 1529 Nisi
2109 1471 2391 1546 quis-tmte
2443 1478 2756 1545 livagrinm,
2815 1477 3058 1528 (irtecnm
3093 1471 3380 1546 hominem,
3422 1482 3476 1526 et

1896 1545 2226 1616 Hieronymo
2255 1547 2772 1615 COHjUIlCllS~iIIIUHI,
2805 1547 3212 1614 studiorumque
3243 1545 3358 1614 ejus
3383 1559 3472 1610 pa-

1896 1627 2132 1680 tronum,
2161 1622 2209 1673 in
2247 1624 2496 1673 vertenda
2548 1618 2758 1672 AtilOnii
2796 1619 2905 1669 Vita
2928 1661 2942 1684 ,
2975 1618 3471 1686 HieronymiOpi-ara

1898 1705 2049 1742 nsum
2083 1707 2202 1744 esse
2231 1693 2374 1754 velit,
2399 1707 2598 1759 suaque
2635 1688 2890 1742 censoria:
2926 1685 3476 1759 Hieronytiiivirgulte

1894 1761 2204 1829 subjecisse.
2236 1760 2394 1815 Οισιιρ
2425 1757 2758 1814 interiiiicant
2810 1760 2990 1814 nescio
3047 1774 3166 1828 quae
3217 1757 3462 1825 llicrony-

1898 1831 2058 1884 Itiiani
2088 1833 2208 1901 styli
2237 1832 2516 1884 stricturrc.
3055 1899 3064 1906 _
3240 1900 3250 1906 _
3302 1899 3312 1906 Δ
3397 1894 3408 1906 ο

1969 1899 2279 1972 Quanquam
2311 1903 2488 1957 dicere
2516 1903 2634 1973 quis
2668 1903 2853 1970 possit,
2880 1899 3124 1969 Evagrio,
3153 1900 3251 1952 etsi
3290 1899 3475 1973 Antio-

1894 1967 2068 2026 citeno
2101 1967 2323 2037 homini,
2370 1967 2608 2027 Latinam
2641 1967 2925 2027 dictionem
2958 1967 3110 2038 m'i'iue
3138 1981 3296 2038 atque
3321 1967 3476 2022 Grie-

1898 2058 2012 2095 cam
2047 2047 2356 2097 familiarem
2392 2043 2573 2108 fuisse,
2607 2049 2803 2113 quippe
2834 2047 2919 2106 qui
2953 2043 3215 2113 originem
3260 2041 3420 2113 ducat
3447 2053 3476 2090 a

1901 2116 2223 2183 Pompeiano
2253 2117 2407 2178 dure,
2442 2109 2794 2184 cognomento
2826 2109 3057 2174 Franco,
3083 2123 3137 2165 ut
3170 2112 3331 2166 habet
3362 2109 3480 2163 Ilie-

1897 2201 2156 2258 ronymus
2186 2188 2236 2240 in
2292 2187 2577 2258 Chronico,
2607 2187 2746 2253 quod
2779 2185 3266 2258 suriractavinius,
3317 2195 3475 2250 quem

1896 2255 2142 2310 Latinum
2179 2258 2449 2311 hominem
2474 2257 2634 2312 fuisse
2665 2273 2790 2311 vero
2817 2267 2901 2310 est
2922 2257 3116 2308 simile.

1967 2330 2232 2394 Quidquid
2258 2328 2474 2382 demum
2512 2331 2604 2394 sit,
2656 2328 2906 2381 existimo
2949 2326 3231 2392 plerasque
3262 2320 3476 2394 Patrum

1900 2393 2046 2451 Vitas
2077 2393 2192 2452 sine
2223 2399 2457 2452 auctoris
2502 2410 2554 2454 et
2585 2393 2886 2466 interpretis
2930 2398 3143 2448 nomine
3193 2396 3318 2466 olim
3377 2393 3480 2444 cir-

1895 2471 2172 2534 comlatas,
2219 2470 2360 2522 unde
2416 2480 2520 2523 tam
2573 2463 2828 2522 varia—de
2878 2467 3186 2520 auctoribus
3235 2463 3476 2516 Vitarunt

1897 2539 2112 2595 Patrum
2145 2543 2326 2610 opinio
2352 2553 2467 2593 orta
2502 2541 2618 2602 fuit,
2650 2547 2701 2593 ut
2736 2539 2964 2592 vidimus
2989 2549 3148 2605 supra
3170 2577 3186 2600 ,
3217 2536 3273 2610 in
3303 2534 3480 2610 prole-

1889 2616 2132 2680 gomcnis
2153 2605 2515 2681 generalibus.
2537 2613 2674 2678 Quin
2707 2613 2843 2663 hanc
2869 2611 3034 2678 ipsam
3065 2607 3277 2681 Antonii
3308 2605 3476 2681 Vitam

1891 2672 2063 2737 citatis
2093 2672 2242 2737 divus
2293 2672 2667 2754 Hieronymus,
2701 2672 2924 2754 epistola
2979 2681 3077 2754 illa
3103 2680 3223 2743 ιυι,
3272 2691 3388 2743 cap.
3422 2672 3478 2740 2,

1889 2769 2055 2823 seque
2086 2755 2389 2823 interpretis
2438 2750 2841 2823 praefatiuncula
2888 2750 3206 2823 defendens,
3239 2762 3342 2800 non
3370 2761 3482 2823 inc-

1892 2819 2047 2879 minit
2078 2819 2306 2879 nominis
2358 2819 2683 2894 interpretis.
2719 2822 2869 2880 Unde
2915 2821 3155 2896 fortassis
3197 2820 3309 2896 hinc
3335 2819 3480 2896 __An-

1889 2899 2022 2950 tonii
2066 2913 2280 2966 quoque
2339 2897 2454 2950 Vita
2500 2888 2646 2951 inter
2694 2896 2954 2968 Pauli‘ct
2995 2891 3282 2968 Hilarionis
3335 2888 3482 2968 Vitas

1888 2968 2018 3022 olim
2073 2963 2384 3036 descripta,
2431 2971 2767 3022 occasione."
2838 2965 2987 3019 dedit
3032 2963 3251 3018 Gelasio
3292 2963 3482 3014 existi-

1888 3039 2070 3093 mandi
2104 3035 2484 3110 llierdnymum
2515 3055 2724 3109 quoque
2756 3037 2885 3091 Vita:
2937 3035 3148 3089 Antonii
3199 3041 3476 3085 auctorem

1890 3125 2030 3176 esse,
2065 3111 2155 3180 qui
2181 3111 2404 3166 duarum
2435 3111 2657 3164 aliarum
2685 3117 2868 3163 auctor
2909 3116 3010 3162 est.

203 3254 3488 3316 Μ

1581 3411 1713 3455 XVII
1761 3412 2083 3454 JANUARH.

285 3561 762 3710 VlTA
858 3559 1450 3701 BEATI
1537 3559 1786 3702 ΑΝ

1894 3551 2360 3701 ῸΝΙΙ
2437 3544 3291 3695 ABBATIS
3344 3647 3390 3709 vi

209 3831 730 3905 AUCTOBE
779 3832 1193 3905 SANCTO

1273 3828 1912 3902 ATHANASIO
1937 3855 1966 3900 9

2053 3823 2570 3896 EPISCOPO
2637 3813 3420 3891 ALEXANDBINO
3449 3847 3480 3887 φ

799 4010 1302 4072 ΙΝΤΕΒΡΒΕΤΕ
1346 4006 1709 4069 EVAGBIO
1756 4002 2280 4070 PRESBYTEBO
2325 3998 2870 4063 ANTIOCHBNO.

911 4252 1285 4366 «Evagrii
1361 4251 1462 4344 ab
1541 4233 2174 4346 3nu0¢¢ntimﬂ
2231 4265 2316 4346 (ι)
2369 4247 2807 4359 protegas.

241 4453 248 4458 ’
279 4471 385 4544 35
426 4470 717 4541 Presbyter
750 4468 1009 4540 Evagrius
1044 4473 1354 4527 Innocentio
1375 4468 1694 4526 charissima
1725 4467 1833 4521 [illo
1879 4467 1934 4522 in
1967 4467 2193 4522 Domino
2230 4467 2478 4522 salutem.

274 4561 350 4615 Ex
379 4563 486 4616 alia
520 4562 571 4614 in
596 4561 750 4614 aliam
779 4559 1011 4632 linguam
1035 4562 1100 4615 ad
1134 4562 1355 4617 verbum
1384 4573 1640 4630 expressa
1670 4557 1974 4623 translatio,
1999 4572 2192 4613 sensus
2212 4560 2408 4626 operit,
2437 4566 2492 4611 et
2527 4555 2689 4611 veluti
2734 4555 2912 4607 iratum
2937 4565 3155 4622 gramen
3186 4557 3299 4601 sata
3323 4556 3496 4598 διι-διιοο

201 4654 362 4725 gulat.
391 4653 524 4708 Dum
555 4655 698 4708 enim
729 4656 941 4708 casibus
969 4663 1024 4709 et
1063 4654 1245 4724 liguris
1277 4652 1440 4708 servit
1467 4651 1663 4718 oratio,
1692 4650 1834 4720 quod
1865 4650 2012 4706 brevi
2042 4658 2252 4719 poterat
2295 4648 2520 4702 indicati
2549 4660 2818 4707 sermone,
2848 4644 3005 4712 longo
3032 4640 3233 4696 ambitu
3262 4639 3490 4693 circum-

199 4758 318 4804 acta
368 4748 457 4802 vix
506 4747 757 4816 esplicat.
793 4749 902 4802 lloc
950 4747 1109 4817 igitur
1139 4762 1238 4816 ego
1267 4747 1461 4812 vitans,
1493 4745 1659 4798 vitam
1699 4744 1839 4798 beati
1878 4743 2125 4806 Antonii,
2161 4752 2212 4796 te
2257 4750 2494 4810 petente.
2527 4740 2597 4794 ita
2633 4737 2954 4806 transposui,
2987 4745 3044 4790 ut
3073 4734 3204 4790 nihil
3250 4734 3385 4789 desit
3433 4746 3499 4790 ex

201 4857 388 4910 sensu,
415 4858 539 4897 cum
568 4841 769 4911 aliquid
795 4839 942 4896 desit
971 4854 1034 4893 ex
1067 4837 1268 4893 verbis.
1298 4834 1402 4890 Alii
1425 4836 1657 4906 syllabas
1677 4843 2009 4905 aucupentur
2038 4841 2094 4890 et
2117 4833 2347 4898 litteras,
2379 4841 2432 4885 tu
2447 4845 2628 4901 quaere
2651 4829 2996 4884 sententiam.

3287 4991 3489 5010 δυσ-ρ-

425 5141 1066 5224 ATHANASII
1125 5136 1668 5221 EPISCOPI
1743 5132 2572 5219 ALEXANDRINI
2631 5127 3282 5214 PR/EFATIO.

278 5308 604 5364 Athanasius
635 5307 917 5376 cpiscopus
946 5305 1013 5360 ad
1043 5304 1355 5374 peregrinos
1387 5303 1602 5358 fratres.

279 5403 586 5472 Optimum,
621 5399 838 5468 fratres,
872 5399 1071 5454 iniistis
1099 5407 1406 5461 certamen;
1436 5405 1525 5449 aut
1557 5397 1756 5466 aequari
1780 5392 1997 5465 Egypti
2023 5394 2321 5455 monachis,
2347 5400 2440 5446 aut
2465 5404 2721 5461 superare
2746 5389 2973 5442 nitentes
2999 5383 3210 5439 virtutis
3231 5383 3501 5439 instantia.

217 5495 434 5554 Etenim
460 5495 599 5566 apth
631 5510 726 5549 vos
751 5495 862 5564 jam
887 5493 1119 5561 plurima
1146 5501 1271 5546 sunt
1298 5490 1658 5555 monasteria;
1688 5486 2068 5544 monachorum
2097 5501 2310 5556 quoque
2336 5501 2530 5540 nomen
2563 5495 2641 5539 est
2665 5480 2915 5544 celebre;
2939 5486 2994 5532 et
3015 5478 3150 5532 hanc
3175 5477 3504 5531 voluntatem

213 5599 458 5645 vestram
486 5587 630 5657 juste
660 5587 888 5656 quisque
921 5585 1240 5648 mirabitur;
1296 5580 1685 5650 orantibusque
1717 5578 1868 5634 vobis
1895 5590 2135 5648 Optatum
2166 5577 2308 5631 Deus
2350 5577 2543 5632 tribuet
2581 5573 2852 5628 ellectum.
2886 5569 3148 5637 Quoniam
3181 5568 3341 5635 igitur
3370 5583 3507 5622 exe-

206 5683 360 5751 gistis
385 5698 416 5736 a
448 5697 533 5737 me
565 5690 620 5735 ut
646 5681 796 5736 vobis
822 5680 1114 5734 scriberem
1161 5678 1228 5733 de
1255 5675 1666 5732 conversatione
1694 5673 1836 5730 beati
1886 5673 2122 5735 Antonii,
2160 5671 2463 5726 Vrtieltlibtts
2493 5668 2701 5722 discere
2754 5664 3208 5734 quemadmodum
3259 5664 3504 5732 cmperit,

212 5773 376 5840 quive
405 5773 566 5829 fuerit
589 5779 715 5824 ante
736 5777 980 5825 sanctum
1014 5768 1369 5838 propositum,
1401 5767 1616 5836 qualem
1647 5765 1810 5818 etiam
1844 5762 2091 5818 habuerit
2117 5762 2398 5817 terminum
2429 5761 2572 5822 vitze,
2603 5766 2656 5814 et
2682 5758 2725 5812 si
2751 5772 2875 5812 vera
2912 5757 3022 5812 sint
3047 5772 3108 5812 ea
3138 5772 3256 5826 qua:
3287 5755 3354 5808 de
3386 5755 3500 5822 ipso

211 5867 352 5922 larua
380 5867 656 5937 dispersit,
691 5878 750 5921 ut
779 5868 844 5922 ad
866 5867 982 5937 ejus
1003 5865 1398 5920 aemulationem
1429 5871 1590 5931 atque
1617 5859 1920 5929 exctnplum
1951 5874 2044 5912 vos
2075 5858 2352 5910 instituere
2405 5851 2643 5921 possitis,
2678 5866 2869 5920 magna
2899 5865 3019 5906 cum
3066 5849 3245 5904 laititisi
3296 5846 3509 5912 suscepi

209 5970 407 6019 Vestrae
435 5961 714 6017 charitatis
746 5959 1049 6026 imperium.
1080 5956 1290 6014 Etenim
1322 5954 1450 6012 mihi
1481 5954 1669 6021 ingens
1699 5951 1907 6007 lucrum
1956 5961 2037 6007 est
2085 5957 2246 6016 atque
2295 5945 2496 6000 utilitas
2554 5944 2654 6000 hoc
2704 5947 2876 6015 ipsum
2909 5941 3050 6016 quod
3090 5939 3350 5996 recordor
3401 5941 3510 5992 Au-
