  <div class='ocr_page' id='page_1' title='image "/cluster/home/n/w/nwhite01/storage/ocr_20150623/73/hvd.32044011474434/069.png"; bbox 0 0 4124 6350; ppageno 0'>
   <div class='ocr_carea' id='block_1_1' title="bbox 616 339 3884 447">
    <p class='ocr_par' dir='ltr' id='par_1_1' title="bbox 616 339 3884 447">
     <span class='ocr_line' id='line_1_1' title="bbox 616 339 3884 447; baseline 0.001 -6"><span class='ocrx_word' id='word_1_1' title='bbox 616 387 716 447; x_wconf 75' lang='lat' dir='ltr'><strong>m</strong></span> <span class='ocrx_word' id='word_1_2' title='bbox 799 339 819 354; x_wconf 51' lang='grc'><strong>“</strong></span> <span class='ocrx_word' id='word_1_3' title='bbox 1671 382 1761 439; x_wconf 87' lang='lat' dir='ltr'><strong>DE</strong></span> <span class='ocrx_word' id='word_1_4' title='bbox 1799 381 1976 439; x_wconf 83' lang='lat' dir='ltr'><strong>vms</strong></span> <span class='ocrx_word' id='word_1_5' title='bbox 2013 382 2291 439; x_wconf 72' lang='lat' dir='ltr'><strong>PATRUM</strong></span> <span class='ocrx_word' id='word_1_6' title='bbox 2335 380 2541 438; x_wconf 74' lang='lat' dir='ltr'><strong>LIBER</strong></span> <span class='ocrx_word' id='word_1_7' title='bbox 2577 379 2848 440; x_wconf 77' lang='lat' dir='ltr'><strong>PRIMUS.</strong></span> <span class='ocrx_word' id='word_1_8' title='bbox 3780 388 3884 445; x_wconf 76' lang='lat' dir='ltr'><strong>tas</strong></span> 
     </span>
    </p>
   </div>
   <div class='ocr_carea' id='block_1_2' title="bbox 615 494 3887 573">
    <p class='ocr_par' dir='ltr' id='par_1_2' title="bbox 615 494 3887 573">
     <span class='ocr_line' id='line_1_2' title="bbox 615 494 3887 573; baseline 0.001 -16"><span class='ocrx_word' id='word_1_9' title='bbox 615 501 745 557; x_wconf 81' lang='lat' dir='ltr'><strong>tumt</strong></span> <span class='ocrx_word' id='word_1_10' title='bbox 771 501 872 573; x_wconf 71' lang='lat'><strong>(2),</strong></span> <span class='ocrx_word' id='word_1_11' title='bbox 904 510 959 559; x_wconf 89' lang='lat' dir='ltr'><strong>et</strong></span> <span class='ocrx_word' id='word_1_12' title='bbox 985 515 1080 558; x_wconf 90' lang='lat' dir='ltr'><strong>vos</strong></span> <span class='ocrx_word' id='word_1_13' title='bbox 1117 514 1237 557; x_wconf 91' lang='lat' dir='ltr'><strong>cum</strong></span> <span class='ocrx_word' id='word_1_14' title='bbox 1265 497 1621 555; x_wconf 78' lang='lat' dir='ltr'><strong>admiratione</strong></span> <span class='ocrx_word' id='word_1_15' title='bbox 1648 499 1931 556; x_wconf 77' lang='lat' dir='ltr'><strong>audientes</strong></span> <span class='ocrx_word' id='word_1_16' title='bbox 1958 540 1971 567; x_wconf 94' lang='lat'><strong>,</strong></span> <span class='ocrx_word' id='word_1_17' title='bbox 2018 498 2132 554; x_wconf 89' lang='lat' dir='ltr'><strong>scio</strong></span> <span class='ocrx_word' id='word_1_18' title='bbox 2156 496 2272 568; x_wconf 83' lang='lat' dir='ltr'><strong>ejus</strong></span> <span class='ocrx_word' id='word_1_19' title='bbox 2297 495 2626 568; x_wconf 89' lang='lat' dir='ltr'><strong>propositum</strong></span> <span class='ocrx_word' id='word_1_20' title='bbox 2647 510 2847 568; x_wconf 86' lang='lat' dir='ltr'><strong>cupere</strong></span> <span class='ocrx_word' id='word_1_21' title='bbox 2871 494 3106 553; x_wconf 89' lang='lat' dir='ltr'><strong>sectari:</strong></span> <span class='ocrx_word' id='word_1_22' title='bbox 3136 495 3369 566; x_wconf 86' lang='lat' dir='ltr'><strong>perfecta</strong></span> <span class='ocrx_word' id='word_1_23' title='bbox 3416 508 3502 556; x_wconf 85' lang='lat' dir='ltr'><strong>est</strong></span> <span class='ocrx_word' id='word_1_24' title='bbox 3525 500 3786 573; x_wconf 80' lang='lat' dir='ltr'><strong>siquidem</strong></span> <span class='ocrx_word' id='word_1_25' title='bbox 3813 502 3887 563; x_wconf 84' lang='lat' dir='ltr'><strong>ad</strong></span> 
     </span>
    </p>
   </div>
   <div class='ocr_carea' id='block_1_3' title="bbox 617 592 1867 664">
    <p class='ocr_par' dir='ltr' id='par_1_3' title="bbox 617 592 1867 664">
     <span class='ocr_line' id='line_1_3' title="bbox 617 592 1867 664; baseline 0.001 -18"><span class='ocrx_word' id='word_1_26' title='bbox 617 593 862 649; x_wconf 83' lang='lat' dir='ltr'><strong>virtutem</strong></span> <span class='ocrx_word' id='word_1_27' title='bbox 894 594 998 664; x_wconf 90' lang='lat' dir='ltr'><strong>via,</strong></span> <span class='ocrx_word' id='word_1_28' title='bbox 1030 594 1316 649; x_wconf 88' lang='lat' dir='ltr'><strong>Antonium</strong></span> <span class='ocrx_word' id='word_1_29' title='bbox 1347 592 1484 647; x_wconf 85' lang='lat' dir='ltr'><strong>scire</strong></span> <span class='ocrx_word' id='word_1_30' title='bbox 1530 594 1649 663; x_wconf 88' lang='lat' dir='ltr'><strong>quis</strong></span> <span class='ocrx_word' id='word_1_31' title='bbox 1681 592 1867 647; x_wconf 91' lang='lat' dir='ltr'><strong>fuerit.</strong></span> 
     </span>
    </p>
   </div>
   <div class='ocr_carea' id='block_1_4' title="bbox 690 705 3891 779">
    <p class='ocr_par' dir='ltr' id='par_1_4' title="bbox 690 705 3891 779">
     <span class='ocr_line' id='line_1_4' title="bbox 690 705 3891 779; baseline 0.003 -18"><span class='ocrx_word' id='word_1_32' title='bbox 690 708 828 777; x_wconf 72' lang='lat' dir='ltr'><strong>Ergo</strong></span> <span class='ocrx_word' id='word_1_33' title='bbox 853 717 909 764; x_wconf 88' lang='lat' dir='ltr'><strong>ut</strong></span> <span class='ocrx_word' id='word_1_34' title='bbox 938 710 1173 765; x_wconf 92' lang='lat' dir='ltr'><strong>breviter</strong></span> <span class='ocrx_word' id='word_1_35' title='bbox 1192 709 1394 776; x_wconf 88' lang='lat' dir='ltr'><strong>dicam,</strong></span> <span class='ocrx_word' id='word_1_36' title='bbox 1417 718 1471 763; x_wconf 87' lang='lat' dir='ltr'><strong>et</strong></span> <span class='ocrx_word' id='word_1_37' title='bbox 1492 709 1760 774; x_wconf 70' lang='lat' dir='ltr'><strong>omnibus,</strong></span> <span class='ocrx_word' id='word_1_38' title='bbox 1790 723 1910 779; x_wconf 64' lang='lat' dir='ltr'><strong>quae</strong></span> <span class='ocrx_word' id='word_1_39' title='bbox 1938 707 2004 763; x_wconf 92' lang='lat' dir='ltr'><strong>de</strong></span> <span class='ocrx_word' id='word_1_40' title='bbox 2029 722 2095 763; x_wconf 92' lang='lat' dir='ltr'><strong>eo</strong></span> <span class='ocrx_word' id='word_1_41' title='bbox 2117 705 2460 764; x_wconf 75' lang='lat' dir='ltr'><strong>referentium</strong></span> <span class='ocrx_word' id='word_1_42' title='bbox 2510 720 2689 762; x_wconf 86' lang='lat' dir='ltr'><strong>sermo</strong></span> <span class='ocrx_word' id='word_1_43' title='bbox 2712 706 2932 776; x_wconf 86' lang='lat' dir='ltr'><strong>jactavit</strong></span> <span class='ocrx_word' id='word_1_44' title='bbox 2959 708 3184 773; x_wconf 88' lang='lat' dir='ltr'><strong>credite,</strong></span> <span class='ocrx_word' id='word_1_45' title='bbox 3233 721 3289 765; x_wconf 90' lang='lat' dir='ltr'><strong>et</strong></span> <span class='ocrx_word' id='word_1_46' title='bbox 3327 711 3546 769; x_wconf 89' lang='lat' dir='ltr'><strong>minima</strong></span> <span class='ocrx_word' id='word_1_47' title='bbox 3576 728 3672 770; x_wconf 85' lang='lat' dir='ltr'><strong>vos</strong></span> <span class='ocrx_word' id='word_1_48' title='bbox 3700 715 3891 772; x_wconf 83' lang='lat' dir='ltr'><strong>existi-</strong></span> 
     </span>
    </p>
   </div>
   <div class='ocr_carea' id='block_1_5' title="bbox 616 802 3889 882">
    <p class='ocr_par' dir='ltr' id='par_1_5' title="bbox 616 802 3889 882">
     <span class='ocr_line' id='line_1_5' title="bbox 616 802 3889 882; baseline 0.002 -21"><span class='ocrx_word' id='word_1_49' title='bbox 616 815 757 861; x_wconf 89' lang='lat' dir='ltr'><strong>mate</strong></span> <span class='ocrx_word' id='word_1_50' title='bbox 790 806 1004 861; x_wconf 82' lang='lat' dir='ltr'><strong>audisse</strong></span> <span class='ocrx_word' id='word_1_51' title='bbox 1052 805 1117 860; x_wconf 88' lang='lat' dir='ltr'><strong>de</strong></span> <span class='ocrx_word' id='word_1_52' title='bbox 1147 805 1432 870; x_wconf 79' lang='lat' dir='ltr'><strong>maximis;</strong></span> <span class='ocrx_word' id='word_1_53' title='bbox 1460 806 1582 875; x_wconf 86' lang='lat' dir='ltr'><strong>quia</strong></span> <span class='ocrx_word' id='word_1_54' title='bbox 1610 820 1714 859; x_wconf 91' lang='lat' dir='ltr'><strong>non</strong></span> <span class='ocrx_word' id='word_1_55' title='bbox 1746 804 1960 876; x_wconf 86' lang='lat' dir='ltr'><strong>ambigo</strong></span> <span class='ocrx_word' id='word_1_56' title='bbox 1997 818 2095 859; x_wconf 89' lang='lat' dir='ltr'><strong>nec</strong></span> <span class='ocrx_word' id='word_1_57' title='bbox 2122 817 2216 859; x_wconf 89' lang='lat' dir='ltr'><strong>eos</strong></span> <span class='ocrx_word' id='word_1_58' title='bbox 2244 803 2421 859; x_wconf 89' lang='lat' dir='ltr'><strong>omnia</strong></span> <span class='ocrx_word' id='word_1_59' title='bbox 2454 802 2696 873; x_wconf 87' lang='lat' dir='ltr'><strong>potuisse</strong></span> <span class='ocrx_word' id='word_1_60' title='bbox 2739 804 2847 875; x_wconf 77' lang='lat'><strong>36</strong></span> <span class='ocrx_word' id='word_1_61' title='bbox 2869 819 3217 873; x_wconf 79' lang='lat' dir='ltr'><strong>cognoscere,</strong></span> <span class='ocrx_word' id='word_1_62' title='bbox 3244 821 3365 863; x_wconf 90' lang='lat' dir='ltr'><strong>cum</strong></span> <span class='ocrx_word' id='word_1_63' title='bbox 3394 818 3449 864; x_wconf 92' lang='lat' dir='ltr'><strong>et</strong></span> <span class='ocrx_word' id='word_1_64' title='bbox 3479 824 3581 879; x_wconf 94' lang='lat' dir='ltr'><strong>ego</strong></span> <span class='ocrx_word' id='word_1_65' title='bbox 3610 820 3825 882; x_wconf 81' lang='lat' dir='ltr'><strong>rugatus</strong></span> <span class='ocrx_word' id='word_1_66' title='bbox 3855 827 3889 869; x_wconf 84' lang='lat' dir='ltr'><strong>a</strong></span> 
     </span>
    </p>
   </div>
   <div class='ocr_carea' id='block_1_6' title="bbox 617 896 3891 970">
    <p class='ocr_par' dir='ltr' id='par_1_6' title="bbox 617 896 3891 970">
     <span class='ocr_line' id='line_1_6' title="bbox 617 896 3891 970; baseline 0.002 -15"><span class='ocrx_word' id='word_1_67' title='bbox 617 901 790 967; x_wconf 86' lang='lat' dir='ltr'><strong>vobis,</strong></span> <span class='ocrx_word' id='word_1_68' title='bbox 819 907 1227 970; x_wconf 90' lang='lat' dir='ltr'><strong>quantacunque</strong></span> <span class='ocrx_word' id='word_1_69' title='bbox 1256 915 1353 969; x_wconf 87' lang='lat' dir='ltr'><strong>per</strong></span> <span class='ocrx_word' id='word_1_70' title='bbox 1376 899 1656 970; x_wconf 89' lang='lat' dir='ltr'><strong>epistolam</strong></span> <span class='ocrx_word' id='word_1_71' title='bbox 1684 899 2074 970; x_wconf 84' lang='lat' dir='ltr'><strong>significavero,</strong></span> <span class='ocrx_word' id='word_1_72' title='bbox 2109 912 2215 952; x_wconf 90' lang='lat' dir='ltr'><strong>non</strong></span> <span class='ocrx_word' id='word_1_73' title='bbox 2247 896 2471 967; x_wconf 74' lang='lat' dir='ltr'><strong>aequalia</strong></span> <span class='ocrx_word' id='word_1_74' title='bbox 2499 896 2601 952; x_wconf 90' lang='lat' dir='ltr'><strong>sim</strong></span> <span class='ocrx_word' id='word_1_75' title='bbox 2632 897 2748 966; x_wconf 90' lang='lat' dir='ltr'><strong>ejus</strong></span> <span class='ocrx_word' id='word_1_76' title='bbox 2790 899 2995 953; x_wconf 90' lang='lat' dir='ltr'><strong>meritis</strong></span> <span class='ocrx_word' id='word_1_77' title='bbox 3019 908 3348 956; x_wconf 82' lang='lat' dir='ltr'><strong>narraturus.</strong></span> <span class='ocrx_word' id='word_1_78' title='bbox 3370 901 3476 957; x_wconf 90' lang='lat' dir='ltr'><strong>Sed</strong></span> <span class='ocrx_word' id='word_1_79' title='bbox 3504 912 3561 960; x_wconf 89' lang='lat' dir='ltr'><strong>et</strong></span> <span class='ocrx_word' id='word_1_80' title='bbox 3580 920 3674 960; x_wconf 89' lang='lat' dir='ltr'><strong>vos</strong></span> <span class='ocrx_word' id='word_1_81' title='bbox 3695 921 3891 962; x_wconf 79' lang='lat' dir='ltr'><strong>omnes</strong></span> 
     </span>
    </p>
   </div>
   <div class='ocr_carea' id='block_1_7' title="bbox 618 991 3891 1069">
    <p class='ocr_par' dir='ltr' id='par_1_7' title="bbox 618 991 3891 1069">
     <span class='ocr_line' id='line_1_7' title="bbox 618 991 3891 1069; baseline 0.002 -19"><span class='ocrx_word' id='word_1_82' title='bbox 618 998 743 1051; x_wconf 91' lang='lat' dir='ltr'><strong>hinc</strong></span> <span class='ocrx_word' id='word_1_83' title='bbox 770 996 1081 1065; x_wconf 72' lang='lat' dir='ltr'><strong>navigantes</strong></span> <span class='ocrx_word' id='word_1_84' title='bbox 1111 996 1350 1051; x_wconf 74' lang='lat' dir='ltr'><strong>studiose</strong></span> <span class='ocrx_word' id='word_1_85' title='bbox 1380 994 1787 1065; x_wconf 87' lang='lat' dir='ltr'><strong>percontamini,</strong></span> <span class='ocrx_word' id='word_1_86' title='bbox 1820 1009 1947 1064; x_wconf 93' lang='lat' dir='ltr'><strong>quo,</strong></span> <span class='ocrx_word' id='word_1_87' title='bbox 1990 992 2213 1064; x_wconf 86' lang='lat' dir='ltr'><strong>singulis</strong></span> <span class='ocrx_word' id='word_1_88' title='bbox 2238 1008 2358 1063; x_wconf 65' lang='lat' dir='ltr'><strong>qua:</strong></span> <span class='ocrx_word' id='word_1_89' title='bbox 2402 1000 2600 1047; x_wconf 92' lang='lat' dir='ltr'><strong>norunt</strong></span> <span class='ocrx_word' id='word_1_90' title='bbox 2625 991 3000 1060; x_wconf 78' lang='lat' dir='ltr'><strong>referentibus,</strong></span> <span class='ocrx_word' id='word_1_91' title='bbox 3029 1008 3265 1064; x_wconf 84' lang='lat' dir='ltr'><strong>congrua</strong></span> <span class='ocrx_word' id='word_1_92' title='bbox 3314 996 3576 1069; x_wconf 87' lang='lat' dir='ltr'><strong>dignaque</strong></span> <span class='ocrx_word' id='word_1_93' title='bbox 3606 1000 3739 1055; x_wconf 84' lang='lat' dir='ltr'><strong>tanti</strong></span> <span class='ocrx_word' id='word_1_94' title='bbox 3788 1016 3891 1056; x_wconf 85' lang='lat' dir='ltr'><strong>no-</strong></span> 
     </span>
    </p>
   </div>
   <div class='ocr_carea' id='block_1_8' title="bbox 617 1084 3890 1158">
    <p class='ocr_par' dir='ltr' id='par_1_8' title="bbox 617 1084 3890 1158">
     <span class='ocr_line' id='line_1_8' title="bbox 617 1084 3890 1158; baseline 0.001 -14"><span class='ocrx_word' id='word_1_95' title='bbox 617 1089 773 1144; x_wconf 87' lang='lat' dir='ltr'><strong>minis</strong></span> <span class='ocrx_word' id='word_1_96' title='bbox 801 1089 990 1144; x_wconf 76' lang='lat' dir='ltr'><strong>relatio</strong></span> <span class='ocrx_word' id='word_1_97' title='bbox 1020 1089 1374 1158; x_wconf 90' lang='lat' dir='ltr'><strong>compleatur.</strong></span> <span class='ocrx_word' id='word_1_98' title='bbox 1400 1087 1755 1157; x_wconf 87' lang='lat' dir='ltr'><strong>Disponebam</strong></span> <span class='ocrx_word' id='word_1_99' title='bbox 1785 1088 1964 1157; x_wconf 86' lang='lat' dir='ltr'><strong>itaque</strong></span> <span class='ocrx_word' id='word_1_100' title='bbox 1993 1094 2113 1156; x_wconf 89' lang='lat' dir='ltr'><strong>post</strong></span> <span class='ocrx_word' id='word_1_101' title='bbox 2139 1085 2423 1141; x_wconf 90' lang='lat' dir='ltr'><strong>lectionem</strong></span> <span class='ocrx_word' id='word_1_102' title='bbox 2470 1084 2768 1140; x_wconf 88' lang='lat' dir='ltr'><strong>litterarum</strong></span> <span class='ocrx_word' id='word_1_103' title='bbox 2808 1094 3103 1141; x_wconf 90' lang='lat' dir='ltr'><strong>vestrarum</strong></span> <span class='ocrx_word' id='word_1_104' title='bbox 3132 1086 3341 1158; x_wconf 89' lang='lat' dir='ltr'><strong>aliquos</strong></span> <span class='ocrx_word' id='word_1_105' title='bbox 3364 1088 3431 1143; x_wconf 90' lang='lat' dir='ltr'><strong>ad</strong></span> <span class='ocrx_word' id='word_1_106' title='bbox 3470 1104 3557 1146; x_wconf 89' lang='lat' dir='ltr'><strong>me</strong></span> <span class='ocrx_word' id='word_1_107' title='bbox 3590 1092 3890 1149; x_wconf 75' lang='lat' dir='ltr'><strong>monachos</strong></span> 
     </span>
    </p>
   </div>
   <div class='ocr_carea' id='block_1_9' title="bbox 624 1175 3890 1249">
    <p class='ocr_par' dir='ltr' id='par_1_9' title="bbox 624 1175 3890 1249">
     <span class='ocr_line' id='line_1_9' title="bbox 624 1175 3890 1249; baseline 0.001 -14"><span class='ocrx_word' id='word_1_108' title='bbox 624 1183 871 1249; x_wconf 77' lang='lat' dir='ltr'><strong>invitare,</strong></span> <span class='ocrx_word' id='word_1_109' title='bbox 904 1190 957 1237; x_wconf 90' lang='lat' dir='ltr'><strong>et</strong></span> <span class='ocrx_word' id='word_1_110' title='bbox 986 1182 1219 1237; x_wconf 90' lang='lat' dir='ltr'><strong>maxime</strong></span> <span class='ocrx_word' id='word_1_111' title='bbox 1250 1195 1343 1236; x_wconf 90' lang='lat' dir='ltr'><strong>eos</strong></span> <span class='ocrx_word' id='word_1_112' title='bbox 1373 1180 1461 1249; x_wconf 91' lang='lat' dir='ltr'><strong>qui</strong></span> <span class='ocrx_word' id='word_1_113' title='bbox 1482 1179 1673 1236; x_wconf 89' lang='lat' dir='ltr'><strong>crebro</strong></span> <span class='ocrx_word' id='word_1_114' title='bbox 1700 1178 1765 1233; x_wconf 91' lang='lat' dir='ltr'><strong>ad</strong></span> <span class='ocrx_word' id='word_1_115' title='bbox 1812 1193 1935 1233; x_wconf 92' lang='lat' dir='ltr'><strong>eum</strong></span> <span class='ocrx_word' id='word_1_116' title='bbox 1988 1176 2069 1232; x_wconf 90' lang='lat' dir='ltr'><strong>ire</strong></span> <span class='ocrx_word' id='word_1_117' title='bbox 2116 1184 2531 1241; x_wconf 82' lang='lat' dir='ltr'><strong>consueverant,</strong></span> <span class='ocrx_word' id='word_1_118' title='bbox 2565 1184 2625 1230; x_wconf 94' lang='lat' dir='ltr'><strong>ut</strong></span> <span class='ocrx_word' id='word_1_119' title='bbox 2670 1175 2875 1245; x_wconf 84' lang='lat' dir='ltr'><strong>plenius</strong></span> <span class='ocrx_word' id='word_1_120' title='bbox 2902 1176 3099 1247; x_wconf 89' lang='lat' dir='ltr'><strong>aliquid</strong></span> <span class='ocrx_word' id='word_1_121' title='bbox 3128 1177 3432 1245; x_wconf 81' lang='lat' dir='ltr'><strong>addiscens,</strong></span> <span class='ocrx_word' id='word_1_122' title='bbox 3482 1196 3701 1237; x_wconf 89' lang='lat' dir='ltr'><strong>munera</strong></span> <span class='ocrx_word' id='word_1_123' title='bbox 3731 1184 3890 1239; x_wconf 82' lang='lat' dir='ltr'><strong>vobis</strong></span> 
     </span>
    </p>
   </div>
   <div class='ocr_carea' id='block_1_10' title="bbox 623 1266 3892 1343">
    <p class='ocr_par' dir='ltr' id='par_1_10' title="bbox 623 1266 3892 1343">
     <span class='ocr_line' id='line_1_10' title="bbox 623 1266 3892 1343; baseline 0.001 -14"><span class='ocrx_word' id='word_1_124' title='bbox 623 1274 828 1343; x_wconf 86' lang='lat' dir='ltr'><strong>majora</strong></span> <span class='ocrx_word' id='word_1_125' title='bbox 856 1274 1293 1329; x_wconf 83' lang='lat' dir='ltr'><strong>transmitterem.</strong></span> <span class='ocrx_word' id='word_1_126' title='bbox 1332 1273 1437 1329; x_wconf 89' lang='lat' dir='ltr'><strong>Sed</strong></span> <span class='ocrx_word' id='word_1_127' title='bbox 1466 1273 1717 1343; x_wconf 88' lang='lat' dir='ltr'><strong>quoniam</strong></span> <span class='ocrx_word' id='word_1_128' title='bbox 1755 1281 1810 1327; x_wconf 91' lang='lat' dir='ltr'><strong>et</strong></span> <span class='ocrx_word' id='word_1_129' title='bbox 1851 1269 2207 1340; x_wconf 80' lang='lat' dir='ltr'><strong>navigationis</strong></span> <span class='ocrx_word' id='word_1_130' title='bbox 2256 1279 2496 1339; x_wconf 88' lang='lat' dir='ltr'><strong>tempora</strong></span> <span class='ocrx_word' id='word_1_131' title='bbox 2522 1266 2858 1333; x_wconf 86' lang='lat' dir='ltr'><strong>labebantur,</strong></span> <span class='ocrx_word' id='word_1_132' title='bbox 2916 1280 2971 1324; x_wconf 91' lang='lat' dir='ltr'><strong>et</strong></span> <span class='ocrx_word' id='word_1_133' title='bbox 3017 1270 3312 1327; x_wconf 87' lang='lat' dir='ltr'><strong>litterarum</strong></span> <span class='ocrx_word' id='word_1_134' title='bbox 3342 1273 3566 1342; x_wconf 87' lang='lat' dir='ltr'><strong>portitor</strong></span> <span class='ocrx_word' id='word_1_135' title='bbox 3593 1275 3892 1333; x_wconf 85' lang='lat' dir='ltr'><strong>vehemen-</strong></span> 
     </span>
    </p>
   </div>
   <div class='ocr_carea' id='block_1_11' title="bbox 614 1360 3891 1439">
    <p class='ocr_par' dir='ltr' id='par_1_11' title="bbox 614 1360 3891 1439">
     <span class='ocr_line' id='line_1_11' title="bbox 614 1360 3891 1439; baseline 0.002 -20"><span class='ocrx_word' id='word_1_136' title='bbox 614 1366 820 1421; x_wconf 87' lang='lat' dir='ltr'><strong>tissime</strong></span> <span class='ocrx_word' id='word_1_137' title='bbox 849 1365 1156 1433; x_wconf 83' lang='lat' dir='ltr'><strong>festinabat,</strong></span> <span class='ocrx_word' id='word_1_138' title='bbox 1189 1366 1309 1422; x_wconf 91' lang='lat' dir='ltr'><strong>ideo</strong></span> <span class='ocrx_word' id='word_1_139' title='bbox 1332 1381 1393 1422; x_wconf 91' lang='lat' dir='ltr'><strong>ea</strong></span> <span class='ocrx_word' id='word_1_140' title='bbox 1423 1381 1543 1437; x_wconf 73' lang='lat' dir='ltr'><strong>qua:</strong></span> <span class='ocrx_word' id='word_1_141' title='bbox 1569 1373 1622 1420; x_wconf 88' lang='lat' dir='ltr'><strong>et</strong></span> <span class='ocrx_word' id='word_1_142' title='bbox 1643 1364 1758 1433; x_wconf 92' lang='lat' dir='ltr'><strong>ipse</strong></span> <span class='ocrx_word' id='word_1_143' title='bbox 1787 1378 2039 1419; x_wconf 83' lang='lat' dir='ltr'><strong>noveram</strong></span> <span class='ocrx_word' id='word_1_144' title='bbox 2069 1364 2089 1435; x_wconf 93' lang='lat'>(</span> <span class='ocrx_word' id='word_1_145' title='bbox 2112 1362 2419 1434; x_wconf 88' lang='lat' dir='ltr'><strong>frequenter</strong></span> <span class='ocrx_word' id='word_1_146' title='bbox 2446 1362 2588 1417; x_wconf 91' lang='lat' dir='ltr'><strong>enim</strong></span> <span class='ocrx_word' id='word_1_147' title='bbox 2622 1375 2743 1416; x_wconf 90' lang='lat' dir='ltr'><strong>eum</strong></span> <span class='ocrx_word' id='word_1_148' title='bbox 2778 1361 2987 1417; x_wconf 80' lang='lat' dir='ltr'><strong>visitavi</strong></span> <span class='ocrx_word' id='word_1_149' title='bbox 3016 1360 3093 1435; x_wconf 76' lang='lat'><strong>[3]</strong></span> <span class='ocrx_word' id='word_1_150' title='bbox 3122 1364 3140 1433; x_wconf 96' lang='lat'><strong>)</strong></span> <span class='ocrx_word' id='word_1_151' title='bbox 3169 1372 3224 1419; x_wconf 86' lang='lat' dir='ltr'><strong>et</strong></span> <span class='ocrx_word' id='word_1_152' title='bbox 3258 1381 3374 1434; x_wconf 80' lang='lat' dir='ltr'><strong>quae</strong></span> <span class='ocrx_word' id='word_1_153' title='bbox 3400 1367 3468 1420; x_wconf 88' lang='lat' dir='ltr'><strong>ab</strong></span> <span class='ocrx_word' id='word_1_154' title='bbox 3493 1382 3558 1423; x_wconf 93' lang='lat' dir='ltr'><strong>eo</strong></span> <span class='ocrx_word' id='word_1_155' title='bbox 3585 1368 3770 1437; x_wconf 87' lang='lat' dir='ltr'><strong>didici,</strong></span> <span class='ocrx_word' id='word_1_156' title='bbox 3792 1368 3891 1439; x_wconf 78' lang='lat' dir='ltr'><strong>qui</strong></span> 
     </span>
    </p>
   </div>
   <div class='ocr_carea' id='block_1_12' title="bbox 616 1452 3887 1529">
    <p class='ocr_par' dir='ltr' id='par_1_12' title="bbox 616 1452 3887 1529">
     <span class='ocr_line' id='line_1_12' title="bbox 616 1452 3887 1529; baseline 0.001 -16"><span class='ocrx_word' id='word_1_157' title='bbox 616 1460 680 1513; x_wconf 90' lang='lat' dir='ltr'><strong>ad</strong></span> <span class='ocrx_word' id='word_1_158' title='bbox 714 1458 1052 1526; x_wconf 81' lang='lat' dir='ltr'><strong>praebendam</strong></span> <span class='ocrx_word' id='word_1_159' title='bbox 1110 1458 1160 1516; x_wconf 84' lang='lat' dir='ltr'><strong>ei</strong></span> <span class='ocrx_word' id='word_1_160' title='bbox 1200 1472 1389 1528; x_wconf 88' lang='lat' dir='ltr'><strong>aquam</strong></span> <span class='ocrx_word' id='word_1_161' title='bbox 1449 1472 1551 1511; x_wconf 86' lang='lat' dir='ltr'><strong>non</strong></span> <span class='ocrx_word' id='word_1_162' title='bbox 1608 1454 1881 1525; x_wconf 86' lang='lat' dir='ltr'><strong>paululum</strong></span> <span class='ocrx_word' id='word_1_163' title='bbox 1938 1454 2199 1523; x_wconf 88' lang='lat' dir='ltr'><strong>temporis</strong></span> <span class='ocrx_word' id='word_1_164' title='bbox 2247 1469 2367 1509; x_wconf 91' lang='lat' dir='ltr'><strong>cum</strong></span> <span class='ocrx_word' id='word_1_165' title='bbox 2399 1468 2464 1509; x_wconf 88' lang='lat' dir='ltr'><strong>eo</strong></span> <span class='ocrx_word' id='word_1_166' title='bbox 2494 1452 2619 1508; x_wconf 90' lang='lat' dir='ltr'><strong>fecit</strong></span> <span class='ocrx_word' id='word_1_167' title='bbox 2648 1452 2751 1524; x_wconf 68' lang='grc' dir='ltr'><strong>(Δ),</strong></span> <span class='ocrx_word' id='word_1_168' title='bbox 2782 1453 3061 1509; x_wconf 91' lang='lat' dir='ltr'><strong>dilectioni</strong></span> <span class='ocrx_word' id='word_1_169' title='bbox 3084 1462 3278 1510; x_wconf 69' lang='lat' dir='ltr'><strong>vestra:</strong></span> <span class='ocrx_word' id='word_1_170' title='bbox 3302 1456 3535 1513; x_wconf 88' lang='lat' dir='ltr'><strong>indicare</strong></span> <span class='ocrx_word' id='word_1_171' title='bbox 3556 1461 3833 1529; x_wconf 82' lang='lat' dir='ltr'><strong>properavi</strong></span> <span class='ocrx_word' id='word_1_172' title='bbox 3870 1476 3887 1516; x_wconf 91' lang='lat'><strong>:</strong></span> 
     </span>
    </p>
   </div>
   <div class='ocr_carea' id='block_1_13' title="bbox 616 1543 3885 1622">
    <p class='ocr_par' dir='ltr' id='par_1_13' title="bbox 616 1543 3885 1622">
     <span class='ocr_line' id='line_1_13' title="bbox 616 1543 3885 1622; baseline -0.001 -16"><span class='ocrx_word' id='word_1_173' title='bbox 616 1552 901 1622; x_wconf 83' lang='lat' dir='ltr'><strong>utrobique</strong></span> <span class='ocrx_word' id='word_1_174' title='bbox 939 1566 1121 1606; x_wconf 90' lang='lat' dir='ltr'><strong>curam</strong></span> <span class='ocrx_word' id='word_1_175' title='bbox 1161 1550 1401 1605; x_wconf 82' lang='lat' dir='ltr'><strong>veritatis</strong></span> <span class='ocrx_word' id='word_1_176' title='bbox 1432 1549 1656 1617; x_wconf 86' lang='lat' dir='ltr'><strong>habens,</strong></span> <span class='ocrx_word' id='word_1_177' title='bbox 1689 1559 1748 1605; x_wconf 89' lang='lat' dir='ltr'><strong>ut</strong></span> <span class='ocrx_word' id='word_1_178' title='bbox 1790 1562 1967 1619; x_wconf 91' lang='lat' dir='ltr'><strong>neque</strong></span> <span class='ocrx_word' id='word_1_179' title='bbox 1998 1547 2116 1616; x_wconf 89' lang='lat' dir='ltr'><strong>plus</strong></span> <span class='ocrx_word' id='word_1_180' title='bbox 2148 1545 2342 1615; x_wconf 83' lang='lat' dir='ltr'><strong>aliquis</strong></span> <span class='ocrx_word' id='word_1_181' title='bbox 2387 1544 2639 1609; x_wconf 87' lang='lat' dir='ltr'><strong>audiens,</strong></span> <span class='ocrx_word' id='word_1_182' title='bbox 2668 1543 3048 1599; x_wconf 84' lang='lat' dir='ltr'><strong>miraculorum</strong></span> <span class='ocrx_word' id='word_1_183' title='bbox 3079 1547 3479 1616; x_wconf 77' lang='lat' dir='ltr'><strong>congestionem</strong></span> <span class='ocrx_word' id='word_1_184' title='bbox 3526 1565 3632 1605; x_wconf 92' lang='lat' dir='ltr'><strong>non</strong></span> <span class='ocrx_word' id='word_1_185' title='bbox 3678 1551 3885 1619; x_wconf 83' lang='lat' dir='ltr'><strong>credat,</strong></span> 
     </span>
    </p>
   </div>
   <div class='ocr_carea' id='block_1_14' title="bbox 617 1628 3664 1713">
    <p class='ocr_par' dir='ltr' id='par_1_14' title="bbox 617 1628 3664 1713">
     <span class='ocr_line' id='line_1_14' title="bbox 617 1628 3664 1713; baseline -0.001 -12"><span class='ocrx_word' id='word_1_186' title='bbox 617 1659 715 1701; x_wconf 89' lang='lat' dir='ltr'><strong>nec</strong></span> <span class='ocrx_word' id='word_1_187' title='bbox 744 1658 953 1698; x_wconf 83' lang='lat' dir='ltr'><strong>rursum</strong></span> <span class='ocrx_word' id='word_1_188' title='bbox 978 1643 1183 1698; x_wconf 86' lang='lat' dir='ltr'><strong>meritis</strong></span> <span class='ocrx_word' id='word_1_189' title='bbox 1205 1642 1321 1713; x_wconf 86' lang='lat' dir='ltr'><strong>ejus</strong></span> <span class='ocrx_word' id='word_1_190' title='bbox 1350 1642 1609 1698; x_wconf 86' lang='lat' dir='ltr'><strong>inferiora</strong></span> <span class='ocrx_word' id='word_1_191' title='bbox 1638 1655 1992 1713; x_wconf 86' lang='lat' dir='ltr'><strong>cognoscens,</strong></span> <span class='ocrx_word' id='word_1_192' title='bbox 2011 1654 2118 1695; x_wconf 92' lang='lat' dir='ltr'><strong>non</strong></span> <span class='ocrx_word' id='word_1_193' title='bbox 2149 1646 2299 1709; x_wconf 87' lang='lat' dir='ltr'><strong>putet</strong></span> <span class='ocrx_word' id='word_1_194' title='bbox 2326 1636 2545 1706; x_wconf 88' lang='lat' dir='ltr'><strong>dignum</strong></span> <span class='ocrx_word' id='word_1_195' title='bbox 2572 1650 2692 1691; x_wconf 91' lang='lat' dir='ltr'><strong>esse</strong></span> <span class='ocrx_word' id='word_1_196' title='bbox 2713 1634 2970 1691; x_wconf 91' lang='lat' dir='ltr'><strong>miraculo</strong></span> <span class='ocrx_word' id='word_1_197' title='bbox 2994 1651 3089 1705; x_wconf 91' lang='lat' dir='ltr'><strong>pro</strong></span> <span class='ocrx_word' id='word_1_198' title='bbox 3116 1628 3251 1693; x_wconf 87' lang='lat' dir='ltr'><strong>tanti</strong></span> <span class='ocrx_word' id='word_1_199' title='bbox 3280 1640 3510 1696; x_wconf 87' lang='lat' dir='ltr'><strong>nominis</strong></span> <span class='ocrx_word' id='word_1_200' title='bbox 3532 1642 3664 1699; x_wconf 88' lang='lat' dir='ltr'><strong>viro.</strong></span> 
     </span>
    </p>
   </div>
   <div class='ocr_carea' id='block_1_15' title="bbox 617 1807 3889 1833">
    <p class='ocr_par' dir='ltr' id='par_1_15' title="bbox 617 1807 3889 1833">
     <span class='ocr_line' id='line_1_15' title="bbox 617 1807 3889 1833; baseline -0 -5"><span class='ocrx_word' id='word_1_201' title='bbox 617 1807 3889 1833; x_wconf 48' lang='grc' dir='ltr'><strong>Μ</strong></span> 
     </span>
    </p>
   </div>
   <div class='ocr_carea' id='block_1_16' title="bbox 2015 1932 2483 2062">
    <p class='ocr_par' dir='ltr' id='par_1_16' title="bbox 2015 1932 2483 2062">
     <span class='ocr_line' id='line_1_16' title="bbox 2015 1932 2483 2062; baseline -0.004 -4"><span class='ocrx_word' id='word_1_202' title='bbox 2015 1932 2483 2062; x_wconf 91' lang='lat' dir='ltr'><strong>VITA.</strong></span> 
     </span>
    </p>
   </div>
   <div class='ocr_carea' id='block_1_17' title="bbox 682 2141 3892 2216">
    <p class='ocr_par' dir='ltr' id='par_1_17' title="bbox 682 2141 3892 2216">
     <span class='ocr_line' id='line_1_17' title="bbox 682 2141 3892 2216; baseline 0.001 -11"><span class='ocrx_word' id='word_1_203' title='bbox 682 2151 810 2205; x_wconf 77' lang='lat' dir='ltr'><strong>CAP.</strong></span> <span class='ocrx_word' id='word_1_204' title='bbox 852 2148 893 2205; x_wconf 87' lang='lat' dir='ltr'><strong>l.</strong></span> <span class='ocrx_word' id='word_1_205' title='bbox 935 2176 1004 2189; x_wconf 88' lang='lat'><strong>—-</strong></span> <span class='ocrx_word' id='word_1_206' title='bbox 1041 2146 1304 2203; x_wconf 81' lang='lat' dir='ltr'><strong>Antonius</strong></span> <span class='ocrx_word' id='word_1_207' title='bbox 1353 2144 1431 2216; x_wconf 83' lang='lat'><strong>(5)</strong></span> <span class='ocrx_word' id='word_1_208' title='bbox 1489 2143 1757 2201; x_wconf 89' lang='lat' dir='ltr'><strong>nobilibus</strong></span> <span class='ocrx_word' id='word_1_209' title='bbox 1806 2141 2189 2214; x_wconf 83' lang='lat' dir='ltr'><strong>religiosisque</strong></span> <span class='ocrx_word' id='word_1_210' title='bbox 2224 2146 2279 2206; x_wconf 71' lang='grc' dir='ltr'><strong>Α</strong></span> <span class='ocrx_word' id='word_1_211' title='bbox 2304 2143 2374 2201; x_wconf 93' lang='lat' dir='ltr'><strong>ob</strong></span> <span class='ocrx_word' id='word_1_212' title='bbox 2402 2158 2643 2200; x_wconf 90' lang='lat' dir='ltr'><strong>sororem</strong></span> <span class='ocrx_word' id='word_1_213' title='bbox 2673 2141 2979 2210; x_wconf 88' lang='lat' dir='ltr'><strong>reservatis,</strong></span> <span class='ocrx_word' id='word_1_214' title='bbox 3008 2157 3128 2214; x_wconf 78' lang='lat' dir='ltr'><strong>qua:</strong></span> <span class='ocrx_word' id='word_1_215' title='bbox 3154 2151 3208 2200; x_wconf 91' lang='lat' dir='ltr'><strong>et</strong></span> <span class='ocrx_word' id='word_1_216' title='bbox 3235 2158 3368 2202; x_wconf 87' lang='lat' dir='ltr'><strong>sexu</strong></span> <span class='ocrx_word' id='word_1_217' title='bbox 3395 2154 3450 2203; x_wconf 90' lang='lat' dir='ltr'><strong>et</strong></span> <span class='ocrx_word' id='word_1_218' title='bbox 3485 2156 3641 2205; x_wconf 68' lang='lat' dir='ltr'><strong>aetate</strong></span> <span class='ocrx_word' id='word_1_219' title='bbox 3665 2149 3892 2208; x_wconf 42' lang='lat' dir='ltr'><strong>videbas</strong></span> 
     </span>
    </p>
   </div>
   <div class='ocr_carea' id='block_1_18' title="bbox 616 2234 2204 2314">
    <p class='ocr_par' dir='ltr' id='par_1_18' title="bbox 616 2234 2204 2314">
     <span class='ocr_line' id='line_1_18' title="bbox 616 2234 2204 2314; baseline -0.004 -17"><span class='ocrx_word' id='word_1_220' title='bbox 616 2241 924 2314; x_wconf 87' lang='lat' dir='ltr'><strong>parentibus</strong></span> <span class='ocrx_word' id='word_1_221' title='bbox 954 2248 1130 2306; x_wconf 92' lang='lat' dir='ltr'><strong>natus,</strong></span> <span class='ocrx_word' id='word_1_222' title='bbox 1163 2239 1217 2293; x_wconf 92' lang='lat' dir='ltr'><strong>in</strong></span> <span class='ocrx_word' id='word_1_223' title='bbox 1264 2238 1494 2307; x_wconf 67' lang='lat' dir='ltr'><strong>Aigypm</strong></span> <span class='ocrx_word' id='word_1_224' title='bbox 1515 2236 1773 2291; x_wconf 86' lang='lat' dir='ltr'><strong>oriundus</strong></span> <span class='ocrx_word' id='word_1_225' title='bbox 1797 2234 1894 2289; x_wconf 91' lang='lat' dir='ltr'><strong>fuit</strong></span> <span class='ocrx_word' id='word_1_226' title='bbox 1919 2234 2021 2304; x_wconf 85' lang='lat'><strong>(6).</strong></span> <span class='ocrx_word' id='word_1_227' title='bbox 2056 2242 2204 2290; x_wconf 90' lang='lat' dir='ltr'><strong>tanta</strong></span> 
     </span>
    </p>
   </div>
   <div class='ocr_carea' id='block_1_19' title="bbox 620 2325 2202 2395">
    <p class='ocr_par' dir='ltr' id='par_1_19' title="bbox 620 2325 2202 2395">
     <span class='ocr_line' id='line_1_19' title="bbox 620 2325 2202 2395; baseline -0.006 -6"><span class='ocrx_word' id='word_1_228' title='bbox 620 2346 840 2389; x_wconf 90' lang='lat' dir='ltr'><strong>suorum</strong></span> <span class='ocrx_word' id='word_1_229' title='bbox 873 2331 1108 2386; x_wconf 89' lang='lat' dir='ltr'><strong>nutritus</strong></span> <span class='ocrx_word' id='word_1_230' title='bbox 1130 2343 1281 2393; x_wconf 90' lang='lat' dir='ltr'><strong>cura,</strong></span> <span class='ocrx_word' id='word_1_231' title='bbox 1309 2337 1366 2383; x_wconf 93' lang='lat' dir='ltr'><strong>ut</strong></span> <span class='ocrx_word' id='word_1_232' title='bbox 1400 2326 1528 2382; x_wconf 89' lang='lat' dir='ltr'><strong>nihil</strong></span> <span class='ocrx_word' id='word_1_233' title='bbox 1558 2325 1698 2381; x_wconf 85' lang='lat' dir='ltr'><strong>aliud</strong></span> <span class='ocrx_word' id='word_1_234' title='bbox 1731 2334 1923 2395; x_wconf 61' lang='lat' dir='ltr'><strong>praeter</strong></span> <span class='ocrx_word' id='word_1_235' title='bbox 1952 2335 2202 2395; x_wconf 89' lang='lat' dir='ltr'><strong>parentes</strong></span> 
     </span>
    </p>
   </div>
   <div class='ocr_carea' id='block_1_20' title="bbox 614 2418 2201 2495">
    <p class='ocr_par' dir='ltr' id='par_1_20' title="bbox 614 2418 2201 2495">
     <span class='ocr_line' id='line_1_20' title="bbox 614 2418 2201 2495; baseline -0.008 -12"><span class='ocrx_word' id='word_1_236' title='bbox 614 2426 940 2495; x_wconf 91' lang='lat' dir='ltr'><strong>domumque</strong></span> <span class='ocrx_word' id='word_1_237' title='bbox 962 2429 1332 2494; x_wconf 80' lang='lat' dir='ltr'><strong>cognosceret.</strong></span> <span class='ocrx_word' id='word_1_238' title='bbox 1358 2420 1425 2475; x_wconf 83' lang='lat' dir='ltr'><strong>Et</strong></span> <span class='ocrx_word' id='word_1_239' title='bbox 1449 2434 1568 2473; x_wconf 89' lang='lat' dir='ltr'><strong>cum</strong></span> <span class='ocrx_word' id='word_1_240' title='bbox 1593 2418 1703 2489; x_wconf 88' lang='lat' dir='ltr'><strong>jam</strong></span> <span class='ocrx_word' id='word_1_241' title='bbox 1734 2432 1866 2486; x_wconf 90' lang='lat' dir='ltr'><strong>puer</strong></span> <span class='ocrx_word' id='word_1_242' title='bbox 1902 2426 2069 2482; x_wconf 80' lang='lat' dir='ltr'><strong>esset,</strong></span> <span class='ocrx_word' id='word_1_243' title='bbox 2096 2431 2201 2471; x_wconf 91' lang='lat' dir='ltr'><strong>non</strong></span> 
     </span>
    </p>
   </div>
   <div class='ocr_carea' id='block_1_21' title="bbox 616 2507 2204 2587">
    <p class='ocr_par' dir='ltr' id='par_1_21' title="bbox 616 2507 2204 2587">
     <span class='ocr_line' id='line_1_21' title="bbox 616 2507 2204 2587; baseline -0.007 -11"><span class='ocrx_word' id='word_1_244' title='bbox 616 2518 886 2576; x_wconf 84' lang='lat' dir='ltr'><strong>selitteris</strong></span> <span class='ocrx_word' id='word_1_245' title='bbox 934 2515 1134 2572; x_wconf 89' lang='lat' dir='ltr'><strong>erudiri</strong></span> <span class='ocrx_word' id='word_1_246' title='bbox 1162 2515 1283 2587; x_wconf 86' lang='lat'><strong>(7),</strong></span> <span class='ocrx_word' id='word_1_247' title='bbox 1317 2529 1422 2569; x_wconf 88' lang='lat' dir='ltr'><strong>non</strong></span> <span class='ocrx_word' id='word_1_248' title='bbox 1471 2512 1666 2582; x_wconf 89' lang='lat' dir='ltr'><strong>ineptis</strong></span> <span class='ocrx_word' id='word_1_249' title='bbox 1719 2510 2000 2565; x_wconf 77' lang='lat' dir='ltr'><strong>infantium</strong></span> <span class='ocrx_word' id='word_1_250' title='bbox 2050 2507 2204 2580; x_wconf 74' lang='lat' dir='ltr'><strong>jungi</strong></span> 
     </span>
    </p>
   </div>
   <div class='ocr_carea' id='block_1_22' title="bbox 614 2602 2204 2683">
    <p class='ocr_par' dir='ltr' id='par_1_22' title="bbox 614 2602 2204 2683">
     <span class='ocr_line' id='line_1_22' title="bbox 614 2602 2204 2683; baseline -0.006 -17"><span class='ocrx_word' id='word_1_251' title='bbox 614 2625 804 2680; x_wconf 88' lang='lat' dir='ltr'><strong>passus</strong></span> <span class='ocrx_word' id='word_1_252' title='bbox 830 2619 914 2665; x_wconf 89' lang='lat' dir='ltr'><strong>est</strong></span> <span class='ocrx_word' id='word_1_253' title='bbox 953 2608 1186 2673; x_wconf 89' lang='lat' dir='ltr'><strong>fabulis;</strong></span> <span class='ocrx_word' id='word_1_254' title='bbox 1233 2606 1327 2662; x_wconf 89' lang='lat' dir='ltr'><strong>sed</strong></span> <span class='ocrx_word' id='word_1_255' title='bbox 1354 2605 1446 2662; x_wconf 90' lang='lat' dir='ltr'><strong>Dei</strong></span> <span class='ocrx_word' id='word_1_256' title='bbox 1498 2604 1784 2683; x_wconf 33' lang='lat' dir='ltr'><strong>desiderio.</strong></span> <span class='ocrx_word' id='word_1_257' title='bbox 1815 2602 2067 2674; x_wconf 84' lang='lat' dir='ltr'><strong>ﬂagrans,</strong></span> <span class='ocrx_word' id='word_1_258' title='bbox 2118 2616 2204 2658; x_wconf 81' lang='lat' dir='ltr'><strong>se-</strong></span> 
     </span>
    </p>
   </div>
   <div class='ocr_carea' id='block_1_23' title="bbox 618 2695 2204 2772">
    <p class='ocr_par' dir='ltr' id='par_1_23' title="bbox 618 2695 2204 2772">
     <span class='ocr_line' id='line_1_23' title="bbox 618 2695 2204 2772; baseline -0.008 -12"><span class='ocrx_word' id='word_1_259' title='bbox 618 2704 845 2760; x_wconf 90' lang='lat' dir='ltr'><strong>cundum</strong></span> <span class='ocrx_word' id='word_1_260' title='bbox 877 2700 1015 2772; x_wconf 93' lang='lat' dir='ltr'><strong>quod</strong></span> <span class='ocrx_word' id='word_1_261' title='bbox 1064 2700 1320 2768; x_wconf 90' lang='lat' dir='ltr'><strong>scriptum</strong></span> <span class='ocrx_word' id='word_1_262' title='bbox 1371 2705 1454 2752; x_wconf 90' lang='lat' dir='ltr'><strong>est</strong></span> <span class='ocrx_word' id='word_1_263' title='bbox 1481 2695 1639 2765; x_wconf 83' lang='lat' dir='ltr'><strong>(Gen.</strong></span> <span class='ocrx_word' id='word_1_264' title='bbox 1687 2696 1844 2765; x_wconf 82' lang='lat' dir='ltr'><strong>xxv),</strong></span> <span class='ocrx_word' id='word_1_265' title='bbox 1889 2695 2204 2748; x_wconf 88' lang='lat' dir='ltr'><strong>innocenter</strong></span> 
     </span>
    </p>
   </div>
   <div class='ocr_carea' id='block_1_24' title="bbox 617 2788 2205 2863">
    <p class='ocr_par' dir='ltr' id='par_1_24' title="bbox 617 2788 2205 2863">
     <span class='ocr_line' id='line_1_24' title="bbox 617 2788 2205 2863; baseline -0.008 -13"><span class='ocrx_word' id='word_1_266' title='bbox 617 2794 892 2850; x_wconf 89' lang='lat' dir='ltr'><strong>habitabat</strong></span> <span class='ocrx_word' id='word_1_267' title='bbox 920 2791 1063 2847; x_wconf 93' lang='lat' dir='ltr'><strong>domi</strong></span> <span class='ocrx_word' id='word_1_268' title='bbox 1122 2788 1221 2863; x_wconf 88' lang='lat'><strong>(8).</strong></span> <span class='ocrx_word' id='word_1_269' title='bbox 1259 2788 1337 2845; x_wconf 81' lang='lat' dir='ltr'><strong>Ad</strong></span> <span class='ocrx_word' id='word_1_270' title='bbox 1368 2788 1652 2843; x_wconf 81' lang='lat' dir='ltr'><strong>ecclesiam</strong></span> <span class='ocrx_word' id='word_1_271' title='bbox 1682 2800 1895 2856; x_wconf 85' lang='lat' dir='ltr'><strong>quoque</strong></span> <span class='ocrx_word' id='word_1_272' title='bbox 1949 2800 2068 2839; x_wconf 91' lang='lat' dir='ltr'><strong>cum</strong></span> <span class='ocrx_word' id='word_1_273' title='bbox 2111 2799 2205 2854; x_wconf 89' lang='lat' dir='ltr'><strong>pa-</strong></span> 
     </span>
    </p>
   </div>
   <div class='ocr_carea' id='block_1_25' title="bbox 619 2875 2200 2955">
    <p class='ocr_par' dir='ltr' id='par_1_25' title="bbox 619 2875 2200 2955">
     <span class='ocr_line' id='line_1_25' title="bbox 619 2875 2200 2955; baseline -0.009 -11"><span class='ocrx_word' id='word_1_274' title='bbox 619 2887 864 2945; x_wconf 86' lang='lat' dir='ltr'><strong>rentibus</strong></span> <span class='ocrx_word' id='word_1_275' title='bbox 906 2899 1049 2955; x_wconf 83' lang='lat' dir='ltr'><strong>saepe</strong></span> <span class='ocrx_word' id='word_1_276' title='bbox 1094 2883 1446 2945; x_wconf 88' lang='lat' dir='ltr'><strong>conveniens,</strong></span> <span class='ocrx_word' id='word_1_277' title='bbox 1495 2893 1595 2934; x_wconf 90' lang='lat' dir='ltr'><strong>nec</strong></span> <span class='ocrx_word' id='word_1_278' title='bbox 1623 2877 1885 2933; x_wconf 80' lang='lat' dir='ltr'><strong>infantum</strong></span> <span class='ocrx_word' id='word_1_279' title='bbox 1933 2875 2200 2941; x_wconf 86' lang='lat' dir='ltr'><strong>lascivias,</strong></span> 
     </span>
    </p>
   </div>
   <div class='ocr_carea' id='block_1_26' title="bbox 618 2967 2203 3050">
    <p class='ocr_par' dir='ltr' id='par_1_26' title="bbox 618 2967 2203 3050">
     <span class='ocr_line' id='line_1_26' title="bbox 618 2967 2203 3050; baseline -0.01 -13"><span class='ocrx_word' id='word_1_280' title='bbox 618 2994 717 3037; x_wconf 90' lang='lat' dir='ltr'><strong>nec</strong></span> <span class='ocrx_word' id='word_1_281' title='bbox 749 2992 1035 3050; x_wconf 88' lang='lat' dir='ltr'><strong>puerorum</strong></span> <span class='ocrx_word' id='word_1_282' title='bbox 1068 2972 1446 3045; x_wconf 83' lang='lat' dir='ltr'><strong>negligentiam</strong></span> <span class='ocrx_word' id='word_1_283' title='bbox 1479 2970 1784 3027; x_wconf 86' lang='lat' dir='ltr'><strong>sectabatur</strong></span> <span class='ocrx_word' id='word_1_284' title='bbox 1811 2986 1826 3035; x_wconf 90' lang='lat'><strong>;</strong></span> <span class='ocrx_word' id='word_1_285' title='bbox 1858 2967 1955 3023; x_wconf 87' lang='lat' dir='ltr'><strong>sed</strong></span> <span class='ocrx_word' id='word_1_286' title='bbox 1996 2975 2203 3023; x_wconf 90' lang='lat' dir='ltr'><strong>tantttm</strong></span> 
     </span>
    </p>
   </div>
   <div class='ocr_carea' id='block_1_27' title="bbox 622 3062 2201 3141">
    <p class='ocr_par' dir='ltr' id='par_1_27' title="bbox 622 3062 2201 3141">
     <span class='ocr_line' id='line_1_27' title="bbox 622 3062 2201 3141; baseline -0.008 -14"><span class='ocrx_word' id='word_1_287' title='bbox 622 3087 684 3129; x_wconf 89' lang='lat' dir='ltr'><strong>ea</strong></span> <span class='ocrx_word' id='word_1_288' title='bbox 715 3085 833 3141; x_wconf 83' lang='lat' dir='ltr'><strong>quae</strong></span> <span class='ocrx_word' id='word_1_289' title='bbox 862 3066 1176 3138; x_wconf 85' lang='lat' dir='ltr'><strong>legebantur</strong></span> <span class='ocrx_word' id='word_1_290' title='bbox 1222 3063 1551 3129; x_wconf 88' lang='lat' dir='ltr'><strong>auscultans,</strong></span> <span class='ocrx_word' id='word_1_291' title='bbox 1600 3062 1883 3117; x_wconf 90' lang='lat' dir='ltr'><strong>utilitatem</strong></span> <span class='ocrx_word' id='word_1_292' title='bbox 1914 3069 2201 3130; x_wconf 59' lang='lat' dir='ltr'><strong>praecepto-</strong></span> 
     </span>
    </p>
   </div>
   <div class='ocr_carea' id='block_1_28' title="bbox 623 3150 2206 3222">
    <p class='ocr_par' dir='ltr' id='par_1_28' title="bbox 623 3150 2206 3222">
     <span class='ocr_line' id='line_1_28' title="bbox 623 3150 2206 3222; baseline -0.009 -2"><span class='ocrx_word' id='word_1_293' title='bbox 623 3179 740 3220; x_wconf 92' lang='lat' dir='ltr'><strong>rum</strong></span> <span class='ocrx_word' id='word_1_294' title='bbox 772 3162 895 3216; x_wconf 75' lang='lat' dir='ltr'><strong>vitae</strong></span> <span class='ocrx_word' id='word_1_295' title='bbox 925 3158 1265 3214; x_wconf 87' lang='lat' dir='ltr'><strong>institutione</strong></span> <span class='ocrx_word' id='word_1_296' title='bbox 1321 3155 1603 3219; x_wconf 86' lang='lat' dir='ltr'><strong>servabat;</strong></span> <span class='ocrx_word' id='word_1_297' title='bbox 1659 3168 1766 3208; x_wconf 92' lang='lat' dir='ltr'><strong>non</strong></span> <span class='ocrx_word' id='word_1_298' title='bbox 1799 3152 1932 3222; x_wconf 89' lang='lat' dir='ltr'><strong>suis,</strong></span> <span class='ocrx_word' id='word_1_299' title='bbox 1965 3160 2023 3206; x_wconf 90' lang='lat' dir='ltr'><strong>ut</strong></span> <span class='ocrx_word' id='word_1_300' title='bbox 2068 3150 2206 3205; x_wconf 87' lang='lat' dir='ltr'><strong>solet</strong></span> 
     </span>
    </p>
   </div>
   <div class='ocr_carea' id='block_1_29' title="bbox 621 3242 2203 3323">
    <p class='ocr_par' dir='ltr' id='par_1_29' title="bbox 621 3242 2203 3323">
     <span class='ocr_line' id='line_1_29' title="bbox 621 3242 2203 3323; baseline -0.01 -10"><span class='ocrx_word' id='word_1_301' title='bbox 621 3257 714 3314; x_wconf 91' lang='lat' dir='ltr'><strong>illa</strong></span> <span class='ocrx_word' id='word_1_302' title='bbox 744 3263 896 3319; x_wconf 73' lang='lat' dir='ltr'><strong>tetas,</strong></span> <span class='ocrx_word' id='word_1_303' title='bbox 952 3265 1051 3323; x_wconf 87' lang='lat' dir='ltr'><strong>pro</strong></span> <span class='ocrx_word' id='word_1_304' title='bbox 1078 3250 1240 3306; x_wconf 88' lang='lat' dir='ltr'><strong>variis</strong></span> <span class='ocrx_word' id='word_1_305' title='bbox 1270 3256 1324 3303; x_wconf 91' lang='lat' dir='ltr'><strong>et</strong></span> <span class='ocrx_word' id='word_1_306' title='bbox 1350 3247 1594 3303; x_wconf 87' lang='lat' dir='ltr'><strong>delicatis</strong></span> <span class='ocrx_word' id='word_1_307' title='bbox 1618 3245 1754 3300; x_wconf 90' lang='lat' dir='ltr'><strong>cibis</strong></span> <span class='ocrx_word' id='word_1_308' title='bbox 1780 3258 2012 3315; x_wconf 85' lang='lat' dir='ltr'><strong>unquam</strong></span> <span class='ocrx_word' id='word_1_309' title='bbox 2043 3242 2203 3298; x_wconf 61' lang='lat' dir='ltr'><strong>taedio</strong></span> 
     </span>
    </p>
   </div>
   <div class='ocr_carea' id='block_1_30' title="bbox 618 3337 2199 3412">
    <p class='ocr_par' dir='ltr' id='par_1_30' title="bbox 618 3337 2199 3412">
     <span class='ocr_line' id='line_1_30' title="bbox 618 3337 2199 3412; baseline -0.009 -10"><span class='ocrx_word' id='word_1_310' title='bbox 618 3347 752 3412; x_wconf 88' lang='lat' dir='ltr'><strong>fuit;</strong></span> <span class='ocrx_word' id='word_1_311' title='bbox 786 3360 890 3401; x_wconf 93' lang='lat' dir='ltr'><strong>non</strong></span> <span class='ocrx_word' id='word_1_312' title='bbox 922 3357 1060 3399; x_wconf 64' lang='lat' dir='ltr'><strong>escae</strong></span> <span class='ocrx_word' id='word_1_313' title='bbox 1097 3340 1356 3396; x_wconf 89' lang='lat' dir='ltr'><strong>mollioris</strong></span> <span class='ocrx_word' id='word_1_314' title='bbox 1400 3337 1764 3393; x_wconf 89' lang='lat' dir='ltr'><strong>blandimenta</strong></span> <span class='ocrx_word' id='word_1_315' title='bbox 1807 3343 2040 3391; x_wconf 85' lang='lat' dir='ltr'><strong>sectatus</strong></span> <span class='ocrx_word' id='word_1_316' title='bbox 2082 3344 2199 3401; x_wconf 90' lang='lat' dir='ltr'><strong>est;</strong></span> 
     </span>
    </p>
   </div>
   <div class='ocr_carea' id='block_1_31' title="bbox 622 3426 2201 3505">
    <p class='ocr_par' dir='ltr' id='par_1_31' title="bbox 622 3426 2201 3505">
     <span class='ocr_line' id='line_1_31' title="bbox 622 3426 2201 3505; baseline -0.006 -13"><span class='ocrx_word' id='word_1_317' title='bbox 622 3437 708 3492; x_wconf 89' lang='lat' dir='ltr'><strong>his</strong></span> <span class='ocrx_word' id='word_1_318' title='bbox 736 3437 907 3491; x_wconf 87' lang='lat' dir='ltr'><strong>solum</strong></span> <span class='ocrx_word' id='word_1_319' title='bbox 956 3447 1076 3505; x_wconf 77' lang='lat' dir='ltr'><strong>qua:</strong></span> <span class='ocrx_word' id='word_1_320' title='bbox 1118 3431 1383 3487; x_wconf 90' lang='lat' dir='ltr'><strong>dabantur</strong></span> <span class='ocrx_word' id='word_1_321' title='bbox 1430 3438 1736 3495; x_wconf 86' lang='lat' dir='ltr'><strong>contentus,</strong></span> <span class='ocrx_word' id='word_1_322' title='bbox 1788 3426 1924 3482; x_wconf 91' lang='lat' dir='ltr'><strong>nihil</strong></span> <span class='ocrx_word' id='word_1_323' title='bbox 1969 3426 2201 3497; x_wconf 87' lang='lat' dir='ltr'><strong>amplius</strong></span> 
     </span>
    </p>
   </div>
   <div class='ocr_carea' id='block_1_32' title="bbox 617 3534 924 3602">
    <p class='ocr_par' dir='ltr' id='par_1_32' title="bbox 617 3534 924 3602">
     <span class='ocr_line' id='line_1_32' title="bbox 617 3534 924 3602; baseline -0.016 -11"><span class='ocrx_word' id='word_1_324' title='bbox 617 3534 924 3602; x_wconf 86' lang='lat' dir='ltr'><strong>requisivit.</strong></span> 
     </span>
    </p>
   </div>
   <div class='ocr_carea' id='block_1_33' title="bbox 686 3642 2202 3706">
    <p class='ocr_par' dir='ltr' id='par_1_33' title="bbox 686 3642 2202 3706">
     <span class='ocr_line' id='line_1_33' title="bbox 686 3642 2202 3706; baseline -0.009 -4"><span class='ocrx_word' id='word_1_325' title='bbox 686 3644 923 3703; x_wconf 58' lang='lat' dir='ltr'><strong>Cxpull.</strong></span> <span class='ocrx_word' id='word_1_326' title='bbox 966 3674 1037 3686; x_wconf 92' lang='lat'><strong>—</strong></span> <span class='ocrx_word' id='word_1_327' title='bbox 1072 3642 1200 3699; x_wconf 90' lang='lat' dir='ltr'><strong>Post</strong></span> <span class='ocrx_word' id='word_1_328' title='bbox 1220 3646 1446 3696; x_wconf 83' lang='lat' dir='ltr'><strong>mortem</strong></span> <span class='ocrx_word' id='word_1_329' title='bbox 1478 3645 1655 3693; x_wconf 89' lang='lat' dir='ltr'><strong>autem</strong></span> <span class='ocrx_word' id='word_1_330' title='bbox 1686 3643 1988 3706; x_wconf 89' lang='lat' dir='ltr'><strong>parentum,</strong></span> <span class='ocrx_word' id='word_1_331' title='bbox 2032 3647 2202 3689; x_wconf 85' lang='lat' dir='ltr'><strong>anno-</strong></span> 
     </span>
    </p>
   </div>
   <div class='ocr_carea' id='block_1_34' title="bbox 618 3729 2203 3801">
    <p class='ocr_par' dir='ltr' id='par_1_34' title="bbox 618 3729 2203 3801">
     <span class='ocr_line' id='line_1_34' title="bbox 618 3729 2203 3801; baseline -0.007 -7"><span class='ocrx_word' id='word_1_332' title='bbox 618 3753 736 3795; x_wconf 89' lang='lat' dir='ltr'><strong>rum</strong></span> <span class='ocrx_word' id='word_1_333' title='bbox 764 3738 980 3793; x_wconf 89' lang='lat' dir='ltr'><strong>circiter</strong></span> <span class='ocrx_word' id='word_1_334' title='bbox 1009 3735 1193 3791; x_wconf 88' lang='lat' dir='ltr'><strong>decem</strong></span> <span class='ocrx_word' id='word_1_335' title='bbox 1223 3742 1278 3789; x_wconf 90' lang='lat' dir='ltr'><strong>et</strong></span> <span class='ocrx_word' id='word_1_336' title='bbox 1319 3743 1443 3788; x_wconf 90' lang='lat' dir='ltr'><strong>octo</strong></span> <span class='ocrx_word' id='word_1_337' title='bbox 1468 3744 1563 3787; x_wconf 89' lang='lat' dir='ltr'><strong>seu</strong></span> <span class='ocrx_word' id='word_1_338' title='bbox 1590 3729 1795 3801; x_wconf 89' lang='lat' dir='ltr'><strong>viginti,</strong></span> <span class='ocrx_word' id='word_1_339' title='bbox 1844 3743 1965 3784; x_wconf 90' lang='lat' dir='ltr'><strong>cum</strong></span> <span class='ocrx_word' id='word_1_340' title='bbox 2014 3741 2203 3783; x_wconf 88' lang='lat' dir='ltr'><strong>sorore</strong></span> 
     </span>
    </p>
   </div>
   <div class='ocr_carea' id='block_1_35' title="bbox 618 3818 2203 3899">
    <p class='ocr_par' dir='ltr' id='par_1_35' title="bbox 618 3818 2203 3899">
     <span class='ocr_line' id='line_1_35' title="bbox 618 3818 2203 3899; baseline -0.009 -11"><span class='ocrx_word' id='word_1_341' title='bbox 618 3831 911 3887; x_wconf 89' lang='lat' dir='ltr'><strong>admodum</strong></span> <span class='ocrx_word' id='word_1_342' title='bbox 963 3827 1182 3899; x_wconf 88' lang='lat' dir='ltr'><strong>parvula</strong></span> <span class='ocrx_word' id='word_1_343' title='bbox 1212 3824 1520 3889; x_wconf 87' lang='lat' dir='ltr'><strong>derelictus,</strong></span> <span class='ocrx_word' id='word_1_344' title='bbox 1568 3830 1622 3877; x_wconf 92' lang='lat' dir='ltr'><strong>et</strong></span> <span class='ocrx_word' id='word_1_345' title='bbox 1672 3820 1863 3876; x_wconf 92' lang='lat' dir='ltr'><strong>domus</strong></span> <span class='ocrx_word' id='word_1_346' title='bbox 1895 3828 1949 3877; x_wconf 90' lang='lat' dir='ltr'><strong>et</strong></span> <span class='ocrx_word' id='word_1_347' title='bbox 2001 3818 2203 3875; x_wconf 87' lang='lat' dir='ltr'><strong>sororis</strong></span> 
     </span>
    </p>
   </div>
   <div class='ocr_carea' id='block_1_36' title="bbox 619 3910 2203 3989">
    <p class='ocr_par' dir='ltr' id='par_1_36' title="bbox 619 3910 2203 3989">
     <span class='ocr_line' id='line_1_36' title="bbox 619 3910 2203 3989; baseline -0.009 -10"><span class='ocrx_word' id='word_1_348' title='bbox 619 3924 900 3979; x_wconf 84' lang='lat' dir='ltr'><strong>honestam</strong></span> <span class='ocrx_word' id='word_1_349' title='bbox 929 3934 1111 3975; x_wconf 90' lang='lat' dir='ltr'><strong>curam</strong></span> <span class='ocrx_word' id='word_1_350' title='bbox 1136 3916 1374 3989; x_wconf 81' lang='lat' dir='ltr'><strong>gerebat.</strong></span> <span class='ocrx_word' id='word_1_351' title='bbox 1403 3913 1638 3971; x_wconf 84' lang='lat' dir='ltr'><strong>Necdum</strong></span> <span class='ocrx_word' id='word_1_352' title='bbox 1667 3925 1796 3967; x_wconf 87' lang='lat' dir='ltr'><strong>vero</strong></span> <span class='ocrx_word' id='word_1_353' title='bbox 1824 3926 1917 3966; x_wconf 88' lang='lat' dir='ltr'><strong>sex</strong></span> <span class='ocrx_word' id='word_1_354' title='bbox 1940 3910 2203 3965; x_wconf 82' lang='lat' dir='ltr'><strong>tinxerant</strong></span> 
     </span>
    </p>
   </div>
   <div class='ocr_carea' id='block_1_37' title="bbox 618 4002 2197 4081">
    <p class='ocr_par' dir='ltr' id='par_1_37' title="bbox 618 4002 2197 4081">
     <span class='ocr_line' id='line_1_37' title="bbox 618 4002 2197 4081; baseline -0.008 -12"><span class='ocrx_word' id='word_1_355' title='bbox 618 4026 852 4078; x_wconf 87' lang='lat' dir='ltr'><strong>menses,</strong></span> <span class='ocrx_word' id='word_1_356' title='bbox 883 4011 1072 4081; x_wconf 89' lang='lat' dir='ltr'><strong>quibus</strong></span> <span class='ocrx_word' id='word_1_357' title='bbox 1100 4010 1165 4062; x_wconf 91' lang='lat' dir='ltr'><strong>ad</strong></span> <span class='ocrx_word' id='word_1_358' title='bbox 1196 4007 1477 4063; x_wconf 88' lang='lat' dir='ltr'><strong>ecclesiam</strong></span> <span class='ocrx_word' id='word_1_359' title='bbox 1508 4006 1590 4077; x_wconf 93' lang='lat' dir='ltr'><strong>(ut</strong></span> <span class='ocrx_word' id='word_1_360' title='bbox 1630 4002 1858 4075; x_wconf 87' lang='lat' dir='ltr'><strong>solebat)</strong></span> <span class='ocrx_word' id='word_1_361' title='bbox 1888 4017 2197 4069; x_wconf 87' lang='lat' dir='ltr'><strong>accurrens,</strong></span> 
     </span>
    </p>
   </div>
   <div class='ocr_carea' id='block_1_38' title="bbox 617 4092 2199 4173">
    <p class='ocr_par' dir='ltr' id='par_1_38' title="bbox 617 4092 2199 4173">
     <span class='ocr_line' id='line_1_38' title="bbox 617 4092 2199 4173; baseline -0.008 -11"><span class='ocrx_word' id='word_1_362' title='bbox 617 4104 1006 4162; x_wconf 87' lang='lat' dir='ltr'><strong>recordabatur</strong></span> <span class='ocrx_word' id='word_1_363' title='bbox 1033 4102 1302 4173; x_wconf 90' lang='lat' dir='ltr'><strong>quomodo</strong></span> <span class='ocrx_word' id='word_1_364' title='bbox 1330 4110 1385 4156; x_wconf 90' lang='lat' dir='ltr'><strong>et</strong></span> <span class='ocrx_word' id='word_1_365' title='bbox 1429 4097 1679 4168; x_wconf 91' lang='lat' dir='ltr'><strong>apostoli,</strong></span> <span class='ocrx_word' id='word_1_366' title='bbox 1708 4096 1958 4152; x_wconf 89' lang='lat' dir='ltr'><strong>omnibus</strong></span> <span class='ocrx_word' id='word_1_367' title='bbox 1981 4092 2199 4162; x_wconf 84' lang='lat' dir='ltr'><strong>spretis,</strong></span> 
     </span>
    </p>
   </div>
   <div class='ocr_carea' id='block_1_39' title="bbox 616 4186 2203 4262">
    <p class='ocr_par' dir='ltr' id='par_1_39' title="bbox 616 4186 2203 4262">
     <span class='ocr_line' id='line_1_39' title="bbox 616 4186 2203 4262; baseline -0.008 -8"><span class='ocrx_word' id='word_1_368' title='bbox 616 4198 784 4254; x_wconf 86' lang='lat' dir='ltr'><strong>secuti</strong></span> <span class='ocrx_word' id='word_1_369' title='bbox 815 4194 1397 4252; x_wconf 83' lang='lat' dir='ltr'><strong>fuissentSalvatorem</strong></span> <span class='ocrx_word' id='word_1_370' title='bbox 1426 4187 1747 4262; x_wconf 80' lang='lat' dir='ltr'><strong>(Matth.~x)</strong></span> <span class='ocrx_word' id='word_1_371' title='bbox 1778 4206 1791 4241; x_wconf 92' lang='lat'><strong>:</strong></span> <span class='ocrx_word' id='word_1_372' title='bbox 1841 4196 1895 4243; x_wconf 91' lang='lat' dir='ltr'><strong>et</strong></span> <span class='ocrx_word' id='word_1_373' title='bbox 1924 4186 2096 4252; x_wconf 92' lang='lat' dir='ltr'><strong>multi,</strong></span> <span class='ocrx_word' id='word_1_374' title='bbox 2142 4194 2203 4241; x_wconf 89' lang='lat' dir='ltr'><strong>ut</strong></span> 
     </span>
    </p>
   </div>
   <div class='ocr_carea' id='block_1_40' title="bbox 616 4276 2201 4359">
    <p class='ocr_par' dir='ltr' id='par_1_40' title="bbox 616 4276 2201 4359">
     <span class='ocr_line' id='line_1_40' title="bbox 616 4276 2201 4359; baseline -0.01 -12"><span class='ocrx_word' id='word_1_375' title='bbox 616 4289 811 4359; x_wconf 83' lang='lat' dir='ltr'><strong>legitur</strong></span> <span class='ocrx_word' id='word_1_376' title='bbox 835 4289 889 4343; x_wconf 91' lang='lat' dir='ltr'><strong>in</strong></span> <span class='ocrx_word' id='word_1_377' title='bbox 920 4286 1065 4342; x_wconf 83' lang='lat' dir='ltr'><strong>Actis</strong></span> <span class='ocrx_word' id='word_1_378' title='bbox 1091 4284 1455 4355; x_wconf 90' lang='lat' dir='ltr'><strong>apostolorum</strong></span> <span class='ocrx_word' id='word_1_379' title='bbox 1486 4282 1683 4353; x_wconf 81' lang='lat' dir='ltr'><strong>(Actor.</strong></span> <span class='ocrx_word' id='word_1_380' title='bbox 1720 4279 1822 4350; x_wconf 82' lang='lat' dir='ltr'><strong>tv),</strong></span> <span class='ocrx_word' id='word_1_381' title='bbox 1864 4276 2201 4334; x_wconf 71' lang='lat' dir='ltr'><strong>faculmtibus</strong></span> 
     </span>
    </p>
   </div>
   <div class='ocr_carea' id='block_1_41' title="bbox 616 4374 2203 4451">
    <p class='ocr_par' dir='ltr' id='par_1_41' title="bbox 616 4374 2203 4451">
     <span class='ocr_line' id='line_1_41' title="bbox 616 4374 2203 4451; baseline -0.006 -13"><span class='ocrx_word' id='word_1_382' title='bbox 616 4383 726 4439; x_wconf 87' lang='lat' dir='ltr'><strong>suis</strong></span> <span class='ocrx_word' id='word_1_383' title='bbox 771 4381 1000 4438; x_wconf 89' lang='lat' dir='ltr'><strong>venditis</strong></span> <span class='ocrx_word' id='word_1_384' title='bbox 1029 4421 1045 4448; x_wconf 97' lang='lat'><strong>,</strong></span> <span class='ocrx_word' id='word_1_385' title='bbox 1102 4380 1271 4451; x_wconf 92' lang='lat' dir='ltr'><strong>pretia</strong></span> <span class='ocrx_word' id='word_1_386' title='bbox 1322 4378 1389 4434; x_wconf 89' lang='lat' dir='ltr'><strong>ad</strong></span> <span class='ocrx_word' id='word_1_387' title='bbox 1445 4377 1608 4449; x_wconf 89' lang='lat' dir='ltr'><strong>pedes</strong></span> <span class='ocrx_word' id='word_1_388' title='bbox 1650 4390 1834 4431; x_wconf 91' lang='lat' dir='ltr'><strong>eorum</strong></span> <span class='ocrx_word' id='word_1_389' title='bbox 1883 4374 2203 4431; x_wconf 89' lang='lat' dir='ltr'><strong>detulissent</strong></span> 
     </span>
    </p>
   </div>
   <div class='ocr_carea' id='block_1_42' title="bbox 618 4464 2199 4546">
    <p class='ocr_par' dir='ltr' id='par_1_42' title="bbox 618 4464 2199 4546">
     <span class='ocr_line' id='line_1_42' title="bbox 618 4464 2199 4546; baseline -0.006 -16"><span class='ocrx_word' id='word_1_390' title='bbox 618 4474 904 4546; x_wconf 86' lang='lat' dir='ltr'><strong>egentibus</strong></span> <span class='ocrx_word' id='word_1_391' title='bbox 932 4472 1230 4543; x_wconf 89' lang='lat' dir='ltr'><strong>partienda,</strong></span> <span class='ocrx_word' id='word_1_392' title='bbox 1278 4485 1465 4542; x_wconf 77' lang='lat' dir='ltr'><strong>qumve</strong></span> <span class='ocrx_word' id='word_1_393' title='bbox 1506 4477 1598 4525; x_wconf 88' lang='lat' dir='ltr'><strong>aut</strong></span> <span class='ocrx_word' id='word_1_394' title='bbox 1625 4476 1821 4537; x_wconf 90' lang='lat' dir='ltr'><strong>quanta</strong></span> <span class='ocrx_word' id='word_1_395' title='bbox 1861 4480 1984 4537; x_wconf 88' lang='lat' dir='ltr'><strong>spes</strong></span> <span class='ocrx_word' id='word_1_396' title='bbox 2010 4464 2199 4521; x_wconf 88' lang='lat' dir='ltr'><strong>iisdem</strong></span> 
     </span>
    </p>
   </div>
   <div class='ocr_carea' id='block_1_43' title="bbox 617 4556 2204 4637">
    <p class='ocr_par' dir='ltr' id='par_1_43' title="bbox 617 4556 2204 4637">
     <span class='ocr_line' id='line_1_43' title="bbox 617 4556 2204 4637; baseline -0.008 -15"><span class='ocrx_word' id='word_1_397' title='bbox 617 4566 854 4637; x_wconf 83' lang='lat' dir='ltr'><strong>reposita</strong></span> <span class='ocrx_word' id='word_1_398' title='bbox 877 4573 1021 4623; x_wconf 83' lang='lat' dir='ltr'><strong>esset</strong></span> <span class='ocrx_word' id='word_1_399' title='bbox 1048 4563 1101 4619; x_wconf 88' lang='lat' dir='ltr'><strong>in</strong></span> <span class='ocrx_word' id='word_1_400' title='bbox 1127 4563 1279 4620; x_wconf 70' lang='lat' dir='ltr'><strong>caelis</strong></span> <span class='ocrx_word' id='word_1_401' title='bbox 1306 4561 1526 4634; x_wconf 75' lang='lat' dir='ltr'><strong>(Coloss.</strong></span> <span class='ocrx_word' id='word_1_402' title='bbox 1580 4562 1641 4633; x_wconf 89' lang='grc' dir='ltr'><strong>ι).</strong></span> <span class='ocrx_word' id='word_1_403' title='bbox 1674 4556 1826 4614; x_wconf 88' lang='lat' dir='ltr'><strong>Talia</strong></span> <span class='ocrx_word' id='word_1_404' title='bbox 1856 4572 2036 4614; x_wconf 92' lang='lat' dir='ltr'><strong>secum</strong></span> <span class='ocrx_word' id='word_1_405' title='bbox 2089 4556 2204 4611; x_wconf 84' lang='lat' dir='ltr'><strong>vol-</strong></span> 
     </span>
    </p>
   </div>
   <div class='ocr_carea' id='block_1_44' title="bbox 621 4655 2203 4725">
    <p class='ocr_par' dir='ltr' id='par_1_44' title="bbox 621 4655 2203 4725">
     <span class='ocr_line' id='line_1_44' title="bbox 621 4655 2203 4725; baseline -0.004 -10"><span class='ocrx_word' id='word_1_406' title='bbox 621 4675 775 4725; x_wconf 88' lang='lat' dir='ltr'><strong>vens,</strong></span> <span class='ocrx_word' id='word_1_407' title='bbox 805 4660 1019 4715; x_wconf 87' lang='lat' dir='ltr'><strong>intravit</strong></span> <span class='ocrx_word' id='word_1_408' title='bbox 1048 4658 1353 4723; x_wconf 88' lang='lat' dir='ltr'><strong>ecclesiam,</strong></span> <span class='ocrx_word' id='word_1_409' title='bbox 1405 4668 1459 4713; x_wconf 87' lang='lat' dir='ltr'><strong>et</strong></span> <span class='ocrx_word' id='word_1_410' title='bbox 1496 4655 1690 4711; x_wconf 90' lang='lat' dir='ltr'><strong>accidit</strong></span> <span class='ocrx_word' id='word_1_411' title='bbox 1718 4663 1776 4709; x_wconf 91' lang='lat' dir='ltr'><strong>ut</strong></span> <span class='ocrx_word' id='word_1_412' title='bbox 1806 4662 1934 4710; x_wconf 88' lang='lat' dir='ltr'><strong>tunc</strong></span> <span class='ocrx_word' id='word_1_413' title='bbox 1974 4666 2203 4723; x_wconf 62' lang='lat' dir='ltr'><strong>evangec</strong></span> 
     </span>
    </p>
   </div>
   <div class='ocr_carea' id='block_1_45' title="bbox 618 4744 2198 4823">
    <p class='ocr_par' dir='ltr' id='par_1_45' title="bbox 618 4744 2198 4823">
     <span class='ocr_line' id='line_1_45' title="bbox 618 4744 2198 4823; baseline -0.007 -14"><span class='ocrx_word' id='word_1_414' title='bbox 618 4753 747 4809; x_wconf 91' lang='lat' dir='ltr'><strong>lium</strong></span> <span class='ocrx_word' id='word_1_415' title='bbox 779 4750 1048 4820; x_wconf 80' lang='lat' dir='ltr'><strong>legeretur</strong></span> <span class='ocrx_word' id='word_1_416' title='bbox 1074 4749 1176 4823; x_wconf 90' lang='lat'><strong>(9),</strong></span> <span class='ocrx_word' id='word_1_417' title='bbox 1198 4751 1251 4804; x_wconf 91' lang='lat' dir='ltr'><strong>in</strong></span> <span class='ocrx_word' id='word_1_418' title='bbox 1278 4763 1383 4820; x_wconf 92' lang='lat' dir='ltr'><strong>quo</strong></span> <span class='ocrx_word' id='word_1_419' title='bbox 1408 4749 1663 4804; x_wconf 87' lang='lat' dir='ltr'><strong>Dominus</strong></span> <span class='ocrx_word' id='word_1_420' title='bbox 1689 4746 1818 4802; x_wconf 89' lang='lat' dir='ltr'><strong>dicit</strong></span> <span class='ocrx_word' id='word_1_421' title='bbox 1848 4746 1914 4801; x_wconf 92' lang='lat' dir='ltr'><strong>ad</strong></span> <span class='ocrx_word' id='word_1_422' title='bbox 1938 4744 2157 4800; x_wconf 88' lang='lat' dir='ltr'><strong>divitem</strong></span> <span class='ocrx_word' id='word_1_423' title='bbox 2184 4761 2198 4798; x_wconf 91' lang='lat'><strong>:</strong></span> 
     </span>
    </p>
   </div>
   <div class='ocr_carea' id='block_1_46' title="bbox 617 4840 2202 4912">
    <p class='ocr_par' dir='ltr' id='par_1_46' title="bbox 617 4840 2202 4912">
     <span class='ocr_line' id='line_1_46' title="bbox 617 4840 2202 4912; baseline -0.006 -10"><span class='ocrx_word' id='word_1_424' title='bbox 617 4844 674 4902; x_wconf 84' lang='lat' dir='ltr'><strong>Si</strong></span> <span class='ocrx_word' id='word_1_425' title='bbox 698 4846 779 4899; x_wconf 89' lang='lat' dir='ltr'><strong>vis</strong></span> <span class='ocrx_word' id='word_1_426' title='bbox 811 4842 1079 4912; x_wconf 80' lang='lat' dir='ltr'><strong>perfectus</strong></span> <span class='ocrx_word' id='word_1_427' title='bbox 1101 4855 1238 4907; x_wconf 88' lang='lat' dir='ltr'><strong>esse,</strong></span> <span class='ocrx_word' id='word_1_428' title='bbox 1266 4842 1425 4904; x_wconf 88' lang='lat' dir='ltr'><strong>vade,</strong></span> <span class='ocrx_word' id='word_1_429' title='bbox 1445 4840 1619 4897; x_wconf 90' lang='lat' dir='ltr'><strong>vende</strong></span> <span class='ocrx_word' id='word_1_430' title='bbox 1634 4841 1810 4895; x_wconf 87' lang='lat' dir='ltr'><strong>omnia</strong></span> <span class='ocrx_word' id='word_1_431' title='bbox 1839 4848 1927 4895; x_wconf 91' lang='lat' dir='ltr'><strong>tua</strong></span> <span class='ocrx_word' id='word_1_432' title='bbox 1949 4852 2202 4910; x_wconf 62' lang='lat' dir='ltr'><strong>quaecun-</strong></span> 
     </span>
    </p>
   </div>
   <div class='ocr_carea' id='block_1_47' title="bbox 2306 2236 2700 2293">
    <p class='ocr_par' dir='ltr' id='par_1_47' title="bbox 2306 2236 2700 2293">
     <span class='ocr_line' id='line_1_47' title="bbox 2306 2236 2700 2293; baseline -0.003 -2"><span class='ocrx_word' id='word_1_433' title='bbox 2306 2245 2393 2293; x_wconf 91' lang='lat' dir='ltr'><strong>tur</strong></span> <span class='ocrx_word' id='word_1_434' title='bbox 2418 2236 2700 2292; x_wconf 88' lang='lat' dir='ltr'><strong>infirmior.</strong></span> 
     </span>
    </p>
   </div>
   <div class='ocr_carea' id='block_1_48' title="bbox 2377 2328 3887 2403">
    <p class='ocr_par' dir='ltr' id='par_1_48' title="bbox 2377 2328 3887 2403">
     <span class='ocr_line' id='line_1_48' title="bbox 2377 2328 3887 2403; baseline 0.005 -18"><span class='ocrx_word' id='word_1_435' title='bbox 2377 2331 2509 2385; x_wconf 77' lang='lat' dir='ltr'><strong>CAP.</strong></span> <span class='ocrx_word' id='word_1_436' title='bbox 2551 2329 2637 2385; x_wconf 89' lang='lat' dir='ltr'><strong>Ill.</strong></span> <span class='ocrx_word' id='word_1_437' title='bbox 2682 2359 2748 2372; x_wconf 64' lang='grc' dir='ltr'><strong>η-</strong></span> <span class='ocrx_word' id='word_1_438' title='bbox 2789 2328 2993 2384; x_wconf 80' lang='lat' dir='ltr'><strong>Rursus</strong></span> <span class='ocrx_word' id='word_1_439' title='bbox 3029 2337 3207 2386; x_wconf 91' lang='lat' dir='ltr'><strong>autem</strong></span> <span class='ocrx_word' id='word_1_440' title='bbox 3259 2332 3539 2387; x_wconf 88' lang='lat' dir='ltr'><strong>ecclesiam</strong></span> <span class='ocrx_word' id='word_1_441' title='bbox 3586 2332 3887 2403; x_wconf 86' lang='lat' dir='ltr'><strong>ingressus,</strong></span> 
     </span>
    </p>
   </div>
   <div class='ocr_carea' id='block_1_49' title="bbox 2305 2420 3891 2493">
    <p class='ocr_par' dir='ltr' id='par_1_49' title="bbox 2305 2420 3891 2493">
     <span class='ocr_line' id='line_1_49' title="bbox 2305 2420 3891 2493; baseline 0.004 -16"><span class='ocrx_word' id='word_1_442' title='bbox 2305 2435 2426 2477; x_wconf 91' lang='lat' dir='ltr'><strong>cum</strong></span> <span class='ocrx_word' id='word_1_443' title='bbox 2455 2420 2691 2477; x_wconf 89' lang='lat' dir='ltr'><strong>audisset</strong></span> <span class='ocrx_word' id='word_1_444' title='bbox 2717 2420 3001 2476; x_wconf 88' lang='lat' dir='ltr'><strong>Dominum</strong></span> <span class='ocrx_word' id='word_1_445' title='bbox 3031 2422 3084 2477; x_wconf 91' lang='lat' dir='ltr'><strong>in</strong></span> <span class='ocrx_word' id='word_1_446' title='bbox 3104 2421 3397 2493; x_wconf 88' lang='lat' dir='ltr'><strong>Evangello</strong></span> <span class='ocrx_word' id='word_1_447' title='bbox 3426 2424 3690 2482; x_wconf 89' lang='lat' dir='ltr'><strong>dicentem</strong></span> <span class='ocrx_word' id='word_1_448' title='bbox 3724 2444 3740 2481; x_wconf 87' lang='lat'><strong>:</strong></span> <span class='ocrx_word' id='word_1_449' title='bbox 3780 2427 3891 2484; x_wconf 80' lang='lat' dir='ltr'><strong>No-</strong></span> 
     </span>
    </p>
   </div>
   <div class='ocr_carea' id='block_1_50' title="bbox 2306 2511 3890 2589">
    <p class='ocr_par' dir='ltr' id='par_1_50' title="bbox 2306 2511 3890 2589">
     <span class='ocr_line' id='line_1_50' title="bbox 2306 2511 3890 2589; baseline 0.003 -20"><span class='ocrx_word' id='word_1_450' title='bbox 2306 2511 2398 2569; x_wconf 90' lang='lat' dir='ltr'><strong>lite</strong></span> <span class='ocrx_word' id='word_1_451' title='bbox 2421 2512 2660 2583; x_wconf 86' lang='lat' dir='ltr'><strong>cogitare</strong></span> <span class='ocrx_word' id='word_1_452' title='bbox 2690 2512 2757 2568; x_wconf 89' lang='lat' dir='ltr'><strong>de</strong></span> <span class='ocrx_word' id='word_1_453' title='bbox 2783 2514 3019 2568; x_wconf 87' lang='lat' dir='ltr'><strong>crastino</strong></span> <span class='ocrx_word' id='word_1_454' title='bbox 3059 2512 3275 2584; x_wconf 80' lang='lat' dir='ltr'><strong>(Matth.</strong></span> <span class='ocrx_word' id='word_1_455' title='bbox 3316 2514 3416 2586; x_wconf 84' lang='lat' dir='ltr'><strong>vt),</strong></span> <span class='ocrx_word' id='word_1_456' title='bbox 3447 2515 3703 2587; x_wconf 89' lang='lat' dir='ltr'><strong>reliquam</strong></span> <span class='ocrx_word' id='word_1_457' title='bbox 3753 2533 3890 2589; x_wconf 88' lang='lat' dir='ltr'><strong>quo-</strong></span> 
     </span>
    </p>
   </div>
   <div class='ocr_carea' id='block_1_51' title="bbox 2305 2604 3890 2677">
    <p class='ocr_par' dir='ltr' id='par_1_51' title="bbox 2305 2604 3890 2677">
     <span class='ocr_line' id='line_1_51' title="bbox 2305 2604 3890 2677; baseline 0.004 -20"><span class='ocrx_word' id='word_1_458' title='bbox 2305 2618 2408 2675; x_wconf 91' lang='lat' dir='ltr'><strong>que</strong></span> <span class='ocrx_word' id='word_1_459' title='bbox 2454 2605 2754 2674; x_wconf 88' lang='lat' dir='ltr'><strong>portionem</strong></span> <span class='ocrx_word' id='word_1_460' title='bbox 2786 2604 3109 2673; x_wconf 88' lang='lat' dir='ltr'><strong>pauperibus</strong></span> <span class='ocrx_word' id='word_1_461' title='bbox 3129 2605 3428 2673; x_wconf 87' lang='lat' dir='ltr'><strong>distribuit;</strong></span> <span class='ocrx_word' id='word_1_462' title='bbox 3480 2622 3650 2677; x_wconf 90' lang='lat' dir='ltr'><strong>neque</strong></span> <span class='ocrx_word' id='word_1_463' title='bbox 3677 2622 3737 2663; x_wconf 90' lang='lat' dir='ltr'><strong>se</strong></span> <span class='ocrx_word' id='word_1_464' title='bbox 3767 2624 3890 2664; x_wconf 85' lang='lat' dir='ltr'><strong>ver-</strong></span> 
     </span>
    </p>
   </div>
   <div class='ocr_carea' id='block_1_52' title="bbox 2305 2692 3890 2763">
    <p class='ocr_par' dir='ltr' id='par_1_52' title="bbox 2305 2692 3890 2763">
     <span class='ocr_line' id='line_1_52' title="bbox 2305 2692 3890 2763; baseline 0.005 -16"><span class='ocrx_word' id='word_1_465' title='bbox 2305 2692 2409 2748; x_wconf 83' lang='lat' dir='ltr'><strong>sari</strong></span> <span class='ocrx_word' id='word_1_466' title='bbox 2443 2709 2629 2763; x_wconf 85' lang='lat' dir='ltr'><strong>passus</strong></span> <span class='ocrx_word' id='word_1_467' title='bbox 2677 2702 2760 2749; x_wconf 88' lang='lat' dir='ltr'><strong>est</strong></span> <span class='ocrx_word' id='word_1_468' title='bbox 2781 2693 2950 2759; x_wconf 91' lang='lat' dir='ltr'><strong>domi,</strong></span> <span class='ocrx_word' id='word_1_469' title='bbox 2999 2696 3094 2751; x_wconf 89' lang='lat' dir='ltr'><strong>sed</strong></span> <span class='ocrx_word' id='word_1_470' title='bbox 3140 2711 3326 2752; x_wconf 90' lang='lat' dir='ltr'><strong>sorore</strong></span> <span class='ocrx_word' id='word_1_471' title='bbox 3366 2696 3607 2753; x_wconf 88' lang='lat' dir='ltr'><strong>fidelibus</strong></span> <span class='ocrx_word' id='word_1_472' title='bbox 3650 2714 3714 2754; x_wconf 89' lang='lat' dir='ltr'><strong>ac</strong></span> <span class='ocrx_word' id='word_1_473' title='bbox 3743 2702 3890 2756; x_wconf 86' lang='lat' dir='ltr'><strong>notis</strong></span> 
     </span>
    </p>
   </div>
   <div class='ocr_carea' id='block_1_53' title="bbox 2305 2786 3884 2863">
    <p class='ocr_par' dir='ltr' id='par_1_53' title="bbox 2305 2786 3884 2863">
     <span class='ocr_line' id='line_1_53' title="bbox 2305 2786 3884 2863; baseline 0.005 -23"><span class='ocrx_word' id='word_1_474' title='bbox 2305 2786 2598 2856; x_wconf 90' lang='lat' dir='ltr'><strong>virginibus</strong></span> <span class='ocrx_word' id='word_1_475' title='bbox 2620 2788 3008 2851; x_wconf 88' lang='lat' dir='ltr'><strong>commendata,</strong></span> <span class='ocrx_word' id='word_1_476' title='bbox 3032 2796 3286 2846; x_wconf 88' lang='lat' dir='ltr'><strong>utearum</strong></span> <span class='ocrx_word' id='word_1_477' title='bbox 3306 2790 3596 2847; x_wconf 89' lang='lat' dir='ltr'><strong>nutriretur</strong></span> <span class='ocrx_word' id='word_1_478' title='bbox 3610 2793 3884 2863; x_wconf 86' lang='lat' dir='ltr'><strong>exemplo,</strong></span> 
     </span>
    </p>
   </div>
   <div class='ocr_carea' id='block_1_54' title="bbox 2306 2881 3887 2955">
    <p class='ocr_par' dir='ltr' id='par_1_54' title="bbox 2306 2881 3887 2955">
     <span class='ocr_line' id='line_1_54' title="bbox 2306 2881 3887 2955; baseline 0.002 -16"><span class='ocrx_word' id='word_1_479' title='bbox 2306 2883 2422 2953; x_wconf 88' lang='lat' dir='ltr'><strong>ipse</strong></span> <span class='ocrx_word' id='word_1_480' title='bbox 2438 2881 2548 2952; x_wconf 91' lang='lat' dir='ltr'><strong>jam</strong></span> <span class='ocrx_word' id='word_1_481' title='bbox 2571 2881 2819 2938; x_wconf 88' lang='lat' dir='ltr'><strong>omnibus</strong></span> <span class='ocrx_word' id='word_1_482' title='bbox 2849 2883 3030 2938; x_wconf 69' lang='lat' dir='ltr'><strong>saeculi</strong></span> <span class='ocrx_word' id='word_1_483' title='bbox 3060 2884 3287 2939; x_wconf 90' lang='lat' dir='ltr'><strong>vinculis</strong></span> <span class='ocrx_word' id='word_1_484' title='bbox 3328 2884 3485 2950; x_wconf 89' lang='lat' dir='ltr'><strong>liber,</strong></span> <span class='ocrx_word' id='word_1_485' title='bbox 3524 2900 3773 2955; x_wconf 87' lang='lat' dir='ltr'><strong>asperum</strong></span> <span class='ocrx_word' id='word_1_486' title='bbox 3806 2895 3887 2942; x_wconf 85' lang='lat' dir='ltr'><strong>at-</strong></span> 
     </span>
    </p>
   </div>
   <div class='ocr_carea' id='block_1_55' title="bbox 2306 2972 3920 3045">
    <p class='ocr_par' dir='ltr' id='par_1_55' title="bbox 2306 2972 3920 3045">
     <span class='ocr_line' id='line_1_55' title="bbox 2306 2972 3920 3045; baseline 0 -15"><span class='ocrx_word' id='word_1_487' title='bbox 2306 2989 2410 3045; x_wconf 77' lang='lat' dir='ltr'><strong>que</strong></span> <span class='ocrx_word' id='word_1_488' title='bbox 2438 2973 2659 3027; x_wconf 89' lang='lat' dir='ltr'><strong>arduum</strong></span> <span class='ocrx_word' id='word_1_489' title='bbox 2688 2972 2916 3041; x_wconf 89' lang='lat' dir='ltr'><strong>arripuit</strong></span> <span class='ocrx_word' id='word_1_490' title='bbox 2954 2972 3276 3030; x_wconf 90' lang='lat' dir='ltr'><strong>institutum.</strong></span> <span class='ocrx_word' id='word_1_491' title='bbox 3914 2980 3920 2985; x_wconf 83' lang='lat'>&#39;</span> 
     </span>
    </p>
   </div>
   <div class='ocr_carea' id='block_1_56' title="bbox 2376 3085 3888 3165">
    <p class='ocr_par' dir='ltr' id='par_1_56' title="bbox 2376 3085 3888 3165">
     <span class='ocr_line' id='line_1_56' title="bbox 2376 3085 3888 3165; baseline 0.002 -18"><span class='ocrx_word' id='word_1_492' title='bbox 2376 3090 2616 3147; x_wconf 83' lang='lat' dir='ltr'><strong>Necdum</strong></span> <span class='ocrx_word' id='word_1_493' title='bbox 2648 3096 2824 3147; x_wconf 88' lang='lat' dir='ltr'><strong>autem</strong></span> <span class='ocrx_word' id='word_1_494' title='bbox 2850 3099 2958 3146; x_wconf 91' lang='lat' dir='ltr'><strong>tam</strong></span> <span class='ocrx_word' id='word_1_495' title='bbox 2989 3090 3175 3148; x_wconf 87' lang='lat' dir='ltr'><strong>crebra</strong></span> <span class='ocrx_word' id='word_1_496' title='bbox 3204 3101 3358 3148; x_wconf 89' lang='lat' dir='ltr'><strong>erant</strong></span> <span class='ocrx_word' id='word_1_497' title='bbox 3401 3085 3455 3148; x_wconf 93' lang='lat' dir='ltr'><strong>in</strong></span> <span class='ocrx_word' id='word_1_498' title='bbox 3496 3092 3728 3165; x_wconf 68' lang='lat' dir='ltr'><strong>Egypto</strong></span> <span class='ocrx_word' id='word_1_499' title='bbox 3770 3108 3888 3150; x_wconf 85' lang='lat' dir='ltr'><strong>mo-</strong></span> 
     </span>
    </p>
   </div>
   <div class='ocr_carea' id='block_1_57' title="bbox 2307 3185 3885 3256">
    <p class='ocr_par' dir='ltr' id='par_1_57' title="bbox 2307 3185 3885 3256">
     <span class='ocr_line' id='line_1_57' title="bbox 2307 3185 3885 3256; baseline 0.002 -16"><span class='ocrx_word' id='word_1_500' title='bbox 2307 3185 2565 3251; x_wconf 90' lang='lat' dir='ltr'><strong>nasteria,</strong></span> <span class='ocrx_word' id='word_1_501' title='bbox 2611 3198 2785 3255; x_wconf 91' lang='lat' dir='ltr'><strong>neque</strong></span> <span class='ocrx_word' id='word_1_502' title='bbox 2810 3185 3032 3241; x_wconf 90' lang='lat' dir='ltr'><strong>omnino</strong></span> <span class='ocrx_word' id='word_1_503' title='bbox 3068 3185 3347 3256; x_wconf 87' lang='lat' dir='ltr'><strong>quisquam</strong></span> <span class='ocrx_word' id='word_1_504' title='bbox 3401 3187 3576 3241; x_wconf 85' lang='lat' dir='ltr'><strong>aviam</strong></span> <span class='ocrx_word' id='word_1_505' title='bbox 3631 3187 3885 3243; x_wconf 85' lang='lat' dir='ltr'><strong>solitudi-</strong></span> 
     </span>
    </p>
   </div>
   <div class='ocr_carea' id='block_1_58' title="bbox 2306 3276 3888 3349">
    <p class='ocr_par' dir='ltr' id='par_1_58' title="bbox 2306 3276 3888 3349">
     <span class='ocr_line' id='line_1_58' title="bbox 2306 3276 3888 3349; baseline 0.003 -18"><span class='ocrx_word' id='word_1_506' title='bbox 2306 3291 2429 3333; x_wconf 88' lang='lat' dir='ltr'><strong>nem</strong></span> <span class='ocrx_word' id='word_1_507' title='bbox 2464 3283 2717 3343; x_wconf 87' lang='lat' dir='ltr'><strong>noverat;</strong></span> <span class='ocrx_word' id='word_1_508' title='bbox 2747 3276 2841 3331; x_wconf 90' lang='lat' dir='ltr'><strong>sed</strong></span> <span class='ocrx_word' id='word_1_509' title='bbox 2868 3278 3172 3349; x_wconf 88' lang='lat' dir='ltr'><strong>quicunque</strong></span> <span class='ocrx_word' id='word_1_510' title='bbox 3200 3276 3253 3332; x_wconf 91' lang='lat' dir='ltr'><strong>in</strong></span> <span class='ocrx_word' id='word_1_511' title='bbox 3274 3278 3471 3333; x_wconf 88' lang='lat' dir='ltr'><strong>Christi</strong></span> <span class='ocrx_word' id='word_1_512' title='bbox 3510 3279 3766 3335; x_wconf 90' lang='lat' dir='ltr'><strong>servitute</strong></span> <span class='ocrx_word' id='word_1_513' title='bbox 3804 3282 3888 3337; x_wconf 90' lang='lat' dir='ltr'><strong>si-</strong></span> 
     </span>
    </p>
   </div>
   <div class='ocr_carea' id='block_1_59' title="bbox 2309 3368 3888 3442">
    <p class='ocr_par' dir='ltr' id='par_1_59' title="bbox 2309 3368 3888 3442">
     <span class='ocr_line' id='line_1_59' title="bbox 2309 3368 3888 3442; baseline 0.005 -20"><span class='ocrx_word' id='word_1_514' title='bbox 2309 3368 2574 3439; x_wconf 87' lang='lat' dir='ltr'><strong>bimetipsi</strong></span> <span class='ocrx_word' id='word_1_515' title='bbox 2600 3369 2861 3439; x_wconf 87' lang='lat' dir='ltr'><strong>prodesse</strong></span> <span class='ocrx_word' id='word_1_516' title='bbox 2886 3369 3153 3439; x_wconf 90' lang='lat' dir='ltr'><strong>cupiebat,</strong></span> <span class='ocrx_word' id='word_1_517' title='bbox 3185 3384 3291 3425; x_wconf 90' lang='lat' dir='ltr'><strong>non</strong></span> <span class='ocrx_word' id='word_1_518' title='bbox 3320 3372 3475 3442; x_wconf 88' lang='lat' dir='ltr'><strong>longe</strong></span> <span class='ocrx_word' id='word_1_519' title='bbox 3501 3384 3529 3424; x_wconf 87' lang='lat' dir='ltr'><strong>a</strong></span> <span class='ocrx_word' id='word_1_520' title='bbox 3575 3385 3672 3425; x_wconf 88' lang='lat' dir='ltr'><strong>sua</strong></span> <span class='ocrx_word' id='word_1_521' title='bbox 3702 3372 3888 3430; x_wconf 79' lang='lat' dir='ltr'><strong>villula</strong></span> 
     </span>
    </p>
   </div>
   <div class='ocr_carea' id='block_1_60' title="bbox 2306 3459 3888 3532">
    <p class='ocr_par' dir='ltr' id='par_1_60' title="bbox 2306 3459 3888 3532">
     <span class='ocr_line' id='line_1_60' title="bbox 2306 3459 3888 3532; baseline 0.003 -17"><span class='ocrx_word' id='word_1_522' title='bbox 2306 3471 2585 3530; x_wconf 87' lang='lat' dir='ltr'><strong>separatus</strong></span> <span class='ocrx_word' id='word_1_523' title='bbox 2632 3459 3029 3516; x_wconf 86' lang='lat' dir='ltr'><strong>instituebatur.</strong></span> <span class='ocrx_word' id='word_1_524' title='bbox 3079 3460 3204 3516; x_wconf 86' lang='lat' dir='ltr'><strong>Erat</strong></span> <span class='ocrx_word' id='word_1_525' title='bbox 3233 3460 3392 3530; x_wconf 89' lang='lat' dir='ltr'><strong>igitur</strong></span> <span class='ocrx_word' id='word_1_526' title='bbox 3428 3462 3479 3517; x_wconf 89' lang='lat' dir='ltr'><strong>in</strong></span> <span class='ocrx_word' id='word_1_527' title='bbox 3508 3462 3681 3532; x_wconf 87' lang='lat' dir='ltr'><strong>agello</strong></span> <span class='ocrx_word' id='word_1_528' title='bbox 3710 3464 3888 3519; x_wconf 91' lang='lat' dir='ltr'><strong>vicino</strong></span> 
     </span>
    </p>
   </div>
   <div class='ocr_carea' id='block_1_61' title="bbox 2234 3533 3887 3621">
    <p class='ocr_par' dir='ltr' id='par_1_61' title="bbox 2234 3533 3887 3621">
     <span class='ocr_line' id='line_1_61' title="bbox 2234 3533 3887 3621; baseline 0.001 -14"><span class='ocrx_word' id='word_1_529' title='bbox 2234 3533 2473 3607; x_wconf 82' lang='lat' dir='ltr'><strong>Bsenex</strong></span> <span class='ocrx_word' id='word_1_530' title='bbox 2530 3551 2764 3621; x_wconf 91' lang='lat' dir='ltr'><strong>quidam,</strong></span> <span class='ocrx_word' id='word_1_531' title='bbox 2811 3550 2972 3607; x_wconf 86' lang='lat' dir='ltr'><strong>vitam</strong></span> <span class='ocrx_word' id='word_1_532' title='bbox 3022 3551 3313 3608; x_wconf 89' lang='lat' dir='ltr'><strong>solitariam</strong></span> <span class='ocrx_word' id='word_1_533' title='bbox 3352 3569 3382 3608; x_wconf 91' lang='lat' dir='ltr'><strong>a</strong></span> <span class='ocrx_word' id='word_1_534' title='bbox 3433 3554 3599 3621; x_wconf 88' lang='lat' dir='ltr'><strong>prima</strong></span> <span class='ocrx_word' id='word_1_535' title='bbox 3654 3565 3887 3611; x_wconf 84' lang='lat' dir='ltr'><strong>sectatus</strong></span> 
     </span>
    </p>
   </div>
   <div class='ocr_carea' id='block_1_62' title="bbox 2309 3641 3887 3711">
    <p class='ocr_par' dir='ltr' id='par_1_62' title="bbox 2309 3641 3887 3711">
     <span class='ocr_line' id='line_1_62' title="bbox 2309 3641 3887 3711; baseline 0.006 -15"><span class='ocrx_word' id='word_1_536' title='bbox 2309 3649 2466 3696; x_wconf 81' lang='lat' dir='ltr'><strong>:etate</strong></span> <span class='ocrx_word' id='word_1_537' title='bbox 2494 3659 2506 3694; x_wconf 88' lang='lat'><strong>:</strong></span> <span class='ocrx_word' id='word_1_538' title='bbox 2535 3641 2676 3697; x_wconf 91' lang='lat' dir='ltr'><strong>hunc</strong></span> <span class='ocrx_word' id='word_1_539' title='bbox 2696 3643 2962 3698; x_wconf 85' lang='lat' dir='ltr'><strong>Antonius</strong></span> <span class='ocrx_word' id='word_1_540' title='bbox 2988 3658 3109 3699; x_wconf 91' lang='lat' dir='ltr'><strong>cum</strong></span> <span class='ocrx_word' id='word_1_541' title='bbox 3132 3644 3373 3711; x_wconf 89' lang='lat' dir='ltr'><strong>vidisset,</strong></span> <span class='ocrx_word' id='word_1_542' title='bbox 3405 3650 3685 3702; x_wconf 65' lang='lat' dir='ltr'><strong>aemulatus</strong></span> <span class='ocrx_word' id='word_1_543' title='bbox 3712 3656 3795 3703; x_wconf 91' lang='lat' dir='ltr'><strong>est</strong></span> <span class='ocrx_word' id='word_1_544' title='bbox 3820 3648 3887 3705; x_wconf 88' lang='lat' dir='ltr'><strong>ad</strong></span> 
     </span>
    </p>
   </div>
   <div class='ocr_carea' id='block_1_63' title="bbox 2307 3733 3887 3811">
    <p class='ocr_par' dir='ltr' id='par_1_63' title="bbox 2307 3733 3887 3811">
     <span class='ocr_line' id='line_1_63' title="bbox 2307 3733 3887 3811; baseline 0.008 -23"><span class='ocrx_word' id='word_1_545' title='bbox 2307 3733 2631 3791; x_wconf 82' lang='lat' dir='ltr'><strong>bonum.~Et</strong></span> <span class='ocrx_word' id='word_1_546' title='bbox 2659 3736 2831 3806; x_wconf 89' lang='lat' dir='ltr'><strong>primo</strong></span> <span class='ocrx_word' id='word_1_547' title='bbox 2864 3737 3085 3809; x_wconf 91' lang='lat' dir='ltr'><strong>quidem</strong></span> <span class='ocrx_word' id='word_1_548' title='bbox 3142 3738 3402 3808; x_wconf 88' lang='lat' dir='ltr'><strong>incipiens</strong></span> <span class='ocrx_word' id='word_1_549' title='bbox 3447 3741 3608 3796; x_wconf 89' lang='lat' dir='ltr'><strong>etiam</strong></span> <span class='ocrx_word' id='word_1_550' title='bbox 3662 3743 3798 3811; x_wconf 87' lang='lat' dir='ltr'><strong>ipse,</strong></span> <span class='ocrx_word' id='word_1_551' title='bbox 3832 3743 3887 3800; x_wconf 91' lang='lat' dir='ltr'><strong>in</strong></span> 
     </span>
    </p>
   </div>
   <div class='ocr_carea' id='block_1_64' title="bbox 2306 3825 3885 3896">
    <p class='ocr_par' dir='ltr' id='par_1_64' title="bbox 2306 3825 3885 3896">
     <span class='ocr_line' id='line_1_64' title="bbox 2306 3825 3885 3896; baseline 0.009 -15"><span class='ocrx_word' id='word_1_552' title='bbox 2306 3825 2436 3882; x_wconf 89' lang='lat' dir='ltr'><strong>locis</strong></span> <span class='ocrx_word' id='word_1_553' title='bbox 2466 3828 2738 3896; x_wconf 87' lang='lat' dir='ltr'><strong>paululum</strong></span> <span class='ocrx_word' id='word_1_554' title='bbox 2761 3844 2790 3884; x_wconf 90' lang='lat' dir='ltr'><strong>a</strong></span> <span class='ocrx_word' id='word_1_555' title='bbox 2810 3830 2935 3885; x_wconf 87' lang='lat' dir='ltr'><strong>villa</strong></span> <span class='ocrx_word' id='word_1_556' title='bbox 2960 3832 3336 3888; x_wconf 89' lang='lat' dir='ltr'><strong>rem0tioribus</strong></span> <span class='ocrx_word' id='word_1_557' title='bbox 3356 3826 3604 3890; x_wconf 89' lang='lat' dir='ltr'><strong>manebat</strong></span> <span class='ocrx_word' id='word_1_558' title='bbox 3630 3852 3645 3892; x_wconf 90' lang='lat'>:</span> <span class='ocrx_word' id='word_1_559' title='bbox 3678 3836 3885 3895; x_wconf 86' lang='lat' dir='ltr'><strong>exinde</strong></span> 
     </span>
    </p>
   </div>
   <div class='ocr_carea' id='block_1_65' title="bbox 2307 3920 3886 3999">
    <p class='ocr_par' dir='ltr' id='par_1_65' title="bbox 2307 3920 3886 3999">
     <span class='ocr_line' id='line_1_65' title="bbox 2307 3920 3886 3999; baseline 0.008 -26"><span class='ocrx_word' id='word_1_560' title='bbox 2307 3927 2506 3987; x_wconf 90' lang='lat' dir='ltr'><strong>autem,</strong></span> <span class='ocrx_word' id='word_1_561' title='bbox 2538 3920 2581 3976; x_wconf 91' lang='lat' dir='ltr'><strong>si</strong></span> <span class='ocrx_word' id='word_1_562' title='bbox 2607 3936 2765 3993; x_wconf 92' lang='lat' dir='ltr'><strong>quem</strong></span> <span class='ocrx_word' id='word_1_563' title='bbox 2808 3922 3108 3995; x_wconf 89' lang='lat' dir='ltr'><strong>vigilantem</strong></span> <span class='ocrx_word' id='word_1_564' title='bbox 3139 3926 3193 3981; x_wconf 92' lang='lat' dir='ltr'><strong>in</strong></span> <span class='ocrx_word' id='word_1_565' title='bbox 3226 3925 3329 3984; x_wconf 90' lang='lat' dir='ltr'><strong>hoc</strong></span> <span class='ocrx_word' id='word_1_566' title='bbox 3379 3927 3559 3983; x_wconf 85' lang='lat' dir='ltr'><strong>studio</strong></span> <span class='ocrx_word' id='word_1_567' title='bbox 3608 3943 3886 3999; x_wconf 80' lang='lat' dir='ltr'><strong>compere-</strong></span> 
     </span>
    </p>
   </div>
   <div class='ocr_carea' id='block_1_66' title="bbox 2306 4012 3886 4086">
    <p class='ocr_par' dir='ltr' id='par_1_66' title="bbox 2306 4012 3886 4086">
     <span class='ocr_line' id='line_1_66' title="bbox 2306 4012 3886 4086; baseline 0.005 -21"><span class='ocrx_word' id='word_1_568' title='bbox 2306 4016 2411 4075; x_wconf 88' lang='lat' dir='ltr'><strong>rat,</strong></span> <span class='ocrx_word' id='word_1_569' title='bbox 2444 4012 2761 4081; x_wconf 90' lang='lat' dir='ltr'><strong>procedens,</strong></span> <span class='ocrx_word' id='word_1_570' title='bbox 2793 4014 3065 4084; x_wconf 79' lang='lat' dir='ltr'><strong>quterebat</strong></span> <span class='ocrx_word' id='word_1_571' title='bbox 3093 4024 3149 4069; x_wconf 90' lang='lat' dir='ltr'><strong>ut</strong></span> <span class='ocrx_word' id='word_1_572' title='bbox 3174 4016 3287 4085; x_wconf 90' lang='lat' dir='ltr'><strong>apis</strong></span> <span class='ocrx_word' id='word_1_573' title='bbox 3316 4016 3762 4086; x_wconf 86' lang='lat' dir='ltr'><strong>prudentissima;</strong></span> <span class='ocrx_word' id='word_1_574' title='bbox 3786 4033 3886 4073; x_wconf 89' lang='lat' dir='ltr'><strong>nec</strong></span> 
     </span>
    </p>
   </div>
   <div class='ocr_carea' id='block_1_67' title="bbox 2304 4100 3886 4179">
    <p class='ocr_par' dir='ltr' id='par_1_67' title="bbox 2304 4100 3886 4179">
     <span class='ocr_line' id='line_1_67' title="bbox 2304 4100 3886 4179; baseline 0.008 -24"><span class='ocrx_word' id='word_1_575' title='bbox 2304 4100 2373 4156; x_wconf 89' lang='lat' dir='ltr'><strong>ad</strong></span> <span class='ocrx_word' id='word_1_576' title='bbox 2400 4101 2759 4158; x_wconf 90' lang='lat' dir='ltr'><strong>habitaculum</strong></span> <span class='ocrx_word' id='word_1_577' title='bbox 2779 4117 2934 4158; x_wconf 89' lang='lat' dir='ltr'><strong>suum</strong></span> <span class='ocrx_word' id='word_1_578' title='bbox 2957 4113 3083 4160; x_wconf 90' lang='lat' dir='ltr'><strong>ante</strong></span> <span class='ocrx_word' id='word_1_579' title='bbox 3114 4106 3407 4175; x_wconf 89' lang='lat' dir='ltr'><strong>remeabat,</strong></span> <span class='ocrx_word' id='word_1_580' title='bbox 3450 4106 3550 4161; x_wconf 90' lang='lat' dir='ltr'><strong>nisi</strong></span> <span class='ocrx_word' id='word_1_581' title='bbox 3580 4106 3697 4178; x_wconf 90' lang='lat' dir='ltr'><strong>ejus</strong></span> <span class='ocrx_word' id='word_1_582' title='bbox 3726 4124 3886 4179; x_wconf 87' lang='lat' dir='ltr'><strong>quem</strong></span> 
     </span>
    </p>
   </div>
   <div class='ocr_carea' id='block_1_68' title="bbox 2306 4193 3886 4269">
    <p class='ocr_par' dir='ltr' id='par_1_68' title="bbox 2306 4193 3886 4269">
     <span class='ocr_line' id='line_1_68' title="bbox 2306 4193 3886 4269; baseline 0.004 -19"><span class='ocrx_word' id='word_1_583' title='bbox 2306 4193 2555 4264; x_wconf 87' lang='lat' dir='ltr'><strong>cupiebat</strong></span> <span class='ocrx_word' id='word_1_584' title='bbox 2583 4194 2849 4252; x_wconf 88' lang='lat' dir='ltr'><strong>frueretur</strong></span> <span class='ocrx_word' id='word_1_585' title='bbox 2877 4196 3212 4267; x_wconf 89' lang='lat' dir='ltr'><strong>aspectibus;</strong></span> <span class='ocrx_word' id='word_1_586' title='bbox 3266 4207 3320 4254; x_wconf 89' lang='lat' dir='ltr'><strong>et</strong></span> <span class='ocrx_word' id='word_1_587' title='bbox 3342 4199 3441 4267; x_wconf 87' lang='lat' dir='ltr'><strong>sic,</strong></span> <span class='ocrx_word' id='word_1_588' title='bbox 3473 4208 3722 4269; x_wconf 83' lang='lat' dir='ltr'><strong>tanquam</strong></span> <span class='ocrx_word' id='word_1_589' title='bbox 3768 4218 3886 4257; x_wconf 83' lang='lat' dir='ltr'><strong>mu-</strong></span> 
     </span>
    </p>
   </div>
   <div class='ocr_carea' id='block_1_69' title="bbox 2305 4286 3887 4360">
    <p class='ocr_par' dir='ltr' id='par_1_69' title="bbox 2305 4286 3887 4360">
     <span class='ocr_line' id='line_1_69' title="bbox 2305 4286 3887 4360; baseline 0.005 -18"><span class='ocrx_word' id='word_1_590' title='bbox 2305 4302 2436 4343; x_wconf 90' lang='lat' dir='ltr'><strong>nere</strong></span> <span class='ocrx_word' id='word_1_591' title='bbox 2466 4286 2639 4345; x_wconf 85' lang='lat' dir='ltr'><strong>mellis</strong></span> <span class='ocrx_word' id='word_1_592' title='bbox 2666 4298 2905 4360; x_wconf 91' lang='lat' dir='ltr'><strong>accepto,</strong></span> <span class='ocrx_word' id='word_1_593' title='bbox 2930 4289 3110 4345; x_wconf 90' lang='lat' dir='ltr'><strong>abibat</strong></span> <span class='ocrx_word' id='word_1_594' title='bbox 3140 4290 3204 4345; x_wconf 89' lang='lat' dir='ltr'><strong>ad</strong></span> <span class='ocrx_word' id='word_1_595' title='bbox 3233 4306 3347 4346; x_wconf 91' lang='lat' dir='ltr'><strong>sua.</strong></span> <span class='ocrx_word' id='word_1_596' title='bbox 3375 4290 3489 4346; x_wconf 90' lang='lat' dir='ltr'><strong>Tali</strong></span> <span class='ocrx_word' id='word_1_597' title='bbox 3512 4292 3709 4347; x_wconf 88' lang='lat' dir='ltr'><strong>ibidem</strong></span> <span class='ocrx_word' id='word_1_598' title='bbox 3739 4295 3887 4350; x_wconf 88' lang='lat' dir='ltr'><strong>insti-</strong></span> 
     </span>
    </p>
   </div>
   <div class='ocr_carea' id='block_1_70' title="bbox 2306 4381 3887 4455">
    <p class='ocr_par' dir='ltr' id='par_1_70' title="bbox 2306 4381 3887 4455">
     <span class='ocr_line' id='line_1_70' title="bbox 2306 4381 3887 4455; baseline 0.004 -19"><span class='ocrx_word' id='word_1_599' title='bbox 2306 4389 2452 4437; x_wconf 83' lang='lat' dir='ltr'><strong>tutus</strong></span> <span class='ocrx_word' id='word_1_600' title='bbox 2480 4382 2725 4449; x_wconf 90' lang='lat' dir='ltr'><strong>exordio,</strong></span> <span class='ocrx_word' id='word_1_601' title='bbox 2747 4398 2866 4438; x_wconf 91' lang='lat' dir='ltr'><strong>cum</strong></span> <span class='ocrx_word' id='word_1_602' title='bbox 2891 4398 2987 4451; x_wconf 89' lang='lat' dir='ltr'><strong>per</strong></span> <span class='ocrx_word' id='word_1_603' title='bbox 3010 4381 3128 4439; x_wconf 86' lang='lat' dir='ltr'><strong>dies</strong></span> <span class='ocrx_word' id='word_1_604' title='bbox 3151 4383 3390 4455; x_wconf 89' lang='lat' dir='ltr'><strong>singulos</strong></span> <span class='ocrx_word' id='word_1_605' title='bbox 3418 4384 3491 4439; x_wconf 87' lang='lat' dir='ltr'><strong>ita</strong></span> <span class='ocrx_word' id='word_1_606' title='bbox 3515 4386 3749 4440; x_wconf 88' lang='lat' dir='ltr'><strong>animum</strong></span> <span class='ocrx_word' id='word_1_607' title='bbox 3801 4401 3887 4441; x_wconf 63' lang='lat' dir='ltr'><strong>ro.</strong></span> 
     </span>
    </p>
   </div>
   <div class='ocr_carea' id='block_1_71' title="bbox 2305 4474 3887 4546">
    <p class='ocr_par' dir='ltr' id='par_1_71' title="bbox 2305 4474 3887 4546">
     <span class='ocr_line' id='line_1_71' title="bbox 2305 4474 3887 4546; baseline 0.004 -16"><span class='ocrx_word' id='word_1_608' title='bbox 2305 4474 2541 4539; x_wconf 83' lang='lat' dir='ltr'><strong>boraret.</strong></span> <span class='ocrx_word' id='word_1_609' title='bbox 2570 4484 2749 4532; x_wconf 91' lang='lat' dir='ltr'><strong>utnec</strong></span> <span class='ocrx_word' id='word_1_610' title='bbox 2778 4489 2939 4546; x_wconf 91' lang='lat' dir='ltr'><strong>opum</strong></span> <span class='ocrx_word' id='word_1_611' title='bbox 2986 4489 3351 4546; x_wconf 86' lang='lat' dir='ltr'><strong>paternarum,</strong></span> <span class='ocrx_word' id='word_1_612' title='bbox 3401 4492 3500 4533; x_wconf 89' lang='lat' dir='ltr'><strong>nec</strong></span> <span class='ocrx_word' id='word_1_613' title='bbox 3526 4493 3742 4534; x_wconf 88' lang='lat' dir='ltr'><strong>suorum</strong></span> <span class='ocrx_word' id='word_1_614' title='bbox 3776 4494 3887 4536; x_wconf 59' lang='lat' dir='ltr'><strong>me.</strong></span> 
     </span>
    </p>
   </div>
   <div class='ocr_carea' id='block_1_72' title="bbox 2307 4568 3887 4635">
    <p class='ocr_par' dir='ltr' id='par_1_72' title="bbox 2307 4568 3887 4635">
     <span class='ocr_line' id='line_1_72' title="bbox 2307 4568 3887 4635; baseline 0.003 -10"><span class='ocrx_word' id='word_1_615' title='bbox 2307 4570 2551 4625; x_wconf 90' lang='lat' dir='ltr'><strong>minisset</strong></span> <span class='ocrx_word' id='word_1_616' title='bbox 2573 4568 2836 4635; x_wconf 80' lang='lat' dir='ltr'><strong>afﬁnium,</strong></span> <span class='ocrx_word' id='word_1_617' title='bbox 2863 4584 3023 4626; x_wconf 93' lang='lat' dir='ltr'><strong>omne</strong></span> <span class='ocrx_word' id='word_1_618' title='bbox 3051 4572 3212 4626; x_wconf 90' lang='lat' dir='ltr'><strong>etiam</strong></span> <span class='ocrx_word' id='word_1_619' title='bbox 3259 4571 3583 4627; x_wconf 87' lang='lat' dir='ltr'><strong>desiderium</strong></span> <span class='ocrx_word' id='word_1_620' title='bbox 3605 4581 3656 4626; x_wconf 84' lang='lat' dir='ltr'><strong>et</strong></span> <span class='ocrx_word' id='word_1_621' title='bbox 3688 4574 3887 4630; x_wconf 61' lang='lat' dir='ltr'><strong>solliei-</strong></span> 
     </span>
    </p>
   </div>
   <div class='ocr_carea' id='block_1_73' title="bbox 2306 4658 3888 4732">
    <p class='ocr_par' dir='ltr' id='par_1_73' title="bbox 2306 4658 3888 4732">
     <span class='ocr_line' id='line_1_73' title="bbox 2306 4658 3888 4732; baseline 0.005 -20"><span class='ocrx_word' id='word_1_622' title='bbox 2306 4658 2544 4714; x_wconf 90' lang='lat' dir='ltr'><strong>tudinem</strong></span> <span class='ocrx_word' id='word_1_623' title='bbox 2575 4674 2703 4729; x_wconf 88' lang='lat' dir='ltr'><strong>erga</strong></span> <span class='ocrx_word' id='word_1_624' title='bbox 2733 4660 2783 4714; x_wconf 91' lang='lat' dir='ltr'><strong>id</strong></span> <span class='ocrx_word' id='word_1_625' title='bbox 2807 4660 2951 4729; x_wconf 89' lang='lat' dir='ltr'><strong>quod</strong></span> <span class='ocrx_word' id='word_1_626' title='bbox 2972 4669 3211 4731; x_wconf 61' lang='lat' dir='ltr'><strong>ceperat</strong></span> <span class='ocrx_word' id='word_1_627' title='bbox 3238 4671 3535 4729; x_wconf 83' lang='lat' dir='ltr'><strong>exerceret,</strong></span> <span class='ocrx_word' id='word_1_628' title='bbox 3566 4664 3888 4732; x_wconf 80' lang='lat' dir='ltr'><strong>Operabatur</strong></span> 
     </span>
    </p>
   </div>
   <div class='ocr_carea' id='block_1_74' title="bbox 2307 4750 3889 4823">
    <p class='ocr_par' dir='ltr' id='par_1_74' title="bbox 2307 4750 3889 4823">
     <span class='ocr_line' id='line_1_74' title="bbox 2307 4750 3889 4823; baseline 0.003 -18"><span class='ocrx_word' id='word_1_629' title='bbox 2307 4752 2551 4805; x_wconf 91' lang='lat' dir='ltr'><strong>manibus</strong></span> <span class='ocrx_word' id='word_1_630' title='bbox 2579 4750 2711 4821; x_wconf 90' lang='lat' dir='ltr'><strong>suis,</strong></span> <span class='ocrx_word' id='word_1_631' title='bbox 2744 4750 2920 4807; x_wconf 90' lang='lat' dir='ltr'><strong>sciens</strong></span> <span class='ocrx_word' id='word_1_632' title='bbox 2949 4751 3207 4820; x_wconf 89' lang='lat' dir='ltr'><strong>scriptum</strong></span> <span class='ocrx_word' id='word_1_633' title='bbox 3248 4766 3402 4808; x_wconf 89' lang='lat' dir='ltr'><strong>esse:</strong></span> <span class='ocrx_word' id='word_1_634' title='bbox 3434 4753 3533 4820; x_wconf 87' lang='lat' dir='ltr'><strong>Qui</strong></span> <span class='ocrx_word' id='word_1_635' title='bbox 3563 4768 3666 4809; x_wconf 90' lang='lat' dir='ltr'><strong>non</strong></span> <span class='ocrx_word' id='word_1_636' title='bbox 3690 4769 3889 4823; x_wconf 84' lang='lat' dir='ltr'><strong>opera-</strong></span> 
     </span>
    </p>
   </div>
   <div class='ocr_carea' id='block_1_75' title="bbox 2309 4841 3888 4914">
    <p class='ocr_par' dir='ltr' id='par_1_75' title="bbox 2309 4841 3888 4914">
     <span class='ocr_line' id='line_1_75' title="bbox 2309 4841 3888 4914; baseline 0.004 -17"><span class='ocrx_word' id='word_1_637' title='bbox 2309 4850 2411 4908; x_wconf 90' lang='lat' dir='ltr'><strong>tur,</strong></span> <span class='ocrx_word' id='word_1_638' title='bbox 2441 4858 2549 4898; x_wconf 92' lang='lat' dir='ltr'><strong>non</strong></span> <span class='ocrx_word' id='word_1_639' title='bbox 2591 4841 2988 4914; x_wconf 83' lang='lat' dir='ltr'><strong>manducet(ll</strong></span> <span class='ocrx_word' id='word_1_640' title='bbox 3017 4842 3195 4897; x_wconf 72' lang='lat' dir='ltr'><strong>Thess.</strong></span> <span class='ocrx_word' id='word_1_641' title='bbox 3230 4844 3335 4914; x_wconf 86' lang='lat' dir='ltr'><strong>tu).</strong></span> <span class='ocrx_word' id='word_1_642' title='bbox 3365 4843 3664 4900; x_wconf 83' lang='lat' dir='ltr'><strong>Mercedem</strong></span> <span class='ocrx_word' id='word_1_643' title='bbox 3707 4856 3888 4903; x_wconf 91' lang='lat' dir='ltr'><strong>tamen</strong></span> 
     </span>
    </p>
   </div>
   <div class='ocr_carea' id='block_1_76' title="bbox 615 4924 3889 5010">
    <p class='ocr_par' dir='ltr' id='par_1_76' title="bbox 615 4924 3889 5010">
     <span class='ocr_line' id='line_1_76' title="bbox 615 4924 3889 5010; baseline -0 -17"><span class='ocrx_word' id='word_1_644' title='bbox 615 4953 720 5010; x_wconf 88' lang='lat' dir='ltr'><strong>que</strong></span> <span class='ocrx_word' id='word_1_645' title='bbox 746 4937 931 5003; x_wconf 90' lang='lat' dir='ltr'><strong>habes,</strong></span> <span class='ocrx_word' id='word_1_646' title='bbox 964 4944 1017 4990; x_wconf 88' lang='lat' dir='ltr'><strong>et</strong></span> <span class='ocrx_word' id='word_1_647' title='bbox 1045 4934 1109 4990; x_wconf 92' lang='lat' dir='ltr'><strong>da</strong></span> <span class='ocrx_word' id='word_1_648' title='bbox 1140 4934 1481 5004; x_wconf 88' lang='lat' dir='ltr'><strong>pauperibus,</strong></span> <span class='ocrx_word' id='word_1_649' title='bbox 1515 4944 1568 4988; x_wconf 89' lang='lat' dir='ltr'><strong>et</strong></span> <span class='ocrx_word' id='word_1_650' title='bbox 1599 4935 1740 5000; x_wconf 89' lang='lat' dir='ltr'><strong>veni,</strong></span> <span class='ocrx_word' id='word_1_651' title='bbox 1762 4946 1987 5002; x_wconf 88' lang='lat' dir='ltr'><strong>sequere</strong></span> <span class='ocrx_word' id='word_1_652' title='bbox 2011 4947 2116 4999; x_wconf 89' lang='lat' dir='ltr'><strong>me,</strong></span> <span class='ocrx_word' id='word_1_653' title='bbox 2146 4941 2200 4988; x_wconf 93' lang='lat' dir='ltr'><strong>et</strong></span> <span class='ocrx_word' id='word_1_654' title='bbox 2228 4924 2275 4990; x_wconf 88' lang='lat' dir='ltr'>C</span> <span class='ocrx_word' id='word_1_655' title='bbox 2305 4934 2485 5006; x_wconf 89' lang='lat' dir='ltr'><strong>operis</strong></span> <span class='ocrx_word' id='word_1_656' title='bbox 2501 4934 2604 5001; x_wconf 91' lang='lat' dir='ltr'><strong>sui,</strong></span> <span class='ocrx_word' id='word_1_657' title='bbox 2630 4936 2801 5004; x_wconf 89' lang='lat' dir='ltr'><strong>pretio</strong></span> <span class='ocrx_word' id='word_1_658' title='bbox 2828 4934 2981 5005; x_wconf 88' lang='lat' dir='ltr'><strong>panis</strong></span> <span class='ocrx_word' id='word_1_659' title='bbox 3008 4942 3253 5005; x_wconf 83' lang='lat' dir='ltr'><strong>excepto,</strong></span> <span class='ocrx_word' id='word_1_660' title='bbox 3285 4935 3569 5006; x_wconf 77' lang='lat' dir='ltr'><strong>egentibus</strong></span> <span class='ocrx_word' id='word_1_661' title='bbox 3619 4937 3889 5007; x_wconf 73' lang='lat' dir='ltr'><strong>largieba-</strong></span> 
     </span>
    </p>
   </div>
   <div class='ocr_carea' id='block_1_77' title="bbox 619 5024 2199 5097">
    <p class='ocr_par' dir='ltr' id='par_1_77' title="bbox 619 5024 2199 5097">
     <span class='ocr_line' id='line_1_77' title="bbox 619 5024 2199 5097; baseline -0.004 -10"><span class='ocrx_word' id='word_1_662' title='bbox 619 5029 839 5087; x_wconf 86' lang='lat' dir='ltr'><strong>habebis</strong></span> <span class='ocrx_word' id='word_1_663' title='bbox 868 5029 1175 5086; x_wconf 90' lang='lat' dir='ltr'><strong>thesaurum</strong></span> <span class='ocrx_word' id='word_1_664' title='bbox 1204 5028 1255 5082; x_wconf 91' lang='lat' dir='ltr'><strong>in</strong></span> <span class='ocrx_word' id='word_1_665' title='bbox 1285 5026 1655 5093; x_wconf 69' lang='lat' dir='ltr'><strong>cmlonauh.</strong></span> <span class='ocrx_word' id='word_1_666' title='bbox 1704 5024 1979 5097; x_wconf 69' lang='grc' dir='ltr'><strong>χιι).οιιο</strong></span> <span class='ocrx_word' id='word_1_667' title='bbox 1994 5027 2199 5094; x_wconf 88' lang='lat' dir='ltr'><strong>audito,</strong></span> 
     </span>
    </p>
   </div>
   <div class='ocr_carea' id='block_1_78' title="bbox 617 5118 2198 5193">
    <p class='ocr_par' dir='ltr' id='par_1_78' title="bbox 617 5118 2198 5193">
     <span class='ocr_line' id='line_1_78' title="bbox 617 5118 2198 5193; baseline -0.004 -14"><span class='ocrx_word' id='word_1_668' title='bbox 617 5124 768 5193; x_wconf 90' lang='lat' dir='ltr'><strong>quasi</strong></span> <span class='ocrx_word' id='word_1_669' title='bbox 798 5123 1049 5179; x_wconf 88' lang='lat' dir='ltr'><strong>divinitus</strong></span> <span class='ocrx_word' id='word_1_670' title='bbox 1072 5120 1376 5193; x_wconf 90' lang='lat' dir='ltr'><strong>hujusmodi</strong></span> <span class='ocrx_word' id='word_1_671' title='bbox 1410 5129 1535 5175; x_wconf 89' lang='lat' dir='ltr'><strong>ante</strong></span> <span class='ocrx_word' id='word_1_672' title='bbox 1577 5118 1892 5176; x_wconf 89' lang='lat' dir='ltr'><strong>memoriam</strong></span> <span class='ocrx_word' id='word_1_673' title='bbox 1920 5119 2198 5190; x_wconf 83' lang='lat' dir='ltr'><strong>concepis-</strong></span> 
     </span>
    </p>
   </div>
   <div class='ocr_carea' id='block_1_79' title="bbox 616 5211 2198 5286">
    <p class='ocr_par' dir='ltr' id='par_1_79' title="bbox 616 5211 2198 5286">
     <span class='ocr_line' id='line_1_79' title="bbox 616 5211 2198 5286; baseline -0.002 -17"><span class='ocrx_word' id='word_1_674' title='bbox 616 5225 719 5282; x_wconf 84' lang='lat' dir='ltr'><strong>set,</strong></span> <span class='ocrx_word' id='word_1_675' title='bbox 752 5225 807 5272; x_wconf 92' lang='lat' dir='ltr'><strong>et</strong></span> <span class='ocrx_word' id='word_1_676' title='bbox 833 5216 995 5273; x_wconf 87' lang='lat' dir='ltr'><strong>veluti</strong></span> <span class='ocrx_word' id='word_1_677' title='bbox 1019 5225 1235 5286; x_wconf 87' lang='lat' dir='ltr'><strong>propter</strong></span> <span class='ocrx_word' id='word_1_678' title='bbox 1255 5228 1316 5270; x_wconf 90' lang='lat' dir='ltr'><strong>se</strong></span> <span class='ocrx_word' id='word_1_679' title='bbox 1344 5213 1457 5267; x_wconf 64' lang='lat' dir='ltr'><strong>haec</strong></span> <span class='ocrx_word' id='word_1_680' title='bbox 1478 5219 1623 5267; x_wconf 88' lang='lat' dir='ltr'><strong>esset</strong></span> <span class='ocrx_word' id='word_1_681' title='bbox 1644 5211 1919 5279; x_wconf 88' lang='lat' dir='ltr'><strong>Scriptura</strong></span> <span class='ocrx_word' id='word_1_682' title='bbox 1956 5212 2198 5279; x_wconf 89' lang='lat' dir='ltr'><strong>recitata,</strong></span> 
     </span>
    </p>
   </div>
   <div class='ocr_carea' id='block_1_80' title="bbox 619 5306 2200 5375">
    <p class='ocr_par' dir='ltr' id='par_1_80' title="bbox 619 5306 2200 5375">
     <span class='ocr_line' id='line_1_80' title="bbox 619 5306 2200 5375; baseline 0 -16"><span class='ocrx_word' id='word_1_683' title='bbox 619 5306 685 5361; x_wconf 91' lang='lat' dir='ltr'><strong>ad</strong></span> <span class='ocrx_word' id='word_1_684' title='bbox 713 5321 772 5362; x_wconf 91' lang='lat' dir='ltr'><strong>se</strong></span> <span class='ocrx_word' id='word_1_685' title='bbox 801 5308 1134 5365; x_wconf 88' lang='lat' dir='ltr'><strong>Dominicum</strong></span> <span class='ocrx_word' id='word_1_686' title='bbox 1164 5306 1323 5363; x_wconf 90' lang='lat' dir='ltr'><strong>traxit</strong></span> <span class='ocrx_word' id='word_1_687' title='bbox 1347 5306 1663 5373; x_wconf 90' lang='lat' dir='ltr'><strong>imperium;</strong></span> <span class='ocrx_word' id='word_1_688' title='bbox 1686 5306 1973 5375; x_wconf 86' lang='lat' dir='ltr'><strong>statimque</strong></span> <span class='ocrx_word' id='word_1_689' title='bbox 1999 5319 2200 5373; x_wconf 70' lang='lat' dir='ltr'><strong>regres«</strong></span> 
     </span>
    </p>
   </div>
   <div class='ocr_carea' id='block_1_81' title="bbox 619 5396 2205 5470">
    <p class='ocr_par' dir='ltr' id='par_1_81' title="bbox 619 5396 2205 5470">
     <span class='ocr_line' id='line_1_81' title="bbox 619 5396 2205 5470; baseline 0 -17"><span class='ocrx_word' id='word_1_690' title='bbox 619 5413 730 5465; x_wconf 88' lang='lat' dir='ltr'><strong>sus,</strong></span> <span class='ocrx_word' id='word_1_691' title='bbox 764 5403 1136 5468; x_wconf 85' lang='lat' dir='ltr'><strong>possessiones</strong></span> <span class='ocrx_word' id='word_1_692' title='bbox 1162 5416 1294 5470; x_wconf 83' lang='lat' dir='ltr'><strong>quas</strong></span> <span class='ocrx_word' id='word_1_693' title='bbox 1317 5398 1547 5455; x_wconf 89' lang='lat' dir='ltr'><strong>habebat</strong></span> <span class='ocrx_word' id='word_1_694' title='bbox 1585 5396 1842 5453; x_wconf 85' lang='lat' dir='ltr'><strong>vendidit.</strong></span> <span class='ocrx_word' id='word_1_695' title='bbox 1895 5400 2082 5452; x_wconf 72' lang='lat' dir='ltr'><strong>Arurte</strong></span> <span class='ocrx_word' id='word_1_696' title='bbox 2110 5413 2205 5453; x_wconf 90' lang='lat' dir='ltr'><strong>au-</strong></span> 
     </span>
    </p>
   </div>
   <div class='ocr_carea' id='block_1_82' title="bbox 619 5486 2202 5561">
    <p class='ocr_par' dir='ltr' id='par_1_82' title="bbox 619 5486 2202 5561">
     <span class='ocr_line' id='line_1_82' title="bbox 619 5486 2202 5561; baseline -0.002 -15"><span class='ocrx_word' id='word_1_697' title='bbox 619 5501 727 5546; x_wconf 85' lang='lat' dir='ltr'><strong>tent</strong></span> <span class='ocrx_word' id='word_1_698' title='bbox 756 5506 907 5548; x_wconf 88' lang='lat' dir='ltr'><strong>erant</strong></span> <span class='ocrx_word' id='word_1_699' title='bbox 928 5495 978 5550; x_wconf 91' lang='lat' dir='ltr'><strong>ei</strong></span> <span class='ocrx_word' id='word_1_700' title='bbox 1010 5504 1261 5550; x_wconf 64' lang='lat' dir='ltr'><strong>trecenta:</strong></span> <span class='ocrx_word' id='word_1_701' title='bbox 1290 5494 1505 5557; x_wconf 91' lang='lat' dir='ltr'><strong>uberes,</strong></span> <span class='ocrx_word' id='word_1_702' title='bbox 1536 5498 1590 5547; x_wconf 92' lang='lat' dir='ltr'><strong>et</strong></span> <span class='ocrx_word' id='word_1_703' title='bbox 1619 5489 1774 5545; x_wconf 87' lang='lat' dir='ltr'><strong>valde</strong></span> <span class='ocrx_word' id='word_1_704' title='bbox 1814 5489 2031 5560; x_wconf 64' lang='lat' dir='ltr'><strong>optimae</strong></span> <span class='ocrx_word' id='word_1_705' title='bbox 2060 5486 2202 5561; x_wconf 72' lang='lat'><strong>(10),</strong></span> 
     </span>
    </p>
   </div>
   <div class='ocr_carea' id='block_1_83' title="bbox 621 5581 2205 5655">
    <p class='ocr_par' dir='ltr' id='par_1_83' title="bbox 621 5581 2205 5655">
     <span class='ocr_line' id='line_1_83' title="bbox 621 5581 2205 5655; baseline 0 -19"><span class='ocrx_word' id='word_1_706' title='bbox 621 5597 753 5652; x_wconf 65' lang='lat' dir='ltr'><strong>quas</strong></span> <span class='ocrx_word' id='word_1_707' title='bbox 781 5581 971 5638; x_wconf 88' lang='lat' dir='ltr'><strong>vicinis</strong></span> <span class='ocrx_word' id='word_1_708' title='bbox 997 5584 1214 5654; x_wconf 86' lang='lat' dir='ltr'><strong>largitus</strong></span> <span class='ocrx_word' id='word_1_709' title='bbox 1242 5595 1343 5651; x_wconf 88' lang='lat' dir='ltr'><strong>est,</strong></span> <span class='ocrx_word' id='word_1_710' title='bbox 1377 5600 1445 5642; x_wconf 91' lang='lat' dir='ltr'><strong>ne</strong></span> <span class='ocrx_word' id='word_1_711' title='bbox 1472 5584 1524 5640; x_wconf 93' lang='lat' dir='ltr'><strong>in</strong></span> <span class='ocrx_word' id='word_1_712' title='bbox 1550 5583 1730 5655; x_wconf 90' lang='lat' dir='ltr'><strong>aliquo</strong></span> <span class='ocrx_word' id='word_1_713' title='bbox 1757 5591 1848 5637; x_wconf 87' lang='lat' dir='ltr'><strong>aut</strong></span> <span class='ocrx_word' id='word_1_714' title='bbox 1874 5583 1973 5638; x_wconf 91' lang='lat' dir='ltr'><strong>sibi</strong></span> <span class='ocrx_word' id='word_1_715' title='bbox 2004 5591 2097 5637; x_wconf 87' lang='lat' dir='ltr'><strong>aut</strong></span> <span class='ocrx_word' id='word_1_716' title='bbox 2116 5596 2205 5636; x_wconf 81' lang='lat' dir='ltr'><strong>so-</strong></span> 
     </span>
    </p>
   </div>
   <div class='ocr_carea' id='block_1_84' title="bbox 624 5676 2202 5748">
    <p class='ocr_par' dir='ltr' id='par_1_84' title="bbox 624 5676 2202 5748">
     <span class='ocr_line' id='line_1_84' title="bbox 624 5676 2202 5748; baseline -0.001 -18"><span class='ocrx_word' id='word_1_717' title='bbox 624 5676 731 5730; x_wconf 77' lang='lat' dir='ltr'><strong>ruri</strong></span> <span class='ocrx_word' id='word_1_718' title='bbox 758 5677 995 5732; x_wconf 80' lang='lat' dir='ltr'><strong>molestia</strong></span> <span class='ocrx_word' id='word_1_719' title='bbox 1022 5678 1347 5747; x_wconf 81' lang='lat' dir='ltr'><strong>gigneretur.</strong></span> <span class='ocrx_word' id='word_1_720' title='bbox 1387 5679 1595 5734; x_wconf 71' lang='lat' dir='ltr'><strong>Cmtera</strong></span> <span class='ocrx_word' id='word_1_721' title='bbox 1624 5692 1774 5744; x_wconf 84' lang='lat' dir='ltr'><strong>vero,</strong></span> <span class='ocrx_word' id='word_1_722' title='bbox 1804 5693 1921 5748; x_wconf 62' lang='lat' dir='ltr'><strong>qua:</strong></span> <span class='ocrx_word' id='word_1_723' title='bbox 1950 5678 2002 5732; x_wconf 91' lang='lat' dir='ltr'><strong>in</strong></span> <span class='ocrx_word' id='word_1_724' title='bbox 2026 5677 2202 5733; x_wconf 78' lang='lat' dir='ltr'><strong>mobi-</strong></span> 
     </span>
    </p>
   </div>
   <div class='ocr_carea' id='block_1_85' title="bbox 627 5768 2203 5841">
    <p class='ocr_par' dir='ltr' id='par_1_85' title="bbox 627 5768 2203 5841">
     <span class='ocr_line' id='line_1_85' title="bbox 627 5768 2203 5841; baseline 0.001 -18"><span class='ocrx_word' id='word_1_725' title='bbox 627 5768 767 5824; x_wconf 88' lang='lat' dir='ltr'><strong>lihus</strong></span> <span class='ocrx_word' id='word_1_726' title='bbox 818 5768 1145 5839; x_wconf 86' lang='lat' dir='ltr'><strong>possidebat,</strong></span> <span class='ocrx_word' id='word_1_727' title='bbox 1193 5770 1441 5827; x_wconf 86' lang='lat' dir='ltr'><strong>universa</strong></span> <span class='ocrx_word' id='word_1_728' title='bbox 1490 5770 1763 5837; x_wconf 86' lang='lat' dir='ltr'><strong>vendidit;</strong></span> <span class='ocrx_word' id='word_1_729' title='bbox 1819 5780 1873 5826; x_wconf 88' lang='lat' dir='ltr'><strong>et</strong></span> <span class='ocrx_word' id='word_1_730' title='bbox 1918 5778 2203 5841; x_wconf 84' lang='lat' dir='ltr'><strong>aggregato</strong></span> 
     </span>
    </p>
   </div>
   <div class='ocr_carea' id='block_1_86' title="bbox 628 5859 2200 5935">
    <p class='ocr_par' dir='ltr' id='par_1_86' title="bbox 628 5859 2200 5935">
     <span class='ocr_line' id='line_1_86' title="bbox 628 5859 2200 5935; baseline 0.001 -19"><span class='ocrx_word' id='word_1_731' title='bbox 628 5873 732 5916; x_wconf 83' lang='lat' dir='ltr'><strong>non</strong></span> <span class='ocrx_word' id='word_1_732' title='bbox 762 5859 954 5935; x_wconf 78' lang='lat' dir='ltr'><strong>exiguo</strong></span> <span class='ocrx_word' id='word_1_733' title='bbox 978 5862 1172 5931; x_wconf 90' lang='lat' dir='ltr'><strong>pretio,</strong></span> <span class='ocrx_word' id='word_1_734' title='bbox 1204 5860 1560 5933; x_wconf 86' lang='lat' dir='ltr'><strong>indigentibus</strong></span> <span class='ocrx_word' id='word_1_735' title='bbox 1590 5862 1760 5930; x_wconf 88' lang='lat' dir='ltr'><strong>dedit,</strong></span> <span class='ocrx_word' id='word_1_736' title='bbox 1809 5861 1992 5933; x_wconf 91' lang='lat' dir='ltr'><strong>paucis</strong></span> <span class='ocrx_word' id='word_1_737' title='bbox 2021 5870 2200 5918; x_wconf 88' lang='lat' dir='ltr'><strong>tamen</strong></span> 
     </span>
    </p>
   </div>
   <div class='ocr_carea' id='block_1_87' title="bbox 2312 5025 3890 5097">
    <p class='ocr_par' dir='ltr' id='par_1_87' title="bbox 2312 5025 3890 5097">
     <span class='ocr_line' id='line_1_87' title="bbox 2312 5025 3890 5097; baseline 0.004 -17"><span class='ocrx_word' id='word_1_738' title='bbox 2312 5035 2418 5080; x_wconf 91' lang='lat' dir='ltr'><strong>tur.</strong></span> <span class='ocrx_word' id='word_1_739' title='bbox 2468 5026 2572 5097; x_wconf 81' lang='lat'><strong>37</strong></span> <span class='ocrx_word' id='word_1_740' title='bbox 2615 5026 2815 5081; x_wconf 88' lang='lat' dir='ltr'><strong>Orabat</strong></span> <span class='ocrx_word' id='word_1_741' title='bbox 2865 5025 3191 5095; x_wconf 89' lang='lat' dir='ltr'><strong>frequenter,</strong></span> <span class='ocrx_word' id='word_1_742' title='bbox 3246 5026 3445 5096; x_wconf 88' lang='lat' dir='ltr'><strong>quippe</strong></span> <span class='ocrx_word' id='word_1_743' title='bbox 3481 5027 3573 5097; x_wconf 91' lang='lat' dir='ltr'><strong>qui</strong></span> <span class='ocrx_word' id='word_1_744' title='bbox 3625 5026 3890 5086; x_wconf 86' lang='lat' dir='ltr'><strong>didicerat</strong></span> 
     </span>
    </p>
   </div>
   <div class='ocr_carea' id='block_1_88' title="bbox 2309 5120 3890 5193">
    <p class='ocr_par' dir='ltr' id='par_1_88' title="bbox 2309 5120 3890 5193">
     <span class='ocr_line' id='line_1_88' title="bbox 2309 5120 3890 5193; baseline 0.003 -16"><span class='ocrx_word' id='word_1_745' title='bbox 2309 5120 2449 5193; x_wconf 90' lang='lat' dir='ltr'><strong>quod</strong></span> <span class='ocrx_word' id='word_1_746' title='bbox 2488 5128 2761 5189; x_wconf 89' lang='lat' dir='ltr'><strong>oporteret</strong></span> <span class='ocrx_word' id='word_1_747' title='bbox 2802 5120 2922 5178; x_wconf 85' lang='lat' dir='ltr'><strong>sine</strong></span> <span class='ocrx_word' id='word_1_748' title='bbox 2965 5121 3365 5177; x_wconf 86' lang='lat' dir='ltr'><strong>intermissione</strong></span> <span class='ocrx_word' id='word_1_749' title='bbox 3407 5122 3690 5178; x_wconf 86' lang='lat' dir='ltr'><strong>Dominum</strong></span> <span class='ocrx_word' id='word_1_750' title='bbox 3728 5138 3890 5182; x_wconf 80' lang='lat' dir='ltr'><strong>orare</strong></span> 
     </span>
    </p>
   </div>
   <div class='ocr_carea' id='block_1_89' title="bbox 2310 5210 2692 5285">
    <p class='ocr_par' dir='ltr' id='par_1_89' title="bbox 2310 5210 2692 5285">
     <span class='ocr_line' id='line_1_89' title="bbox 2310 5210 2692 5285; baseline 0.008 -20"><span class='ocrx_word' id='word_1_751' title='bbox 2310 5210 2365 5285; x_wconf 87' lang='grc'><strong>(1</strong></span> <span class='ocrx_word' id='word_1_752' title='bbox 2392 5210 2571 5267; x_wconf 74' lang='lat' dir='ltr'><strong>Thess.</strong></span> <span class='ocrx_word' id='word_1_753' title='bbox 2614 5213 2692 5281; x_wconf 88' lang='lat' dir='ltr'><strong>v).</strong></span> 
     </span>
    </p>
   </div>
   <div class='ocr_carea' id='block_1_90' title="bbox 2352 5303 3889 5377">
    <p class='ocr_par' dir='ltr' id='par_1_90' title="bbox 2352 5303 3889 5377">
     <span class='ocr_line' id='line_1_90' title="bbox 2352 5303 3889 5377; baseline -0.002 -17"><span class='ocrx_word' id='word_1_754' title='bbox 2352 5305 2624 5362; x_wconf 82' lang='lat' dir='ltr'><strong>Auditinni</strong></span> <span class='ocrx_word' id='word_1_755' title='bbox 2646 5305 2805 5362; x_wconf 88' lang='lat' dir='ltr'><strong>etiam</strong></span> <span class='ocrx_word' id='word_1_756' title='bbox 2819 5303 3212 5377; x_wconf 87' lang='lat' dir='ltr'><strong>Scripturarum</strong></span> <span class='ocrx_word' id='word_1_757' title='bbox 3229 5305 3300 5361; x_wconf 90' lang='lat' dir='ltr'><strong>ita</strong></span> <span class='ocrx_word' id='word_1_758' title='bbox 3324 5303 3557 5360; x_wconf 91' lang='lat' dir='ltr'><strong>studium</strong></span> <span class='ocrx_word' id='word_1_759' title='bbox 3574 5306 3889 5361; x_wconf 79' lang='lat' dir='ltr'><strong>commoda-</strong></span> 
     </span>
    </p>
   </div>
   <div class='ocr_carea' id='block_1_91' title="bbox 2312 5397 3890 5469">
    <p class='ocr_par' dir='ltr' id='par_1_91' title="bbox 2312 5397 3890 5469">
     <span class='ocr_line' id='line_1_91' title="bbox 2312 5397 3890 5469; baseline 0.003 -17"><span class='ocrx_word' id='word_1_760' title='bbox 2312 5397 2421 5466; x_wconf 90' lang='lat' dir='ltr'><strong>bat,</strong></span> <span class='ocrx_word' id='word_1_761' title='bbox 2462 5407 2521 5453; x_wconf 93' lang='lat' dir='ltr'><strong>ut</strong></span> <span class='ocrx_word' id='word_1_762' title='bbox 2548 5397 2678 5453; x_wconf 91' lang='lat' dir='ltr'><strong>nihil</strong></span> <span class='ocrx_word' id='word_1_763' title='bbox 2708 5412 2773 5454; x_wconf 84' lang='lat' dir='ltr'><strong>ex</strong></span> <span class='ocrx_word' id='word_1_764' title='bbox 2798 5397 2915 5469; x_wconf 87' lang='lat' dir='ltr'><strong>ejus</strong></span> <span class='ocrx_word' id='word_1_765' title='bbox 2958 5399 3138 5453; x_wconf 90' lang='lat' dir='ltr'><strong>animo</strong></span> <span class='ocrx_word' id='word_1_766' title='bbox 3168 5397 3465 5464; x_wconf 90' lang='lat' dir='ltr'><strong>laberetur;</strong></span> <span class='ocrx_word' id='word_1_767' title='bbox 3512 5397 3605 5453; x_wconf 90' lang='lat' dir='ltr'><strong>sed</strong></span> <span class='ocrx_word' id='word_1_768' title='bbox 3635 5398 3890 5457; x_wconf 84' lang='lat' dir='ltr'><strong>universa</strong></span> 
     </span>
    </p>
   </div>
   <div class='ocr_carea' id='block_1_92' title="bbox 2314 5487 3891 5560">
    <p class='ocr_par' dir='ltr' id='par_1_92' title="bbox 2314 5487 3891 5560">
     <span class='ocr_line' id='line_1_92' title="bbox 2314 5487 3891 5560; baseline 0.001 -17"><span class='ocrx_word' id='word_1_769' title='bbox 2314 5488 2522 5543; x_wconf 85' lang='lat' dir='ltr'><strong>Domini</strong></span> <span class='ocrx_word' id='word_1_770' title='bbox 2568 5498 2834 5560; x_wconf 83' lang='lat' dir='ltr'><strong>praecepta</strong></span> <span class='ocrx_word' id='word_1_771' title='bbox 2876 5488 3205 5557; x_wconf 87' lang='lat' dir='ltr'><strong>custodiens,</strong></span> <span class='ocrx_word' id='word_1_772' title='bbox 3248 5487 3559 5544; x_wconf 80' lang='lat' dir='ltr'><strong>memoriam</strong></span> <span class='ocrx_word' id='word_1_773' title='bbox 3590 5502 3687 5557; x_wconf 90' lang='lat' dir='ltr'><strong>pro</strong></span> <span class='ocrx_word' id='word_1_774' title='bbox 3735 5487 3891 5545; x_wconf 79' lang='lat' dir='ltr'><strong>libris</strong></span> 
     </span>
    </p>
   </div>
   <div class='ocr_carea' id='block_1_93' title="bbox 2312 5576 3892 5651">
    <p class='ocr_par' dir='ltr' id='par_1_93' title="bbox 2312 5576 3892 5651">
     <span class='ocr_line' id='line_1_93' title="bbox 2312 5576 3892 5651; baseline 0.001 -20"><span class='ocrx_word' id='word_1_775' title='bbox 2312 5579 2535 5634; x_wconf 88' lang='lat' dir='ltr'><strong>haberet</strong></span> <span class='ocrx_word' id='word_1_776' title='bbox 2561 5578 2698 5651; x_wconf 79' lang='lat' dir='ltr'><strong>(ll).</strong></span> <span class='ocrx_word' id='word_1_777' title='bbox 2726 5579 2817 5637; x_wconf 92' lang='lat' dir='ltr'><strong>Sic</strong></span> <span class='ocrx_word' id='word_1_778' title='bbox 2840 5592 2989 5633; x_wconf 87' lang='lat' dir='ltr'><strong>suam</strong></span> <span class='ocrx_word' id='word_1_779' title='bbox 3017 5578 3178 5633; x_wconf 88' lang='lat' dir='ltr'><strong>vitam</strong></span> <span class='ocrx_word' id='word_1_780' title='bbox 3205 5576 3510 5647; x_wconf 89' lang='lat' dir='ltr'><strong>instituens,</strong></span> <span class='ocrx_word' id='word_1_781' title='bbox 3536 5577 3604 5631; x_wconf 91' lang='lat' dir='ltr'><strong>ab</strong></span> <span class='ocrx_word' id='word_1_782' title='bbox 3620 5577 3892 5633; x_wconf 77' lang='lat' dir='ltr'><strong>universis</strong></span> 
     </span>
    </p>
   </div>
   <div class='ocr_carea' id='block_1_94' title="bbox 2310 5669 3890 5744">
    <p class='ocr_par' dir='ltr' id='par_1_94' title="bbox 2310 5669 3890 5744">
     <span class='ocr_line' id='line_1_94' title="bbox 2310 5669 3890 5744; baseline 0 -17"><span class='ocrx_word' id='word_1_783' title='bbox 2310 5670 2562 5728; x_wconf 89' lang='lat' dir='ltr'><strong>fratribus</strong></span> <span class='ocrx_word' id='word_1_784' title='bbox 2587 5686 2721 5744; x_wconf 89' lang='lat' dir='ltr'><strong>puro</strong></span> <span class='ocrx_word' id='word_1_785' title='bbox 2764 5671 3085 5740; x_wconf 84' lang='lat' dir='ltr'><strong>diligebatur</strong></span> <span class='ocrx_word' id='word_1_786' title='bbox 3109 5671 3334 5734; x_wconf 80' lang='lat' dir='ltr'><strong>affectu;</strong></span> <span class='ocrx_word' id='word_1_787' title='bbox 3393 5678 3449 5726; x_wconf 89' lang='lat' dir='ltr'><strong>et</strong></span> <span class='ocrx_word' id='word_1_788' title='bbox 3496 5669 3766 5728; x_wconf 88' lang='lat' dir='ltr'><strong>omnibus.</strong></span> <span class='ocrx_word' id='word_1_789' title='bbox 3819 5669 3890 5727; x_wconf 80' lang='lat' dir='ltr'><strong>ad</strong></span> 
     </span>
    </p>
   </div>
   <div class='ocr_carea' id='block_1_95' title="bbox 2309 5761 3891 5835">
    <p class='ocr_par' dir='ltr' id='par_1_95' title="bbox 2309 5761 3891 5835">
     <span class='ocr_line' id='line_1_95' title="bbox 2309 5761 3891 5835; baseline 0 -18"><span class='ocrx_word' id='word_1_790' title='bbox 2309 5778 2443 5834; x_wconf 87' lang='lat' dir='ltr'><strong>quos</strong></span> <span class='ocrx_word' id='word_1_791' title='bbox 2481 5764 2659 5819; x_wconf 80' lang='lat' dir='ltr'><strong>studio</strong></span> <span class='ocrx_word' id='word_1_792' title='bbox 2710 5761 2951 5818; x_wconf 88' lang='lat' dir='ltr'><strong>discendi</strong></span> <span class='ocrx_word' id='word_1_793' title='bbox 2996 5762 3271 5835; x_wconf 87' lang='lat' dir='ltr'><strong>pergebat,</strong></span> <span class='ocrx_word' id='word_1_794' title='bbox 3327 5761 3603 5827; x_wconf 87' lang='lat' dir='ltr'><strong>obediens,</strong></span> <span class='ocrx_word' id='word_1_795' title='bbox 3643 5762 3891 5833; x_wconf 75' lang='lat' dir='ltr'><strong>proprias</strong></span> 
     </span>
    </p>
   </div>
   <div class='ocr_carea' id='block_1_96' title="bbox 2311 5856 3886 5932">
    <p class='ocr_par' dir='ltr' id='par_1_96' title="bbox 2311 5856 3886 5932">
     <span class='ocr_line' id='line_1_96' title="bbox 2311 5856 3886 5932; baseline -0.003 -17"><span class='ocrx_word' id='word_1_796' title='bbox 2311 5859 2639 5932; x_wconf 89' lang='lat' dir='ltr'><strong>singulorum</strong></span> <span class='ocrx_word' id='word_1_797' title='bbox 2668 5857 2870 5929; x_wconf 84' lang='lat' dir='ltr'><strong>gratias</strong></span> <span class='ocrx_word' id='word_1_798' title='bbox 2898 5856 3178 5914; x_wconf 86' lang='lat' dir='ltr'><strong>hauriebat</strong></span> <span class='ocrx_word' id='word_1_799' title='bbox 3207 5874 3223 5913; x_wconf 87' lang='lat'><strong>:</strong></span> <span class='ocrx_word' id='word_1_800' title='bbox 3282 5856 3441 5930; x_wconf 80' lang='lat' dir='ltr'><strong>hujus</strong></span> <span class='ocrx_word' id='word_1_801' title='bbox 3472 5856 3886 5926; x_wconf 84' lang='lat' dir='ltr'><strong>continentiam,</strong></span> 
     </span>
    </p>
   </div>
  </div>
