4124 6350
232 370 346 435 129

1360 384 1520 441 νιτΑ
1561 383 1762 441 BEATI
1801 381 2074 440 ANTONII
2114 385 2417 447 ABBATIS.

3416 394 3518 462 150

227 500 620 573 iucunditatem
653 500 794 558 illius
824 499 1910 568 sectabatur;istiuslenitatem,illiusA
1938 509 2119 556 autem
2163 518 2303 574 ego,
2355 505 2448 560 sed
2496 505 2662 577 gratia
2717 507 2852 576 Dei,
2907 524 3026 582 qua:
3074 526 3281 570 mecum
3330 524 3413 572 est
3460 515 3517 588 (Ι

229 596 598 666 vigilantiam,
629 597 856 652 alterius
879 597 1088 668 legendi
1114 599 1466 654 aemulabatur
1485 598 1824 664 industriam;

231 688 399 743 istum
424 689 780 760 jejunantem,
838 690 991 746 illum
1023 692 1168 746 humi
1196 693 1562 762 quiescentem
1589 691 1826 746 miraba-

227 788 352 846 tur;
412 781 634 838 alterius
679 784 1029 853 patientiam,
1089 785 1312 840 alterius
1357 784 1824 840 mansuetudinem

226 872 582 941 przcdicabat.
631 874 885 929 Omnium
917 891 1131 947 quoque
1159 877 1414 932 vicariam
1446 893 1571 948 erga
1611 892 1669 932 se
1698 877 1829 934 reti-

227 979 374 1020 nens
406 967 743 1034 charitatem,
780 977 940 1040 atque
970 969 1234 1027 universis
1283 971 1541 1026 virtutum
1583 973 1825 1042 partibus

227 1057 509 1127 irrigatus,
583 1059 649 1114 ad
699 1060 880 1115 sedem
933 1064 1199 1131 prepriam
1242 1064 1666 1135 regrediebatur.
1749 1065 1825 1120 lbi

228 1163 422 1204 secum
453 1149 698 1207 universa
727 1161 1085 1223 pertractans,
1145 1156 1383 1211 omnium
1406 1157 1458 1210 in
1487 1173 1547 1212 se
1577 1157 1714 1212 bona
1747 1156 1828 1212 ni-

229 1243 452 1297 tebatur
498 1243 823 1313 exprimere.
882 1245 1065 1318 Neque
1110 1263 1239 1303 vero
1283 1247 1568 1304 adversum
1618 1263 1826 1304 coaevos

231 1333 527 1403 aliquando
557 1331 909 1406 movebatur;
947 1338 1042 1393 sed
1071 1353 1133 1394 ea
1189 1341 1561 1397 tantummodo
1610 1343 1825 1397 ﬂamma

233 1429 458 1500 egregio
488 1431 608 1484 viro
638 1431 917 1486 crescebat
940 1432 993 1487 in
1021 1442 1261 1502 pectore,
1295 1450 1365 1490 ne
1392 1435 1661 1491 secundus
1703 1436 1827 1490 cui-

232 1537 391 1589 quam
442 1523 496 1577 in
545 1523 814 1592 praedictis
844 1526 1097 1596 operibus
1123 1527 1473 1584 inveniretur.
1525 1530 1593 1584 Et
1625 1531 1726 1586 hoc
1752 1531 1825 1588 ita

230 1612 487 1678 faciebat,
541 1625 602 1671 ut
629 1632 749 1671 cum
777 1632 965 1675 omnes
992 1620 1158 1692 gloria
1187 1623 1440 1689 anteiret,
1466 1621 1712 1678 omnibus
1742 1634 1824 1678 ta-

233 1721 356 1760 men
390 1705 589 1762 charus
615 1718 778 1763 esset.
804 1709 936 1764 Nam
965 1719 1020 1766 et
1049 1712 1206 1768 vicini
1228 1722 1283 1768 et
1305 1713 1573 1778 monachi,
1603 1715 1668 1768 ad
1690 1729 1824 1785 quos

230 1812 375 1866 smpe
397 1799 669 1866 veniebat,
715 1805 1012 1858 Antonium
1040 1806 1303 1876 videntes,
1324 1805 1592 1862 Deicolam
1618 1822 1824 1862 nuncu-

1931 593 2051 650 Cor.
2078 597 2192 665 xv).

2000 688 2281 747 Postremo
2305 705 2424 748 cum
2445 708 2544 749 nec
2571 695 2672 750 hoc
2695 706 3007 768 argumento
3032 700 3310 758 destruere
3333 713 3518 774 posset

1932 786 2226 838 Antonium
2258 786 2422 843 draco
2456 796 2779 858 teterrimos,
2811 800 2865 849 ct
2891 797 3093 851 videret
3116 812 3176 853 se
3207 813 3418 869 semper
3448 800 3516 856 ab

1935 881 2054 952 ejus
2097 884 2509 951 cogitationibus
2530 888 2740 957 repelli,
2764 892 3055 946 secundum
3089 895 3228 963 quod
3260 897 3517 964 scriptum

1943 982 2024 1026 est
2050 972 2246 1042 (Marc.
2281 977 2382 1045 ιι),
2445 976 2677 1032 stridens
2703 979 2953 1036 dentibus
2983 991 3035 1036 ct
3064 982 3271 1051 ejulans
3291 1030 3304 1053 ,
3347 985 3518 1054 qualis

1935 1072 2039 1126 est,
2078 1064 2197 1118 talis
2228 1066 2422 1120 merito
2453 1068 2743 1136 apparebat
2780 1079 2833 1124 et
2863 1073 3010 1126 vultu
3039 1089 3050 1126 :
3104 1088 3236 1144 pucr
3271 1075 3517 1132 horridus

1937 1163 2098 1225 atque
2127 1158 2302 1228 niger,
2360 1159 2426 1213 ad
2449 1161 2565 1229 ejus
2597 1176 2654 1216 se
2675 1177 2843 1231 genua
2877 1165 3192 1233 provolvens
3221 1209 3234 1232 ,
3284 1167 3516 1223 humana

1929 1264 2066 1306 voce
2088 1251 2268 1317 ﬂebat,
2294 1252 2478 1308 dicens
2505 1272 2517 1306 :
2559 1253 2750 1311 Multos
2774 1257 2984 1324 seduxi,
3021 1259 3274 1327 plurimos
3306 1260 3517 1330 decepi;

1929 1358 2072 1398 nunc
2100 1353 2276 1398 autem
2308 1354 2414 1400 uta
2443 1346 2652 1402 caeteris
2683 1349 2882 1403 sanctis
2908 1395 2921 1418 ,
2979 1350 3047 1403 ita
3082 1361 3136 1405 et
3166 1361 3255 1406 tuo
3282 1365 3399 1406 sum
3437 1351 3514 1406 la-

1932 1437 2067 1492 bore
2110 1446 2414 1507 superatus.
2474 1439 2644 1507 Quem
2691 1456 2809 1496 cum
2861 1444 3214 1512 interrogaret
3254 1442 3517 1500 Antonius

1931 1530 2175 1597 quisnam
2207 1540 2371 1598 esset,
2432 1532 2520 1602 qui
2553 1532 2675 1587 talia
2717 1534 3043 1604 loqueretur,
3091 1539 3201 1592 ait:
3237 1538 3349 1604 Ego
3401 1552 3520 1595 sum

1928 1618 2299 1677 fornicationis
2316 1624 2541 1691 amicus,
2566 1640 2665 1698 ego
2693 1627 3003 1683 multimoda
3030 1629 3312 1686 adversum
3337 1646 3521 1688 omnes

1934 1712 2306 1769 adolescentes
2339 1715 2684 1786 turpitudinis
2713 1734 2859 1774 arma
2892 1723 3137 1792 suscepi;
3173 1722 3297 1779 hinc
3328 1734 3380 1780 et
3405 1727 3518 1794 spi-

1931 1803 2070 1859 ritus
2101 1805 2473 1864 fornicationis
2497 1825 2659 1866 vocor
2687 1810 2824 1882 (4H).
2857 1813 3094 1879 Quantos
3122 1816 3314 1885 pudice
3342 1819 3522 1875 vivere

233 1890 467 1956 pabant;
496 1892 823 1963 indultisque
853 1905 1059 1951 naturae
1091 1898 1386 1964 vocabulis,
1432 1900 1648 1969 quidam
1681 1909 1739 1954 ut
1766 1900 1828 1954 11-
1855 1884 1905 1948 Β
1936 1893 2286 1964 disponentes
2308 1897 2468 1953 fefelli
2494 1900 2505 1953 !
2543 1910 2672 1971 quot
2697 1905 2927 1959 tenuiter
2949 1884 3288 1978 incipientes,
3317 1908 3383 1964 ad
3413 1923 3522 1965 sor-

232 1979 388 2050 Iium,
423 1986 516 2040 alii
549 1998 604 2042 ut
631 1987 854 2045 fratrem
881 1990 1175 2062 diligebant
1207 1992 1344 2065 (12).

300 2098 434 2152 Car.
459 2099 623 2154 IV.—
638 2100 768 2157 Dum
801 2103 916 2160 haec
941 2116 1154 2176 gereret
1181 2107 1465 2174 Antonius,
1495 2111 1690 2180 quibus
1710 2126 1828 2166 om-

230 2190 377 2244 nium
397 2194 448 2246 in
469 2206 843 2264 seprovocaret
864 2197 1137 2267 affectum,
1155 2201 1404 2257 inimicus
1422 2204 1824 2262 nomitiistri-

227 2283 680 2352 etianidiabolus,
714 2287 1058 2357 impatienter
1106 2292 1287 2348 ferens
1334 2302 1506 2349 tantas
1555 2295 1607 2349 in
1638 2296 1824 2350 adole-

225 2387 414 2431 scente
429 2377 673 2444 virtutes,
689 2381 959 2437 veteranis
973 2397 1097 2438 eum
1115 2399 1400 2456 aggressos
1419 2398 1500 2443 est
1522 2387 1818 2444 fraudibus.

230 2471 288 2525 Et
317 2472 495 2542 primo
524 2474 738 2546 quidem
771 2485 1004 2544 tentans,
1043 2479 1088 2533 si
1119 2496 1224 2549 quo
1239 2482 1398 2536 modo
1430 2493 1608 2552 posset
1640 2484 1708 2538 ab
1737 2499 1822 2539 ar-

227 2574 382 2633 repto
411 2581 532 2620 eum
561 2568 805 2625 instituto
834 2571 1141 2639 detrahere,
1183 2574 1504 2631 immittebat
1532 2576 1582 2632 ei
1611 2592 1812 2632 memo-

225 2657 359 2713 riam
412 2663 862 2736 possessionum,
921 2670 1125 2725 sororis
1169 2670 1556 2739 defensionem,
1607 2674 1820 2743 generis

226 2752 582 2820 nobilitatem,
618 2771 854 2814 amorem
884 2775 1087 2828 rerum,
1123 2763 1324 2818 fluxam
1351 2766 1536 2821 saeculi
1567 2768 1817 2837 gloriam,

226 2859 368 2899 esca:
391 2848 595 2902 variam
619 2848 1053 2918 delectationem,
1107 2864 1155 2908 et
1187 2856 1391 2927 reliqua
1445 2860 1574 2914 vitae
1624 2862 1819 2920 remis-

227 2937 384 2993 sioris
412 2937 779 2997 blandimenta
800 2960 813 3009 ;
847 2955 1124 3015 postremo
1146 2950 1357 3006 virtutis
1380 2953 1605 3010 arduum
1632 2956 1815 3027 finem,

227 3038 280 3084 et
303 3033 598 3088 maximum
630 3035 983 3103 perveniendi
1014 3039 1275 3108 laborem,
1307 3059 1515 3100 necnon
1544 3055 1599 3102 et
1627 3063 1820 3118 corpo-

226 3121 302 3178 ris
324 3123 667 3196 fragilitatem
694 3131 1033 3200 suggerebat,
1065 3143 1118 3189 et
1146 3137 1322 3192 aetatis
1350 3140 1523 3207 spatia
1552 3143 1761 3210 prolixa
1798 3162 1811 3197 :

225 3230 448 3284 prorsus
475 3221 768 3275 maximam
795 3221 842 3276 ei
862 3225 1240 3294 cogitationum
1267 3228 1550 3299 caliginem
1573 3235 1808 3291 suscita-

226 3305 332 3366 bat.
357 3309 546 3366 volens
571 3324 696 3369 eum
724 3327 753 3367 a
783 3323 930 3371 recto
959 3318 1176 3386 preposi
1187 3330 1240 3374 to
1275 3335 1549 3379 revocare.

296 3426 587 3496 Postquam
666 3439 842 3488 autem
896 3432 1141 3491 diabolus
1181 3439 1510 3499 orationibus
1561 3443 1678 3514 ejus
1747 3447 1814 3502 ad

226 3513 413 3585 Deum,
447 3535 548 3589 per
564 3523 830 3592 passionis
851 3525 1012 3582 fidem
1032 3543 1090 3586 se
1104 3530 1363 3589 intellexit
1381 3535 1532 3604 elidi,
1552 3513 1808 3597 consueta

226 3611 509 3667 adversum
546 3629 734 3672 omnes
786 3617 1155 3679 adolescentes
1203 3640 1352 3681 arma
1390 3629 1677 3700 arripiens,
1718 3648 1817 3688 no-

227 3706 426 3760 ctornis
455 3721 578 3762 eum
612 3707 940 3778 inquietabat
973 3713 1263 3773 illecebris.
1297 3717 1362 3774 Et
1383 3721 1613 3790 primum
1643 3711 1817 3782 ndcti-

225 3797 322 3854 bus
359 3799 560 3857 infesta
610 3805 949 3863 multitudine
993 3822 1048 3865 et
1098 3811 1341 3869 horribili
1395 3826 1542 3873 metu
1598 3821 1808 3877 sonitus

222 3909 346 3950 eum
377 3899 655 3968 exagitare
678 3903 991 3962 conabatur.
1021 3907 1123 3963 Per
1148 3910 1265 3966 dies
1297 3912 1457 3969 etiam
1483 3924 1588 3970 tam
1616 3919 1816 3988 apertis

223 3985 274 4042 in
303 4003 430 4044 eum
466 3991 584 4046 telis
615 3991 874 4059 irruebat,
902 4006 962 4053 ut
987 4000 1165 4057 nullus
1186 4004 1504 4076 ambigeret,
1539 3985 1665 4077 quin
1698 4014 1814 4067 An-

228 4081 407 4136 tonius
435 4090 628 4139 contra
660 4086 928 4145 diabolum
959 4090 1263 4153 dimicaret.
1306 4098 1438 4154 Nam
1472 4111 1526 4158 et
1553 4103 1644 4159 ille
1669 4105 1815 4175 cogi-

225 4175 458 4230 tationes
478 4178 720 4237 sordidas
740 4183 1037 4241 conabatur
1059 4188 1318 4258 inserere,
1343 4203 1397 4249 et
1423 4195 1510 4251 hic
1537 4211 1630 4254 eas
1656 4209 1812 4256 oratu

225 4267 582 4325 submovebat
632 4275 869 4331 assiduo.
926 4278 1022 4334 Ille
1073 4281 1322 4340 titillahat
1362 4302 1554 4347 sensus
1585 4295 1814 4351 naturali

226 4362 406 4417 carnis
435 4363 658 4434 ardore;
724 4368 812 4426 hic
843 4365 964 4441 fide,
1025 4377 1223 4448 vigiliis
1261 4391 1316 4437 et
1356 4382 1574 4454 jejuniis
1619 4403 1815 4459 corpus

231 4466 391 4510 omne
437 4457 690 4514 vallabat.
741 4462 835 4518 ille
865 4480 961 4535 per
990 4479 1176 4526 noctes
1205 4471 1257 4527 in
1289 4475 1528 4542 pulchrae
1571 4457 1813 4538 mulieris

222 4548 538 4606 vertebatur
558 4563 804 4611 ornatum
822 4599 838 4620 ,
897 4560 1042 4617 nulla
1070 4566 1327 4623 amittens
1352 4570 1601 4639 figmenta
1655 4578 1813 4633 lasci-

1933 1984 2030 2040 des
2081 1986 2335 2054 pristinas
2392 1989 2569 2045 redire
2622 1992 2894 2060 persuasi!
2951 1994 3062 2066 Ego
3111 2013 3249 2067 sum,
3306 2007 3521 2070 propter

1934 2090 2092 2144 quem
2125 2077 2385 2148 propheta
2412 2079 2591 2150 lapsos
2621 2082 2889 2152 increpat,
2921 2084 3103 2142 dicens
3139 2102 3153 2141 :
3179 2087 3381 2158 Spiritu
3411 2089 3521 2146 for-

1941 2167 2230 2223 nicationis
2258 2170 2464 2226 seducﬁ
2495 2175 2628 2228 estis
2660 2174 2830 2246 (Osew
2859 2177 2958 2248 tv),
3006 2189 3058 2233 et
3083 2195 3265 2237 revera
3297 2199 3390 2251 per
3434 2200 3521 2240 me

1933 2261 2083 2316 etilli
2107 2263 2685 2336 fuerautsupplantati.
2705 2269 2814 2339 Ego
2843 2286 2960 2325 sum
2986 2273 3074 2340 qui
3099 2281 3149 2328 te
3177 2274 3347 2344 ipsum
3377 2293 3520 2348 saepe

1933 2355 2155 2420 tentavi,
2185 2366 2238 2412 et
2259 2371 2472 2428 semper
2519 2362 2765 2430 repulsus
2787 2377 2926 2418 sum.
2980 2365 3114 2421 Cum
3172 2367 3273 2422 hoc
3320 2366 3519 2426 Christi

1932 2447 2088 2504 miles
2111 2450 2370 2515 audisset,
2400 2451 2598 2521 gratias
2627 2469 2788 2524 agens
2819 2455 2951 2522 Deo,
2999 2467 3053 2513 et
3081 2458 3309 2530 largiore
3330 2461 3519 2518 adver-

1931 2553 2026 2594 sus
2059 2540 2332 2596 inimicum
2363 2547 2695 2600 confortatus
2726 2549 2969 2615 audacia,
2995 2553 3106 2606 ait:
3141 2555 3358 2608 Multum
3389 2571 3519 2627 ergo

1928 2631 2288 2703 deSpicabilis,
2346 2637 2681 2708 multumque
2725 2643 3143 2712 contemptibilis
3165 2660 3254 2712 cs;
3310 2662 3433 2704 nam
3463 2655 3518 2704 et

1927 2725 2228 2782 obscuritas
2253 2737 2341 2783 tua
2367 2737 2422 2785 et
2445 2741 2575 2786 tetas
2605 2731 2935 2788 inﬁrmarum
2962 2736 3109 2806 signa
3163 2746 3288 2792 sunt
3315 2754 3516 2795 rerum.

1928 2818 2082 2876 Nulla
2119 2822 2246 2876 mihi
2274 2821 2384 2892 jam
2412 2824 2478 2880 de
2507 2833 2559 2880 te
2583 2842 2708 2880 cura
2738 2837 2841 2882 est.
2872 2828 3131 2883 Dominus
3154 2830 3283 2884 mihi
3308 2830 3518 2902 adjulor

1926 2923 2028 2976 est,
2082 2924 2136 2970 et
2180 2930 2281 2986 ego
2321 2918 2608 2973 exsultabo
2651 2933 2811 2989 super
2841 2919 3083 2976 inimicos
3133 2937 3281 2977 meos
3344 2921 3514 2992 (ρωι.

1927 3008 2115 3068 cxvu).
2161 3008 2225 3062 Et
2264 3010 2474 3074 statim,
2519 3011 2586 3065 ad
2635 3025 2821 3069 vocem
2853 3015 3143 3081 cantantis,
3197 3019 3515 3070 phantasma

1928 3101 2071 3169 quod
2102 3101 2408 3169 videbatur,
2442 3115 2679 3160 evanuit.

1999 3192 2128 3251 Car.
2159 3193 2225 3250 V.
2263 3223 2332 3235 —
2385 3195 2510 3250 Hmc
2532 3206 2706 3253 autem
2757 3197 2972 3253 Antonii
3035 3206 3216 3253 contra
3243 3199 3508 3255 diabolum

1836 3277 1884 3342 C
1918 3282 2016 3338 fuit
2047 3284 2214 3352 prima
2243 3285 2486 3352 victoria,
2519 3288 2624 3343 into
2645 3289 2812 3343 virtus
2837 3290 2887 3343 in
2910 3289 3142 3344 Antonio
3170 3290 3459 3347 Salvatoris
3490 3307 3506 3346 :

1926 3377 2016 3447 qui
2048 3388 2325 3446 peccatum
2359 3379 2409 3433 in
2433 3393 2593 3435 carne
2623 3381 3023 3451 condemnavit,
3079 3382 3189 3454 38
3233 3393 3291 3439 ut
3316 3383 3509 3454 justiﬁ-

1925 3473 2064 3528 catio
2090 3474 2221 3544 legis
2252 3474 2305 3528 in
2335 3475 2488 3530 nobis
2517 3477 2900 3547 compleretur,
2933 3481 3022 3548 qui
3073 3497 3176 3537 non
3214 3482 3507 3538 secundum

1924 3580 2137 3621 carnem
2168 3565 2525 3635 ambulamus,
2580 3570 2674 3626 sed
2717 3573 3015 3628 secundum
3051 3574 3296 3645 spiritum
3329 3577 3510 3646 (Rom.

1926 3659 2069 3729 vni).
2099 3659 2206 3716 Sed
2241 3677 2414 3731 neque
2444 3664 2674 3721 Antonio
2706 3669 3045 3724 securitatem
3087 3668 3235 3724 dedit
3256 3668 3342 3726 hic
3371 3686 3511 3727 unus

1924 3753 2249 3822 triumphus,
2283 3769 2382 3809 nec
2415 3754 2629 3811 diabolo
2668 3760 2834 3813 semel
2862 3759 3042 3815 fracta:
3073 3760 3320 3817 defecere
3341 3763 3502 3819 vires.

1920 3841 2053 3899 Nam
2083 3853 2135 3900 et
2161 3845 2283 3912 iste,
2316 3857 2372 3902 ut
2394 3849 2476 3902 leo
2501 3850 2715 3920 rugiens
2739 3849 2792 3922 (1
2825 3851 2944 3906 Pet.
2971 3853 3049 3924 v),
3077 3857 3350 3923 quaerebat
3386 3855 3505 3911 adi-

1921 3946 2033 3990 tum
2065 3953 2160 4007 per
2189 3954 2344 4008 quem
2376 3950 2558 4010 posset
2609 3942 2938 4014 irrumpere;
2998 3953 3050 4001 et
3086 3946 3175 4001 ille
3201 3945 3508 4017 Scriptura-

1920 4043 2038 4084 rum
2065 4031 2256 4086 doctus
2278 4033 2513 4102 eloquio,
2545 4036 2742 4092 multas
2773 4052 2894 4093 esse
2929 4038 3234 4096 daemonum
3288 4043 3490 4112 captio-

1921 4139 2016 4178 nes
2039 4122 2254 4194 (Ephes.
2279 4128 2378 4196 vt),
2404 4127 2585 4183 solerti
2620 4131 2948 4200 propositum
2983 4131 3170 4189 labore
3197 4135 3446 4190 servabat
3472 4152 3487 4202 ;

1921 4216 2268 4272 considerans
2297 4217 2418 4289 quia
2456 4229 2636 4288 posset
2685 4221 2912 4278 Satanas
2962 4225 3013 4280 in
3045 4225 3219 4282 carnis
3249 4227 3504 4283 collucta-

1923 4305 2068 4361 tione
2094 4320 2400 4376 superatus,
2432 4327 2688 4367 novarum
2714 4315 2971 4372 adversus
2992 4332 3049 4373 se
3080 4318 3276 4374 artium
3304 4319 3508 4376 machi-

1921 4413 2018 4454 nas
2047 4401 2221 4457 acrius
2252 4416 2615 4463 commovere.
2647 4404 2852 4462 Idcirco
2882 4407 3050 4478 magis
3092 4425 3155 4464 ac
3179 4413 3347 4482 magis
3376 4412 3504 4467 sob-

1915 4489 2136 4562 jugabat
2183 4508 2378 4563 corpus
2424 4509 2604 4560 suum,
2658 4512 2724 4552 ne
2782 4498 2952 4553 victor
2982 4499 3231 4570 aliorum,
3277 4503 3330 4556 in
3380 4503 3499 4558 aliis

1920 4583 2293 4656 vinceretor(l
2324 4585 2442 4641 Cor.
2478 4587 2573 4653 ix).
2605 4586 2900 4656 Disponens
2931 4590 3092 4660 igitur
3114 4591 3315 4646 duriori
3338 4606 3396 4646 se
3421 4592 3506 4648 vi-

1394 4638 1413 4639 ,
2026 4638 2034 4639 κ
2242 4638 2257 4656 ι
2429 4638 2439 4641 -
2931 4638 3080 4660 -,,--,-
3117 4638 3395 4646 ---.-..--
3431 4638 3474 4648 .-

223 4638 318 4741 viae
344 4657 359 4702 ;
418 4641 508 4697 hic
536 4644 754 4754 ultrices
775 4651 1035 4720 gehennae
1067 4656 1310 4713 flammas
1334 4670 1388 4716 et
1416 4664 1657 4722 dolorem
1689 4685 1812 4725 ver-
1839 4669 1896 4730 D
1923 4683 1989 4730 ta:
2023 4678 2139 4746 lege
2161 4681 2550 4750 constringere,
2586 4695 2708 4735 cum
2739 4696 2928 4737 omnes
2957 4683 3338 4754 infatigabilem
3370 4687 3508 4742 ado-

225 4731 392 4785 mium
447 4736 762 4805 recordans,
824 4741 1043 4812 ingestae
1073 4746 1172 4801 sibi
1228 4749 1434 4807 libidini
1485 4759 1809 4827 opponebat.

293 4845 392 4902 ille
441 4847 703 4905 lubricum
737 4851 1113 4913 adolescentiae
1145 4859 1246 4914 iter
1287 4863 1424 4934 (l3),
1482 4876 1537 4923 et
1585 4869 1651 4924 ad
1704 4873 1812 4928 rui-

221 4954 346 4995 nam
378 4940 537 4997 facile
566 4947 928 5015 proponebat;
953 4950 1038 5006 hic
1068 4962 1268 5010 aeterna
1298 4958 1458 5017 futuri
1485 4959 1674 5031 judicii
1699 4974 1814 5023 tor-

223 5044 404 5091 menta
436 5038 822 5112 considerans,
871 5044 1092 5103 illaesam
1138 5051 1334 5108 anima:
1383 5055 1668 5125 puritatem
1719 5076 1813 5131 per

222 5135 556 5183 tentamenta
578 5135 848 5189 servabat.
879 5135 980 5192 lsta
1009 5151 1187 5196 autem
1221 5146 1401 5201 omnia
1439 5148 1502 5203 ad
1533 5152 1808 5210 confusio-

223 5234 346 5275 nem
377 5222 574 5279 diaboli
609 5225 837 5294 fiebant;
899 5231 988 5300 qui
1019 5234 1161 5289 enim
1213 5239 1441 5296 similem
1466 5257 1525 5298 se
1550 5243 1662 5300 Deo
1691 5247 1806 5304 fieri

223 5326 386 5381 posse
416 5316 781 5388 existimabat,
833 5338 974 5381 nunc
1004 5327 1072 5382 ab
1098 5329 1441 5391 adolescente
1465 5345 1523 5392 ut
1567 5341 1804 5397 miserri-

217 5419 337 5459 mus
378 5406 765 5480 deludebator;
821 5424 875 5470 et
921 5418 1009 5487 qui
1043 5430 1228 5477 contra
1255 5439 1473 5484 carnem
1505 5439 1561 5484 et
1588 5434 1804 5503 sangui-

219 5510 340 5550 nem
374 5503 655 5570 saeviebat,
686 5504 755 5558 ab
779 5504 1018 5579 homine,
1049 5515 1138 5582 qui
1167 5529 1382 5572 carnem
1413 5523 1661 5589 portabat
1701 5528 1806 5582 eli-

219 5599 308 5641 sus
343 5600 453 5644 est.
474 5592 775 5662 Adjuvabat
800 5599 940 5656 enim
969 5617 1182 5661 servum
1215 5622 1370 5665 suum
1401 5611 1683 5686 Dominus,
1714 5622 1805 5689 qui

217 5681 388 5733 nostri
421 5683 590 5750 gratia
620 5701 837 5745 carnem
888 5695 1206 5764 suscipiens,
1265 5701 1542 5760 victoriam
1591 5681 1804 5778 corpori

216 5781 405 5827 contra
435 5775 708 5834 diabolum
742 5783 960 5852 largitus
984 5798 1084 5854 est,
1121 5799 1200 5856 ut,
1225 5791 1469 5862 'singolis
1501 5797 1569 5852 ita
1594 5775 1807 5858 certan-

220 5862 767 5946 tib_o_s,’apostolicum
790 5873 976 5934 liceret
1018 5879 1258 5949 proferre
1285 5897 1590 5944 sermonem
1623 5908 1638 5944 :
1684 5891 1801 5951 Non

1925 4769 2174 4825 lescentis
2206 4771 2526 4828 mirarentur
2556 4775 2863 4831 instantiam
2896 4776 3038 4849 (15),
3098 4790 3338 4836 sanctum
3373 4782 3507 4837 tole-

1928 4872 2114 4916 ranter
2143 4863 2350 4921 ferebat
2377 4865 2635 4936 laborem,
2689 4871 2810 4940 quia
2843 4872 3179 4938 voluntaria:
3234 4875 3506 4930 servitutis

1927 4954 2145 5024 longum
2181 4957 2230 5011 in
2258 4957 2351 5014 Dei
2380 4975 2543 5030 opere
2567 4962 2819 5031 studium,
2854 4967 3290 5023 consuetudinem
3322 4968 3372 5020 in
3405 4981 3501 5020 na-

1926 5058 2094 5103 turam
2128 5059 2382 5108 verterat.

1995 5141 2124 5197 Car.
2151 5141 2237 5198 Vl.
2262 5174 2332 5185 —
2358 5145 2551 5203 inedia:
2577 5159 2752 5206 autem
2785 5161 2840 5206 et
2867 5152 3163 5221 vigiliarum
3218 5152 3270 5206 in
3301 5161 3503 5208 tantum

1923 5241 2129 5310 patiens
2151 5253 2286 5312 erat,
2321 5254 2377 5300 ut
2409 5246 2837 5309 incredulitatem
2863 5252 3067 5306 viribus
3087 5250 3344 5305 vinceret.
3376 5250 3505 5306 Per-

1920 5336 2172 5392 noctabat
2201 5335 2252 5394 in
2285 5340 2530 5396 oratione
2561 5345 2882 5413 saepissime,
2907 5344 3099 5398 edebat
3124 5345 3291 5398 semel
3330 5344 3380 5398 in
3414 5345 3505 5399 die

1920 5440 2041 5499 post
2071 5432 2203 5487 solis
2229 5447 2508 5494 occasum.
2563 5451 2941 5504 nonnunquam
3001 5436 3160 5492 biduo
3211 5437 3494 5510 triduoque

1921 5521 2002 5577 sic
2029 5538 2368 5593 permanens,
2423 5537 2611 5598 quarta
2643 5528 2856 5583 demum
2889 5528 2974 5582 die
3004 5528 3359 5588 reficiebatur.
3395 5533 3502 5587 Su-

1927 5615 2105 5671 mebat
2127 5634 2255 5674 vero
2289 5636 2479 5689 panem
2512 5628 2568 5675 et
2590 5622 2692 5688 sal,
2754 5628 3042 5693 potumque
3092 5639 3245 5694 aquae
3278 5641 3500 5695 perpar-

1918 5723 2066 5764 vom.
2104 5711 2180 5765 De
2205 5713 2452 5767 carnibus
2477 5728 2604 5766 vero
2632 5723 2688 5768 et
2739 5714 2863 5770 vino
2907 5725 3083 5774 tacere
3135 5719 3326 5773 melius
3375 5728 3502 5788 puto

1917 5817 2079 5870 quam
2116 5804 2408 5872 quidquam
2434 5804 2634 5868 dicere.
2669 5808 2883 5879 quando
2927 5825 3026 5866 nec
3079 5809 3215 5880 apud
3249 5810 3500 5878 plurimos

1918 5897 2133 5963 quidem
2167 5895 2550 5956 monachorum
2603 5902 2902 5960 istiusmodi
2953 5902 3149 5975 aliquid
3183 5902 3498 5971 reperiatur.
