4124 6350
662 324 757 393 l3!

1691 324 1778 391 DE
1820 322 1996 389 VITIS
2034 316 2321 389 ΡΔΤΒυΜ
2360 320 2564 389 LIBER
2605 324 2874 395 PRIMUS.

3830 338 3933 409 J32

665 446 844 515 Quieti
870 452 1045 500 autem
1076 443 1317 500 membra
1344 443 1669 512 concedens,
1697 443 1865 517 junco
1892 451 2145 502 contexto
2172 452 2247 499 at-
2268 437 2325 505 Α
2349 442 2634 502 adversum
2659 462 2744 507 me
2760 456 2963 517 castra,
3008 465 3114 515 non
3141 452 3351 519 timebit
3392 468 3487 515 cor
3514 471 3691 523 meum
3751 458 3925 533 (Prol.

667 556 773 612 que
802 537 978 596 cilicio
1008 537 1274 594 utebatur.
1330 535 1717 607 Nonnunquam
1746 538 1906 593 etiam
1958 552 2119 607 super
2146 552 2244 593 nn-

670 636 793 690 dam
817 636 1036 689 humum
1068 633 1300 705 jacebat,
1363 641 1629 701 unguenta
1676 632 1889 707 penitus
1932 630 2243 701 repudians.

672 727 895 782 Dicebat
925 725 1066 780 enim
1102 725 1321 780 minime
1350 737 1509 794 posse
1559 725 1840 790 utentium,
1898 734 1951 780 et
1980 722 2246 794 praecipue

664 818 916 890 jnvenum
951 830 1174 885 corpora
1200 813 1460 876 roborari.
1488 813 1531 868 si
1552 814 1652 869 olei
1670 822 1851 868 essent
1872 812 2087 867 lenitate
2110 812 2249 868 mol-

665 911 792 971 lita:
822 918 1070 981 oportere
1105 922 1236 963 vero
1266 921 1486 978 asperos
1527 906 1673 962 carni
1721 905 1932 961 labores
1961 904 2245 975 imperari,

668 1000 961 1056 secundum
1012 998 1257 1069 Apostolt
1306 1007 1657 1073 praeceptum,
1702 997 1971 1053 dicentis:
2024 996 2248 1067 Quando

673 1093 938 1157 infirmor,
984 1102 1107 1147 tunc
1130 1092 1317 1146 fortior
1343 1105 1460 1145 sum
1497 1088 1585 1161 (11
1615 1090 1732 1147 Cor.
1767 1091 1884 1162 xu).
1938 1089 2251 1146 Asserebat-

665 1204 769 1260 que
797 1201 1011 1243 sensum
1040 1186 1200 1243 animi
1231 1186 1309 1242 sic
1338 1199 1495 1256 posse
1518 1185 1861 1250 reviviscere,
1911 1184 1957 1239 si
2007 1184 2250 1256 corporis

664 1277 858 1336 fuisset
886 1283 1117 1349 impetus
1146 1277 1416 1351 fatigatus.
1448 1277 1599 1335 Unde
1620 1293 1721 1333 nec
1744 1287 2042 1351 temporum
2073 1277 2247 1350 longi-

668 1373 855 1429 tudine
884 1372 1131 1426 laborum
1159 1373 1346 1427 merita
1380 1370 1656 1443 pensabat,
1684 1370 1777 1425 sed
1800 1383 1982 1424 amore
2003 1378 2055 1422 et
2081 1368 2250 1424 famu-

667 1473 775 1519 latu
805 1471 1100 1535 spontaneo
1127 1477 1361 1534 semper,
1424 1470 1674 1532 tanquam
1708 1461 1761 1515 in
1814 1460 2091 1537 principiis
2120 1477 2252 1516 con-

671 1558 913 1625 stitutus,
938 1557 1001 1611 ad
1028 1555 1323 1626 profectum
1354 1555 1523 1611 divini
1557 1565 1729 1612 metus
1762 1555 2091 1612 desiderium
2116 1570 2249 1615 cnn-

668 1648 884 1703 citabat.
936 1648 1209 1722 Novisque
1238 1648 1460 1719 cupiens
1490 1649 1676 1722 augeri
1733 1650 2028 1721 praeterita,
2083 1664 2247 1720 supra

664 1746 947 1799 memorati
973 1743 1218 1798 Doctoris
1249 1759 1555 1800 sermonum
1585 1744 1986 1810 recordabatur,
2020 1744 2111 1815 qui
2139 1743 2244 1799 ait:

2353 539 2536 609 XXVI).
2569 540 2715 596 Talia
2755 557 2822 599 eo
2851 544 3080 621 dicente,
3127 546 3389 611 bonorum
3448 550 3620 619 hostis
3659 554 3927 627 diabolus,

2312 630 2317 639 ’
2346 631 2646 703 admiratus
2672 637 2814 709 quod
2841 648 2962 709 post
2993 648 3070 697 tot
3095 640 3314 703 verbera
3347 642 3533 713 fuisset
3559 662 3721 704 ausus
3750 666 3934 713 rever-

2352 725 2413 794 ti,
2450 733 2789 801 congregatis
2813 734 3039 791 canibus
3066 737 3199 809 suis,
3229 746 3284 795 et
3310 742 3530 811 proprio
3559 756 3618 803 se
3644 741 3827 801 furore
3845 746 3935 801 di-

2309 893 2313 896 ν
2349 816 2560 873 lanians
2588 838 2603 876 :
2638 820 2865 892 Videtis,
2890 827 2986 895 ait,
3018 826 3138 899 quia
3168 842 3266 885 nec
3317 829 3505 903 spiritu
3536 830 3931 906 fornicationis,

2351 927 2451 967 nec
2473 915 2715 982 corporis
2754 916 3032 977 doloribus
3063 930 3376 997 superatus,
3428 924 3647 1001 insuper
3675 927 3937 989 audacter

2350 1001 2565 1059 lacessit
2590 1020 2709 1063 nos.
2758 1006 2947 1064 Omnia
2979 1025 3127 1065 arma
3155 1012 3428 1083 corripite,
3483 1016 3662 1077 acrius
3714 1032 3745 1081 a
3776 1021 3863 1073 ne!
3882 1020 3936 1077 is

2352 1093 2749 1171 impttgnandus
2776 1108 2877 1156 est.
2903 1100 3132 1175 Sentiat,
3164 1106 3383 1173 sentiat.
3417 1106 3588 1177 Debet
3626 1110 3770 1173 scire
3799 1127 3938 1182 quos

2356 1199 2631 1260 provocet.
2680 1192 2836 1257 Dixit,
2894 1203 2949 1249 et
2974 1195 3038 1251 ad
3072 1196 3337 1261 hortantis
3382 1215 3567 1261 vocem
3596 1205 3935 1275 audientium

2354 1282 2505 1337 turba
2537 1286 2829 1352 consensit,
2855 1288 2977 1365 quia
3002 1289 3306 1349 innumeras
3326 1291 3573 1357 diabolus
3602 1295 3761 1355 habet
3785 1310 3939 1359 arma

2306 1449 2313 1455 ι
2353 1375 2603 1430 nocendi.
2648 1377 2864 1439 Sonitus
2911 1380 3070 1451 igitur
3107 1385 3416 1457 repentinus
3442 1387 3734 1460 increpuit,
3766 1391 3842 1445 ita
3874 1401 3937 1455 ut

2353 1463 2477 1519 loco
2508 1464 2743 1521 funditus
2767 1469 2987 1541 agitato,
3010 1480 3063 1526 et
3089 1474 3386 1543 parietibus
3415 1478 3715 1547 patefactis,
3748 1482 3939 1543 multi-

2353 1555 2488 1611 faria
2518 1558 2817 1615 daemonum
2852 1564 3046 1619 exinde
3073 1567 3224 1627 turba
3262 1584 3322 1633 se
3350 1567 3680 1643 eﬂunderet;
3730 1588 3855 1637 nam
3880 1584 3942 1637 et

2355 1649 2645 1705 bestiarum
2674 1660 2725 1707 et
2750 1654 3078 1725 serpentium
3109 1654 3310 1716 formas
3360 1660 3664 1733 induentes,
3712 1681 3941 1726 omnem

2306 1732 2312 1824 ξ
2354 1744 2603 1809 protinus
2650 1745 2822 1804 locum
2866 1750 3142 1823 replevcre
3192 1751 3488 1825 phantasiis
3534 1758 3648 1835 39
3694 1760 3939 1829 leonum,

664 1832 939 1887 Praeterita
972 1834 1314 1900 obliviscens,
1366 1844 1423 1889 et
1470 1834 1524 1888 in
1574 1833 1807 1889 futurum
1866 1834 2249 1893 convalescens
2278 1820 2327 1895 Β
2360 1841 2661 1903 tattrorum,
2696 1841 2963 1908 luporum,
2997 1843 3262 1914 aspidum,
3290 1849 3641 1917 serpentium,
3689 1854 3941 1924 scorpio-

662 1928 890 1999 (Philip.
918 1932 1022 2000 in).
1057 1929 1371 1987 Meminerat
1398 1945 1610 2002 quoque
1652 1931 1786 1989 Eliae
1835 1933 2109 2004 prophetae
2160 1933 2243 1993 di-

661 2022 830 2079 centis
865 2038 880 2077 :
916 2022 1056 2079 Vivit
1104 2022 1390 2089 Dominus,
1424 2025 1511 2080 cui
1537 2036 1655 2082 asto
1684 2025 1844 2084 hodie
1885 2035 2009 2085 ante
2067 2028 2240 2098 ipsum

661 2115 779 2189 (ιιι
814 2117 943 2189 Reg.
985 2119 1156 2189 xvm);
1190 2126 1245 2179 et
1267 2118 1681 2177 disserebatcur
1709 2119 1865 2179 hodie
1906 2130 2052 2178 esset
2079 2136 2249 2191 appo—

665 2212 847 2276 situm,
877 2213 1000 2283 quia
1026 2225 1130 2266 non
1161 2212 1506 2282 computabat
1557 2213 1701 2269 Elias
1755 2224 2082 2286 praeteritum
2114 2224 2250 2271 tetu-

659 2315 781 2379 pus,
812 2306 905 2361 sed
938 2315 1188 2376 tanquam
1218 2308 1459 2379 quotidie
1490 2308 1543 2364 in
1583 2308 1881 2365 certamine
1902 2310 2244 2380 constitutus,

665 2398 827 2454 talem
860 2413 919 2453 se
949 2399 1189 2469 praebere
1209 2399 1475 2469 cupiebat.
1534 2402 1745 2473 qualem
1775 2402 1978 2461 sciebat
2025 2403 2245 2474 dignum

662 2484 758 2541 Dei
813 2501 932 2541 esse
985 2489 1386 2557 conspectibus,
1434 2504 1623 2561 purum
1671 2492 1855 2559 corde,
1918 2500 1975 2553 et
2002 2503 2247 2564 paratum

662 2576 885 2633 obedire
911 2578 1170 2634 voluntati
1202 2580 1335 2651 ejus.
2232 2642 2235 2645 .

729 2669 855 2724 Car.
895 2669 1005 2725 Vll.
1033 2701 1103 2713 —
1158 2671 1327 2745 Igitur
1356 2684 1573 2733 sanctus
1598 2677 1860 2737 Antonius
1880 2694 2059 2741 secum
2086 2695 2247 2749 repu-

659 2776 777 2817 tans
806 2774 1053 2834 Oportere
1081 2762 1179 2820 Dei
1219 2767 1473 2825 famulum
1502 2785 1569 2825 ex
1600 2772 1848 2829 instituto
1896 2775 2079 2845 magni
2114 2774 2244 2833 Elite

662 2860 970 2928 exemplum
997 2874 1210 2931 capere.
1243 2871 1296 2919 et
1315 2863 1381 2918 ad
1428 2864 1557 2925 illud
1589 2866 1863 2935 speculum
1897 2868 2060 2931 vitam
2092 2886 2243 2925 suam

670 2953 871 3009 debere
897 2969 1240 3026 componere,
1291 2958 1358 3017 ad
1415 2961 1661 3030 sepulcra
1692 2976 1798 3018 non
1856 2961 2013 3032 longe
2061 2978 2092 3018 a
2123 2964 2244 3021 villa

667 3046 957 3100 constituta
993 3048 1239 3114 secessit,
1274 3053 1360 3104 uni
1392 3051 1459 3107 de
1484 3055 1711 3124 cognitis
1740 3055 2000 3112 mandans
2027 3066 2086 3112 ut
2128 3069 2241 3119 sta-

664 3135 795 3192 tutis
815 3136 1006 3193 diebus
1038 3139 1139 3195 sibi
1172 3141 1423 3202 alimenta
1457 3143 1710 3203 deferret.
1777 3148 1841 3201 Et
1876 3164 1996 3207 cum
2051 3151 2104 3204 in
2136 3165 2240 3205 una

2359 1944 2510 1998 nunt,
2570 1945 2777 1985 necnon
2810 1940 2864 1987 et
2908 1933 3194 2013 pardorum
3223 1947 3383 2009 atque
3412 1956 3681 2000 ursorum.
3736 1945 3801 2001 Et
3821 1948 3944 2005 tunc

2355 2022 2573 2090 singula
2596 2022 2889 2078 secundum
2919 2039 3070 2080 suam
3095 2027 3393 2084 fremebant
3420 2042 3687 2091 naturam.
3740 2036 3945 2108 Rugic-

2354 2113 2446 2168 bat
2476 2115 2584 2181 leo,
2617 2116 2865 2171 occidere
2888 2120 3107 2187 volens;
3132 2131 3319 2178 taurus
3346 2127 3548 2196 mugitu
3604 2137 3656 2183 et
3684 2131 3945 2189 cornibus

2354 2205 2688 2275 minabatur;
2713 2224 2934 2278 serpens
2961 2213 3119 2268 sibilo
3148 2220 3495 2285 personabat;
3547 2221 3789 2293 luporum
3836 2223 3945 2279 itn~

2352 2308 2509 2368 pctus
2534 2299 2942 2370 ingerebantur;
2970 2307 3167 2375 pardus
3190 2307 3524 2367 discoloriter
3553 2314 3669 2389 (l7)
3700 2318 3945 2372 auctoris

2350 2391 2434 2445 sui
2457 2392 2779 2448 calliditates
2808 2398 2985 2452 varias
3008 2398 3297 2454 indicabat.
3332 2402 3534 2460 Truces
3561 2411 3797 2464 omnium
3824 2409 3944 2468 vul-

2353 2493 2466 2550 tus,
2491 2495 2545 2541 et
2574 2486 2723 2541 vocis
2746 2489 2978 2545 horride
3005 2492 3151 2547 dirus
3178 2496 3415 2555 auditus.
3446 2500 3712 2556 Antonius
3762 2504 3944 2578 ﬂagel~

2353 2579 2495 2635 latus
2525 2590 2684 2651 atque
2740 2581 3022 2640 confossus
3064 2590 3327 2645 sentiebat
3385 2593 3599 2662 quidem
3633 2600 3943 2675 asperiores

2356 2675 2604 2740 corporis
2634 2674 2871 2741 dolores,
2902 2677 2994 2731 sed
3029 2678 3423 2748 imperterritus
3476 2674 3700 2743 durabat
3756 2702 3943 2750 tuente

2348 2765 2618 2835 pervigili.
2646 2766 2716 2821 Et
2746 2768 2871 2824 licet
2919 2774 3173 2841 gemitum
3205 2774 3427 2831 vulnera
3457 2780 3636 2835 carnis
3665 2784 3943 2853 erpritne~

2346 2866 2493 2924 rent,
2520 2873 2678 2913 sensu
2715 2868 2895 2915 tamen
2924 2862 3063 2917 idem
3093 2880 3431 2936 permanens,
3464 2873 3613 2941 quasi
3654 2874 3723 2935 de
3754 2875 3939 2933 inimi-

2346 2952 2426 3008 cis
2453 2953 2697 3022 luderet,
2730 2955 3049 3027 loquebatur
3076 2977 3088 3012 :
3120 2959 3176 3015 Si
3198 2962 3389 3016 virium
3419 2964 3615 3034 aliquid
3642 2967 3941 3038 haberetis,

2344 3045 2617 3102 sufﬁceret
2648 3064 2786 3103 unus
2842 3049 2909 3104 ad
2960 3051 3231 3121 praelium;
3290 3056 3384 3111 sed
3422 3060 3670 3126 quoniam
3706 3062 3944 3120 Domino

2350 3155 2448 3195 vos
2471 3152 2760 3198 encrvanlc
2784 3143 3112 3215 frangimini,
3133 3148 3470 3207 multitudine
3488 3155 3706 3209 tentatis
3734 3155 3943 3214 inferre

659 3226 919 3285 memoria
954 3229 1066 3301 (lli)
1094 3246 1252 3302 supra
1282 3231 1455 3289 dictus
1477 3231 1642 3291 frater
1677 3252 1801 3293 eum
1825 3238 2121 3305 clausisset,
2152 3224 2320 3317 sojc
2366 3244 2621 3302 terrores.
2664 3252 2785 3292 00m
2814 3237 2917 3293 hoc
2948 3240 3118 3309 ipsum
3168 3242 3491 3301 εηπηηίιθιίε
3540 3246 3795 3303 Ῑηάίοῖυηι
3845 3250 3941 3318 εει»

658 3317 741 3373 lus
764 3318 973 3377 .ibidem
997 3323 1333 3381 morabatur.
1365 3324 1605 3385 Metuens
1628 3341 1757 3399 ergo
1783 3329 2027 3389 diabolus
2056 3347 2124 3389 ne
2153 3348 2242 3389 ac-

659 3422 815 3463 cessu
841 3412 1095 3481 temporis
1128 3429 1368 3469 eremum
1400 3431 1612 3493 quoque
1642 3418 1871 3477 habitari
1903 3420 2123 3488 faceret,
2170 3424 2241 3479 ita

657 3512 782 3553 eum
812 3503 1107 3573 aggregatis
1135 3505 1458 3564 satellitibus
1484 3510 1616 3576 suis,
1671 3511 1815 3568 varia
1852 3513 2005 3568 crede
2038 3514 2242 3573 lacera—

614 3598 615 3601 “
657 3592 756 3659 vit,
788 3602 841 3649 ut
867 3592 1069 3651 doloris
1111 3599 1420 3668 magnitudo
1448 3608 1504 3655 et
1545 3612 1749 3658 motum
1780 3605 2015 3667 auferret
2070 3616 2124 3662 et
2154 3622 2246 3663 vo-

657 3699 796 3743 cem.
855 3688 986 3745 Nam
1041 3700 1095 3746 et
1146 3691 1261 3765 ipse
1292 3702 1474 3763 postea
1518 3709 1662 3768 saepe
1685 3698 1970 3767 referebat,
2020 3701 2243 3763 vulnera

656 3777 821 3836 fuisse
877 3791 982 3836 tam
1016 3782 1218 3855 gravia,
1280 3792 1337 3839 ut
1365 3786 1612 3841 universa
1664 3787 1940 3851 hominum
1975 3800 2240 3851 tormenta

614 3864 617 3867 ’
656 3884 1007 3943 superarent;
1040 3874 1133 3930 sed
1164 3875 1255 3931 Dei
1282 3878 1633 3949 providentia,
1654 3896 1773 3959 qua:
1801 3898 2070 3954 nunquam
2100 3884 2154 3943 in
2183 3901 2243 3941 se

656 3965 996 4036 sperantibus
1027 3967 1199 4033 deest,
1234 3974 1578 4030 conservavit
1606 3991 1747 4034 eum.

732 4060 851 4113 Alio
877 4060 967 4115 die
995 4102 1009 4129 ,
1072 4062 1117 4117 is
1169 4079 1323 4137 quem
1358 4081 1516 4138 supra
1545 4068 1775 4128 diximus
1812 4072 1980 4133 frater
2006 4075 2240 4141 advenit,

660 4150 808 4206 cibos
833 4151 1083 4207 deferens
1110 4165 1384 4221 assuetos;
1421 4169 1583 4233 atque
1612 4178 1733 4221 eum
1755 4164 2023 4235 jacentem
2054 4166 2107 4224 in
2138 4177 2244 4224 ter-

658 4258 717 4299 ra
749 4246 1181 4314 semimortunm,
1217 4248 1402 4307 fractis
1433 4254 1655 4322 foribus,
1686 4256 1911 4317 invenit.
1940 4260 2108 4331 Quem
2138 4261 2240 4317 im-

656 4337 889 4408 positum
918 4338 1176 4409 humeris,
1227 4344 1292 4399 ad
1324 4346 1519 4405 villulae
1549 4348 1873 4411 domicilium
1927 4356 2239 4425 reportavit.

655 4427 770 4496 Quo
795 4430 999 4499 audito,
1032 4431 1219 4503 ingens
1249 4435 1546 4495 vicinorum
1591 4452 1752 4513 atque
1778 4444 2014 4503 affinium
2057 4448 2241 4505 multi-

652 4524 783 4579 tudo
812 4539 1160 4595 concurrens,
1222 4531 1376 4589 triste
1409 4532 1460 4588 in
1492 4534 1670 4591 medio
1698 4538 1853 4608 positi
1883 4538 2085 4597 funeris
2111 4541 2237 4599 red-

655 4613 817 4669 debat
843 4615 1098 4673 officium.
1133 4619 1198 4674 Et
1216 4619 1322 4691 jam
1350 4624 1526 4683 media
1559 4624 1734 4682 tinctis
1755 4639 1908 4703 parte
1939 4641 2236 4703 transgres-

655 4719 734 4771 sa,
760 4708 935 4777 gravis
964 4710 1247 4780 pervigiles
1294 4716 1532 4769 omnium
1563 4718 1750 4777 oculos
1800 4720 2010 4781 vicerat
2048 4738 2232 4794 sopor.

654 4791 786 4849 Tum
840 4798 1102 4853 Antonius
1124 4802 1297 4857 anima
1327 4806 1593 4871 paululum
1628 4812 1887 4870 redeunte
1929 4791 2227 4889 suspirans,

653 4890 884 4943 elevavit
913 4901 1104 4959 caput;
1158 4896 1366 4949 caeteris
1406 4912 1530 4953 vero
1560 4900 1665 4956 alta
1716 4904 1895 4973 quiete
1930 4910 2232 4977 prosmtis,

652 4995 797 5049 eum,
846 4997 873 5034 a
906 4997 1010 5052 quo
1036 4983 1243 5040 delatus
1272 4986 1467 5056 fuerat,
1498 4990 1717 5062 vigilare
1744 4999 2053 5067 conspexit;
2085 5015 2235 5056 eum-

650 5094 754 5147 que
784 5088 912 5134 nutu
946 5080 1235 5149 advocans,
1267 5084 1565 5141 obsecravit
1606 5099 1684 5156 ut,
1732 5092 1875 5151 nullo
1902 5096 2114 5165 penitus
2138 5111 2234 5152 ex-

651 5170 834 5237 citato,
867 5172 934 5226 ad
964 5174 1242 5240 pristinum
1271 5189 1330 5230 se
1358 5175 1583 5234 referret
1612 5179 1991 5241 habitaculum.

718 5262 848 5317 Car.
874 5261 1005 5319 Vlll.
1034 5296 1102 5306 —
1128 5265 1347 5324 Delatus
1389 5284 1537 5342 ergo,
1592 5271 1745 5351 juxta
1788 5278 2230 5334 consuetudinem

656 5352 795 5407 solus
819 5354 1008 5410 iterum
1033 5360 1417 5427 permanebat;
1461 5371 1515 5418 et
1568 5374 1713 5422 stare
1742 5369 1958 5439 quidem
2016 5379 2232 5442 propter

649 5456 901 5501 recentes
928 5449 1114 5521 plagas
1137 5469 1241 5508 non
1271 5463 1499 5525 poterat,
1560 5460 1723 5514 orans
1750 5477 1879 5515 vero
1912 5472 2232 5533 prostratus,

650 5546 776 5609 post
815 5542 1112 5597 orationem
1166 5547 1309 5602 clara
1358 5565 1488 5607 voce
1519 5552 1771 5608 dicebat:
1833 5552 1972 5610 Ecce
2001 5556 2085 5614 hic
2113 5574 2231 5616 sum

646 5626 747 5700 ego
774 5633 1060 5699 Ant0nins,
1086 5652 1191 5691 non
1238 5638 1385 5711 fugio
1416 5652 1603 5701 vestra
1656 5650 1967 5716 certamina,
2021 5654 2232 5711 etiamsi

646 5723 849 5794 majora
881 5724 1105 5792 faciatis,
1137 5732 1314 5788 nullus
1339 5749 1424 5791 me
1452 5738 1720 5803 separabit
1747 5756 1775 5795 a
1807 5741 2064 5803 charitate
2083 5745 2234 5803 Chri-

647 5814 716 5871 sti
748 5817 929 5886 (Rom.
967 5827 1107 5889 VIII).
1169 5823 1544 5899 Psallebatque
1568 5829 1790 5895 dicens:
1850 5836 1903 5891 Si
1934 5840 2232 5898 consistant

2347 3328 2489 3397 quod
2520 3329 2960 3385 irrationabilium
2986 3331 3207 3389 induitis
3230 3336 3430 3392 formas
3451 3337 3767 3395 bestiarum.
3796 3339 3943 3397 Rur-

2345 3434 2572 3490 sumque
2596 3422 2894 3490 eenfldens,
2922 3424 3103 3481 aiebat
3127 3442 3143 3481 :
3172 3426 3230 3483 Si
3267 3430 3393 3500 quid
3420 3432 3629 3499 valetis,
3684 3433 3731 3489 si
3784 3435 3945 3511 vobis

2344 3514 2399 3574 in
2431 3530 2517 3571 me
2546 3526 2864 3585 potestatem
2899 3519 3156 3577 Dominus
3176 3522 3347 3591 dedit,
3383 3540 3515 3582 ecce
3564 3538 3757 3597 praesto
3787 3544 3943 3599 sum,

2340 3605 2600 3665 devorate
2617 3624 2958 3666 concessum.
2982 3612 3041 3669 Si
3062 3629 3193 3669 vero
3214 3630 3321 3671 non
3347 3619 3590 3687 potestis,
3615 3630 3713 3674 cur
3735 3620 3944 3680 frustra

2306 3742 2311 3745 -
2342 3700 2613 3759 .nitimini?
2640 3701 2864 3775 Signum
2892 3705 3036 3760 enim
3060 3707 3237 3762 crucis
3281 3719 3338 3764 et
3362 3710 3494 3766 fides
3522 3712 3588 3766 ad
3618 3712 3940 3783 Dominum,

2346 3792 2779 3862 inexpugnabilis
2808 3796 2962 3852 nobis
2990 3812 3177 3852 murus
3218 3807 3323 3855 est.
3376 3801 3542 3857 Multa
3590 3814 3781 3860 contra
3806 3822 3943 3863 san-

2345 3897 2489 3947 etum
2516 3879 2805 3949 Antonium
2838 3890 3119 3959 minantes,
3172 3893 3480 3951 fremebant
3512 3897 3767 3955 dentibus
3792 3902 3943 3972 suis,

2345 3979 2487 4048 quod
2511 3981 2696 4039 nullus
2720 3992 3270 4062 eorumgtentameata
3322 4003 3747 4062 consequeretur
3798 3996 3943 4053 θεῖε-

2344 4084 2486 4142 ctus,
2520 4076 2614 4133 sed
2651 4060 2940 4134 maxintee
2962 4082 3237 4135 contrario
3278 4060 3586 4153 gigneretur
3625 4087 3824 4144 illusio.

2410 4193 2545 4249 Car.
2577 4193 2668 4249 IX.
2701 4224 2767 4236 -—
2802 4194 2919 4249 Non
2970 4195 3165 4251 oblitus
3211 4198 3367 4255 Jesus
3397 4201 3511 4273 (18)
3539 4202 3939 4266 colluctationis

2336 4289 2486 4343 servi
2518 4288 2625 4357 sui,
2658 4288 2833 4345 eidem
2868 4298 3140 4360 protector
3184 4291 3352 4350 factus
3390 4308 3493 4351 est.
3544 4297 3783 4369 Denique
3810 4316 3938 4360 cum

2341 4380 2578 4435 elevaret
2607 4382 2811 4448 oculos,
2842 4381 2967 4436 vidit
2994 4382 3228 4453 desuper
3256 4387 3468 4443 culmen
3494 4390 3711 4463 aperiri,
3736 4400 3811 4459 et,
3845 4395 3939 4449 de-

2336 4472 2517 4528 ductis
2572 4473 2844 4533 tenebris,
2878 4474 3085 4530 radium
3134 4478 3200 4532 ad
3248 4494 3307 4533 se
3353 4479 3486 4535 lucis
3527 4482 3771 4539 inlinere.
3809 4485 3938 4544 Past

2341 4568 2496 4637 cujus
2549 4569 2852 4637 splendoris
2905 4570 3191 4626 adventum
3243 4588 3340 4629 nec
3394 4575 3697 4633 daemonum
3742 4578 3939 4650 aliquis

2340 4660 2691 4730 apparuit,“
2743 4662 2985 4734 corporis
3038 4665 3193 4720 dolor
3243 4669 3510 4738 extemplo
3558 4668 3769 4726 deletus
3826 4683 3935 4729 est.

2341 4751 2651 4808 (Editicium
2699 4770 2930 4826 quoque,
2963 4758 3105 4827 quod
3139 4760 3295 4828 paulo
3323 4770 3447 4817 ante
3472 4762 3787 4819 dissolutum
3818 4764 3938 4821 fue-

2334 4859 2441 4912 rat,
2479 4849 2832 4905 instauratum
2857 4859 2959 4906 est.
2992 4850 3137 4907 illico
3168 4857 3505 4923 prasentiam
3531 4854 3743 4913 Domini
3771 4858 3937 4916 intel-

2336 4942 2470 5003 leﬂt
2497 4942 2781 5007 Antonius,
2809 4951 2864 4997 et
2902 4957 2976 4997 ex
3022 4942 3211 4999 intimo
3252 4954 3475 5016 pectore
3516 4946 3740 5003 trahens
3770 4949 3935 5022 longa

2334 5036 2590 5107 suspiria,
2618 5038 2684 5090 ad
2739 5037 2919 5092 lumen
2968 5038 3112 5106 quod
3142 5038 3191 5094 ei
3222 5050 3545 5110 apparuerat
3588 5044 3935 5113 loquebatur,

2336 5131 2523 5188 dicens
2549 5148 2565 5185 :
2593 5131 2691 5187 Ubi
2713 5146 2871 5200 cras,
2901 5132 3038 5188 bone
3060 5134 3226 5190 lese?
3253 5135 3343 5191 ubi
3371 5138 3531 5193 eras!
3553 5138 3731 5206 Quare
3760 5155 3869 5196 non
3903 5157 3935 5197 a

2338 5224 2601 5294 principio
2628 5223 2847 5291 aﬂ‘uisti,
2870 5234 2929 5280 ut
2949 5241 3174 5283 διίησι-ες
3194 5229 3415 5284 vulnera
3444 5231 3605 5286 inea?
3632 5233 3701 5287 Et
3732 5247 3833 5287 vox
3865 5234 3931 5289 ad

2336 5328 2460 5369 eum
2489 5313 2627 5370 facta
2657 5324 2763 5381 est,
2792 5315 2980 5371 dicens
3006 5335 3018 5369 :
3043 5318 3262 5385 Antoni,
3294 5319 3380 5375 hic
3420 5336 3595 5389 eram,
3624 5324 3720 5378 sed
3767 5340 3935 5392 expc-

2306 5405 2548 5463 .ctabant
2580 5406 2764 5462 videre
2792 5418 3068 5464 certamen
3097 5420 3267 5465 tuum.
3292 5410 3440 5467 Nunc
3460 5421 3660 5481 autem,
3689 5411 3810 5486 quia
3844 5416 3929 5469 di-

2337 5499 2590 5555 micando
2612 5498 2839 5556 viriliter
2860 5516 2969 5557 non
2990 5501 3217 5568 cessisti,
3240 5517 3459 5574 semper
3474 5507 3782 5563 auxiliabor
3806 5509 3930 5574 tibi,

2337 5602 2393 5650 et
2423 5592 2613 5655 faciam
2638 5600 2694 5650 te
2724 5595 2779 5650 in
2808 5597 2953 5650 omni
2980 5597 3115 5652 orbe
3142 5597 3425 5653 nominari.
3460 5599 3557 5655 flis
3584 5600 3800 5665 auditis,
3832 5616 3935 5655 cx-

2334 5699 2588 5757 sttrgens,
2620 5686 2674 5742 in
2718 5695 2925 5743 tantum
2954 5674 3262 5757 roboratus,
3290 5690 3475 5745 orabat
3504 5700 3560 5747 ut
3602 5691 3935 5763 intelligeret

2331 5793 2395 5837 se
2425 5780 2544 5851 plus
2569 5780 2841 5850 recepisse
2864 5788 2992 5839 tunc
3020 5781 3209 5839 virium
3236 5800 3399 5856 quam
3436 5796 3565 5843 ante
3593 5786 3927 5857 perdiderat.
