4124 6350
247 317 354 378 153

1357 316 1516 378 ῚΙΤᾹ
1567 322 1770 384 ΕΑΤΙ
1811 322 2087 383 ΔΜὈΝΙΙ
2127 323 2437 383 ΑΒΒΑΤιε.

3419 323 3521 382 134

248 440 382 495 Erat
408 444 588 493 autem
617 445 744 494 tunc
773 436 1041 496 Antonius
1063 451 1236 496 tam
1258 455 1419 499 uetus
1445 443 1662 513 triginta
1685 445 1842 515 quin~
1867 447 1919 508 Α
1944 444 2203 514 metipsos
2247 443 2407 501 sinite
2432 443 2709 508 deludere.
2741 443 2923 515 Itaque
2961 443 3068 508 illis
3105 441 3515 508 revertentibus,

245 545 372 602 que.

317 625 448 676 Car.
485 621 551 674 Χ.
573 620 862 677 —Exinde
881 636 1002 678 eum
1029 624 1301 680 voluntate
1329 637 1570 696 prompta
1602 642 1696 697 per
1720 642 1835 683 me-

245 717 346 771 rita
381 715 630 784 religiosa
660 728 1062 782 succresceret,
1109 720 1308 777 vadens
1359 722 1426 776 ad
1472 723 1832 793 supradictum

243 823 458 873 senem,
489 808 806 878 precabatur
835 820 891 864 ut
916 811 970 865 in
1001 813 1218 868 deserto
1265 813 1570 870 habitarent
1613 816 1830 884 pariter.

239 908 515 962 Causante
561 905 654 960 illo
698 904 868 959 senile
913 919 1084 958 rerum
1128 913 1184 960 et
1232 907 1306 960 rei
1353 907 1663 972 novitatem,
1689 907 1835 964 solus

238 1000 523 1056 contendit
576 1000 639 1052 ad
686 1009 958 1063 montem,
1009 1008 1063 1054 et
1115 1001 1282 1054 eremi
1334 1000 1506 1056 adlmc
1555 1001 1834 1058 monachis

239 1091 462 1159 ignotae,
490 1091 612 1146 vita:
643 1099 802 1159 rupto
833 1097 996 1152 metu,
1031 1091 1168 1142 viam
1199 1103 1421 1145 conatus
1451 1101 1534 1146 est
1575 1094 1828 1161 pandere.

238 1184 339 1240 Sed
372 1200 474 1239 nec
506 1195 632 1237 tunc
660 1185 888 1238 cessavit
933 1181 1278 1253 infatigabilis
1306 1184 1676 1250 adversarius;
1709 1203 1829 1242 nam

238 1278 506 1346 impedire
531 1276 646 1346 ejus
674 1277 1006 1346 propositum
1049 1277 1251 1342 volens,
1285 1286 1593 1347 argenteum
1623 1280 1827 1334 discum

239 1373 290 1425 in
321 1373 520 1425 itinere
553 1370 808 1438 proiecit;
837 1384 940 1438 quo
967 1369 1101 1434 viso,
1128 1369 1388 1423 Antonius
1410 1371 1586 1425 callidi
1611 1372 1829 1426 artiﬁcis

237 1463 455 1531 agnovit
483 1462 756 1527 astutiam,
785 1470 1041 1530 stansque
1069 1461 1386 1528 intrepidus,
1405 1471 1460 1516 et
1483 1461 1688 1517 discum
1715 1471 1819 1517 tor-

237 1556 315 1606 vis
372 1553 594 1606 intuens
642 1551 845 1613 oculis,
877 1551 985 1605 doli
1031 1560 1306 1606 auctorem
1361 1554 1410 1607 in
1454 1555 1824 1620 phantasmate

237 1646 562 1717 obiurgabat
587 1647 814 1718 argenti,
846 1645 968 1698 talia
1013 1659 1194 1699 secum
1239 1657 1532 1716 reputans:
1559 1647 1709 1703 Unde
1741 1648 1828 1704 hic

234 1741 285 1795 in
331 1740 552 1795 deserto
592 1737 807 1794 discus?
835 1739 1015 1792 avium
1067 1737 1170 1792 hoc
1215 1739 1314 1794 iter
1361 1749 1480 1806 cst,
1515 1742 1658 1796 nulla
1701 1751 1828 1796 sunt

1941 536 2028 592 hic
2075 537 2391 594 remanebat
2437 537 2658 602 illaesos,
2692 551 2790 594 nec
2845 550 3075 608 unquam
3121 535 3173 600 in
3223 534 3519 596 certamine

1937 628 2261 685 lassabatur.
2275 630 2657 686 Accedentium
2674 637 2849 685 autem
2865 638 3145 700 augmenta
3161 626 3524 706 profectunm,

1938 722 2021 777 vel
2050 722 2300 778 debilitas
2330 721 2758 792 repugnantium,
2789 720 3081 784 maximum
3131 719 3246 786 ejus
3289 725 3516 771 conten-

1939 811 2066 872 tioni
2093 813 2330 875 levamen
2357 811 2694 878 addiderant,
2728 820 2781 868 et
2803 811 2919 883 ejus
2946 810 3125 866 animo
3164 807 3519 866 constantiam

1939 905 2310 974 suggerebant.
2343 904 2652 974 Rursusque
2673 904 2738 962 ad
2771 919 3010 962 eremum
3039 901 3372 957 venientibus
3404 909 3519 954 tur-

1937 995 2020 1057 bis
2047 1001 2178 1066 quae}
2199 997 2307 1066 jam
2349 1004 2618 1056 mortuum
2648 1013 2769 1062 eum
2797 1012 2858 1054 se
2887 997 3318 1056 existimaverunt
3346 1010 3521 1064 reper-

1936 1099 2082 1144 turos
2106 1090 2243 1160 (20),
2273 1090 2361 1144 ille
2385 1089 2643 1160 psallebat
2670 1090 2993 1156 intrinsecus
3025 1090 3319 1158 :Exsurgal
3352 1088 3515 1155 Deus,

1934 1191 1989 1238 et
2031 1182 2362 1252 dissipentur
2392 1182 2593 1238 inimici
2624 1184 2773 1252 ejus,
2805 1191 2859 1238 et
2908 1180 3113 1256 fugiant
3155 1183 3242 1253 qui
3291 1180 3520 1234 oderunt

1933 1287 2055 1338 eum
2086 1288 2115 1326 a
2147 1273 2282 1328 facie
2311 1274 2445 1343 ejus.
2495 1273 2646 1329 Sicut
2689 1274 2868 1332 delicit
2903 1274 3109 1346 fumus,
3146 1275 3394 1340 deficiant
3422 1293 3435 1342 ;
3463 1285 3521 1334 ut

1931 1363 2177 1432 liquescit
2210 1379 2332 1418 cera
2359 1378 2388 1418 a
2417 1363 2551 1420 facie
2584 1365 2718 1436 ignis
2739 1405 2754 1432 ,
2785 1365 2857 1424 ita
2894 1373 3113 1444 pereant
3153 1377 3459 1442 peceatores
3490 1383 3519 1428 a

1933 1454 2067 1516 [acie
2096 1455 2188 1510 Dei
2212 1455 2386 1528 (Psal.
2411 1456 2606 1528 ωινιι).
2635 1457 2699 1518 Et
2723 1458 2912 1522 iterum
2941 1456 3170 1520 :Otnnes
3199 1469 3387 1530 gentes
3417 1459 3521 1514 cir-

1883 1560 1886 1565 '
1935 1548 2327 1602 cumdederunt
2357 1564 2442 1604 me
2465 1588 2482 1620 ,
2513 1557 2569 1605 et
2599 1549 2652 1610 in
2680 1550 2897 1606 nomine
2926 1550 3134 1608 Domini
3167 1551 3430 1608 vindicavi
3464 1552 3520 1609 in

1931 1640 2010 1695 eis
2038 1638 2208 1708 (Paul.
2238 1641 2430 1710 cxvn).

1999 1729 2129 1786 CAP.
2163 1731 2298 1789 Xlll.
2322 1763 2391 1772 —
2422 1732 2510 1789 Sic
2559 1733 2825 1792 Antonius
2855 1735 3008 1790 annis
3055 1735 3236 1805 viginti
3282 1735 3519 1796 solitario

235 1833 458 1900 vestigia
489 1831 942 1897 commeantium;
977 1832 1158 1901 lapsus
1188 1832 1254 1884 de
1299 1833 1538 1898 sarcina,
1574 1851 1681 1900 pne
1713 1850 1824 1889 ma-
1855 1836 1902 1898 Β
1931 1826 2233 1888 transactis,
2265 1835 2426 1894 atque
2451 1826 2517 1886 ab
2548 1825 2826 1882 hominum
2881 1837 3188 1899 segregatus
3215 1830 3519 1898 conspecti-

232 1925 514 1993 guitudine
565 1924 731 1977 latere
779 1937 885 1977 non
925 1923 1128 1992 potuit;
1159 1924 1251 1978 sed
1298 1935 1352 1978 et
1380 1926 1468 1993 qui
1521 1926 1824 1994 perdiderat

232 2028 483 2068 reversus
506 2053 524 2080 ,
555 2013 625 2068 ob
667 2013 1009 2069 solitudinem
1057 2015 1332 2086 locorum,
1361 2015 1653 2074 invenisset
1697 2033 1822 2086 pro-

229 2107 368 2161 lecto
399 2105 545 2172 quod
574 2114 776 2162 ruerat.
809 2105 918 2161 lloc
942 2105 1247 2170 artificium.
1273 2106 1504 2172 diabole,
1537 2117 1684 2162 tuum
1713 2120 1817 2174 est,

227 2215 333 2256 non
369 2199 633 2268 impedies
662 2199 992 2256 voluntatem
1026 2214 1222 2266 meam,
1253 2212 1528 2270 argentum
1561 2212 1706 2256 tuum
1739 2213 1822 2258 te-

227 2308 346 2348 cum
379 2293 452 2346 sit
479 2293 530 2347 in
564 2291 936 2361 perditionem.
999 2292 1125 2350 Haec
1164 2293 1257 2354 illo
1286 2293 1523 2361 dicente,
1554 2295 1735 2351 discus
1762 2305 1822 2352 ut

228 2386 404 2443 fumus
436 2404 466 2442 a
499 2387 632 2442 facie
660 2386 796 2456 ignis
827 2386 1062 2444 evanuit.

294 2478 429 2533 Car.
467 2477 559 2534 XI.
588 2478 877 2538 -—Dehinc
923 2493 1028 2534 non
1077 2488 1133 2531 ut
1175 2487 1301 2534 ante
1342 2479 1394 2534 in
1427 2479 1817 2548 phantasmate,

224 2571 319 2626 sed
351 2572 624 2639 ingentem
665 2571 780 2630 auri
813 2585 1042 2626 massam
1075 2570 1343 2640 jacentem
1375 2572 1426 2628 in
1471 2572 1659 2627 itinere
1690 2587 1819 2628 con-

223 2667 424 2733 opexit.
476 2663 668 2718 Verum
703 2663 839 2720 hanc
870 2671 1043 2720 utrum
1075 2663 1319 2718 diabolus
1364 2663 1718 2729 simulaverit,
1749 2681 1815 2721 an

223 2755 290 2810 ad
322 2755 616 2810 Antonium
658 2754 1139 2824 comprobandum,
1169 2755 1288 2824 quia
1318 2771 1416 2810 nec
1448 2756 1587 2815 veris
1625 2757 1818 2826 Opibus

222 2848 599 2913 inescaretur,
648 2848 817 2904 virtus
864 2849 1100 2914 ctelestis
1147 2849 1472 2913 ostenderit,
1519 2850 1813 2920 ignoratur.

223 2943 342 3004 Hoc
377 2954 557 3000 tamen
587 2945 933 3013 agnovimus,
961 2947 1082 3012 quia
1113 2945 1257 3015 quod
1291 2945 1460 3002 visum
1489 2955 1590 3010 est,
1624 2960 1814 3002 aurum

221 3033 347 3091 fuit.
396 3036 586 3092 Atille
614 3034 1033 3103 magnitudinem
1073 3035 1368 3092 admiratus
1416 3036 1672 3091 radiantis
1699 3051 1814 3092 me-

219 3129 360 3194 talli,
386 3130 574 3198 rapido
593 3143 776 3196 cursu,
794 3133 940 3199 quasi
967 3129 1233 3199 quoddam
1257 3131 1453 3195 vitaret
1483 3132 1811 3198 incendium,

1931 1916 2029 1974 bus
2057 1919 2388 1988 perduravit.
2435 1921 2567 1978 Cum
2617 1935 2749 1993 ergo
2787 1921 3074 1978 multorum
3101 1931 3155 1984 et
3188 1922 3516 1999 propositum

1926 2011 2123 2068 imitari
2164 2014 2488 2084 cupientium
2513 2055 2528 2080 ,
2561 2024 2615 2080 et
2656 2023 2904 2072 notorum
2953 2015 3234 2080 multitudo
3281 2016 3348 2073 ad
3394 2032 3516 2078 eum

1925 2115 2294 2173 concurreret,
2319 2122 2529 2164 necnon
2562 2118 2617 2166 et
2642 2109 2958 2176 patientium
2989 2109 3193 2166 inﬁnita
3216 2125 3274 2169 se
3303 2119 3516 2172 caterva

1924 2198 2358 2267 couglomeraret
2389 2199 2528 2270 (2i),
2555 2201 2768 2256 tandem
2801 2216 2936 2272 pene
2958 2201 3068 2276 jam
3103 2218 3197 2271 per
3242 2203 3348 2266 vim
3382 2204 3512 2258 fori-

1924 2287 2025 2354 bus
2047 2289 2267 2358 evulsis,
2288 2292 2438 2360 quasi
2462 2306 2528 2346 ex
2557 2291 2735 2362 aliquo
2762 2292 2968 2348 caelesti
2993 2292 3136 2350 aditu
3165 2304 3514 2352 consecratus

1924 2380 2168 2452 apparuit
2202 2380 2339 2450 (2:2).
2373 2381 2773 2452 Obstupuerunt
2808 2383 3043 2444 universi
3071 2393 3124 2440 et
3154 2386 3262 2440 oris
3285 2387 3509 2454 gratiam

1925 2480 1979 2527 et
2002 2474 2244 2543 corporis
2286 2475 2598 2544 dignitatem
2624 2516 2638 2539 ,
2670 2476 2811 2548 quod
2843 2492 2944 2532 nec
2976 2492 3068 2546 per
3105 2478 3339 2547 quietem
3373 2480 3514 2538 iutu-

1925 2574 2129 2620 muerat
2177 2565 2316 2637 (25),
2366 2581 2461 2620 nec
2487 2566 2705 2638 jejuniis
2727 2607 2742 2632 ,
2774 2567 3182 2644 dcemonumque
3221 2571 3512 2628 certamine

1921 2654 2112 2711 faciem
2145 2657 2262 2726 ejus
2289 2657 2459 2728 pallor
2489 2658 2804 2723 obsederat;
2833 2655 2929 2714 sed
2963 2673 2994 2722 e
3038 2661 3327 2727 contrario,
3360 2662 3511 2730 quasi

1922 2752 2052 2816 nihil
2088 2753 2343 2820 temporis
2370 2752 2657 2821 exegisset,
2679 2752 2933 2828 antiquus
2965 2753 3323 2808 membrorum
3350 2752 3512 2810 decor

1925 2848 2307 2916 perseveravit.
2336 2845 2438 2900 Pro
2463 2856 2662 2916 quanto
2689 2846 2976 2902 miraculo!
3010 2862 3126 2915 qua:
3153 2846 3204 2906 in
3236 2847 3324 2904 illo
3344 2847 3510 2902 animi

1923 2939 2127 3007 puritas
2159 2937 2283 2992 fuit!
2335 2937 2612 3006 Nunquam
2665 2938 2933 3001 hilaritate
2964 2938 3123 2998 nimia
3155 2939 3424 2998 resolutus
3455 2940 3508 2996 in

1924 3029 2087 3082 risum
2112 3039 2217 3092 est.
2251 3044 2518 3098 nunquam
2541 3029 2910 3094 recordatione
2941 3031 3145 3099 peccati
3179 3031 3385 3090 tristitia
3416 3046 3508 3088 ora

1922 3124 2208 3191 contraxit,
2236 3138 2340 3178 non
2371 3122 2576 3194 magnis
2601 3126 2927 3193 stupentium
2955 3139 3013 3179 se
3035 3124 3208 3182 elatus
3235 3133 3317 3190 est
3343 3124 3509 3178 laudi-

217 3223 287 3278 ed
323 3231 563 3278 montem
612 3237 784 3292 uSque
825 3223 1078 3292 perrexit,
1109 3223 1290 3292 ibique
1323 3225 1541 3284 ﬂumine
1575 3236 1812 3288 transva-
1838 3223 1885 3289 ﬂ
1920 3215 2040 3272 bui-
2099 3216 2236 3271 Nihil
2286 3217 2336 3278 in
2372 3215 2461 3270 illo
2505 3215 2759 3272 indecens
2812 3216 3073 3282 SOliludO.
3105 3216 3234 3278 nihil
3262 3231 3508 3294 asperum

217 3317 371 3381 dato,
407 3317 616 3375 invenit
661 3317 938 3376 castellum
967 3317 1274 3382 desertum,
1307 3319 1520 3386 plenum
1551 3318 1642 3390 (ob
1675 3330 1813 3374 tem-

222 3424 321 3480 pus
351 3421 406 3465 et
432 3409 802 3478 solitudinem)
852 3419 1237 3470 venenatorum
1269 3411 1595 3478 animalium,
1625 3413 1676 3470 in
1708 3427 1812 3480 quo

218 3517 278 3557 se
327 3502 668 3562 constituens
718 3515 886 3558 novus
929 3500 1125 3571 hospes
1173 3501 1453 3566 habitavit.
1510 3501 1700 3563 Statim
1746 3503 1812 3560 ad

217 3598 339 3666 ejus
362 3598 662 3653 adventum
712 3597 898 3668 ingens
930 3598 1082 3656 turba
1115 3599 1474 3667 serpentium,
1503 3600 1654 3668 quasi
1688 3615 1809 3668 per—

216 3697 529 3745 secutorem
561 3702 737 3759 pam,
768 3688 1025 3758 profugit.
1046 3688 1117 3750 At
1142 3688 1229 3746 ille
1247 3688 1522 3753 obstructo
1544 3688 1810 3762 lapidibus

217 3781 474 3847 introitu,
489 3795 654 3850 panes
669 3780 932 3843 mensium
950 3795 1068 3846 sex,
1085 3791 1142 3846 ut
1163 3780 1408 3848 Thebais
1427 3795 1546 3844 mos
1567 3789 1650 3836 est
1672 3782 1716 3852 (l
1730 3781 1808 3851 9),

215 3887 405 3928 secum
443 3872 743 3930 recondens
771 3874 914 3942 (nam
943 3872 1136 3934 crebro
1167 3887 1262 3942 per
1285 3887 1484 3937 annum
1517 3872 1810 3945 incorrupti

217 3963 420 4018 durare
447 3960 648 4032 solent),
675 3977 883 4019 necnon
911 3972 966 4019 et
994 3964 1248 4034 exiguum
1282 3964 1484 4028 habens
1513 3980 1697 4036 aqua),
1723 3980 1809 4022 so-

217 4052 431 4108 lilaritts
481 4053 836 4124 perdurabat;
870 4070 1128 4126 nusquam
1175 4056 1299 4119 inde
1330 4057 1647 4126 procedens,
1676 4074 1812 4129 nun-

215 4159 378 4216 quam
429 4144 659 4213 aliquem
700 4146 1023 4215 suscipiens,
1055 4147 1314 4213 intantum
1367 4159 1426 4212 ut
1470 4164 1590 4206 eum
1642 4150 1725 4206 bis
1754 4150 1808 4206 in

217 4249 360 4292 anno
411 4251 508 4304 per
540 4245 734 4290 tectum
785 4238 1020 4306 desuper
1069 4253 1233 4308 panes
1277 4241 1566 4318 acciperet,
1607 4241 1807 4302 nullum

218 4341 341 4383 cum
366 4324 736 4384 deferentibus
767 4326 988 4388 haberet
1016 4328 1326 4397 alloquium.

285 4418 417 4472 Car.
455 4415 567 4476 XI].
593 4447 665 4459 —
705 4417 882 4472 Multis
913 4417 1095 4486 igitur,
1125 4420 1336 4474 videndi
1370 4435 1491 4476 eum
1542 4419 1809 4482 desiderio

216 4519 265 4565 et
295 4510 481 4568 studio
510 4509 814 4585 requirendi
841 4550 855 4574 ,
887 4521 1011 4567 ante
1057 4511 1251 4567 ostium
1284 4513 1398 4582 ejus
1442 4515 1804 4584 pernoctanti-

1917 3309 2228 3379 quotidiana
2258 3324 2378 3364 cum
2414 3308 2655 3368 hostibus
2685 3308 2818 3372 bella
2849 3310 3216 3376 contulerant;
3241 3310 3334 3376 sed
3368 3321 3504 3364 tem-

1917 3411 2106 3474 perata
2167 3417 2322 3462 mens
2367 3403 2556 3474 arquali
2585 3404 2649 3460 ad
2682 3413 2870 3464 cuncta
2929 3404 3194 3462 ferebatur
3239 3407 3504 3462 examine.

1918 3494 2182 3552 Plurimos
2205 3496 2365 3566 igitur
2391 3496 2459 3552 ab
2483 3497 2776 3556 immundis
2804 3497 3075 3567 spiritibus
3104 3508 3155 3558 et
3183 3499 3506 3558 infirmitati-

1916 3590 2016 3646 bus
2049 3589 2213 3648 variis
2245 3590 2336 3653 Dei
2367 3592 2540 3662 gratia
2569 3606 2666 3666 per
2689 3591 2977 3652 Antonium
3011 3589 3273 3647 liberavit.
3315 3590 3506 3649 Sermo

1916 3680 2035 3754 ejus
2093 3680 2207 3736 sale
2263 3680 2508 3736 conditus
2565 3681 2942 3738 consolabatur
2995 3689 3235 3746 maestos,
3275 3681 3505 3738 docebat

1917 3774 2117 3830 inscios
2142 3817 2156 3841 ,
2190 3775 2550 3830 concordabat
2600 3775 2790 3840 iratos,
2818 3776 3064 3836 omnibus
3109 3777 3339 3832 suadens
3369 3777 3501 3831 nihil

1915 3867 2086 3922 amori
2133 3865 2331 3936 Christi
2389 3867 2846 3936 anteponendum.
2893 3867 3334 3938 Proponebatque
3379 3879 3504 3924 ante

1913 3959 2099 4015 oculos
2147 3959 2411 4020 bonorum
2459 3960 2880 4032 magnitudinem
2930 3959 3266 4026 futurorum,
3312 3969 3367 4016 et
3406 3959 3502 4022 Dci

1913 4051 2276 4119 clementiam,
2306 4062 2357 4105 ct
2383 4050 2644 4106 beneﬁcia
2667 4051 2942 4106 retexebat
2963 4050 3187 4120 indulta,
3214 4051 3352 4124 quod
3385 4067 3503 4127 pro-

1913 4148 2033 4222 prio
2059 4146 2194 4211 Filio
2227 4162 2325 4202 suo
2369 4162 2476 4204 non
2526 4147 2822 4226 pepercerit
2852 4146 3014 4213 Deus,
3049 4147 3141 4202 sed
3192 4161 3286 4215 pro
3318 4155 3499 4210 nostra

1912 4240 2147 4294 omnium
2169 4239 2343 4295 salute
2364 4255 2483 4296 eum
2509 4241 2783 4296 tradiderit
2805 4240 2982 4312 (liam.
3011 4240 3153 4310 vm).
3183 4239 3291 4296 Nec
3320 4255 3488 4308 mora,

1913 4331 2066 4406 plura
2113 4331 2438 4390 audientium
2476 4332 2635 4387 corda
2667 4331 2732 4392 ad
2766 4336 3115 4388 humanarum
3146 4347 3322 4388 rerum
3369 4348 3498 4390 con-

1912 4431 2170 4492 temptum
2202 4424 2315 4480 haec
2345 4423 2462 4495 ejus
2489 4427 2655 4480 suasit
2695 4426 2888 4492 oratio,
2917 4434 2973 4479 et
3000 4423 3299 4480 habitandae
3323 4425 3494 4490 eremi

1911 4515 2048 4580 istud
2081 4517 2196 4584 ejus
2227 4515 2502 4571 exordium
2531 4517 2644 4570 fuit.

219 4603 338 4668 bus,
371 4602 728 4665 audiebantur
752 4613 809 4660 ut
833 4604 974 4672 vulgi
999 4618 1156 4662 voces
1179 4605 1462 4661 adversum
1489 4607 1803 4673 Antonium,
1829 4615 1884 4677 υ
1982 4610 2108 4662 CAP.
2148 4607 2280 4664 XlV.
2305 4638 2372 4649 -—-
2396 4608 2532 4674 Quid
2581 4621 2709 4662 sane
2760 4615 2811 4661 et
2857 4609 2907 4660 in
2961 4605 3350 4662 Arsinoitarum
3400 4621 3492 4678 op-

221 4695 592 4765 tumultusque
633 4696 924 4751 dicentium
952 4715 963 4750 :
990 4697 1124 4763 Quid
1158 4707 1209 4752 te
1241 4701 1438 4756 nostris
1487 4702 1678 4774 ingeris
1713 4701 1805 4758 ha-

218 4786 508 4842 bitaculis?
560 4789 684 4860 quid
737 4791 826 4852 tibi
881 4797 934 4842 et
987 4789 1234 4848 deserto?
1281 4792 1580 4846 Ahscedea
1613 4794 1805 4850 finibus

217 4881 430 4947 alienis,
466 4896 571 4937 non
615 4893 765 4960 potes
792 4884 877 4938 hic
910 4885 1175 4952 habitare,
1212 4900 1316 4939 non
1349 4895 1558 4940 nostras
1587 4884 1806 4939 insidias

218 4974 505 5030 sustinere.
562 4974 626 5032 Et
657 4977 830 5054 primo
861 4978 1073 5057 quidem
1098 5020 1114 5044 ,
1143 4978 1231 5050 qui
1278 4977 1408 5040 foris
1439 4988 1593 5036 erant
1622 4980 1805 5034 existi-

218 5066 438 5120 mabant
482 5065 691 5135 aliquos
742 5069 986 5124 homines
1033 5069 1192 5134 scalis
1244 5069 1500 5142 appositis
1533 5070 1802 5138 introisse,

219 5155 399 5225 ibique
445 5157 796 5214 contendere.
851 5159 1132 5232 Postquam
1179 5170 1354 5216 autem
1407 5177 1500 5232 per
1546 5177 1806 5218 cavernas

221 5244 676 5326 introspicientes,
701 5250 905 5306 nullum
926 5252 1193 5318 viderunt,
1223 5251 1492 5307 dzemones
1521 5252 1803 5312 intellexe-

223 5346 346 5390 runt
383 5349 569 5402 contra
601 5355 722 5393 eum
751 5341 1104 5407 contendere;
1137 5351 1193 5397 et
1223 5343 1389 5397 nimio
1420 5353 1563 5398 metu
1597 5355 1803 5415 perter-

226 5432 330 5496 riti,
367 5433 582 5486 Antonii
618 5435 869 5489 auxilium
911 5435 1238 5506 ﬂagitabant.
1292 5439 1360 5491 At
1409 5437 1496 5492 ille
1522 5437 1629 5509 40
1667 5437 1805 5496 ostio

221 5526 581 5596 propinquans
629 5528 696 5583 ad
749 5529 1105 5584 consolandos
1156 5529 1379 5599 fratres,
1413 5548 1481 5587 ne
1529 5532 1801 5599 timerent,

222 5626 376 5685 atque
407 5629 464 5674 ut
496 5621 620 5677 inde
649 5623 984 5691 recederent,
1011 5625 1330 5693 precabatur
1353 5667 1369 5695 ,
1391 5626 1804 5697 trepidantibus-

223 5724 322 5777 que
366 5716 645 5771 asserebat
691 5718 897 5778 cunctis
924 5732 954 5772 a
983 5717 1316 5773 daemonibus
1360 5720 1524 5773 incuti
1557 5727 1752 5774 metum
1786 5736 1801 5777 :

224 5800 435 5869 Signate
483 5823 598 5876 vos,
628 5809 891 5879 inquiens,
923 5817 977 5865 et
1025 5811 1165 5866 abite
1216 5811 1414 5882 securi,
1447 5812 1692 5881 ipsosque
1726 5829 1809 5870 sc-

1910 4700 2033 4769 pido
2065 4698 2178 4769 (24-)
2208 4708 2412 4767 gestum
2439 4700 2526 4764 sit,
2559 4713 2660 4753 non
2691 4697 2927 4751 transibo
2947 4697 3180 4754 silentio.
3209 4698 3338 4754 Nam
3369 4715 3492 4754 cum

1912 4795 2102 4848 fratres
2133 4793 2296 4854 vellet
2324 4794 2586 4859 invisere,
2619 4803 2672 4850 et
2702 4794 2927 4849 rivulum
2972 4794 3204 4850 ﬂuminis
3247 4796 3372 4865 Nili,
3404 4797 3494 4864 qui

1909 4883 2192 4938 crocodilis
2217 4894 2268 4938 et
2292 4883 2472 4939 multis
2494 4884 2648 4938 srevis
2675 4883 2905 4938 ﬂuminis
2932 4885 3116 4941 bestiis
3149 4887 3332 4956 plenus
3350 4895 3490 4952 erat,

1911 4972 2254 5028 transvadare
2298 4985 2440 5029 esset
2490 4990 2708 5030 necesse
2756 4974 2890 5048 (ΞΒ),
2927 4985 3031 5032 tam
3064 4992 3183 5040 cum
3211 4975 3493 5036 comitibus

1910 5063 2021 5118 suis
2049 5066 2287 5120 transivit
2327 5065 2526 5120 illaesus
2551 5109 2565 5133 ,
2599 5053 2760 5136 quam
2793 5067 2916 5121 inde
2949 5067 3155 5122 redibat
3183 5065 3486 5121 incolumis.

1907 5156 2216 5227 Rursusque
2244 5157 2298 5212 in
2329 5157 2562 5230 pristinis
2587 5158 2859 5215 laboribus
2889 5172 3259 5228 perseverans,
3293 5156 3489 5222 multos

1908 5250 2220 5322 magisterio
2246 5265 2344 5306 suo
2371 5249 2563 5307 fratres
2604 5252 2958 5314 confirmavit,
2991 5249 3059 5302 ita
3093 5259 3145 5301 ut
3175 5250 3324 5303 hrevi
3358 5259 3492 5308 tem-

1907 5357 2035 5416 pore
2087 5343 2312 5413 plurima
2368 5344 2556 5398 fierent
2605 5341 2925 5397 monasteria
2972 5339 3108 5412 (26).
3143 5339 3316 5397 Novos
3347 5343 3485 5398 auti-

1907 5451 2144 5516 quosquc
2192 5438 2502 5508 monachos,
2534 5452 2629 5510 pro
2654 5445 2810 5493 aetate
2853 5435 2938 5490 vel
2970 5445 3231 5512 tempore,
3266 5448 3489 5512 paterno

1908 5529 2284 5586 moderabatur
2311 5532 2524 5588 affectu.

1972 5623 2101 5679 CAP.
2133 5623 2339 5680 XV.—-—
2373 5624 2610 5691 Quadam
2641 5629 2816 5677 autem
2850 5621 2955 5690 die,
2983 5639 3104 5682 cum
3137 5634 3353 5680 sanctus
3383 5625 3490 5680 An-

1905 5719 2082 5774 tonius
2113 5733 2141 5770 a
2172 5717 2508 5786 congregatis
2543 5714 2797 5770 fratribus
2828 5726 3106 5788 rogaretur
3132 5729 3188 5772 ut
3219 5722 3295 5772 eis
3329 5717 3486 5770 insli-

1908 5815 2102 5870 tutoria
2153 5813 2431 5884 largiretur
2462 5822 2760 5884 praecepta,
2796 5829 2913 5868 cum
2949 5815 3253 5886 pronhetica
3301 5813 3490 5872 fiducia
