4148 6352
647 347 746 411 (55

1678 348 1764 404 DE
1801 340 1980 404 VITIS
2021 340 2300 400 PATRUM
2341 338 2545 396 LIBER
2573 336 2844 396 PRIMUS.

3810 334 3917 394 136

641 471 884 530 exaltans
909 483 1122 538 vocem,
1148 467 1325 526 aiebat
1351 465 1417 522 ad
1446 479 1656 521 omnem
1706 465 1919 535 quidem
1952 459 2227 516 mandato-
2261 457 2312 518 Δ
2337 469 2459 510 rere
2489 454 2631 526 quod
2652 467 2716 509 ex
2741 451 2925 508 labore
2949 455 3221 506 transacto
3240 447 3487 505 instantis
3513 447 3695 519 operis
3721 447 3920 511 habere

643 578 762 622 rum
789 566 1121 636 disciplinam
1165 563 1466 632 Scripturas
1493 573 1648 630 posse
1675 555 1924 613 sufﬁcere
1953 554 2105 627 (27);
2137 550 2230 607 sed

644 667 698 714 et
751 659 850 713 hoc
893 657 1149 728 optimum
1199 655 1332 719 fore,
1363 652 1408 708 si
1453 653 1653 708 mutuis
1683 668 1742 707 se
1771 649 1996 705 invicem
2041 646 2232 701 fratres

643 752 978 808 sermonibus
1022 749 1442 806 consolarentur.
1494 747 1561 802 Et
1607 762 1700 802 vos
1749 761 1916 816 ergo,
1952 743 2144 814 inquit,
2177 749 2233 795 ut

646 846 784 914 patri
819 843 1014 899 referte
1031 858 1148 913 qua:
1175 842 1364 910 nostis,
1388 851 1442 896 et
1467 855 1567 909 ego
1594 856 1712 910 qua:
1741 856 1834 910 per
1862 840 2074 908 longam
2102 845 2233 892 teta-

646 946 751 992 tem
782 945 1098 992 consecutus
1125 951 1244 990 sum
1275 935 1424 1003 quasi
1455 931 1577 987 ﬁliis
1607 931 1872 986 indicabo.
1902 930 2013 985 Hoc
2037 931 2110 984 sit
2134 942 2230 982 au-

646 1037 751 1085 tem
784 1032 1008 1101 primum
1035 1029 1240 1085 cunctis
1269 1029 1320 1082 in
1349 1042 1637 1084 commune
1665 1026 1997 1090 mandatum,
2024 1023 2226 1079 nullum

646 1123 698 1177 in
729 1124 928 1192 arrepti
957 1121 1213 1193 propositi
1245 1123 1427 1193 vigore
1451 1121 1765 1187 lassescere,
1795 1119 1887 1174 sed
1917 1118 2068 1190 quasi
2102 1115 2234 1171 inci-

644 1216 876 1284 pientem
900 1230 1097 1286 augere
1114 1229 1326 1285 semper
1347 1214 1543 1271 debere
1565 1213 1704 1285 quod
1726 1213 1971 1282 coeperit,
2001 1224 2234 1280 praeser-

645 1304 738 1358 tim
771 1319 890 1359 cum
935 1305 1184 1359 humana:
1210 1303 1334 1358 vita:
1363 1304 1528 1374 spatia
1548 1345 1562 1368 ,
1595 1303 1880 1359 aeternitati
1909 1309 2232 1372 comparata,

647 1396 965 1454 brevissima
1005 1398 1113 1453 sint
1158 1411 1222 1453 ac
1257 1412 1446 1468 parva.
1477 1397 1551 1452 lta
1581 1412 1824 1461 exorsus,
1855 1395 2125 1467 paululum
2157 1396 2233 1450 si-

648 1488 781 1556 luit;
829 1499 884 1546 et
929 1490 1221 1546 admiratus
1270 1490 1487 1544 nimiam
1541 1491 1634 1546 Dei
1679 1491 2000 1561 largitatem,
2049 1502 2236 1543 rursus

644 1581 863 1650 adjecit,
893 1583 1075 1637 dicens
1103 1582 1195 1638 :ln
1241 1585 1490 1653 praesenti
1535 1583 1635 1639 hac
1676 1584 1786 1638 vita
1833 1581 2059 1653 aequalia
2109 1590 2235 1637 sunt

645 1689 742 1744 pro
771 1691 947 1731 rerum
973 1678 1390 1733 commutatione
1419 1677 1765 1743 commercia,
1790 1692 1888 1732 nec
1915 1677 2117 1747 majora
2148 1691 2233 1731 re-

643 1768 775 1837 cipit
818 1769 886 1824 ab
931 1779 1144 1826 emente
1171 1772 1259 1840 qui
1289 1771 1491 1826 vendit.
1549 1770 1840 1826 Promissio
1885 1777 2062 1823 autem
2114 1767 2236 1822 vitae

2335 546 2525 602 debeat
2574 543 2900 610 libertatem,
2927 542 3022 598 sed
3066 541 3178 613 jugi
3225 540 3405 597 studio
3435 542 3518 615 (ut
3548 541 3599 596 in
3630 540 3921 614 Evangelia

2337 637 2515 712 [ιηι-ίε
2546 636 2640 712 xn]
2684 637 2940 706 scriptum
2995 634 3101 706 est)
3150 634 3392 690 eamdem
3443 648 3659 704 semper
3701 636 3923 694 exhibet

2335 731 2743 797 servitutem,ut
2763 737 2816 784 et
2837 727 3064 783 Domino
3090 727 3306 798 placere
3332 726 3521 798 possit,
3552 737 3604 782 et
3633 742 3702 781 ne
3722 737 3921 783 metum

2337 823 2571 879 lucretur
2592 834 2646 880 et
2669 824 2918 887 verbera;
2949 822 3026 878 sic
3047 833 3101 877 et
3127 837 3228 877 nos
3247 821 3443 876 divinis
3463 825 3709 892 congruit
3733 837 3923 892 parere

2337 918 2650 988 prreceptis,
2681 917 2914 974 scientes
2962 917 3101 987 quod
3151 932 3338 987 mqutis
3387 916 3475 971 ille
3517 916 3838 982 retributor,
3874 917 3925 972 in

2336 1025 2442 1080 quo
2480 1025 2749 1080 quemque
2780 1009 3068 1074 invenerit,
3103 1009 3154 1062 in
3202 1023 3267 1065 eo
3297 1008 3370 1063 sit
3391 1007 3750 1078 judicaturus,
3781 1010 3926 1078 quod

2335 1105 2649 1175 prophetica
2700 1119 2797 1174 per
2848 1103 3185 1159 Ezechielem
3244 1117 3378 1158 voce
3429 1111 3656 1159 testatur
3706 1101 3925 1174 (Each.

2337 1197 2550 1268 xxxm).
2601 1196 2734 1252 Nam
2766 1207 2820 1252 et
2847 1195 3030 1252 infelix
3081 1195 3244 1252 ludas
3285 1204 3504 1267 propter
3554 1196 3715 1251 unius
3754 1196 3928 1253 noctis

2338 1290 2688 1360 impietatem,
2712 1290 2857 1345 omni
2888 1290 3142 1361 prmteriti
3175 1290 3430 1361 temporis
3480 1289 3664 1346 labore
3690 1290 3929 1360 privatus

2338 1391 2440 1438 est.
2494 1380 2697 1438 ldcirco
2729 1384 2990 1438 tenendus
3033 1391 3117 1437 est
3145 1382 3446 1437 'continuus
3487 1380 3717 1438 instituti
3760 1382 3930 1452 rigor,

2339 1475 2658 1531 habentibus
2688 1475 2854 1531 Deum
2881 1475 3288 1541 auxiliatorem,
3321 1475 3464 1530 sicut
3501 1475 3759 1545 scriptum
3807 1484 3927 1530 est:

2339 1569 2470 1636 Quia
2499 1571 2643 1625 omni
2668 1570 2983 1640 proponenti
3016 1569 3214 1626 bonum
3246 1569 3387 1626 Deus
3413 1569 3930 1644 coeperatur(llom.

2339 1678 2430 1717 vm
2447 1662 2488 1731 ).

2413 1756 2493 1811 Ad
2523 1756 2769 1813 inertiam
2801 1766 2979 1813 autem
3006 1756 3337 1819 calcandam,
3384 1757 3625 1825 Apostoli
3653 1767 3927 1828 praecepta

645 1861 988 1929 sempiternae
1039 1862 1129 1916 vili
1185 1863 1357 1931 pretio
1409 1872 1767 1932 comparatur.
1825 1860 2094 1929 Scriptum
2149 1869 2230 1914 est

2346 1849 2656 1918 replicemus
2681 1889 2698 1917 ,
2731 1851 2946 1928 "quibus
3004 1864 3064 1905 se
3100 1865 3260 1926 _mort
3327 1848 3570 1919 quotidie
3599 1851 3928 1930 _testabatur

646 1955 789 2008 enim
817 1971 832 2008 :
859 1954 980 2008 Dies
1008 1953 1127 2008 vitae
1156 1964 1353 2009 nostrae
1397 1953 1728 2025 septuaginta
1775 1954 1932 2018 anni;
1966 1953 2007 2006 si
2053 1962 2230 2007 autem

579 2041 584 2048 ’
648 2045 872 2100 Inuitum
907 2044 1045 2116 (£8),
1070 2047 1374 2116 octoginta;
1403 2046 1661 2116 quidquid
1685 2046 1945 2116 reliquum
1969 2043 2234 2109 est,|ahor

646 2146 702 2194 et
729 2137 880 2193 dolor
910 2149 992 2194 est
1021 2138 1195 2208 (Psal.
1241 2140 1478 2210 Lxxxn).
1512 2139 1736 2207 Quando
1763 2154 1892 2210 ergo
1940 2140 2230 2210 octoginta,

647 2239 739 2284 aut
786 2238 1000 2285 centum
1029 2271 1043 2294 ,
1075 2240 1133 2286 ut
1173 2231 1439 2299 multum,
1474 2232 1631 2286 annis
1679 2231 2004 2297 laborantes,
2037 2234 2089 2288 in
2141 2233 2234 2289 Dei

647 2337 809 2392 opere
838 2323 1134 2379 vixerimus
1155 2365 1169 2390 ,
1199 2340 1304 2379 non
1337 2325 1451 2395 pari
1478 2334 1720 2395 tempore
1750 2327 2021 2396 regnaturi
2050 2342 2236 2382 sumus

649 2417 700 2471 in
735 2417 938 2484 futuro;
970 2418 1065 2474 sed
1118 2433 1215 2488 pro
1262 2421 1415 2473 annis
1465 2419 1766 2490 praedictis,
1799 2421 2032 2476 omnium
2083 2420 2238 2476 nobis

647 2512 966 2566 szeculorum
1009 2527 1169 2582 regna
1215 2513 1536 2569 tribuentur.
1573 2513 1686 2568 Non
1721 2523 1916 2569 terram
1951 2515 2236 2569 haeredita-

650 2605 846 2672 bimus,
876 2606 969 2663 sed
1018 2608 1245 2673 coelum;
1273 2623 1466 2678 corpus
1509 2623 1721 2679 quoque
1743 2618 2049 2678 corruptum
2077 2608 2239 2664 relin-

649 2706 893 2766 quentes,
911 2697 1275 2766 idipsumcum
1299 2699 2050 2769 incorruptione'recipiemus.
2074 2699 2236 2771 Ergo,

654 2789 829 2854 ﬁlioli,
861 2805 966 2846 nou
991 2807 1085 2846 vos
1107 2803 1196 2847 aut
1224 2793 1440 2848 taedium
1461 2793 1736 2864 defatiget,
1766 2805 1857 2851 aut
1885 2811 2033 2851 vana:
2057 2795 2240 2866 gloria:

650 2882 880 2938 delectet
903 2884 1155 2940 ambitio:
1184 2885 1300 2940 Non
1331 2895 1459 2941 sunt
1486 2888 1628 2943 enim
1658 2889 1937 2959 condignae
1967 2891 2241 2958 passiones

651 2973 811 3044 hujus
833 2976 1109 3046 temporis,
1129 2977 1192 3032 ad
1218 2987 1659 3048 superventuram
1685 2980 1908 3050 gloriam
1939 2996 2057 3051 qua:
2089 2995 2243 3038 reve-

652 3067 850 3124 labitur
879 3069 932 3123 in
963 3068 1116 3124 nobis
1143 3068 1318 3142 (Rom.
1353 3073 1490 3141 vm).

722 3159 915 3226 Nemo,
947 3174 1066 3215 cum
1098 3160 1407 3231 deSpexerit
1435 3161 1692 3218 mundum
1716 3205 1730 3230 ,
1757 3164 2038 3234 reliquisse
2069 3179 2129 3220 se
2158 3179 2242 3218 ar-

2336 1941 2393 2012 (ι
2416 1942 2536 1997 Cor.
2570 1943 2661 2014 xv)
2690 1961 2701 1995 :
2735 1943 2981 1998 sitniliter
3001 1951 3056 1998 et
3085 1957 3183 1998 nos
3209 1942 3458 1998 humana:
3490 1943 3818 1999 conditionis
3849 1942 3929 1996 vi-

2337 2048 2446 2094 tam
2479 2041 2766 2110 ancipitem
2823 2049 3194 2107 retractantes,
3245 2055 3353 2096 non
3384 2040 3744 2112 peccabimus.
3789 2039 3925 2094 Cum

2337 2133 2480 2188 enim
2525 2135 2745 2188 excitati
2777 2149 2808 2188 τι
2830 2147 3051 2202 somno,
3083 2133 3150 2188 ad
3182 2148 3462 2202 vestieram
3516 2148 3614 2188 nos
3646 2133 3930 2202 pervenire

2336 2224 2663 2292 dubitemus,
2708 2237 2762 2282 et
2788 2228 2952 2298 quieti
2981 2242 3212 2298 corpora
3257 2227 3636 2292 concedentes,
3670 2226 3756 2296 ,de
3801 2228 3934 2281 lucis

2338 2337 2445 2377 non
2480 2323 2827 2400 .eonﬁdamus
2868 2323 3120 2390 adventu,
3151 2333 3207 2379 et
3233 2323 3429 2394 ubique
3456 2331 3660 2378 natura:
3701 2336 3764 2378 ac
3811 2322 3932 2376 vita:

2340 2416 2559 2474 incerta:
2590 2432 2888 2487 memores,
2921 2416 3017 2474 Dei
3061 2432 3158 2473 nos
3190 2417 3552 2488 intelligamus
3579 2413 3924 2487 providentia

2340 2513 2659 2583 gubernari;
2704 2513 2807 2568 hoc
2838 2512 2999 2568 modo
3043 2527 3151 2568 non
3191 2511 3586 2580 delinquemus.
3615 2520 3710 2566 aut
3755 2511 3933 2581 aliqua

2341 2605 2513 2675 fragili
2567 2604 2858 2676 cupiditate
2904 2605 3271 2676 raptabimur;
3321 2607 3417 2660 sed
3475 2619 3575 2660 nec
3629 2605 3934 2659 irascemur

2343 2698 2558 2767 quidem
2589 2698 2852 2754 adversus
2899 2699 3152 2768 aliquem,
3188 2713 3288 2754 nec
3315 2705 3562 2755 terrenos
3600 2710 3934 2768 congregare

2343 2793 2627 2846 thesauros
2675 2791 2971 2847 ambiemus
2999 2807 3014 2851 :
3044 2793 3171 2862 quin
3221 2793 3398 2863 potius
3436 2800 3582 2848 metu
3628 2789 3932 2861 quotidiani

2345 2897 2616 2948 recessus,
2662 2893 2717 2939 et
2762 2884 3078 2956 sejungendi
3125 2886 3369 2954 corporis
3398 2885 3507 2956 iugi
3553 2882 3934 2948 meditatione,

2345 2977 2524 3031 omnia
2564 2976 2762 3032 caduca
2794 2977 3139 3032 calcabimus.
3169 2976 3411 3032 Cessabit
3438 2975 3725 3032 mulierum
3753 2989 3931 3043 amor,

2351 3069 2590 3125 libidinis
2619 3071 2989 3140 exstinguetur
3024 3070 3353 3137 incendium,
3401 3069 3627 3125 invicem
3654 3069 3812 3126 nobis
3856 3069 3938 3124 de-

2346 3158 2456 3215 bita
2486 3168 2668 3216 nostra
2699 3160 3040 3230 donabimus,
3074 3173 3199 3218 ante
3220 3161 3405 3217 oculos
3431 3175 3646 3232 semper
3675 3160 3937 3216 habentes

653 3252 882 3308 bitretur
928 3253 1184 3324 ingentia,
1215 3257 1339 3325 quia
1388 3256 1563 3312 omnis
1610 3266 1776 3324 terra,
1808 3257 1874 3311 ad
1926 3257 2239 3314 inﬁnitatem
2266 3238 2314 3302 (ἶ
2349 3254 2553 3310 ultimas
2582 3254 2951 3311 retributionis
2990 3255 3276 3311 adventum
3304 3255 3464 3326 :quia
3503 3253 3674 3324 major
3702 3252 3938 3309 formido

651 3355 960 3414 comparata
994 3347 1278 3414 caelorum,
1301 3347 1480 3404 brevis
1505 3366 1566 3406 ac
1589 3366 1750 3420 parva
1773 3362 1876 3408 est.
1906 3352 1962 3408 Si
1991 3368 2118 3423 ergo
2145 3368 2246 3410 nec

651 3439 901 3492 universo
929 3438 1047 3494 orbi
1075 3440 1703 3511 renuntiantes,dignum
1733 3443 1932 3513 aliquid
1966 3444 2241 3501 habitacu-

650 3527 718 3584 lis
749 3545 1031 3599 possumus
1057 3546 1410 3602 compensare
1437 3534 1770 3597 coelestibus,
1796 3549 1854 3590 se
1883 3540 2247 3607 unusquisque

655 3623 1002 3692 consideret,
1037 3633 1092 3680 et
1120 3627 1299 3680 statim
1331 3625 1614 3696 intelliget,
1650 3628 1825 3697 parvis
1873 3630 2046 3685 aruris
2075 3642 2125 3686 et
2157 3646 2248 3701 pa-

652 3717 900 3782 rietibus,
933 3718 1016 3774 vel
1064 3718 1273 3774 modica
1322 3717 1439 3773 auri
1487 3721 1732 3789 portione
1780 3731 2119 3794 contempta,
2148 3739 2248 3781 nec

653 3809 870 3880 gloriari
893 3825 952 3866 se
967 3811 1184 3878 debere,
1205 3813 1358 3884 quasi
1382 3827 1571 3882 magna
1593 3812 1884 3880 dimiserit;
1909 3831 2005 3871 nec
2025 3818 2242 3886 taedere,

654 3907 805 3972 quasi
839 3904 944 3978 41
975 3921 1133 3977 parva
1162 3907 1230 3962 sit
1270 3917 1605 3979 recepturus.
1654 3908 1722 3966 Ut
1765 3910 1906 3965 enim
1953 3911 2248 3967 contemnit

654 3997 844 4067 aliquis
871 4013 1030 4052 unam
1052 4014 1248 4054 tuream
1276 4000 1611 4067 drachmam,
1632 4002 1698 4056 ad
1723 4002 2006 4058 drachmas
2029 4013 2245 4058 centum

653 4105 846 4145 aureas
879 4093 1306 4161 conquirendas;
1339 4095 1408 4149 ita
1439 4095 1634 4163 etiam,
1666 4096 1755 4166 qui
1785 4097 1946 4152 torius
1977 4098 2121 4154 orbis
2150 4097 2246 4154 do-

656 4183 880 4239 minium
906 4185 1211 4257 dereliquit,
1242 4190 1550 4260 centuplum
1576 4190 1644 4246 de
1671 4191 1980 4248 melioribus
2010 4194 2248 4264 praemiis

653 4274 708 4331 in
737 4276 950 4332 sublimi
981 4279 1108 4335 sede
1152 4280 1394 4348 recipiet.
1425 4281 1505 4337 Ad
1537 4299 1826 4350 summum,
1859 4283 1987 4340 illud
2039 4289 2248 4355 perspi-

655 4381 780 4424 cere
821 4368 1078 4426 debemus
1103 4411 1118 4438 ,
1153 4372 1293 4441 quod
1323 4373 1426 4428 etsi
1459 4384 1670 4430 nostras
1701 4375 1928 4431 velimus
1977 4388 2247 4434 retentare

654 4459 885 4526 divitias,
919 4462 1034 4531 lege
1073 4465 1260 4519 mortis
1288 4465 1355 4520 ab
1383 4467 1514 4535 ipsis
1543 4467 1871 4524 devellamur
1900 4469 2074 4536 inviti,
2105 4482 2162 4526 ut
2191 4471 2244 4527 in

655 4550 792 4608 libro
841 4554 1179 4612 EcclesiaStis
1223 4557 1393 4630 (Eccl.
1435 4560 1496 4631 ιι)
1540 4563 1799 4632 scriptum
1847 4573 1931 4620 est
1971 4563 2108 4637 (29).
2140 4566 2248 4621 Cur

654 4661 784 4717 ergo
813 4665 917 4705 non
949 4649 1172 4708 facimus
1199 4653 1283 4718 ,de
1328 4657 1650 4713 necessitate
1697 4659 1947 4716 virtutem
1978 4624 2126 4733 (30)?
2151 4679 2248 4718 cur
2273 4624 2329 4688 Β

656 4754 764 4794 non
805 4741 871 4795 ad
915 4742 1167 4799 lucranda
1214 4761 1373 4818 regna
1421 4750 1661 4806 caelestia
1708 4752 1847 4808 ultro
1895 4754 2246 4826 relinquimus

655 4831 798 4900 quod
842 4831 974 4886 lucis
1022 4834 1175 4889 istius
1225 4839 1331 4894 ﬁne
1382 4841 1711 4909 perdendum
1744 4844 1860 4898 est?
1889 4843 2030 4900 Nihil
2060 4862 2244 4902 eorum

655 4939 799 4980 cura:
820 4924 889 4979 sit
915 4926 1252 4998 Christianis,
1272 4948 1392 5002 quae
1415 4948 1597 4990 secum
1621 4936 1836 4994 auferre
1857 4955 1962 4995 non
1991 4952 2243 5012 possunt;

655 5012 783 5071 illud
817 5016 994 5086 potius
1041 5019 1296 5076 debemus
1334 5034 1607 5094 expetere,
1640 5029 1782 5098 quod
1829 5045 1928 5086 nos
1975 5031 2134 5088 ducat
2180 5034 2245 5090 ad

656 5106 876 5176 coelum,
920 5109 1241 5181 sapientiam
1290 5115 1531 5182 scilicet,
1582 5121 1920 5189 castitatem,
1961 5123 2245 5193 justitiam,

655 5197 931 5270 virtutem,
964 5219 1183 5260 sensum
1228 5208 1582 5280 pervigilem,
1617 5227 1908 5286 pauperum
1957 5232 2163 5285 curam,
2195 5219 2252 5272 11·

657 5288 781 5379 dem
829 5292 882 5347 in
929 5293 1143 5352 Christo
1191 5299 1488 5370 robustam,
1523 5305 1758 5362 animum
1814 5309 1908 5363 ira:
1961 5309 2243 5379 victorem,

657 5378 1093 5449 hospitalitatem.
1145 5389 1272 5446 Haec
1311 5403 1602 5462 sectantes,
1634 5399 1966 5455 mansionem
2011 5401 2164 5457 nobis
2193 5378 2245 5458 in

657 5477 800 5527 terra
829 5477 1153 5550 quietorum,
1183 5487 1475 5542 secundum
1508 5488 1856 5562 Evangelium
1889 5492 2070 5562 (Joan.
2104 5496 2246 5568 xlv),

658 5570 1100 5637 preparabimus.
1124 5575 1540 5638 Consideremus
1568 5583 1780 5640 Domini
1804 5602 1925 5643 esse
1952 5603 2048 5642 nos
2076 5590 2250 5645 famu-

655 5654 764 5725 los,
792 5671 847 5715 et
879 5665 1186 5723 servitutem
1218 5671 1418 5730 debere
1446 5677 1495 5732 ei
1523 5693 1551 5732 a
1580 5693 1686 5748 quo
1729 5681 1893 5734 creati
1942 5696 2147 5741 sumus.
2181 5683 2250 5739 Ut

661 5753 802 5806 enim
835 5770 1024 5812 servus
1060 5763 1309 5828 praeteriti
1341 5770 1509 5835 gratia
1540 5772 1824 5827 famulatus
1845 5813 1861 5840 ,
1891 5787 2128 5840 praesens
2157 5785 2249 5830 aut

660 5840 897 5908 futurum
928 5866 1031 5908 non
1060 5859 1356 5914 contemnit
1404 5859 1708 5932 imperium,
1744 5880 1843 5922 nec
1888 5865 2052 5924 audet
2100 5881 2246 5927 asse-

2346 3346 2533 3417 judicii
2559 3356 2616 3403 et
2644 3361 2928 3417 pinnarum
2953 3347 3112 3403 timor
3139 3347 3415 3416 horridus,
3440 3347 3601 3403 simul
3632 3356 3688 3403 et
3719 3346 3938 3402 lubrica

2351 3441 2529 3498 carnis
2557 3443 2823 3498 incentiva
2869 3443 2987 3513 (51)
3013 3443 3287 3512 dissolvit,
3329 3451 3384 3499 et
3426 3450 3669 3499 ruentem
3700 3441 3938 3496 animam

2351 3537 2500 3605 quasi
2523 3551 2587 3591 ex
2617 3536 2791 3606 aliqua
2837 3552 2969 3607 rupe
2999 3545 3264 3592 sustentat
3295 3534 3435 3606 (52).
3477 3535 3708 3606 Ideoque
3738 3550 3934 3606 precor

2354 3634 2414 3680 ut
2438 3625 2504 3679 ad
2552 3627 2713 3683 ﬁnem
2765 3629 3021 3698 propositi
3051 3629 3196 3684 omni
3229 3629 3414 3684 labore
3447 3628 3733 3684 tendamus
3779 3628 3938 3698 (Plii-

2351 3717 2448 3788 lip.
2477 3721 2580 3789 ιιι).
2613 3720 2780 3775 Nemo
2805 3731 2925 3791 post
2970 3729 3176 3792 tergum
3227 3722 3528 3791 respiciens
3574 3720 3673 3776 Lot
3702 3721 3940 3776 imitetur

2353 3826 2574 3866 uxorem
2598 3809 2750 3883 (Ge/t.
2781 3811 2921 3884 xix),
2951 3814 3251 3883 praesertim
3295 3829 3419 3869 cum
3448 3813 3711 3870 Dominus
3742 3813 3942 3868 dixerit

2354 3904 2559 3960 nullum
2590 3914 2876 3974 ponentem
2925 3921 3140 3961 manum
3192 3920 3355 3976 super
3380 3917 3615 3961 aratrum
3667 3915 3724 3960 et
3771 3906 3942 3976 respi-

2352 4003 2582 4058 cientem
2627 4013 2920 4059 retrorsum
2950 4047 2964 4072 ,
3025 4001 3242 4074 dignum
3289 4016 3411 4059 esse
3466 4016 3631 4072 regno
3678 4001 3940 4057 caelorum

2351 4096 2534 4167 (Lucra
2576 4097 2677 4168 ix).
2725 4096 3013 4166 Respicere
3059 4107 3234 4152 autem
3274 4107 3572 4153 retrorsum
3619 4094 3753 4152 nihil
3796 4095 3940 4149 aliud

2352 4198 2436 4246 est
2467 4204 2622 4261 quam
2653 4189 2705 4244 in
2735 4203 2800 4245 eo
2831 4190 3091 4259 poenitere
3119 4187 3260 4258 quod
3289 4188 3538 4258 coeperis,
3566 4199 3620 4243 et
3651 4185 3940 4242 mundanis

2352 4298 2537 4340 rursus
2565 4282 2852 4340 desideriis
2873 4281 3122 4353 obligari.

2422 4377 2617 4443 Nolite,
2667 4390 2873 4447 quaeso,
2912 4377 3126 4432 virtutis
3173 4385 3423 4446 tanquam
3454 4375 3795 4447 impossibile
3846 4389 3941 4429 no-

2352 4488 2474 4528 men
2507 4487 2722 4542 pavere,
2752 4486 2850 4527 nec
2887 4471 3226 4543 peregrinum
3254 4472 3408 4527 vobis
3437 4480 3530 4526 aut
3570 4470 3757 4541 procul
3800 4470 3940 4540 posi-

2355 4574 2464 4619 tum
2515 4563 2756 4619 videatur
2785 4564 2886 4618 hoc
2931 4563 3190 4628 studium,
3241 4562 3384 4633 quod
3427 4578 3494 4617 ex
3528 4571 3716 4618 nostro
3747 4569 3939 4632 pendet

2354 4655 2578 4710 arbitrio
2612 4654 2750 4726 (55).
2801 4654 2970 4724 llujus
3015 4655 3196 4725 Operis
3248 4655 3450 4711 homini
3501 4655 3699 4710 inserta
3753 4665 3941 4711 natura

2354 4758 2436 4805 est
2468 4748 2607 4823 (54),
2642 4758 2697 4806 et
2725 4750 2987 4820 ejusmodi
3015 4763 3103 4806 res
3149 4758 3248 4814 est,
3281 4765 3401 4820 quae
3431 4759 3666 4805 nostram
3703 4759 3941 4806 tantum-

2355 4846 2515 4901 modo
2560 4854 2836 4915 exspectat
2881 4845 3231 4902 voluntatem.
3265 4844 3435 4901 Grazci
3471 4846 3646 4902 studia
3677 4854 3940 4901 transma-

2355 4939 2470 4994 rina
2521 4947 2796 4994 sectentur
2847 4937 2986 5010 (55),
3013 4947 3064 4994 et
3094 4939 3148 4993 in
3199 4938 3377 4994 alieno
3426 4940 3558 4995 orbe
3597 4941 3938 5003 constitutos,

2356 5031 2596 5087 inanium
2631 5031 2931 5087 litterarum
2962 5040 3207 5099 quaerant
3249 5032 3569 5103 magistros;
3614 5032 3771 5088 nobis
3815 5047 3941 5087 vero

2355 5124 2498 5178 nulla
2531 5123 2908 5192 proﬁciscendi
2954 5123 3092 5196 (56),
3141 5123 3288 5179 nulla
3321 5123 3702 5181 transfretandi
3751 5126 3940 5181 ﬂuctus

2353 5215 2645 5270 necessitas
2676 5216 2956 5284 imminet,
3001 5217 3052 5271 in
3103 5216 3246 5272 omni
3279 5217 3409 5274 sede
3439 5226 3707 5275 terrarum
3749 5220 3941 5275 consti-

2354 5315 2466 5364 tuta
2515 5317 2642 5364 sunt
2701 5323 2864 5380 regna
2911 5309 3190 5365 caelorum.
3257 5309 3410 5367 Unde
3465 5319 3523 5366 et
3581 5312 3839 5367 Dominus
3888 5311 3938 5365 in

2352 5399 2644 5471 Evangelia
2667 5400 2776 5456 ait:
2802 5401 3043 5472 Regnum
3072 5401 3168 5458 Dei
3192 5405 3330 5458 intra
3350 5419 3444 5460 vos
3470 5413 3556 5460 est
3579 5405 3759 5475 (Luca!
3779 5403 3934 5474 xvn);

2357 5493 2526 5548 virtus
2555 5509 2673 5564 qua:
2709 5493 2761 5549 in
2793 5495 2946 5549 nobis
2973 5503 3076 5561 est,
3103 5507 3336 5552 mentem
3365 5507 3571 5553 tantum
3603 5499 3828 5568 requirit
3848 5499 3940 5550 bu-

2355 5602 2590 5642 manam.
2623 5588 2717 5644 Cui
2746 5588 2884 5642 enim
2914 5589 3131 5643 dubium
3178 5598 3261 5644 est
3291 5591 3416 5660 quia
3461 5591 3718 5646 naturalis
3747 5590 3938 5645 anima

2353 5683 2582 5752 puritas,
2631 5681 2675 5735 si
2721 5680 2865 5735 nulla
2910 5681 3070 5736 fuerit
3104 5683 3442 5738 extrinsecus
3485 5684 3648 5740 sorde
3695 5683 3890 5753 polluta
3921 5722 3935 5747 ,

2355 5773 2475 5828 fons
2504 5776 2576 5827 sit
2606 5784 2662 5829 et
2687 5774 2838 5842 origo
2878 5774 3115 5830 omnium
3147 5775 3443 5832 virtutum?
3473 5777 3673 5832 Bonam
3703 5793 3820 5831 eam
3848 5790 3938 5829 ne-

2354 5880 2508 5924 cosse
2533 5874 2620 5924 est
2645 5868 2910 5924 creaverit
2937 5866 3113 5924 bonus
3133 5867 3378 5927 Creator.
3405 5869 3560 5939 Quod
3580 5869 3630 5929 si
3658 5868 3796 5928 forte
3811 5881 3937 5928 cun-
