4124 6350
233 401 332 460 157

1341 386 1500 449 VITA
1545 386 1750 449 BEATI
1789 386 2070 450 ANTONII
2109 389 2420 450 ABBATIS.

3419 396 3521 459 438

231 514 518 579 etabimur,
549 508 830 566 audiamus
869 505 1058 563 Jesum
1102 503 1268 561 filium
1323 505 1467 561 Nave
1498 505 1693 575 pOpttlo
1738 506 1820 560 di-
1848 509 1902 569 Α
1929 522 2055 563 vero
2085 517 2267 564 contra
2291 508 2584 564 monachos
2614 519 2670 565 et
2700 494 2932 582 virgines
2961 509 3180 582 Christi,
3204 513 3385 573 odium
3409 527 3515 574 est.

231 620 486 666 centem':
533 603 761 660 Rectum
811 600 967 656 facite
998 615 1092 655 cor
1123 611 1359 655 vestrum
1411 600 1477 654 ad
1535 600 1820 656 Dominum

232 700 398 756 Deum
425 696 590 752 Israel
621 694 803 767 (Josue
828 693 997 763 XXIV).
1025 693 1132 747 Nec
1158 692 1394 747 Joannes
1421 692 1693 746 dissonam
1742 700 1829 745 tu-

231 788 288 848 Iit
316 791 384 844 de
411 791 614 846 virtute
661 784 1009 842 sententiam.
1043 785 1342 850 praedicans
1386 801 1400 838 :
1447 783 1641 839 Rectas
1670 783 1828 839 facite

227 886 452 942 semitas
473 883 588 951 ejus
616 881 800 953 (Lucae
821 882 919 950 tu).
946 875 1221 949 Siquidem
1248 866 1350 935 hoc
1372 890 1454 936 est
1481 891 1681 934 rectam
1707 894 1828 936 esse

229 980 493 1042 animam,
527 991 648 1029 cum
681 973 799 1043 ejus
847 971 1154 1042 principalis
1187 973 1467 1042 integritas
1500 971 1642 1026 nulla
1670 971 1828 1026 vitio-

225 1086 346 1126 rum
378 1071 500 1123 labe
534 1068 863 1133 maculatur;
896 1067 940 1121 si
971 1073 1216 1119 naturam
1243 1064 1551 1130 mutaverit,
1579 1077 1826 1133 perversa

225 1173 353 1220 tunc
379 1162 612 1227 dicitur;
645 1161 688 1214 si
720 1161 860 1214 bona
891 1158 1131 1214 conditio
1163 1165 1426 1222 servetur,
1451 1167 1504 1212 ct
1528 1156 1696 1210 virtus
1722 1164 1824 1210 est.

224 1257 477 1313 Animam
509 1263 748 1308 nostram
778 1251 1175 1307 commendavit
1206 1249 1358 1304 nobis
1387 1250 1667 1316 Dominus,
1703 1263 1827 1301 ser-

223 1365 418 1405 vemus
459 1346 766 1417 depositum
818 1343 974 1412 quale
1023 1343 1349 1412 accepimus.
1403 1340 1573 1396 Nemo
1619 1339 1829 1394 causari

226 1453 409 1513 potest
459 1439 798 1495 extrinsecus
847 1439 1033 1501 situm,
1065 1435 1205 1505 quod
1255 1435 1306 1488 in
1336 1449 1397 1489 se
1429 1435 1697 1497 nascitur;
1746 1430 1828 1485 fa-

224 1545 436 1590 cturam
490 1546 641 1585 suam
669 1529 760 1600 qui
816 1527 941 1583 fecit
968 1535 1260 1598 agnoscat,
1307 1539 1442 1594 opus
1472 1539 1628 1578 suum
1676 1524 1828 1578 inve-

225 1625 340 1682 niat
373 1633 434 1677 ut
475 1622 698 1676 creavit.
733 1619 944 1676 Sufficit
972 1619 1127 1673 nobis
1158 1618 1417 1672 naturalis
1460 1625 1712 1681 ornatus;
1762 1630 1829 1671 ne

227 1719 511 1785 deturpes,
548 1717 734 1779 homo,
764 1711 908 1781 quod
939 1711 1033 1766 tibi
1080 1710 1288 1779 largitio
1314 1709 1490 1764 divina
1536 1708 1824 1764 concessit.

241 1807 420 1876 Opera
459 1805 552 1860 Dei
584 1805 868 1858 immutare
898 1801 1057 1868 velle,
1083 1801 1320 1870 polluere
1350 1810 1455 1855 est.

1930 601 2127 656 Eorum
2163 602 2370 656 semitis
2417 601 2636 670 laqueos
2682 604 3044 672 praetendunt,
3079 621 3265 661 eorum
3309 618 3520 664 mentes

1930 695 2107 763 impiis
2138 704 2298 764 atque
2330 695 2599 751 obscoenis
2640 698 3053 766 cogitationibus
3085 699 3327 754 nituntur
3357 715 3518 755 ever-

1929 797 2077 856 tere;
2106 791 2199 845 sed
2234 790 2365 845 nihil
2393 791 2549 845 vobis
2582 789 2636 845 in
2667 789 2769 846 hoc
2798 792 3021 847 terroris
3048 793 3330 848 incutiant.
3363 791 3524 849 Fide-

1929 881 2056 936 Iium
2091 883 2249 942 ,euim
2294 882 2628 938 orationibus
2656 890 2817 952 atque
2861 882 3078 952 jejuniis
3124 884 3189 938 ad
3235 884 3522 938 Dominum

1929 977 2107 1029 statim
2139 985 2427 1042 corruunt;
2459 992 2556 1032 nec
2585 987 2760 1032 tamen
2791 977 2835 1031 si
2865 977 3135 1047 paululum
3164 979 3520 1044 cessaverint,

1932 1082 2149 1135 prorsus
2182 1068 2388 1136 plenam
2419 1070 2617 1138 putetis
2663 1083 2784 1124 esse
2810 1071 3114 1124 victoriam.
3147 1071 3333 1126 Solent
3361 1073 3522 1124 etiam

1932 1161 2096 1214 saucii
2146 1162 2361 1229 gravius
2405 1176 2706 1231 assurgere,
2759 1171 2812 1216 et
2841 1170 3042 1217 mutata
3070 1173 3185 1217 arte
3226 1163 3516 1232 pugnandi,

1933 1267 2053 1307 cum
2086 1251 2138 1306 in
2169 1252 2494 1322 cogitatione
2539 1253 2676 1308 nihil
2703 1256 2932 1323 egerint,
2966 1255 3257 1324 pavoribus
3283 1264 3518 1321 terrent,

1935 1354 2272 1404 assumentes
2303 1361 2445 1400 nunc
2491 1346 2796 1414 mulierum,
2847 1364 2989 1403 nunc
3035 1350 3350 1415 bestiarum,
3383 1364 3526 1404 nunc

1934 1441 2266 1507 serpentium
2297 1439 2518 1506 formas,
2558 1455 2766 1496 necnon
2793 1451 2849 1496 et
2877 1443 3108 1512 ingentia
3132 1443 3375 1512 quaedam
3397 1456 3524 1496 cor-

1934 1545 2086 1599 pora,
2116 1541 2172 1585 et
2214 1547 2379 1600 usque
2407 1532 2473 1586 ad
2507 1541 2703 1587 tectum
2750 1533 2946 1587 domus
2992 1545 3298 1603 porrectum
3343 1542 3521 1602 caput,

1933 1623 2169 1677 infinitas
2197 1625 2405 1692 species
2432 1633 2485 1679 et
2516 1625 2742 1678 militum
2788 1635 3058 1679 catervas.
3085 1625 3215 1692 Qua:
3252 1627 3429 1679 omnia
3457 1625 3527 1679 ad

1934 1718 2164 1787 primum
2194 1719 2440 1788 quodque
2469 1721 2644 1773 crucis
2669 1720 2879 1788 signum
2907 1727 3238 1774 evanescunt
3266 1718 3402 1788 (5‘)).
3432 1717 3526 1773 His

1933 1824 2148 1878 quoque
2198 1810 2388 1880 agnitis
2431 1808 2761 1864 fallaciarum
2796 1810 2990 1871 modis.
3023 1811 3285 1880 incipiunt
3327 1825 3527 1878 praesa-

299 1896 438 1952 Illnd
466 1896 629 1950 etiam
661 1892 891 1948 sollicite
921 1891 1206 1961 providere
1234 1891 1515 1957 debemus,
1549 1897 1607 1945 ut
1638 1898 1823 1960 tyran-

1944 1904 2069 1972 gire,
2108 1912 2159 1958 et
2190 1903 2491 1958 futurorum
2520 1903 2727 1958 dierum
2771 1916 2996 1960 eventus
3030 1906 3169 1960 velle
3209 1905 3523 1974 praedicere.

229 1991 404 2046 nicam
435 1989 533 2043 ira:
563 1999 879 2056 superemus
910 1983 1196 2049 insaniam,
1246 1984 1369 2052 quia
1411 1983 1667 2052 scriptum
1699 1990 1782 2036 est
1810 1996 1826 2036 :

233 2084 512 2142 Iracundia
549 2082 647 2136 viri
674 2078 933 2152 justitiam
969 2078 1062 2134 Dei
1091 2093 1193 2133 non
1227 2075 1634 2148 operatur(Jac.
1671 2075 1732 2146 t).
1763 2074 1833 2130 Et

227 2179 471 2236 iterum:
527 2176 860 2231 Desiderium
907 2175 1297 2241 concupiscens
1347 2173 1484 2242 parit
1528 2181 1827 2241 peccatum,

227 2289 332 2346 quo
382 2272 649 2344 perfecto,
683 2285 829 2326 mors
876 2269 1114 2340 gignitur
1159 2267 1374 2339 (Ibid.).
1425 2267 1630 2321 Divina:
1684 2266 1833 2320 vocis

228 2373 562 2436 prmceptum
611 2371 691 2417 est
725 2360 909 2434 (Prov.
943 2362 1042 2429 tv),
1077 2360 1263 2430 ntjugi
1294 2360 1538 2414 custodia
1586 2369 1832 2412 tueamur

228 2459 466 2513 animam
500 2463 769 2521 nostram,
800 2453 908 2524 42
938 2454 1059 2522 quia
1088 2452 1420 2507 exercitatos
1467 2450 1534 2504 ad
1569 2449 1831 2519 supplan-

231 2552 454 2607 tandum
481 2549 740 2604 habemus
763 2549 1046 2612 inimicos,
1079 2548 1357 2601 daemones
1387 2544 1614 2609 scilicet,
1646 2552 1835 2599 contra

229 2659 364 2716 quos
392 2644 582 2710 nobis,
626 2641 918 2697 secundum
971 2640 1321 2709 apostolicam
1353 2635 1832 2704 contestationem,

232 2753 408 2808 pugna
441 2738 561 2791 sine
592 2734 994 2790 intermissione
1022 2740 1127 2787 est.
1157 2732 1226 2786 At
1255 2731 1400 2786 enim
1430 2747 1442 2783 :
1477 2728 1595 2786 Non
1637 2735 1720 2783 est
1740 2741 1837 2783 no-

231 2831 315 2887 bis
345 2828 664 2885 colluctatio
690 2826 952 2881 adversus
999 2839 1220 2879 carnem
1260 2831 1314 2878 et
1345 2822 1690 2893 sanguinem,
1739 2819 1836 2875 sed

228 2922 491 2978 adversus
521 2918 851 2989 principatus
881 2925 936 2972 et
977 2921 1274 2985 potestates
1301 2913 1461 2982 hujus
1494 2913 1700 2978 mundi,
1741 2913 1838 2968 ad-

228 3029 423 3074 versus
451 3012 717 3084 spiritalia
763 3010 1016 3081 nequitiae
1047 3009 1100 3064 in
1127 3007 1434 3063 ccelestibus
1466 3004 1686 3076 (Ep/tes.
1726 3003 1835 3074 vt).

229 3108 426 3183 Ingens
455 3121 644 3161 eorum
675 3103 828 3158 turba
859 3103 1020 3156 istum
1053 3099 1299 3170 pervolat
1327 3114 1529 3167 aerem,
1566 3113 1672 3153 non
1704 3111 1837 3167 pro-

230 3204 313 3258 cul
344 3217 377 3256 a
412 3198 568 3254 nobis
596 3198 828 3251 hostium
878 3202 1091 3250 caterva
1135 3193 1406 3247 discurrit.
1440 3191 1508 3246 Et
1550 3189 1836 3245 diversita-

1932 1993 2173 2063 Cumqne
2199 2005 2253 2051 et
2283 1997 2334 2050 in
2367 1997 2449 2050 his
2476 1995 2772 2064 contempti
2817 1995 3034 2060 fuerint,
3067 1996 3240 2064 ipsum
3262 1995 3374 2064 jam
3414 2009 3528 2048 suae

1935 2088 2185 2155 nequitia:
2213 2087 2511 2157 principem
2556 2101 2618 2142 ac
2643 2087 2812 2141 totius
2858 2085 2986 2140 mali
3027 2086 3415 2149 summitatem,
3458 2083 3528 2137 ad

1935 2179 2230 2234 subsidium
2262 2180 2344 2233 sui
2373 2179 2684 2234 certaminis
2716 2186 2931 2233 vocant.

2006 2271 2136 2325 Cir.
2172 2270 2310 2326 XVI.
2336 2301 2406 2312 —-
2435 2271 2638 2325 Crebro
2665 2271 2899 2340 denique
2930 2269 3196 2324 Antonius
3218 2270 3379 2323 talem
3410 2283 3438 2322 a
3466 2281 3525 2322 se

1934 2364 2106 2420 visum
2154 2365 2422 2420 diabolum
2471 2365 2768 2431 asserebat,
2821 2365 3031 2433 qualem
3080 2373 3132 2417 et
3166 2363 3354 2418 beatus
3381 2361 3520 2424 Joh,

1937 2457 2166 2512 Domino
2212 2459 2507 2523 revelante,
2540 2469 2864 2529 cognoverat
2896 2459 3017 2528 (Job
3047 2456 3182 2526 xu).
3230 2455 3382 2511 Oculi
3410 2456 3531 2521 ejus

1936 2566 1999 2606 ac
2019 2553 2063 2607 si
2087 2553 2294 2621 species
2326 2552 2579 2619 Luciferi,
2622 2567 2690 2606 ex
2721 2565 2816 2606 ore
2846 2549 2964 2620 ejus
2995 2549 3292 2618 procedunt
3319 2548 3530 2616 lampa-

1940 2645 2038 2700 des
2065 2646 2320 2700 incensaa.
2349 2645 2539 2699 Crines
2569 2659 2780 2714 quoque
2811 2642 3070 2697 incendiis
3098 2649 3446 2712 sparguntur,
3475 2646 3532 2693 et

1937 2751 2004 2792 ex
2055 2737 2275 2792 naribus
2323 2736 2440 2806 ejus
2493 2737 2671 2790 fumus
2723 2735 3024 2804 egreditur,
3081 2733 3235 2802 quasi
3293 2731 3526 2786 fornacis

1939 2833 2217 2886 aestuantis
2247 2831 2440 2885 ardore
2470 2831 2785 2885 carbonum.
2838 2828 3029 2884 Anima
3071 2827 3189 2891 ejus
3230 2833 3287 2879 ut
3331 2837 3526 2894 pruna.

1941 2923 2154 2977 flamina
2205 2937 2334 2975 vero
2382 2937 2449 2976 ex
2495 2935 2590 2976 ore
2638 2921 2754 2988 ejus
2784 2919 3136 2989 glomeratur.
3182 2917 3317 2972 Cum
3348 2915 3532 2985 hujus-

1941 3016 2084 3070 modi
2117 3015 2412 3069 terroribus
2449 3014 2595 3068 visus
2618 3023 2700 3070 est
2723 3013 2975 3082 princeps
3002 3011 3329 3073 daemonum,
3357 3007 3533 3076 inquit

1943 3107 2234 3172 Antonius,
2288 3115 2345 3160 et
2401 3104 2636 3173 ingentia
2683 3118 2847 3171 saepe,
2904 3111 2962 3157 ut
3000 3102 3138 3166 dixi,
3191 3098 3533 3169 promittens.

1943 3197 2232 3267 impietatis
2286 3209 2399 3250 sua:
2457 3195 2654 3249 defurit
2698 3195 2876 3262 lingua
2922 3191 3280 3262 magniloqua.
3338 3188 3411 3243 De
3432 3202 3536 3256 qua

229 3301 340 3349 tem
374 3292 595 3361 quidem
619 3302 805 3344 eorum
838 3301 944 3340 non
969 3293 1054 3341 est
1071 3300 1202 3338 mea:
1225 3283 1508 3354 parvitatis
1540 3295 1834 3352 exponere,
1866 3287 1911 3351 C
1942 3288 2201 3343 Dominus
2227 3284 2591 3354 triumphavit,
2625 3283 2691 3339 ad
2719 3283 2820 3338 Job
2864 3282 3050 3337 dicens
3099 3279 3289 3351 (Ibid.)
3335 3297 3347 3333 ε
3381 3277 3537 3333 Arbi-

231 3387 327 3444 sed
362 3390 508 3440 hanc
540 3382 836 3453 majoribus
867 3377 1106 3435 concedo
1149 3378 1436 3433 rationem.
1470 3375 1627 3444 Quod
1659 3382 1837 3428 autem

233 3479 285 3535 in
316 3483 581 3548 promptu
610 3484 712 3542 est,
746 3482 802 3528 et
833 3474 1079 3543 ignorare
1109 3485 1215 3526 non
1247 3469 1484 3538 expedit,
1519 3467 1673 3522 dolos
1697 3465 1842 3521 scili-

233 3582 320 3628 cet
368 3584 564 3626 eorum
599 3568 884 3622 adversum
915 3580 1014 3620 nos
1045 3563 1376 3634 compositos
1419 3562 1653 3617 breviter
1701 3559 1843 3614 indi-

233 3668 398 3723 cabo.

307 3757 429 3813 Hoc
477 3754 709 3827 primum
757 3750 1020 3807 debemus
1071 3746 1339 3804 mentibus
1389 3745 1654 3817 affigere,
1712 3741 1844 3800 nihil

235 3850 412 3910 Deum
464 3846 654 3903 fecisse
694 3843 837 3916 quod
889 3841 1085 3896 malum
1128 3848 1212 3895 est
1262 3837 1418 3910 ('57),
1477 3850 1576 3891 nec
1619 3834 1686 3889 ab
1729 3834 1846 3902 ejus

234 3940 585 4008 institutione
607 3938 915 3992 daemonum
942 3933 1176 4001 coepisse
1197 3929 1457 4000 principia
1479 3946 1492 3981 :
1517 3927 1844 3998 perversitas

235 4035 363 4101 ista,
410 4046 521 4086 non
564 4039 796 4095 naturae,
849 4025 946 4081 sed
990 4023 1278 4079 voluntatis
1325 4029 1409 4077 est
1456 4021 1664 4075 vitium.
1710 4019 1845 4074 Boni

233 4126 468 4191 etenim,
499 4131 688 4192 utpote
713 4137 742 4176 a
775 4121 886 4174 Deo
914 4117 1135 4182 conditi,
1170 4130 1238 4170 ex
1285 4115 1504 4185 pr0prio
1535 4112 1729 4168 mentis
1759 4125 1848 4165 ar-

234 4216 408 4275 bitrio
437 4215 504 4270 ad
539 4225 711 4270 terras
741 4226 898 4267 ruere
934 4212 1000 4266 de
1043 4208 1230 4273 ccelis;
1265 4208 1447 4277 ibique
1479 4207 1531 4261 in
1562 4205 1704 4262 caeni
1731 4219 1848 4260 sor-

233 4311 403 4369 dibus
433 4306 677 4372 volutati,
710 4304 1022 4375 gentilitatis
1062 4302 1256 4371 impias
1286 4301 1616 4356 constituere
1664 4298 1850 4353 cultu-

234 4416 367 4469 ras;
398 4411 455 4457 et
483 4413 627 4455 nunc
652 4397 719 4452 de
751 4396 904 4450 nobis
923 4403 1238 4464 torquentur
1274 4393 1495 4458 invidia,
1524 4400 1688 4461 atque
1731 4391 1849 4444 urti-

234 4509 403 4552 versa
437 4492 577 4547 mala
604 4502 946 4546 commovere
989 4502 1094 4541 non
1132 4495 1364 4552 cessant,
1396 4499 1463 4540 ne
1489 4484 1729 4554 pristinis
1752 4497 1850 4538 eo-

237 4602 369 4644 rum
400 4585 626 4642 sedibus
655 4581 1027 4637 succedamus.

1947 3389 2119 3437 tratur
2144 3381 2288 3435 enim
2322 3379 2522 3434 ferrum
2552 3387 2611 3434 ut
2641 3378 2845 3448 paleas,
2875 3383 3226 3431 aaramentum
3254 3380 3312 3428 ut
3333 3373 3534 3443 lignum

1944 3473 2237 3546 putridnm,
2288 3472 2453 3527 maria
2499 3479 2557 3527 ut
2584 3480 2808 3538 terram,
2842 3478 3100 3523 tartarum
3142 3463 3390 3536 profundi
3418 3471 3537 3518 tan-

1946 3583 2104 3640 quam
2144 3568 2409 3638 captivum
2438 3563 2745 3635 aestimavit,
2793 3564 3048 3634 abyssum
3080 3570 3138 3616 ut
3164 3557 3536 3616 deambulato-

1947 3665 2106 3719 rium.
2138 3663 2239 3718 Per
2271 3663 2580 3731 prophetam
2612 3674 2825 3730 quoque
2856 3658 3120 3725 increpat,
3147 3656 3340 3724 (dicens
3367 3671 3382 3711 :
3409 3653 3537 3708 Per-

1946 3771 2178 3828 sequens
2220 3752 2672 3824 comprehendam
2720 3751 2918 3822 (Exodi
2968 3750 3090 3818 xv),
3120 3757 3175 3802 et
3203 3760 3420 3801 omnem
3449 3759 3540 3799 or-

1949 3848 2070 3905 bem
2113 3859 2374 3902 terrarum
2408 3859 2566 3899 manu
2613 3855 2728 3898 mea
2765 3851 2823 3896 ut
2853 3841 3036 3896 nidunt
3061 3837 3340 3902 obtinebo,
3384 3844 3440 3890 et
3480 3844 3539 3890 ut

1949 3957 2050 3997 ova
2077 3939 2334 3996 derelicta
2377 3936 2616 3992 auferam
2667 3934 2847 4007 (Isaiae
2886 3934 2965 4005 χ).
3018 3932 3108 3989 Sic
3145 3931 3354 4001 iniquus
3389 3929 3541 3984 fune-

1949 4049 2070 4092 reas
2093 4047 2349 4089 evomens
2370 4045 2551 4096 voces,
2575 4030 2711 4085 bene
2737 4028 3026 4083 viventium
3051 4025 3262 4096 aliquos
3288 4023 3538 4094 frequen-

1951 4138 2034 4185 ter
2062 4128 2339 4198 illaqueat,
2365 4125 2456 4181 sed
2483 4139 2581 4179 nos
2626 4136 2725 4178 nec
2747 4121 2863 4192 ejus
2903 4117 3380 4192 pollicitationibus
3421 4129 3545 4171 cre-

1951 4222 2101 4286 dere,
2164 4233 2263 4274 nec
2305 4218 2478 4272 minas
2525 4215 2815 4271 formidare
2865 4213 3161 4278 debemus;
3216 4211 3352 4266 fallit
3395 4211 3540 4265 enim

1954 4313 2284 4383 frequenter,
2334 4309 2576 4377 nihilque
2621 4321 2806 4361 verum
2847 4305 3128 4375 promittit.
3161 4301 3293 4357 Nam
3347 4301 3393 4355 si
3439 4313 3545 4354 non

1955 4404 2233 4462 mendacia
2279 4410 2470 4458 cuncta
2498 4401 2830 4470 loqueretur,
2863 4397 3130 4468 quomodo
3181 4395 3304 4449 talia
3332 4405 3385 4447 et
3438 4403 3545 4446 tam

1953 4498 2156 4554 infinita
2191 4497 2530 4567 promittens,
2565 4495 2723 4547 hamo
2765 4492 2942 4546 crucis
2971 4498 3029 4544 ut
3056 4489 3218 4544 draco
3247 4488 3548 4543 aduncatus

1956 4606 1986 4646 a
2013 4589 2239 4645 Domino
2266 4597 2350 4642 est
2383 4588 2521 4657 (40),
2555 4593 2610 4639 et
2636 4583 2870 4653 capistro
2903 4567 3092 4650 ligatus
3122 4589 3179 4635 ut
3213 4579 3540 4648 jumentum,

322 4698 551 4753 Diversa
579 4705 758 4751 autem
787 4707 973 4749 eorum
1005 4700 1058 4748 et
1086 4690 1277 4761 partita
1305 4687 1544 4760 nequitia
1590 4697 1675 4744 est
1703 4688 1847 4759 (58),
1881 4671 1928 4731 D
1955 4691 2010 4737 et
2034 4680 2186 4751 quasi
2218 4676 2544 4745 mancipium
2574 4673 2853 4743 fugitivum
2879 4677 3090 4728 vinctus
3117 4672 3343 4737 circulo,
3375 4678 3429 4728 et
3458 4685 3544 4726 ar-

233 4790 482 4858 Qnidam
513 4790 658 4843 enim
696 4786 766 4840 ad
811 4798 1080 4841 summum
1123 4781 1348 4836 nocendi
1380 4781 1631 4835 verticem
1663 4795 1852 4850 perve-

235 4895 408 4945 nere,
441 4881 531 4933 alii
563 4893 629 4934 ex
655 4877 1058 4946 comparatione
1085 4873 1328 4944 pejorum
1353 4871 1604 4926 videntur
1632 4885 1753 4927 esse
1777 4871 1852 4926 le-

233 4978 469 5037 viores;
517 4981 677 5042 atque
719 4985 906 5025 omnes
958 4982 1058 5038 pro
1109 4966 1465 5037 possibilitate
1511 4964 1724 5025 virium.
1771 4964 1853 5018 di-

232 5083 411 5126 versa
441 5073 635 5122 contra
679 5063 918 5133 singulas
961 5075 1243 5131 sumpsere
1273 5058 1591 5115 certamina.
1645 5057 1852 5114 Idcirco

233 5160 626 5220 necessarium
653 5164 738 5212 est
764 5156 962 5210 donum
989 5154 1276 5224 spirituum
1301 5151 1786 5207 discernendorum
1821 5163 1853 5204 a

235 5255 494 5311 Domino
523 5259 707 5319 petere
738 5245 793 5320 (Ι
826 5246 945 5301 Cor.
971 5244 1090 5316 xu),
1119 5254 1177 5298 ut
1209 5243 1475 5314 possimus
1505 5251 1612 5297 tam
1641 5241 1855 5297 fraudes

235 5360 451 5404 eorum
477 5358 638 5414 quam
669 5339 845 5396 studia
873 5336 1242 5411 pervidentes,
1275 5335 1539 5391 adversus
1585 5333 1854 5403 disparem

233 5451 497 5512 pugnam
525 5449 693 5491 unum
740 5433 1034 5489 Dominicae
1081 5429 1262 5486 crucis
1313 5428 1526 5484 elevare
1571 5428 1845 5482 vexillum.

229 5535 375 5593 Hoc
415 5544 649 5587 munere
690 5527 890 5584 Paulus
918 5533 1163 5595 accepto,
1208 5522 1437 5578 docebat
1466 5521 1692 5577 dicens:
1740 5518 1855 5575 Non

229 5627 406 5684 enim
433 5623 553 5693 ejus
583 5623 908 5691 .ignoramus
933 5617 1158 5672 astutias
1208 5612 1259 5684 (1
1271 5611 1296 5665 ι
1331 5610 1450 5667 Cor.
1492 5607 1578 5681 tt).
1606 5610 1684 5665 Ad
1706 5609 1860 5679 cujus

229 5717 572 5786 exemplum
602 5712 766 5768 etiam
814 5722 911 5764 nos
957 5715 1170 5778 oportet
1199 5721 1264 5761 ex
1311 5703 1397 5759 his
1425 5719 1546 5774 quae
1577 5703 1722 5772 passi
1764 5716 1859 5757 su-

229 5825 408 5877 mus.
434 5807 638 5865 mutuis
665 5817 764 5860 nos
788 5802 1018 5858 invicem
1049 5798 1316 5853 instruere
1336 5793 1695 5850 sermonibus.

319 5902 551 5960 Hostile
610 5899 717 5954 illis
758 5904 948 5952 contra
991 5905 1182 5948 omnes
1221 5881 1577 5968 Christianos.
1623 5887 1864 5943 maxime

514 6016 796 6078 Panos.
827 5998 1120 6073 LXXIII.

1958 4773 2097 4827 milia
2134 4769 2270 4824 labia
2298 4767 2600 4839 perforatus
2628 4765 2747 4835 (Job
2779 4764 2895 4834 χι),
2929 4765 3137 4821 ttullum
3167 4767 3387 4820 omnino
3411 4764 3544 4819 lide-

1957 4861 2083 4916 lium
2114 4859 2376 4914 devorare
2399 4854 2757 4926 permittitur?
2785 4853 2936 4910 Nunc
2965 4855 3287 4911 miserabilis
3334 4863 3394 4907 ut
3422 4865 3545 4922 pas-

1957 4969 2065 5022 ser,
2115 4951 2180 5005 ad
2219 4950 2400 5004 ludum
2451 4948 2686 5004 irretitus
2730 4962 2762 5002 a
2811 4946 3028 5003 Christo
3079 4956 3161 5003 est
3215 4944 3358 5017 (41),
3406 4955 3545 4998 nunc

1957 5047 2183 5103 comites
2209 5059 2339 5100 suos
2366 5043 2518 5113 quasi
2544 5043 2857 5111 scorpiones
2879 5050 2934 5098 et
2957 5050 3256 5113 serpentes,
3289 5038 3551 5094 calcaneo

1956 5139 2384 5196 Christianorum
2439 5134 2741 5191 substratos
2779 5136 2962 5206 gemit.
3016 5134 3110 5189 Ille
3156 5130 3246 5199 qui
3291 5130 3550 5186 universa

1957 5233 2126 5288 maria
2154 5245 2185 5284 a
2209 5243 2267 5286 se
2291 5228 2465 5284 deleta
2496 5227 2799 5297 plaudebat,
2823 5226 2918 5282 ille
2947 5225 3034 5294 qui
3057 5222 3250 5278 orbem
3282 5233 3550 5278 terrarum

1958 5340 2117 5381 manu
2145 5338 2238 5379 sua
2268 5322 2436 5378 teneri
2465 5321 2835 5392 pollicebatur,
2883 5331 3010 5373 ecce
3055 5331 3086 5368 a
3110 5319 3266 5374 vobis
3300 5317 3552 5385 vincitur,
3615 5363 3632 5392 ﬁ.

1957 5433 2082 5476 ecce
2108 5433 2192 5472 me
2215 5416 2499 5472 adversum
2523 5430 2583 5470 se
2611 5415 2897 5483 prohibere
2924 5425 3031 5465 non
3063 5420 3242 5482 potest
3262 5382 3546 5480 disputari-—
3615 5382 3637 5468 ἶ

1959 5523 2092 5569 tem.
2120 5512 2522 5569 Contemnenda
2566 5519 2670 5574 est,
2704 5508 2877 5571 filioli,
2905 5504 3119 5574 penitus
3149 5522 3272 5562 cum
3302 5508 3551 5562 inanibus

1962 5607 2137 5660 verbis
2167 5606 2394 5674 superba
2415 5602 2706 5671 iactantia;
2737 5598 2909 5668 fulgor
2937 5597 3047 5668 ille,
3081 5602 3168 5670 qui
3191 5599 3373 5656 lucere
3395 5613 3455 5652 se
3477 5598 3552 5651 si-

1963 5699 2149 5766 mulat,
2183 5715 2288 5753 non
2314 5697 2425 5756 veri
2455 5692 2709 5769 splendor
2729 5702 2814 5752 est
2852 5691 3094 5759 luminis,
3123 5691 3219 5749 sed
3247 5691 3440 5760 quibus
3467 5701 3555 5741 ar-

1964 5807 2122 5849 surus
2148 5799 2235 5850 est
2259 5793 2454 5848 indicat
2475 5791 2735 5846 ﬂammas.
2766 5788 2899 5844 Nam
2921 5788 3066 5844 dlClO
3092 5785 3248 5842 citius
3272 5781 3555 5844 recedens,

1966 5903 2184 5948 suarum
2208 5902 2391 5966 secum
2422 5885 2590 5946 refert
2617 5886 2904 5945 simulacra
2929 5897 3235 5958 poenarum.

3033 5994 3071 6052 5
