4124 6350
287 423 382 481 Ni

1389 427 1544 488 VITA
1587 431 1790 490 BEATI
1829 433 2104 492 ΛΝΤΟΝΙΙ
2149 439 2457 497 ABBATIS.

3459 449 3560 508 id!

283 551 584 596 extremum
615 539 716 596 diri
752 540 992 596 vulneris
1016 543 1250 598 novitate
1281 540 1573 610 percussit?
1621 549 1720 617 Qui
1765 550 1867 607 hoc
1897 555 1946 617 Α
1973 554 2058 608 nia
2085 557 2506 630 considerantes,
2533 559 2717 631 rapido
2736 574 2894 619 cursu
2918 563 3016 620 sibi
3035 561 3259 623 invicem
3291 571 3556 625 nuntiant.

287 635 531 706 opponit,
559 635 738 690 audiat
756 635 1014 691 ediverso
1034 655 1049 692 :
1067 653 1172 692 non
1201 638 1466 695 diabolum
1494 643 1729 710 potuisse
1746 646 1867 711 hoc,

285 731 375 782 sed
409 730 716 793 liotuinum,
745 743 773 783 a
805 747 908 797 quo
940 739 1176 799 potestas
1215 733 1495 787 adversum
1546 745 1643 790 nos
1693 736 1871 806 dupli-

281 823 416 879 citer
438 824 619 889 datur,
651 824 734 880 vel
760 823 823 878 ad
856 825 1094 897 gloriam,
1129 823 1173 881 si
1201 828 1509 895 probamur,
1550 831 1632 884 vel
1663 832 1724 884 ad
1757 845 1871 899 pte-

282 933 426 982 nam,
452 918 496 973 si
526 918 906 989 delinquimus.
937 920 1075 987 Quin
1109 924 1282 987 potius
1313 937 1374 976 ex
1409 917 1512 979 hoc
1532 916 1869 980 animadverL

277 1022 377 1080 tat,
431 1029 501 1068 ne
549 1025 734 1067 contra
791 1021 954 1068 unum
1006 1015 1218 1082 quidem
1275 1017 1550 1074 hominem
1599 1008 1867 1076 diabolum

279 1106 572 1175 quidquam
600 1105 862 1176 potuisse,
914 1107 955 1159 si
1007 1119 1112 1161 non
1169 1119 1480 1177 potestatem
1513 1109 1868 1180 accepisseta

279 1199 535 1255 Domino.
569 1199 755 1254 Nullus
793 1201 935 1254 enim
963 1201 1101 1269 quod
1147 1217 1255 1255 sua:
1278 1195 1495 1259 ditionis
1535 1207 1615 1262 est
1655 1207 1723 1262 ab
1764 1211 1868 1265 alio

276 1293 621 1362 deprecatur.
658 1287 766 1347 Sed
802 1280 926 1362 quid
959 1289 1058 1345 Job
1087 1311 1346 1362 memoro,
1388 1315 1544 1366 quem
1578 1317 1674 1354 nec
1699 1317 1864 1367 exne-

271 1383 430 1438 titum
465 1385 634 1454 potuit
657 1379 908 1440 vincere?
936 1388 1030 1441 sed
1065 1402 1162 1441 nec
1185 1398 1368 1441 contra
1390 1391 1624 1457 jumenta
1654 1393 1865 1461 quidem

269 1475 413 1546 eius,
431 1493 533 1533 nec
549 1485 732 1532 contra
751 1493 884 1532 oves
902 1492 1052 1545 suas,
1071 1480 1184 1534 sine
1205 1495 1461 1535 concessu
1484 1473 1573 1534 Dei
1597 1485 1863 1552 proprium

267 1555 444 1624 robur
471 1570 735 1625 exercuit.
757 1565 851 1626 Sic
877 1569 1037 1626 etiam
1062 1573 1112 1626 iu
1142 1571 1435 1644 Evangelia
1465 1565 1718 1642 scriptum
1751 1573 1860 1632 est:

269 1649 564 1716 Daemones
595 1672 773 1716 autem
806 1664 1062 1732 rogabant
1119 1657 1264 1728 eum,
1317 1663 1553 1720 dicentes
1585 1685 1597 1720 :
1629 1664 1684 1722 Si
1716 1667 1867 1740 ejicis

266 1753 368 1809 nos
402 1756 550 1819 hinc,
580 1757 731 1811 mitte
754 1771 848 1810 nos
874 1760 924 1809 in
950 1772 1162 1828 gregem
1187 1771 1467 1826 porcorum
1501 1741 1863 1834 (Moriamur).

269 1836 554 1915 Quomodo
582 1849 740 1918 igitur
763 1851 851 1916 qui
883 1863 1165 1918 porcorum
1195 1859 1452 1919 expetunt
1485 1861 1704 1919 mortes,
1736 1856 1866 1910 ima-

1973 644 2080 699 Sed
2107 647 2149 700 si
2178 645 2309 704 forte
2326 650 2608 720 contigerit
2637 659 2690 706 ut
2715 653 2805 709 Dei
2832 665 2958 708 nulli
2982 657 3044 709 ad
3075 656 3229 710 linem
3255 668 3425 726 (-(Bpta
3455 673 3561 715 non

1970 737 2209 804 veniant,
2243 737 2345 795 hoc
2377 752 2477 808 est,
2525 746 2566 798 si
2614 758 2698 799 aut
2733 748 2901 802 viator
2940 766 2970 803 e
3010 752 3181 804 media
3227 753 3561 821 regrediatur

1974 830 2079 896 via,
2114 839 2205 883 aut
2244 843 2518 898 suspens‘m
2565 836 2794 892 nubibus
2825 855 2973 909 aqua:
3003 841 3067 894 ad
3097 842 3259 895 altum
3289 845 3407 899 coeli
3442 859 3560 897 car-

1975 919 2153 978 dinem
2173 923 2501 993 deferantur,
2522 939 2646 1003 tunc
2670 931 3043 1003 decipientium
3070 941 3169 990 u‘na
3189 935 3306 992 cum
3334 939 3560 994 creden-

1969 1015 2115 1071 ti‘bus
2146 1031 2296 1072 error
2325 1015 2583 1089 aperitur.
2615 1009 2740 1079 ilice
2765 1027 3073 1094 gentili'atis
3095 1032 3239 1085 fuere
3273 1034 3554 1099 principia,

1967 1102 2058 1162 'b‘is
2077 1109 2480 1182 prtesagit’orut'n
2507 1100 2640 1170 doiis
2657 1121 2802 1187 apud
2821 1119 3041 1175 delubra
3063 1115 3364 1178 dzemoiium
3389 1140 3558 1193 quon-

1973 1203 2093 1258 dam
2122 1209 2477 1264 credebantur
2507 1203 2719 1267 ora‘cula
2746 1219 2763 1269 ':
2798 1209 2916 1284 qua:
2949 1220 3174 1292 adventu
3205 1215 3416 1272 Domini
3463 1235 3558 1272 no-

1971 1297 2067 1352 stri
2091 1297 2212 1354 Jesu
2245 1302 2467 1373 Christi,
2490 1297 2696 1361 indicto
2725 1308 2822 1363 sibi
2863 1291 3076 1364 Silentii)
3107 1303 3244 1381 (Ἠ),
3278 1313 3559 1366 obmutue-

1971 1397 2116 1452 runt,
2160 1385 2392 1461 suosque
2433 1385 2716 1458 perdidere
2757 1383 3013 1467 captivos.
3068 1391 3198 1468 Quis
3252 1401 3427 1471 (rogo)
3468 1411 3559 1457 aut

1969 1479 2235 1535 medicum
2268 1489 2329 1536 ett
2361 1480 2731 1557 observatione
2753 1479 3084 1559 incrborntn,
3119 1485 3238 1546 cum
3269 1495 3458 1548 anitum
3487 1499 3559 1547 ae—

1973 1573 2199 1626 stuantis
2229 1568 2533 1630 incendium
2566 1565 2631 1632 de
2661 1571 2918 1636 renarint)
2952 1583 3104 1650 pn’lsu
3141 1585 3238 1637 levi
3271 1581 3559 1654 digitorum

1973 1667 2240 1721 Scrutatur
2261 1675 2480 1734 attactu,
2498 1655 2733 1727 d‘iv’itiant
2758 1665 3046 1729 arbitratur
3062 1676 3259 1732 habere
3280 1671 3559 1734 notitiam?

1971 1749 2099 1824 Quis
2131 1757 2543 1829 gnbern‘at'orein
2579 1753 2931 1836 navigationis
2960 1759 3070 1823 sure
3103 1755 3239 1823 viain
3273 1771 3409 1824 inter
3434 1755 3559 1826 (δίητί

1969 1847 2147 1906 s’idcra
2165 1847 2521 1921 requirentem
2542 1853 2839 1929 majestatis
2859 1856 3060 1916 honore
3088 1863 3410 1916 veneratur?
3428 1863 3559 1928 Quis

268 1938 447 2008 ginem
487 1937 582 1991 Dei
616 1941 906 2004 hominem,
942 1952 994 1993 et
1028 1951 1131 1993 tam
1161 1939 1382 1995 charum
1425 1939 1701 2000 Conditori
1751 1946 1866 2000 ani-
1894 1959 1945 2021 Β
1969 1941 2259 2014 agricolam
2287 1946 2355 2002 de
2382 1949 2542 2004 aridis
2565 1953 2763 2005 aestatis
2796 1941 3115 2020 fervoribus,
3139 1966 3229 2011 aut
3253 1957 3316 2010 de
3341 1957 3558 2015 hiemali

265 2029 374 2082 'mal
406 2045 508 2082 suo
524 2023 774 2083 valebunt
802 2029 926 2101 jure
951 2031 1290 2098 pervertere?

338 2122 552 2191 Magna,
580 2122 939 2188 dilectissimi,
963 2124 1248 2178 adversum
1278 2121 1549 2179 dmmones
1574 2123 1689 2196 (45)
1716 2141 1863 2183 arma

266 2217 389 2270 Sunt
410 2217 519 2270 vita
541 2218 756 2271 sint-era
773 2226 828 2272 et
851 2217 1170 2272 intemerata
1199 2219 1261 2274 ad
1291 2221 1451 2274 Deum
1482 2221 1631 2276 ﬁdes.
1652 2221 1865 2280 Credite

269 2312 398 2366 inibi
444 2324 673 2383 experto
705 2332 715 2366 :
751 2313 1087 2384 pertimescit
1125 2314 1350 2372 Satanas
1387 2330 1532 2372 recte
1574 2319 1861 2378 viventium

265 2403 498 2474 Vigilias,
525 2409 817 2473 orationes,
845 2407 1070 2478 jejunia,
1098 2411 1590 2476 mansuetudinem,
1617 2415 1863 2468 volunta-

265 2502 396 2556 riam
446 2512 836 2570 paupertatem,
871 2519 1019 2557 vante
1051 2503 1236 2573 gloria:
1269 2515 1657 2574 contemptum,
1691 2503 1865 2559 humi-

263 2590 496 2661 litatem,
533 2596 973 2661 misericordiam,
1010 2594 1103 2650 ira:
1133 2597 1493 2662 dominatum,
1523 2610 1572 2652 et
1597 2597 1864 2668 pt'a'cipué

265 2699 458 2755 purum
487 2702 581 2740 cor
603 2701 725 2756 erga
749 2684 952 2742 Christi
975 2702 1236 2743 amorem.
1263 2689 1419 2744 Novit
1448 2693 1753 2746 teterrimos
1774 2707 1862 2747 co-

264 2769 441 2847 luber,
473 2798 540 2835 ex
575 2791 836 2850 [irmcctito
863 2781 1075 2837 Domini
1106 2786 1205 2837 sub
1251 2781 1522 2856 iustorum
1579 2802 1638 2842 se
1681 2785 1863 2856 jacere

265 2875 531 2942 Vestigiis,
565 2875 652 2944 qui
683 2874 751 2927 ait
780 2893 792 2927 :
819 2874 957 2929 Ecce
976 2873 1101 2929 dedi
1120 2876 1272 2930 vobis
1303 2885 1620 2945 potestatem
1653 2880 1864 2936 calcare

264 2966 431 3036 Super
459 2976 740 3035 serpentes
768 2977 818 3020 et
866 2967 1200 3038 scorpiones,
1233 2976 1287 3023 et
1316 2983 1478 3039 super
1508 2975 1721 3025 omnem
1751 2974 1861 3028 vir-

263 3047 432 3113 tutem
464 3057 665 3112 inimici
700 3058 880 3128 (Luca!
906 3055 987 3128 Χ).

332 3151 387 3205 Si
437 3163 617 3205 autem
659 3161 712 3206 et
751 3149 1132 3207 divinatiOnem
1180 3169 1239 3208 se
1273 3151 1473 3209 habere
1514 3147 1858 3225 simulantes,

262 3254 528 3300 venturos
563 3245 756 3299 fratres
787 3245 1168 3306 uuntiaverint,
1200 3251 1253 3301 et
1297 3247 1563 3302 adfuerint.
1606 3265 1739 3319 quos
1771 3264 1864 3304 ve-

1965 2029 2226 2103 ‘aquarum
2257 2033 2500 2108 largitate
2531 2041 2616 2094 vel
2645 2037 2844 2109 frigore
2880 2044 3261 2112 disputantem,
3309 2063 3411 2100 non
3465 2061 3559 2114 po-

1965 2124 2072 2180 tius
2100 2131 2424 2196 experientia
2458 2125 2655 2194 laudat,
2699 2149 2856 2200 quam
2885 2119 2968 2190 dei
2998 2147 3278 2190 consecrat
3302 2135 3557 2191 nomine?

2040 2215 2258 2284 Verum,
2304 2229 2361 2275 ut
2411 2223 2768 2278 concedamus
2816 2223 3084 2296 pau‘iisper
3113 2243 3238 2281 vera
3279 2227 3557 2285 dzemones

1964 2314 2235 2381 nuntiare,
2284 2315 2608 2387 respondete
2651 2321 2804 2385 mihi,
2849 2324 2967 2390 quis
3012 2323 3215 2377 fructus
3270 2331 3350 2378 est
3395 2341 3558 2380 nosse

1966 2409 2277 2464 Venientia?
2301 2407 2546 2478 Nunquid
2577 2422 2668 2468 aut
2696 2417 2871 2470 sciens
2895 2417 3016 2472 "hate
3043 2419 3327 2487 aliquando
3365 2421 3558 2476 lauda-

1967 2494 2072 2561 tus,
2095 2509 2186 2553 aut
2207 2501 2422 2569 punitus
2444 2499 2524 2557 est
2546 2494 2827 2560 tresciens?
2854 2505 2913 2560 In
2941 2509 3039 2561 hoc
3061 2497 3430 2582 unusquisque
3451 2511 3558 2568 sibi

1967 2597 2252 2660 prmparat,
2287 2607 2382 2647 seu
2407 2586 2696 2662 tormenta,
2732 2611 2825 2652 seu
2854 2585 3102 2669 gloriam,
3135 2602 3181 2656 si
3209 2603 3291 2657 vel
3326 2605 3558 2676 negligat

1965 2682 2359 2755 Scripturarum
2391 2685 2660 2759 mandata,
2694 2695 2776 2748 vel
2807 2693 2983 2750 faciat.
3032 2696 3219 2752 Nullus
3250 2699 3320 2753 ob
3367 2702 3414 2754 id
3456 2717 3557 2755 no-

1967 2791 2138 2860 strum
2173 2779 2312 2836 hanc
2343 2783 2567 2854 arripuit
2599 2788 2780 2851 vitam,
2828 2798 2883 2843 ut
2929 2789 3116 2845 habeat
3166 2785 3556 2859 prmsrientiam

1967 2867 2299 2937 futurorum,
2332 2873 2426 2928 sed
2465 2887 2520 2928 ut
2550 2880 2833 2947 praeceptis
2883 2880 3095 2936 Domini
3133 2879 3238 2954 45
3277 2887 3553 2951 «ιιιράῖθηε,

1965 2960 2171 3016 amicus
2194 2975 2312 3018 esse
2335 2965 2636 3034 incipiatde
2659 2983 2838 3024 servo.
2855 2969 3166 3026 ‘Curaudum
3193 2985 3272 3029 est
3297 2991 3402 3030 non
3429 2994 3558 3046 prte-

1967 3053 2106 3107 scire
2132 3068 2250 3123 quae
2277 3057 2521 3123 veniunt,
2554 3059 2648 3114 sed
2684 3061 2904 3130 implere
2934 3075 3051 3134 quae
3075 3066 3223 3136 jussa
3256 3080 3410 3133 sunt;
3457 3087 3557 3127 nec

1965 3143 2391 3204 institutionibus
2425 3151 2579 3206 benis
2603 3149 2749 3208 hanc
2782 3156 3020 3225 ﬂagitare
3056 3161 3384 3231 mercedem,
3434 3178 3555 3217 cum

1968 3246 2138 3310 magis
2167 3243 2455 3299 debeamus
2479 3245 2757 3300 victoriam
2785 3232 2966 3304 contra
3008 3243 3274 3308 diabolum
3311 3256 3378 3311 ab
3408 3260 3556 3312 auxi-

263 3339 380 3392 uire
404 3337 789 3407 prmdixerant,
819 3353 918 3393 nec
940 3336 1016 3391 sic
1041 3336 1171 3393 lich
1196 3346 1280 3394 est
1295 3340 1683 3393 commodanda
1713 3354 1862 3393 tnen-
1887 3345 1934 3409 ρ
1970 3330 2156 3385 liato’re
2185 3333 2409 3389 Domino
2441 3337 2728 3402 postulare.
2755 3335 2866 3394 Sed
2894 3342 2934 3393 si
2967 3343 3100 3397 {crte
3144 3345 3335 3415 aliquis
3365 3348 3464 3404 hoc
3490 3349 3560 3406 li-

262 3430 488 3502 dacibus
517 3450 529 3484 :
565 3421 635 3485 ob
659 3431 706 3485 id
737 3425 878 3487 enim
909 3449 1238 3505 praecessere
1262 3431 1557 3498 venientes,
1588 3442 1646 3486 ut
1671 3434 1866 3487 credu-

261 3521 386 3598 litas
415 3523 520 3578 sibi
551 3536 768 3593 paretur
808 3540 872 3581 ex
925 3523 1132 3592 nuntio,
1161 3536 1212 3584 et
1246 3536 1427 3598 postea
1456 3521 1631 3579 aditus
1655 3542 1718 3581 ex
1749 3542 1866 3582 rre-

261 3593 492 3672 dulitate
544 3607 790 3672 fallacias.
833 3603 1030 3673 Verum
1079 3619 1130 3672 in
1172 3593 1277 3673 hoc
1317 3617 1517 3672 nullum
1557 3615 1865 3672 Christiano

266 3710 429 3766 debet
459 3725 586 3766 csse
618 3710 957 3774 miraculum,
986 3699 1107 3766 cum
1136 3726 1242 3765 non
1283 3719 1486 3765 tantum
1533 3711 1619 3782 qui
1654 3712 1866 3765 levitate

261 3813 478 3858 naturae
513 3818 610 3871 per
631 3813 822 3857 cuncta
854 3804 1180 3870 discurrunt,
1208 3803 1418 3857 valeant
1449 3806 1726 3872 perVenire
1747 3821 1868 3875 gra-

263 3895 513 3958 dientes;
540 3895 634 3948 sed
664 3894 906 3950 homines
929 3910 1138 3963 quoque
1156 3909 1414 3964 equorum
1433 3893 1710 3948 velocitate
1732 3894 1867 3962 prm-

260 3987 430 4051 vecti,
469 3989 719 4040 nuntiant
751 3984 1052 4041 adfuturos.
1082 3987 1197 4041 Non
1227 3985 1366 4041 enim
1391 4001 1452 4041 ea
1483 4002 1601 4055 qua:
1632 3987 1866 4042 nondum

264 4073 386 4136 ﬁeri
416 4087 593 4147 empta
625 4088 750 4132 sunt
784 4079 1044 4143 referunt,
1084 4079 1204 4148 quia
1244 4077 1384 4133 Deus
1430 4079 1580 4133 solus
1623 4079 1869 4133 conscius

261 4155 344 4226 εει
367 4173 672 4225 futurorum
706 4169 864 4242 (Dan.
901 4170 1051 4239 xm);
1081 4170 1172 4223 sed
1202 4184 1428 4239 quorum
1460 4171 1792 4238 constiieiuut
1817 4169 1869 4224 in

263 4249 394 4320 actu
427 4265 664 4328 initium,
694 4278 878 4316 eorum
905 4263 1005 4316 sibi
1039 4275 1285 4331 tanquam
1320 4259 1463 4316 fures
1486 4261 1624 4331 apud
1658 4261 1872 4333 ignaros

261 4359 563 4426 Vendicant
596 4357 893 4410 notionem.
924 4356 1054 4409 Nam
1087 4367 1312 4424 quantos
1359 4371 1497 4409 nunc
1538 4357 1736 4426 putatis
1781 4353 1872 4425 qui

263 4425 486 4521 possint
529 4448 814 4503 velocitate
869 4445 1056 4516 puerili
1104 4448 1260 4500 istum
1310 4458 1507 4501 emtum
1552 4456 1873 4516 uestrosque

265 4535 471 4595 Contra
499 4555 558 4595 se
586 4553 886 4604 Sermones,
923 4549 1044 4592 ante
1078 4539 1302 4592 relatum
1333 4539 1555 4608 alicujus
1583 4539 1666 4594 hic
1695 4538 1873 4609 positi,

263 4625 436 4708 fonge
489 4633 832 4688 manentibus
881 4631 1156 4686 indicare?
1205 4633 1314 4687 Iloc
1362 4635 1503 4701 quod
1551 4634 1671 4689 dico
1701 4633 1872 4701 vobis,

1968 3423 2160 3492 benter
2189 3435 2444 3494 assumat,
2489 3437 2547 3483 ut
2583 3427 2755 3484 futura
2796 3437 3104 3502 Cognoscat,
3141 3435 3332 3493 h'a'beat
3362 3455 3557 3510 purum

1967 3529 2089 3584 cur;
2113 3521 2236 3587 quia
2257 3521 2420 3575 credo
2441 3520 2805 3579 animam'Deo
2821 3527 3164 3596 servientem,
3199 3534 3239 3584 si
3271 3531 3324 3584 in
3350 3547 3411 3586 ea
3437 3551 3560 3603 per-

1968 3608 2294 3665 severaverit
2324 3613 2623 3682 integritate
2643 3622 2750 3683 qua
2787 3625 2912 3669 nata
2950 3627 3033 3671 est
3065 3618 3202 3690 (i8),
3247 3622 3368 3689 plus
3418 3624 3559 3681 scire

1971 3707 2127 3770 posse
2157 3719 2313 3772 quam
2347 3706 2640 3761 dtcmozies.
2682 3706 2827 3761 Talis
2855 3717 2969 3765 erat
2997 3707 3173 3766 anima
3195 3711 3404 3781 'Elisazi,
3436 3729 3559 3787 quae

1969 3797 2091 3850 aliis
2115 3799 2414 3867 incognitas
2435 3799 2661 3853 virtutes
2690 3800 2933 3856 faciebat.

2042 3887 2170 3942 Car.
2211 3889 2395 3944 XVIII.
2419 3920 2487 3931 —
2511 3890 2663 3946 Nunc
2687 3891 2798 3960 jam
2827 3895 3053 3949 crateras
3074 3889 3225 3952 iiob'is
3251 3899 3558 3958 daemonum

1970 3978 2252 4045 ettplicabo
2285 3977 2761 4036 faliacias.Solettt
2805 3977 2961 4038 nocte
2999 3983 3304 4054 venientes,
3338 3994 3560 4061 angelos

1972 4067 2065 4122 Dei
2093 4084 2151 4122 se
2182 4070 2404 4138 ﬁngere,
2439 4071 2657 4128 laudare
2688 4073 2945 4141 studium,
2979 4067 3172 4133 “intrari
3204 4080 3561 4148 perseveran-

1973 4161 2120 4228 tiam,
2157 4162 2329 4217 futura
2381 4164 2599 4232 praemia
2629 4167 2887 4234 polliceri.
2929 4169 3085 4235 ‘Quo's
3129 4185 3250 4226 cum
3292 4173 3561 4245 videritis,

1976 4261 2082 4308 tam
2107 4269 2199 4308 vos
2221 4271 2377 4324 quam
2402 4257 2592 4311 domos
2616 4268 2819 4314 vestras
2844 4262 3019 4317 crucis
3034 4266 3238 4320 armate
3262 4268 3560 4337 signaculo,

1974 4356 2028 4400 et
2076 4348 2360 4402 ccut'estim
2411 4350 2691 4404 solventur
2744 4351 2795 4405 in
2845 4354 3265 4424 nihilum:quia
3320 4369 3565 4417 metuunt

1976 4440 2105 4495 illud
2153 4442 2449 4509 trotibmum
2479 4443 2531 4496 in
2576 4459 2683 4512 quo
2731 4445 2973 4499 Salvator
3011 4443 3206 4502 ’aereas
3252 4453 3563 4519 exspoliaus

1977 4542 2296 4604 potestates,
2346 4550 2438 4590 eas
2486 4536 2610 4590 fecit
2657 4540 2912 4591 ostentui.
2955 4539 3150 4593 ’So’lent
3194 4544 3354 4596 etiam
3401 4547 3564 4602 variis

1979 4629 2412 4684 simulationibus
2438 4630 2679 4685 membra
2712 4639 2981 4698 torquere,
3017 4643 3069 4687 et
3102 4636 3297 4689 nostris
3327 4641 3566 4705 procaci-

262 4728 624 4802 perspieuum
658 4725 769 4780 ﬁeri
801 4734 971 4791 potest
1004 4725 1282 4793 exemplis.
1317 4723 1372 4778 Si
1406 4727 1523 4794 quis
1553 4740 1580 4777 a
1606 4725 1878 4780 Thebaide
1908 4737 1958 4800 ι)
1984 4729 2065 4776 lel‘
2095 4721 2288 4775 offerre
2320 4735 2377 4776 Se
2406 4722 2631 4791 ViSibUS,
2662 4729 2719 4778 υἱ
2765 4734 2996 4781 ωεξηεεηί
3027 4733 3246 4796 βῆναι-ε,
3280 4738 3336 4783 el
3361 4743 3564 4800 tmpus

263 4833 361 4876 aut
419 4821 649 4890 alicujus
703 4819 936 4889 regiuns
979 4812 1176 4888 oppido
1215 4819 1437 4888 coeperit
1485 4819 1767 4886 proﬁcisci,
1823 4828 1877 4874 et

269 4911 430 4967 hunc
460 4913 736 4968 da-mones
759 4909 988 4965 viderint
1019 4913 1069 4964 in
1101 4912 1290 4964 itinere
1319 4909 1699 4973 ambulantem,
1748 4919 1874 4976 per-

263 5008 503 5061 nicitate
535 5005 827 5060 memorata
859 5014 1084 5074 possunt
1115 5003 1402 5072 praedicere
1433 5001 1756 5057 venientem.
1801 5003 1872 5056 ita

268 5113 322 5157 et
369 5101 448 5155 de
498 5100 600 5154 Nili
644 5099 994 5152 inundatione
1022 5097 1248 5152 solemni
1281 5097 1418 5165 (liti),
1446 5111 1564 5150 cum
1598 5096 1790 5149 multas
1822 5097 1873 5150 in

269 5191 562 5262 .fthiopia
597 5191 826 5245 viderint
857 5191 1085 5260 pluvias,
1117 5201 1148 5244 e
1176 5189 1366 5257 quibus
1394 5188 1589 5242 fluvius
1618 5187 1877 5242 intumes-

267 5303 435 5348 cens,
468 5286 606 5339 ultra
639 5284 848 5337 alveum
879 5282 1101 5336 et’ilucre
1139 5283 1442 5343 consuevit,
1483 5288 1874 5349 prmcurrentes

263 5382 328 5433 ad
367 5377 696 5450 Egyptum,
730 5375 974 5429 nuntiant
1007 5374 1179 5427 amnis
1207 5374 1515 5426 adventum.
1559 5369 1671 5425 Hoc
1698 5382 1874 5424 autem

263 5477 319 5526 et
349 5471 631 5534 homines,
680 5469 724 5522 si
767 5467 873 5522 illis
903 5465 1191 5520 celeritatis
1217 5472 1362 5519 esset
1391 5473 1534 5518 tanta
1561 5473 1771 5528 natura,
1799 5461 1877 5516 fa-

264 5567 376 5619 cile
416 5563 747 5616 nuntiarent.
782 5559 850 5616 Ut
878 5564 1020 5613 enim
1053 5558 1357 5628 speculator
1403 5556 1541 5611 beati
1589 5554 1759 5609 David
1811 5554 1877 5608 ad

267 5659 542 5712 τοκῆι-ειη
568 5657 666 5709 loci
685 5654 930 5709 celsioris
955 5651 1250 5707 ascendens
1276 5649 1362 5724 (Η
1388 5649 1514 5722 Reg.
1533 5649 1709 5719 xvm),
1738 5650 1885 5718 prior

265 5739 441 5821 quam
477 5750 527 5805 bi
555 5748 642 5820 qui
671 5751 722 5801 in
757 5757 895 5800 terra
922 5755 1072 5800 erant
1096 5745 1428 5814 prcspiciens
1452 5739 1745 5806 venientes,
1774 5756 1882 5795 non

263 5846 529 5915 quaedam
563 5843 770 5896 incerta
794 5841 862 5895 de
890 5839 1106 5906 futuris,
1139 5840 1231 5894 sed
1258 5839 1325 5893 de
1351 5837 1432 5892 his
1447 5838 1542 5907 qui
1565 5837 1746 5890 venire
1775 5847 1885 5890 ca:-

263 5946 478 6010 perant
507 5934 822 5998 nuntiabat;
847 5933 929 5988 sic
956 5939 1012 5988 et
1036 5931 1310 5986 daentones
1339 5946 1462 5986 cura
1499 5928 1742 5997 pervigili
1771 5941 1886 5982 om-

1986 4816 2208 4869 borrore
2250 4818 2575 4871 concutiant.
2613 4813 2717 4873 Sed
2765 4829 2818 4874 et
2873 4820 2925 4874 in
2982 4822 3083 4877 hoc
3140 4823 3271 4879 lldes
3315 4825 3422 4878 Deo
3455 4832 3566 4881 tuta

1984 4905 2129 4976 fugat
2155 4920 2248 4960 eos
2279 4908 2426 4976 quasi
2456 4907 2664 4962 infirma
2698 4909 2946 4966 ludibria.

2055 4997 2168 5051 Non
2204 5005 2286 5053 est
2317 5003 2493 5053 autem
2527 4999 2761 5057 difﬁcilis
2789 5002 3052 5058 bonorum
3086 5005 3368 5076 Spirituum
3402 5004 3567 5059 malo-

1985 5097 2213 5162 rumque
2241 5091 2497 5148 discretio
2529 5093 2668 5163 ('49),
2700 5103 2817 5164 quas
2849 5099 2927 5151 sic
2954 5096 3064 5152 Deo
3091 5099 3354 5151 tribuente
3383 5096 3568 5163 pandi-

1985 5193 2070 5239 tur
2101 5204 2113 5238 :
2145 5183 2466 5240 Sanctarum
2517 5189 2830 5259 angelorum
2865 5189 3108 5242 amabilis
3147 5197 3201 5242 et
3253 5189 3568 5258 tranquillus

1984 5289 2232 5347 aspectus
2274 5275 2374 5345 est,
2406 5276 2529 5348 quia
2565 5294 2671 5333 non
2711 5280 3046 5334 contendunt
3089 5293 3263 5333 neque
3309 5281 3568 5351 clamant,

1983 5382 2156 5438 neque
2207 5370 2390 5424 audiet
2437 5369 2629 5440 aliquis
2669 5385 2851 5423 vocem
2901 5383 3119 5432 eorum;
3175 5384 3356 5425 verum
3411 5375 3572 5430 tacite

1984 5453 2285 5529 leniterque
2339 5468 2724 5529 properantes,
2778 5457 3050 5527 gaudium,
3111 5462 3571 5533 exsultationem,

1987 5553 2238 5607 ﬁduciam
2291 5553 2597 5621 pectoribus
2632 5549 2937 5616 infundunt,
2987 5552 3249 5622 siquidem
3290 5570 3411 5610 cum
3465 5557 3571 5613 illis

1987 5653 2069 5701 εει
2099 5639 2382 5714 Dominus,
2435 5646 2522 5715 Qui
2577 5649 2661 5698 est
2711 5641 2828 5696 fons
2880 5656 2931 5699 et
2989 5646 3136 5717 origo
3170 5647 3386 5705 laetitiae.
3421 5641 3572 5708 Tunc

1987 5756 2145 5795 mens
2179 5749 2358 5793 nostra
2392 5752 2498 5791 non
2528 5733 2761 5802 turbida,
2791 5735 2884 5793 sed
2925 5738 3058 5794 lenis
3089 5751 3143 5793 et
3174 5740 3377 5808 placida
3409 5757 3573 5812 auge-

1988 5831 2161 5889 lorum
2195 5832 2314 5885 luce
2341 5828 2612 5893 radiatur;
2639 5837 2763 5883 tunc
2792 5831 2968 5885 anima
2997 5831 3293 5886 caelestium
3325 5836 3573 5899 przemio-

1989 5941 2108 5982 rum
2148 5922 2401 5979 aviditate
2448 5921 2698 5992 flagrans,
2731 5923 2954 5980 effracto
2985 5922 3053 5991 (si
3099 5928 3303 5991 posset)
3350 5925 3572 5983 humani
