  <div class='ocr_page' id='page_1' title='image "/cluster/home/n/w/nwhite01/storage/ocr_20150623/73/hvd.32044011474434/077.png"; bbox 0 0 4124 6350; ppageno 0'>
   <div class='ocr_carea' id='block_1_1' title="bbox 574 249 678 313">
    <p class='ocr_par' dir='ltr' id='par_1_1' title="bbox 574 249 678 313">
     <span class='ocr_line' id='line_1_1' title="bbox 574 249 678 313; baseline -0.038 0"><span class='ocrx_word' id='word_1_1' title='bbox 574 249 678 313; x_wconf 62' lang='lat' dir='ltr'><strong>ff?)</strong></span> 
     </span>
    </p>
   </div>
   <div class='ocr_carea' id='block_1_2' title="bbox 1637 253 2828 315">
    <p class='ocr_par' dir='ltr' id='par_1_2' title="bbox 1637 253 2828 315">
     <span class='ocr_line' id='line_1_2' title="bbox 1637 253 2828 315; baseline 0.005 -7"><span class='ocrx_word' id='word_1_2' title='bbox 1637 253 1725 309; x_wconf 84' lang='lat' dir='ltr'><strong>DE</strong></span> <span class='ocrx_word' id='word_1_3' title='bbox 1767 253 1944 311; x_wconf 85' lang='lat' dir='ltr'><strong>VlTlS</strong></span> <span class='ocrx_word' id='word_1_4' title='bbox 1983 254 2270 314; x_wconf 79' lang='lat' dir='ltr'><strong>PATRUM</strong></span> <span class='ocrx_word' id='word_1_5' title='bbox 2309 255 2515 314; x_wconf 83' lang='lat' dir='ltr'><strong>LlBER</strong></span> <span class='ocrx_word' id='word_1_6' title='bbox 2556 253 2828 315; x_wconf 77' lang='lat' dir='ltr'><strong>PRIMUS.</strong></span> 
     </span>
    </p>
   </div>
   <div class='ocr_carea' id='block_1_3' title="bbox 3735 255 3836 315">
    <p class='ocr_par' dir='ltr' id='par_1_3' title="bbox 3735 255 3836 315">
     <span class='ocr_line' id='line_1_3' title="bbox 3735 255 3836 315; baseline -0.01 -1"><span class='ocrx_word' id='word_1_7' title='bbox 3735 255 3836 315; x_wconf 67' lang='grc'><strong>114</strong></span> 
     </span>
    </p>
   </div>
   <div class='ocr_carea' id='block_1_4' title="bbox 565 366 3838 443">
    <p class='ocr_par' dir='ltr' id='par_1_4' title="bbox 565 366 3838 443">
     <span class='ocr_line' id='line_1_4' title="bbox 565 366 3838 443; baseline -0 -13"><span class='ocrx_word' id='word_1_8' title='bbox 565 366 1128 443; x_wconf 65' lang='lat' dir='ltr'><strong>corporisdutntcﬂiu:</strong></span> <span class='ocrx_word' id='word_1_9' title='bbox 1144 383 1200 430; x_wconf 82' lang='lat' dir='ltr'><strong>et</strong></span> <span class='ocrx_word' id='word_1_10' title='bbox 1220 371 1476 429; x_wconf 85' lang='lat' dir='ltr'><strong>m‘embrts</strong></span> <span class='ocrx_word' id='word_1_11' title='bbox 1498 378 1789 428; x_wconf 81' lang='lat' dir='ltr'><strong>exonerata</strong></span> <span class='ocrx_word' id='word_1_12' title='bbox 1808 372 2146 438; x_wconf 87' lang='lat' dir='ltr'><strong>mortalibus,</strong></span> <span class='ocrx_word' id='word_1_13' title='bbox 2175 379 2226 438; x_wconf 81' lang='grc' dir='ltr'><strong>Α</strong></span> <span class='ocrx_word' id='word_1_14' title='bbox 2255 375 2471 430; x_wconf 85' lang='lat' dir='ltr'><strong>nomine</strong></span> <span class='ocrx_word' id='word_1_15' title='bbox 2523 381 2614 430; x_wconf 94' lang='lat' dir='ltr'><strong>tuo</strong></span> <span class='ocrx_word' id='word_1_16' title='bbox 2644 373 2906 430; x_wconf 73' lang='lat' dir='ltr'><strong>daemonia</strong></span> <span class='ocrx_word' id='word_1_17' title='bbox 2963 370 3238 443; x_wconf 87' lang='lat' dir='ltr'><strong>ejccimus,</strong></span> <span class='ocrx_word' id='word_1_18' title='bbox 3288 377 3342 427; x_wconf 91' lang='lat' dir='ltr'><strong>et</strong></span> <span class='ocrx_word' id='word_1_19' title='bbox 3391 370 3443 426; x_wconf 91' lang='lat' dir='ltr'><strong>in</strong></span> <span class='ocrx_word' id='word_1_20' title='bbox 3485 371 3704 428; x_wconf 80' lang='lat' dir='ltr'><strong>nomine</strong></span> <span class='ocrx_word' id='word_1_21' title='bbox 3745 383 3838 430; x_wconf 91' lang='lat' dir='ltr'><strong>tuo</strong></span> 
     </span>
    </p>
   </div>
   <div class='ocr_carea' id='block_1_5' title="bbox 570 464 2148 538">
    <p class='ocr_par' dir='ltr' id='par_1_5' title="bbox 570 464 2148 538">
     <span class='ocr_line' id='line_1_5' title="bbox 570 464 2148 538; baseline -0.002 -15"><span class='ocrx_word' id='word_1_22' title='bbox 570 480 692 523; x_wconf 90' lang='lat' dir='ltr'><strong>cum</strong></span> <span class='ocrx_word' id='word_1_23' title='bbox 725 467 810 522; x_wconf 89' lang='lat' dir='ltr'><strong>ltis</strong></span> <span class='ocrx_word' id='word_1_24' title='bbox 836 481 971 538; x_wconf 89' lang='lat' dir='ltr'><strong>quos</strong></span> <span class='ocrx_word' id='word_1_25' title='bbox 999 468 1150 522; x_wconf 81' lang='lat' dir='ltr'><strong>videt</strong></span> <span class='ocrx_word' id='word_1_26' title='bbox 1177 468 1324 522; x_wconf 89' lang='lat' dir='ltr'><strong>abire</strong></span> <span class='ocrx_word' id='word_1_27' title='bbox 1355 465 1572 520; x_wconf 85' lang='lat' dir='ltr'><strong>festinat</strong></span> <span class='ocrx_word' id='word_1_28' title='bbox 1601 465 1665 520; x_wconf 90' lang='lat' dir='ltr'><strong>ad</strong></span> <span class='ocrx_word' id='word_1_29' title='bbox 1699 466 1914 522; x_wconf 70' lang='lat' dir='ltr'><strong>malum.</strong></span> <span class='ocrx_word' id='word_1_30' title='bbox 1947 464 2148 520; x_wconf 79' lang='lat' dir='ltr'><strong>Horum</strong></span> 
     </span>
    </p>
   </div>
   <div class='ocr_carea' id='block_1_6' title="bbox 569 559 2152 631">
    <p class='ocr_par' dir='ltr' id='par_1_6' title="bbox 569 559 2152 631">
     <span class='ocr_line' id='line_1_6' title="bbox 569 559 2152 631; baseline -0.003 -14"><span class='ocrx_word' id='word_1_31' title='bbox 569 571 719 618; x_wconf 85' lang='lat' dir='ltr'><strong>tanta</strong></span> <span class='ocrx_word' id='word_1_32' title='bbox 746 561 1047 631; x_wconf 75' lang='lat' dir='ltr'><strong>benignitas</strong></span> <span class='ocrx_word' id='word_1_33' title='bbox 1075 570 1176 625; x_wconf 89' lang='lat' dir='ltr'><strong>est,</strong></span> <span class='ocrx_word' id='word_1_34' title='bbox 1209 571 1265 614; x_wconf 93' lang='lat' dir='ltr'><strong>ut</strong></span> <span class='ocrx_word' id='word_1_35' title='bbox 1305 561 1348 614; x_wconf 85' lang='lat' dir='ltr'><strong>si</strong></span> <span class='ocrx_word' id='word_1_36' title='bbox 1375 560 1494 630; x_wconf 88' lang='lat' dir='ltr'><strong>quis</strong></span> <span class='ocrx_word' id='word_1_37' title='bbox 1526 575 1621 629; x_wconf 91' lang='lat' dir='ltr'><strong>pro</strong></span> <span class='ocrx_word' id='word_1_38' title='bbox 1653 560 1959 614; x_wconf 91' lang='lat' dir='ltr'><strong>conditione</strong></span> <span class='ocrx_word' id='word_1_39' title='bbox 1990 559 2152 630; x_wconf 82' lang='lat' dir='ltr'><strong>fragi-</strong></span> 
     </span>
    </p>
   </div>
   <div class='ocr_carea' id='block_1_7' title="bbox 567 653 2148 723">
    <p class='ocr_par' dir='ltr' id='par_1_7' title="bbox 567 653 2148 723">
     <span class='ocr_line' id='line_1_7' title="bbox 567 653 2148 723; baseline -0.003 -13"><span class='ocrx_word' id='word_1_40' title='bbox 567 654 733 710; x_wconf 79' lang='lat' dir='ltr'><strong>litatis</strong></span> <span class='ocrx_word' id='word_1_41' title='bbox 753 657 1020 721; x_wconf 74' lang='lat' dir='ltr'><strong>humante,</strong></span> <span class='ocrx_word' id='word_1_42' title='bbox 1043 655 1179 709; x_wconf 92' lang='lat' dir='ltr'><strong>miro</strong></span> <span class='ocrx_word' id='word_1_43' title='bbox 1192 653 1355 708; x_wconf 91' lang='lat' dir='ltr'><strong>fuerit</strong></span> <span class='ocrx_word' id='word_1_44' title='bbox 1379 667 1563 708; x_wconf 90' lang='lat' dir='ltr'><strong>eorum</strong></span> <span class='ocrx_word' id='word_1_45' title='bbox 1591 653 1796 723; x_wconf 88' lang='lat' dir='ltr'><strong>fulgore</strong></span> <span class='ocrx_word' id='word_1_46' title='bbox 1811 653 2148 723; x_wconf 89' lang='lat' dir='ltr'><strong>perterritus,</strong></span> 
     </span>
    </p>
   </div>
   <div class='ocr_carea' id='block_1_8' title="bbox 565 743 2150 804">
    <p class='ocr_par' dir='ltr' id='par_1_8' title="bbox 565 743 2150 804">
     <span class='ocr_line' id='line_1_8' title="bbox 565 743 2150 804; baseline -0.004 -1"><span class='ocrx_word' id='word_1_47' title='bbox 565 761 784 804; x_wconf 91' lang='lat' dir='ltr'><strong>omnem</strong></span> <span class='ocrx_word' id='word_1_48' title='bbox 835 747 1092 802; x_wconf 90' lang='lat' dir='ltr'><strong>continuo</strong></span> <span class='ocrx_word' id='word_1_49' title='bbox 1150 760 1216 798; x_wconf 87' lang='lat' dir='ltr'><strong>ex</strong></span> <span class='ocrx_word' id='word_1_50' title='bbox 1269 743 1430 799; x_wconf 87' lang='lat' dir='ltr'><strong>corde</strong></span> <span class='ocrx_word' id='word_1_51' title='bbox 1496 743 1740 798; x_wconf 81' lang='lat' dir='ltr'><strong>auferant</strong></span> <span class='ocrx_word' id='word_1_52' title='bbox 1797 752 2023 799; x_wconf 87' lang='lat' dir='ltr'><strong>metum.</strong></span> <span class='ocrx_word' id='word_1_53' title='bbox 2077 744 2150 797; x_wconf 87' lang='lat' dir='ltr'><strong>Ita</strong></span> 
     </span>
    </p>
   </div>
   <div class='ocr_carea' id='block_1_9' title="bbox 571 837 2152 908">
    <p class='ocr_par' dir='ltr' id='par_1_9' title="bbox 571 837 2152 908">
     <span class='ocr_line' id='line_1_9' title="bbox 571 837 2152 908; baseline -0.003 -13"><span class='ocrx_word' id='word_1_54' title='bbox 571 839 790 896; x_wconf 78' lang='lat' dir='ltr'><strong>Gabriel</strong></span> <span class='ocrx_word' id='word_1_55' title='bbox 835 855 955 894; x_wconf 92' lang='lat' dir='ltr'><strong>cum</strong></span> <span class='ocrx_word' id='word_1_56' title='bbox 1003 837 1281 892; x_wconf 59' lang='lat' dir='ltr'><strong>Zacharias</strong></span> <span class='ocrx_word' id='word_1_57' title='bbox 1312 838 1621 907; x_wconf 83' lang='lat' dir='ltr'><strong>loqueretur</strong></span> <span class='ocrx_word' id='word_1_58' title='bbox 1660 837 1714 892; x_wconf 87' lang='lat' dir='ltr'><strong>in</strong></span> <span class='ocrx_word' id='word_1_59' title='bbox 1745 837 1946 907; x_wconf 90' lang='lat' dir='ltr'><strong>templo</strong></span> <span class='ocrx_word' id='word_1_60' title='bbox 1973 837 2152 908; x_wconf 78' lang='lat' dir='ltr'><strong>(Luca:</strong></span> 
     </span>
    </p>
   </div>
   <div class='ocr_carea' id='block_1_10' title="bbox 568 929 2151 1005">
    <p class='ocr_par' dir='ltr' id='par_1_10' title="bbox 568 929 2151 1005">
     <span class='ocr_line' id='line_1_10' title="bbox 568 929 2151 1005; baseline -0.003 -16"><span class='ocrx_word' id='word_1_61' title='bbox 568 934 674 1005; x_wconf 80' lang='lat' dir='ltr'><strong>xu)</strong></span> <span class='ocrx_word' id='word_1_62' title='bbox 698 951 712 1000; x_wconf 93' lang='lat'><strong>;</strong></span> <span class='ocrx_word' id='word_1_63' title='bbox 739 942 794 988; x_wconf 91' lang='lat' dir='ltr'><strong>et</strong></span> <span class='ocrx_word' id='word_1_64' title='bbox 823 933 996 1003; x_wconf 84' lang='lat' dir='ltr'><strong>angeli</strong></span> <span class='ocrx_word' id='word_1_65' title='bbox 1040 946 1161 987; x_wconf 89' lang='lat' dir='ltr'><strong>cum</strong></span> <span class='ocrx_word' id='word_1_66' title='bbox 1193 929 1431 986; x_wconf 90' lang='lat' dir='ltr'><strong>divinum</strong></span> <span class='ocrx_word' id='word_1_67' title='bbox 1464 930 1701 1001; x_wconf 75' lang='lat' dir='ltr'><strong>Virginis</strong></span> <span class='ocrx_word' id='word_1_68' title='bbox 1731 940 1939 1000; x_wconf 91' lang='lat' dir='ltr'><strong>partum</strong></span> <span class='ocrx_word' id='word_1_69' title='bbox 1967 938 2151 1000; x_wconf 87' lang='lat' dir='ltr'><strong>pasto-</strong></span> 
     </span>
    </p>
   </div>
   <div class='ocr_carea' id='block_1_11' title="bbox 563 1024 2149 1098">
    <p class='ocr_par' dir='ltr' id='par_1_11' title="bbox 563 1024 2149 1098">
     <span class='ocr_line' id='line_1_11' title="bbox 563 1024 2149 1098; baseline 0 -17"><span class='ocrx_word' id='word_1_70' title='bbox 563 1027 714 1082; x_wconf 86' lang='lat' dir='ltr'><strong>ribus</strong></span> <span class='ocrx_word' id='word_1_71' title='bbox 764 1028 1071 1081; x_wconf 86' lang='lat' dir='ltr'><strong>nuntiarent</strong></span> <span class='ocrx_word' id='word_1_72' title='bbox 1117 1024 1338 1098; x_wconf 94' lang='lat' dir='ltr'><strong>(Matth.</strong></span> <span class='ocrx_word' id='word_1_73' title='bbox 1389 1028 1606 1094; x_wconf 84' lang='lat' dir='ltr'><strong>xxvttt),</strong></span> <span class='ocrx_word' id='word_1_74' title='bbox 1657 1034 1711 1080; x_wconf 91' lang='lat' dir='ltr'><strong>et</strong></span> <span class='ocrx_word' id='word_1_75' title='bbox 1759 1027 1847 1096; x_wconf 90' lang='lat' dir='ltr'><strong>qui</strong></span> <span class='ocrx_word' id='word_1_76' title='bbox 1889 1024 2149 1081; x_wconf 90' lang='lat' dir='ltr'><strong>Dominici</strong></span> 
     </span>
    </p>
   </div>
   <div class='ocr_carea' id='block_1_12' title="bbox 561 1118 2152 1190">
    <p class='ocr_par' dir='ltr' id='par_1_12' title="bbox 561 1118 2152 1190">
     <span class='ocr_line' id='line_1_12' title="bbox 561 1118 2152 1190; baseline -0.001 -15"><span class='ocrx_word' id='word_1_77' title='bbox 561 1121 806 1189; x_wconf 86' lang='lat' dir='ltr'><strong>corporis</strong></span> <span class='ocrx_word' id='word_1_78' title='bbox 863 1118 1094 1190; x_wconf 83' lang='lat' dir='ltr'><strong>agebant</strong></span> <span class='ocrx_word' id='word_1_79' title='bbox 1139 1118 1438 1184; x_wconf 78' lang='lat' dir='ltr'><strong>excubias,</strong></span> <span class='ocrx_word' id='word_1_80' title='bbox 1486 1119 1690 1173; x_wconf 90' lang='lat' dir='ltr'><strong>securis</strong></span> <span class='ocrx_word' id='word_1_81' title='bbox 1743 1119 2037 1173; x_wconf 85' lang='lat' dir='ltr'><strong>videntium</strong></span> <span class='ocrx_word' id='word_1_82' title='bbox 2092 1132 2152 1173; x_wconf 92' lang='lat' dir='ltr'><strong>se</strong></span> 
     </span>
    </p>
   </div>
   <div class='ocr_carea' id='block_1_13' title="bbox 559 1211 2148 1281">
    <p class='ocr_par' dir='ltr' id='par_1_13' title="bbox 559 1211 2148 1281">
     <span class='ocr_line' id='line_1_13' title="bbox 559 1211 2148 1281; baseline -0.001 -14"><span class='ocrx_word' id='word_1_83' title='bbox 559 1213 833 1268; x_wconf 87' lang='lat' dir='ltr'><strong>mentibus</strong></span> <span class='ocrx_word' id='word_1_84' title='bbox 881 1211 1249 1277; x_wconf 86' lang='lat' dir='ltr'><strong>ostendentes,</strong></span> <span class='ocrx_word' id='word_1_85' title='bbox 1309 1227 1376 1266; x_wconf 93' lang='lat' dir='ltr'><strong>ne</strong></span> <span class='ocrx_word' id='word_1_86' title='bbox 1431 1219 1733 1266; x_wconf 87' lang='lat' dir='ltr'><strong>metuerent</strong></span> <span class='ocrx_word' id='word_1_87' title='bbox 1789 1211 2148 1281; x_wconf 89' lang='lat' dir='ltr'><strong>imperabant.</strong></span> 
     </span>
    </p>
   </div>
   <div class='ocr_carea' id='block_1_14' title="bbox 558 1307 2146 1376">
    <p class='ocr_par' dir='ltr' id='par_1_14' title="bbox 558 1307 2146 1376">
     <span class='ocr_line' id='line_1_14' title="bbox 558 1307 2146 1376; baseline -0.005 -10"><span class='ocrx_word' id='word_1_88' title='bbox 558 1307 735 1366; x_wconf 88' lang='lat' dir='ltr'><strong>Metus</strong></span> <span class='ocrx_word' id='word_1_89' title='bbox 764 1307 905 1363; x_wconf 89' lang='lat' dir='ltr'><strong>enim</strong></span> <span class='ocrx_word' id='word_1_90' title='bbox 937 1321 1044 1362; x_wconf 92' lang='lat' dir='ltr'><strong>non</strong></span> <span class='ocrx_word' id='word_1_91' title='bbox 1095 1315 1305 1362; x_wconf 84' lang='lat' dir='ltr'><strong>tantum</strong></span> <span class='ocrx_word' id='word_1_92' title='bbox 1348 1321 1414 1362; x_wconf 91' lang='lat' dir='ltr'><strong>ex</strong></span> <span class='ocrx_word' id='word_1_93' title='bbox 1441 1321 1643 1376; x_wconf 82' lang='lat' dir='ltr'><strong>pavore</strong></span> <span class='ocrx_word' id='word_1_94' title='bbox 1670 1307 1852 1370; x_wconf 89' lang='lat' dir='ltr'><strong>animi,</strong></span> <span class='ocrx_word' id='word_1_95' title='bbox 1888 1314 2146 1374; x_wconf 87' lang='lat' dir='ltr'><strong>quantum</strong></span> 
     </span>
    </p>
   </div>
   <div class='ocr_carea' id='block_1_15' title="bbox 559 1397 2148 1472">
    <p class='ocr_par' dir='ltr' id='par_1_15' title="bbox 559 1397 2148 1472">
     <span class='ocr_line' id='line_1_15' title="bbox 559 1397 2148 1472; baseline -0.003 -16"><span class='ocrx_word' id='word_1_96' title='bbox 559 1415 628 1457; x_wconf 85' lang='lat' dir='ltr'><strong>ex</strong></span> <span class='ocrx_word' id='word_1_97' title='bbox 660 1415 972 1472; x_wconf 83' lang='lat' dir='ltr'><strong>magnarum</strong></span> <span class='ocrx_word' id='word_1_98' title='bbox 1014 1414 1194 1455; x_wconf 88' lang='lat' dir='ltr'><strong>rerum</strong></span> <span class='ocrx_word' id='word_1_99' title='bbox 1223 1415 1368 1469; x_wconf 62' lang='lat' dir='ltr'><strong>saepe</strong></span> <span class='ocrx_word' id='word_1_100' title='bbox 1407 1400 1666 1454; x_wconf 88' lang='lat' dir='ltr'><strong>incutitur</strong></span> <span class='ocrx_word' id='word_1_101' title='bbox 1695 1406 1938 1468; x_wconf 89' lang='lat' dir='ltr'><strong>aspectu.</strong></span> <span class='ocrx_word' id='word_1_102' title='bbox 1968 1397 2148 1452; x_wconf 85' lang='lat' dir='ltr'><strong>Pessi-</strong></span> 
     </span>
    </p>
   </div>
   <div class='ocr_carea' id='block_1_16' title="bbox 561 1487 2149 1557">
    <p class='ocr_par' dir='ltr' id='par_1_16' title="bbox 561 1487 2149 1557">
     <span class='ocr_line' id='line_1_16' title="bbox 561 1487 2149 1557; baseline -0.003 -11"><span class='ocrx_word' id='word_1_103' title='bbox 561 1506 774 1547; x_wconf 85' lang='lat' dir='ltr'><strong>rnorunt</strong></span> <span class='ocrx_word' id='word_1_104' title='bbox 805 1506 936 1546; x_wconf 91' lang='lat' dir='ltr'><strong>vero</strong></span> <span class='ocrx_word' id='word_1_105' title='bbox 965 1493 1145 1546; x_wconf 84' lang='lat' dir='ltr'><strong>vultus</strong></span> <span class='ocrx_word' id='word_1_106' title='bbox 1173 1498 1378 1557; x_wconf 89' lang='lat' dir='ltr'><strong>truces,</strong></span> <span class='ocrx_word' id='word_1_107' title='bbox 1410 1490 1620 1545; x_wconf 90' lang='lat' dir='ltr'><strong>sonitus</strong></span> <span class='ocrx_word' id='word_1_108' title='bbox 1671 1489 1899 1555; x_wconf 90' lang='lat' dir='ltr'><strong>horridi,</strong></span> <span class='ocrx_word' id='word_1_109' title='bbox 1943 1487 2149 1544; x_wconf 91' lang='lat' dir='ltr'><strong>sordidi</strong></span> 
     </span>
    </p>
   </div>
   <div class='ocr_carea' id='block_1_17' title="bbox 557 1578 2149 1653">
    <p class='ocr_par' dir='ltr' id='par_1_17' title="bbox 557 1578 2149 1653">
     <span class='ocr_line' id='line_1_17' title="bbox 557 1578 2149 1653; baseline -0.003 -14"><span class='ocrx_word' id='word_1_110' title='bbox 557 1585 844 1653; x_wconf 85' lang='lat' dir='ltr'><strong>cogitatus,</strong></span> <span class='ocrx_word' id='word_1_111' title='bbox 875 1583 1096 1651; x_wconf 88' lang='lat' dir='ltr'><strong>plausus</strong></span> <span class='ocrx_word' id='word_1_112' title='bbox 1143 1589 1428 1652; x_wconf 87' lang='lat' dir='ltr'><strong>motusque</strong></span> <span class='ocrx_word' id='word_1_113' title='bbox 1457 1579 1977 1650; x_wconf 90' lang='lat' dir='ltr'><strong>indisciplinatorum</strong></span> <span class='ocrx_word' id='word_1_114' title='bbox 2015 1578 2149 1634; x_wconf 86' lang='lat' dir='ltr'><strong>ado-</strong></span> 
     </span>
    </p>
   </div>
   <div class='ocr_carea' id='block_1_18' title="bbox 2255 465 3837 536">
    <p class='ocr_par' dir='ltr' id='par_1_18' title="bbox 2255 465 3837 536">
     <span class='ocr_line' id='line_1_18' title="bbox 2255 465 3837 536; baseline 0.003 -18"><span class='ocrx_word' id='word_1_115' title='bbox 2255 469 2483 523; x_wconf 76' lang='lat' dir='ltr'><strong>virtutes</strong></span> <span class='ocrx_word' id='word_1_116' title='bbox 2533 469 2728 522; x_wconf 89' lang='lat' dir='ltr'><strong>multas</strong></span> <span class='ocrx_word' id='word_1_117' title='bbox 2769 467 2992 522; x_wconf 81' lang='lat' dir='ltr'><strong>fecimus</strong></span> <span class='ocrx_word' id='word_1_118' title='bbox 3041 465 3254 534; x_wconf 83' lang='lat' dir='ltr'><strong>(Matth.</strong></span> <span class='ocrx_word' id='word_1_119' title='bbox 3302 465 3436 535; x_wconf 89' lang='lat' dir='ltr'><strong>vn)?</strong></span> <span class='ocrx_word' id='word_1_120' title='bbox 3488 467 3837 536; x_wconf 84' lang='lat' dir='ltr'><strong>respondebit</strong></span> 
     </span>
    </p>
   </div>
   <div class='ocr_carea' id='block_1_19' title="bbox 2253 559 3835 625">
    <p class='ocr_par' dir='ltr' id='par_1_19' title="bbox 2253 559 3835 625">
     <span class='ocr_line' id='line_1_19' title="bbox 2253 559 3835 625; baseline 0 -7"><span class='ocrx_word' id='word_1_121' title='bbox 2253 563 2513 618; x_wconf 90' lang='lat' dir='ltr'><strong>Dominus</strong></span> <span class='ocrx_word' id='word_1_122' title='bbox 2538 579 2554 616; x_wconf 72' lang='grc' dir='ltr'><strong>ι</strong></span> <span class='ocrx_word' id='word_1_123' title='bbox 2578 565 2748 618; x_wconf 80' lang='lat' dir='ltr'><strong>Amen</strong></span> <span class='ocrx_word' id='word_1_124' title='bbox 2780 561 2902 617; x_wconf 93' lang='lat' dir='ltr'><strong>dico</strong></span> <span class='ocrx_word' id='word_1_125' title='bbox 2928 561 3103 625; x_wconf 88' lang='lat' dir='ltr'><strong>vobis,</strong></span> <span class='ocrx_word' id='word_1_126' title='bbox 3128 576 3236 615; x_wconf 92' lang='lat' dir='ltr'><strong>non</strong></span> <span class='ocrx_word' id='word_1_127' title='bbox 3267 559 3397 615; x_wconf 89' lang='lat' dir='ltr'><strong>novi</strong></span> <span class='ocrx_word' id='word_1_128' title='bbox 3424 575 3540 625; x_wconf 93' lang='lat' dir='ltr'><strong>vos,</strong></span> <span class='ocrx_word' id='word_1_129' title='bbox 3570 561 3835 619; x_wconf 85' lang='lat' dir='ltr'><strong>discedite</strong></span> 
     </span>
    </p>
   </div>
   <div class='ocr_carea' id='block_1_20' title="bbox 2255 652 3838 725">
    <p class='ocr_par' dir='ltr' id='par_1_20' title="bbox 2255 652 3838 725">
     <span class='ocr_line' id='line_1_20' title="bbox 2255 652 3838 725; baseline 0 -14"><span class='ocrx_word' id='word_1_130' title='bbox 2255 670 2286 710; x_wconf 90' lang='lat' dir='ltr'><strong>a</strong></span> <span class='ocrx_word' id='word_1_131' title='bbox 2325 671 2432 720; x_wconf 89' lang='lat' dir='ltr'><strong>me,</strong></span> <span class='ocrx_word' id='word_1_132' title='bbox 2465 657 2690 725; x_wconf 89' lang='lat' dir='ltr'><strong>operarii</strong></span> <span class='ocrx_word' id='word_1_133' title='bbox 2735 654 3048 725; x_wconf 76' lang='lat' dir='ltr'><strong>iniquitatis.</strong></span> <span class='ocrx_word' id='word_1_134' title='bbox 3077 652 3190 708; x_wconf 81' lang='lat' dir='ltr'><strong>Non</strong></span> <span class='ocrx_word' id='word_1_135' title='bbox 3218 653 3360 708; x_wconf 92' lang='lat' dir='ltr'><strong>enim</strong></span> <span class='ocrx_word' id='word_1_136' title='bbox 3391 657 3538 708; x_wconf 85' lang='lat' dir='ltr'><strong>novit</strong></span> <span class='ocrx_word' id='word_1_137' title='bbox 3583 654 3838 711; x_wconf 81' lang='lat' dir='ltr'><strong>Dominus</strong></span> 
     </span>
    </p>
   </div>
   <div class='ocr_carea' id='block_1_21' title="bbox 2255 745 3839 816">
    <p class='ocr_par' dir='ltr' id='par_1_21' title="bbox 2255 745 3839 816">
     <span class='ocr_line' id='line_1_21' title="bbox 2255 745 3839 816; baseline 0.001 -16"><span class='ocrx_word' id='word_1_138' title='bbox 2255 747 2369 801; x_wconf 83' lang='lat' dir='ltr'><strong>vias</strong></span> <span class='ocrx_word' id='word_1_139' title='bbox 2397 746 2706 816; x_wconf 91' lang='lat' dir='ltr'><strong>impiorum.</strong></span> <span class='ocrx_word' id='word_1_140' title='bbox 2742 747 2854 801; x_wconf 91' lang='lat' dir='ltr'><strong>lloc</strong></span> <span class='ocrx_word' id='word_1_141' title='bbox 2880 760 3007 815; x_wconf 87' lang='lat' dir='ltr'><strong>ergo</strong></span> <span class='ocrx_word' id='word_1_142' title='bbox 3029 759 3354 814; x_wconf 79' lang='lat' dir='ltr'><strong>magnopere</strong></span> <span class='ocrx_word' id='word_1_143' title='bbox 3392 745 3745 816; x_wconf 87' lang='lat' dir='ltr'><strong>postulemus,</strong></span> <span class='ocrx_word' id='word_1_144' title='bbox 3781 756 3839 801; x_wconf 93' lang='lat' dir='ltr'><strong>ut</strong></span> 
     </span>
    </p>
   </div>
   <div class='ocr_carea' id='block_1_22' title="bbox 2254 839 3839 908">
    <p class='ocr_par' dir='ltr' id='par_1_22' title="bbox 2254 839 3839 908">
     <span class='ocr_line' id='line_1_22' title="bbox 2254 839 3839 908; baseline 0 -14"><span class='ocrx_word' id='word_1_145' title='bbox 2254 839 2455 894; x_wconf 89' lang='lat' dir='ltr'><strong>donum</strong></span> <span class='ocrx_word' id='word_1_146' title='bbox 2505 839 2788 908; x_wconf 84' lang='lat' dir='ltr'><strong>spirituum</strong></span> <span class='ocrx_word' id='word_1_147' title='bbox 2819 839 3295 894; x_wconf 69' lang='lat' dir='ltr'><strong>discernendorum</strong></span> <span class='ocrx_word' id='word_1_148' title='bbox 3347 853 3651 895; x_wconf 90' lang='lat' dir='ltr'><strong>mereamur</strong></span> <span class='ocrx_word' id='word_1_149' title='bbox 3693 842 3839 895; x_wconf 73' lang='lat' dir='ltr'><strong>acci-</strong></span> 
     </span>
    </p>
   </div>
   <div class='ocr_carea' id='block_1_23' title="bbox 2253 930 3834 1002">
    <p class='ocr_par' dir='ltr' id='par_1_23' title="bbox 2253 930 3834 1002">
     <span class='ocr_line' id='line_1_23' title="bbox 2253 930 3834 1002; baseline 0 -15"><span class='ocrx_word' id='word_1_150' title='bbox 2253 945 2416 1000; x_wconf 87' lang='lat' dir='ltr'><strong>pere;</strong></span> <span class='ocrx_word' id='word_1_151' title='bbox 2475 946 2624 1001; x_wconf 88' lang='lat' dir='ltr'><strong>quo,</strong></span> <span class='ocrx_word' id='word_1_152' title='bbox 2677 931 2974 985; x_wconf 87' lang='lat' dir='ltr'><strong>secundum</strong></span> <span class='ocrx_word' id='word_1_153' title='bbox 3028 930 3347 986; x_wconf 85' lang='lat' dir='ltr'><strong>sententiam</strong></span> <span class='ocrx_word' id='word_1_154' title='bbox 3393 931 3834 1002; x_wconf 87' lang='lat' dir='ltr'><strong>Scripturarum,</strong></span> 
     </span>
    </p>
   </div>
   <div class='ocr_carea' id='block_1_24' title="bbox 2252 1019 3478 1092">
    <p class='ocr_par' dir='ltr' id='par_1_24' title="bbox 2252 1019 3478 1092">
     <span class='ocr_line' id='line_1_24' title="bbox 2252 1019 3478 1092; baseline 0.001 -16"><span class='ocrx_word' id='word_1_155' title='bbox 2252 1023 2396 1076; x_wconf 84' lang='lat' dir='ltr'><strong>omni</strong></span> <span class='ocrx_word' id='word_1_156' title='bbox 2429 1022 2638 1089; x_wconf 88' lang='lat' dir='ltr'><strong>spiritui</strong></span> <span class='ocrx_word' id='word_1_157' title='bbox 2669 1037 2774 1076; x_wconf 91' lang='lat' dir='ltr'><strong>non</strong></span> <span class='ocrx_word' id='word_1_158' title='bbox 2809 1021 3090 1076; x_wconf 89' lang='lat' dir='ltr'><strong>credamus</strong></span> <span class='ocrx_word' id='word_1_159' title='bbox 3118 1019 3173 1092; x_wconf 93' lang='lat' dir='ltr'><strong>(I</strong></span> <span class='ocrx_word' id='word_1_160' title='bbox 3197 1019 3353 1078; x_wconf 81' lang='lat' dir='ltr'><strong>Joan.</strong></span> <span class='ocrx_word' id='word_1_161' title='bbox 3383 1021 3478 1092; x_wconf 96' lang='lat' dir='ltr'><strong>tv).</strong></span> 
     </span>
    </p>
   </div>
   <div class='ocr_carea' id='block_1_25' title="bbox 2325 1111 3832 1182">
    <p class='ocr_par' dir='ltr' id='par_1_25' title="bbox 2325 1111 3832 1182">
     <span class='ocr_line' id='line_1_25' title="bbox 2325 1111 3832 1182; baseline 0.001 -15"><span class='ocrx_word' id='word_1_162' title='bbox 2325 1113 2453 1168; x_wconf 72' lang='lat' dir='ltr'><strong>Car.</strong></span> <span class='ocrx_word' id='word_1_163' title='bbox 2481 1111 2690 1167; x_wconf 82' lang='lat' dir='ltr'><strong>XX.—-</strong></span> <span class='ocrx_word' id='word_1_164' title='bbox 2713 1112 2999 1166; x_wconf 84' lang='lat' dir='ltr'><strong>Volueram</strong></span> <span class='ocrx_word' id='word_1_165' title='bbox 3031 1111 3248 1180; x_wconf 90' lang='lat' dir='ltr'><strong>quidem</strong></span> <span class='ocrx_word' id='word_1_166' title='bbox 3282 1113 3392 1182; x_wconf 88' lang='lat' dir='ltr'><strong>jam</strong></span> <span class='ocrx_word' id='word_1_167' title='bbox 3427 1113 3582 1168; x_wconf 90' lang='lat' dir='ltr'><strong>finire</strong></span> <span class='ocrx_word' id='word_1_168' title='bbox 3621 1129 3832 1170; x_wconf 82' lang='lat' dir='ltr'><strong>sermo-</strong></span> 
     </span>
    </p>
   </div>
   <div class='ocr_carea' id='block_1_26' title="bbox 2254 1203 3839 1273">
    <p class='ocr_par' dir='ltr' id='par_1_26' title="bbox 2254 1203 3839 1273">
     <span class='ocr_line' id='line_1_26' title="bbox 2254 1203 3839 1273; baseline 0.001 -15"><span class='ocrx_word' id='word_1_169' title='bbox 2254 1217 2399 1269; x_wconf 89' lang='lat' dir='ltr'><strong>nem,</strong></span> <span class='ocrx_word' id='word_1_170' title='bbox 2431 1213 2484 1257; x_wconf 90' lang='lat' dir='ltr'><strong>et</strong></span> <span class='ocrx_word' id='word_1_171' title='bbox 2511 1203 2727 1258; x_wconf 91' lang='lat' dir='ltr'><strong>silentio</strong></span> <span class='ocrx_word' id='word_1_172' title='bbox 2752 1217 2997 1272; x_wconf 87' lang='lat' dir='ltr'><strong>premere</strong></span> <span class='ocrx_word' id='word_1_173' title='bbox 3016 1217 3348 1273; x_wconf 70' lang='lat' dir='ltr'><strong>qurecunque</strong></span> <span class='ocrx_word' id='word_1_174' title='bbox 3369 1218 3504 1258; x_wconf 76' lang='lat' dir='ltr'><strong>mete</strong></span> <span class='ocrx_word' id='word_1_175' title='bbox 3530 1205 3839 1260; x_wconf 86' lang='lat' dir='ltr'><strong>acciderant</strong></span> 
     </span>
    </p>
   </div>
   <div class='ocr_carea' id='block_1_27' title="bbox 2253 1290 3840 1365">
    <p class='ocr_par' dir='ltr' id='par_1_27' title="bbox 2253 1290 3840 1365">
     <span class='ocr_line' id='line_1_27' title="bbox 2253 1290 3840 1365; baseline 0.002 -19"><span class='ocrx_word' id='word_1_176' title='bbox 2253 1293 2362 1365; x_wconf 67' lang='grc'><strong>46</strong></span> <span class='ocrx_word' id='word_1_177' title='bbox 2391 1293 2641 1363; x_wconf 88' lang='lat' dir='ltr'><strong>parvitati</strong></span> <span class='ocrx_word' id='word_1_178' title='bbox 2670 1311 2684 1359; x_wconf 92' lang='lat'><strong>;</strong></span> <span class='ocrx_word' id='word_1_179' title='bbox 2719 1294 2811 1348; x_wconf 88' lang='lat' dir='ltr'><strong>sed</strong></span> <span class='ocrx_word' id='word_1_180' title='bbox 2841 1308 2908 1347; x_wconf 92' lang='lat' dir='ltr'><strong>ne</strong></span> <span class='ocrx_word' id='word_1_181' title='bbox 2938 1293 3134 1361; x_wconf 91' lang='lat' dir='ltr'><strong>putetis</strong></span> <span class='ocrx_word' id='word_1_182' title='bbox 3174 1308 3258 1348; x_wconf 91' lang='lat' dir='ltr'><strong>me</strong></span> <span class='ocrx_word' id='word_1_183' title='bbox 3283 1290 3482 1347; x_wconf 77' lang='lat' dir='ltr'><strong>frustra</strong></span> <span class='ocrx_word' id='word_1_184' title='bbox 3510 1308 3840 1349; x_wconf 70' lang='lat' dir='ltr'><strong>commemoo</strong></span> 
     </span>
    </p>
   </div>
   <div class='ocr_carea' id='block_1_28' title="bbox 2253 1386 3841 1458">
    <p class='ocr_par' dir='ltr' id='par_1_28' title="bbox 2253 1386 3841 1458">
     <span class='ocr_line' id='line_1_28' title="bbox 2253 1386 3841 1458; baseline 0.001 -16"><span class='ocrx_word' id='word_1_185' title='bbox 2253 1401 2402 1442; x_wconf 89' lang='lat' dir='ltr'><strong>rasse</strong></span> <span class='ocrx_word' id='word_1_186' title='bbox 2431 1402 2550 1456; x_wconf 65' lang='lat' dir='ltr'><strong>quas</strong></span> <span class='ocrx_word' id='word_1_187' title='bbox 2594 1387 2812 1441; x_wconf 86' lang='lat' dir='ltr'><strong>evenire</strong></span> <span class='ocrx_word' id='word_1_188' title='bbox 2852 1401 2957 1441; x_wconf 94' lang='lat' dir='ltr'><strong>non</strong></span> <span class='ocrx_word' id='word_1_189' title='bbox 2986 1395 3224 1456; x_wconf 89' lang='lat' dir='ltr'><strong>possent,</strong></span> <span class='ocrx_word' id='word_1_190' title='bbox 3260 1386 3462 1442; x_wconf 90' lang='lat' dir='ltr'><strong>idcirco</strong></span> <span class='ocrx_word' id='word_1_191' title='bbox 3511 1387 3664 1458; x_wconf 90' lang='lat' dir='ltr'><strong>(licet</strong></span> <span class='ocrx_word' id='word_1_192' title='bbox 3709 1386 3841 1444; x_wconf 82' lang='lat' dir='ltr'><strong>insi-</strong></span> 
     </span>
    </p>
   </div>
   <div class='ocr_carea' id='block_1_29' title="bbox 2255 1479 3840 1550">
    <p class='ocr_par' dir='ltr' id='par_1_29' title="bbox 2255 1479 3840 1550">
     <span class='ocr_line' id='line_1_29' title="bbox 2255 1479 3840 1550; baseline 0.004 -19"><span class='ocrx_word' id='word_1_193' title='bbox 2255 1480 2406 1548; x_wconf 91' lang='lat' dir='ltr'><strong>piens</strong></span> <span class='ocrx_word' id='word_1_194' title='bbox 2438 1482 2580 1542; x_wconf 89' lang='lat' dir='ltr'><strong>liam,</strong></span> <span class='ocrx_word' id='word_1_195' title='bbox 2615 1489 2792 1534; x_wconf 87' lang='lat' dir='ltr'><strong>tamen</strong></span> <span class='ocrx_word' id='word_1_196' title='bbox 2823 1479 3101 1546; x_wconf 89' lang='lat' dir='ltr'><strong>Dominus,</strong></span> <span class='ocrx_word' id='word_1_197' title='bbox 3146 1479 3237 1550; x_wconf 88' lang='lat' dir='ltr'><strong>qui</strong></span> <span class='ocrx_word' id='word_1_198' title='bbox 3282 1490 3508 1536; x_wconf 68' lang='lat' dir='ltr'><strong>secreta:</strong></span> <span class='ocrx_word' id='word_1_199' title='bbox 3539 1481 3735 1535; x_wconf 88' lang='lat' dir='ltr'><strong>utentis</strong></span> <span class='ocrx_word' id='word_1_200' title='bbox 3759 1487 3840 1538; x_wconf 84' lang='lat' dir='ltr'><strong>est</strong></span> 
     </span>
    </p>
   </div>
   <div class='ocr_carea' id='block_1_30' title="bbox 2256 1572 3840 1643">
    <p class='ocr_par' dir='ltr' id='par_1_30' title="bbox 2256 1572 3840 1643">
     <span class='ocr_line' id='line_1_30' title="bbox 2256 1572 3840 1643; baseline 0.002 -17"><span class='ocrx_word' id='word_1_201' title='bbox 2256 1572 2553 1640; x_wconf 83' lang='lat' dir='ltr'><strong>inspector,</strong></span> <span class='ocrx_word' id='word_1_202' title='bbox 2585 1572 2732 1626; x_wconf 90' lang='lat' dir='ltr'><strong>novit</strong></span> <span class='ocrx_word' id='word_1_203' title='bbox 2765 1588 2871 1626; x_wconf 89' lang='lat' dir='ltr'><strong>non</strong></span> <span class='ocrx_word' id='word_1_204' title='bbox 2903 1587 2989 1628; x_wconf 91' lang='lat' dir='ltr'><strong>me</strong></span> <span class='ocrx_word' id='word_1_205' title='bbox 3027 1587 3186 1626; x_wconf 88' lang='lat' dir='ltr'><strong>causa</strong></span> <span class='ocrx_word' id='word_1_206' title='bbox 3218 1572 3516 1643; x_wconf 67' lang='lat' dir='ltr'><strong>iactantiae,</strong></span> <span class='ocrx_word' id='word_1_207' title='bbox 3548 1573 3642 1628; x_wconf 89' lang='lat' dir='ltr'><strong>sed</strong></span> <span class='ocrx_word' id='word_1_208' title='bbox 3673 1573 3840 1629; x_wconf 88' lang='lat' dir='ltr'><strong>vestri</strong></span> 
     </span>
    </p>
   </div>
   <div class='ocr_carea' id='block_1_31' title="bbox 558 1665 3842 1752">
    <p class='ocr_par' dir='ltr' id='par_1_31' title="bbox 558 1665 3842 1752">
     <span class='ocr_line' id='line_1_31' title="bbox 558 1665 3842 1752; baseline -0.001 -19"><span class='ocrx_word' id='word_1_209' title='bbox 558 1678 854 1734; x_wconf 86' lang='lat' dir='ltr'><strong>lescentum</strong></span> <span class='ocrx_word' id='word_1_210' title='bbox 897 1676 982 1730; x_wconf 93' lang='lat' dir='ltr'><strong>vel</strong></span> <span class='ocrx_word' id='word_1_211' title='bbox 1013 1676 1318 1740; x_wconf 81' lang='lat' dir='ltr'><strong>latronum;</strong></span> <span class='ocrx_word' id='word_1_212' title='bbox 1358 1690 1390 1730; x_wconf 90' lang='lat' dir='ltr'><strong>e</strong></span> <span class='ocrx_word' id='word_1_213' title='bbox 1432 1675 1627 1745; x_wconf 83' lang='lat' dir='ltr'><strong>quibus</strong></span> <span class='ocrx_word' id='word_1_214' title='bbox 1671 1674 1956 1729; x_wconf 84' lang='lat' dir='ltr'><strong>confestim</strong></span> <span class='ocrx_word' id='word_1_215' title='bbox 1989 1673 2197 1752; x_wconf 52' lang='lat' dir='ltr'><strong>timor.</strong></span> <span class='ocrx_word' id='word_1_216' title='bbox 2253 1666 2424 1734; x_wconf 68' lang='lat' dir='ltr'><strong>gratia</strong></span> <span class='ocrx_word' id='word_1_217' title='bbox 2484 1665 2759 1734; x_wconf 72' lang='lat' dir='ltr'><strong>proleCIus</strong></span> <span class='ocrx_word' id='word_1_218' title='bbox 2815 1665 2916 1720; x_wconf 84' lang='lat' dir='ltr'><strong>hoc</strong></span> <span class='ocrx_word' id='word_1_219' title='bbox 2970 1665 3187 1731; x_wconf 83' lang='lat' dir='ltr'><strong>facere.</strong></span> <span class='ocrx_word' id='word_1_220' title='bbox 3231 1680 3397 1735; x_wconf 82' lang='lat' dir='ltr'><strong>pauca</strong></span> <span class='ocrx_word' id='word_1_221' title='bbox 3447 1665 3723 1736; x_wconf 76' lang='lat' dir='ltr'><strong>replicabo</strong></span> <span class='ocrx_word' id='word_1_222' title='bbox 3774 1666 3842 1723; x_wconf 81' lang='lat' dir='ltr'><strong>de</strong></span> 
     </span>
    </p>
   </div>
   <div class='ocr_carea' id='block_1_32' title="bbox 557 1756 3839 1837">
    <p class='ocr_par' dir='ltr' id='par_1_32' title="bbox 557 1756 3839 1837">
     <span class='ocr_line' id='line_1_32' title="bbox 557 1756 3839 1837; baseline 0 -15"><span class='ocrx_word' id='word_1_223' title='bbox 557 1769 772 1833; x_wconf 78' lang='lat' dir='ltr'><strong>animae,</strong></span> <span class='ocrx_word' id='word_1_224' title='bbox 797 1767 1046 1823; x_wconf 84' lang='lat' dir='ltr'><strong>sensibus</strong></span> <span class='ocrx_word' id='word_1_225' title='bbox 1073 1775 1262 1837; x_wconf 89' lang='lat' dir='ltr'><strong>torpor</strong></span> <span class='ocrx_word' id='word_1_226' title='bbox 1283 1767 1572 1832; x_wconf 89' lang='lat' dir='ltr'><strong>incutitur;</strong></span> <span class='ocrx_word' id='word_1_227' title='bbox 1605 1768 1786 1822; x_wconf 89' lang='lat' dir='ltr'><strong>odium</strong></span> <span class='ocrx_word' id='word_1_228' title='bbox 1815 1767 2151 1824; x_wconf 79' lang='lat' dir='ltr'><strong>Christiano-</strong></span> <span class='ocrx_word' id='word_1_229' title='bbox 2185 1768 2227 1826; x_wconf 83' lang='grc' dir='ltr'><strong><em>Β</em></strong></span> <span class='ocrx_word' id='word_1_230' title='bbox 2257 1756 2517 1824; x_wconf 59' lang='lat' dir='ltr'><strong>Plurimi?»</strong></span> <span class='ocrx_word' id='word_1_231' title='bbox 2565 1758 2790 1823; x_wconf 73' lang='grc' dir='ltr'><strong>ρυοῑῖεε</strong></span> <span class='ocrx_word' id='word_1_232' title='bbox 2821 1772 2906 1812; x_wconf 72' lang='lat' dir='ltr'><strong>me</strong></span> <span class='ocrx_word' id='word_1_233' title='bbox 2933 1758 3109 1812; x_wconf 57' lang='lat' dir='ltr'><strong>nimii?</strong></span> <span class='ocrx_word' id='word_1_234' title='bbox 3141 1757 3386 1812; x_wconf 69' lang='lat' dir='ltr'><strong>lalldilllls</strong></span> <span class='ocrx_word' id='word_1_235' title='bbox 3415 1757 3608 1814; x_wconf 69' lang='lat' dir='ltr'><strong>ellel‘l‘e</strong></span> <span class='ocrx_word' id='word_1_236' title='bbox 3656 1759 3839 1816; x_wconf 67' lang='grc' dir='ltr'><strong>εοηεῑῖ</strong></span> 
     </span>
    </p>
   </div>
   <div class='ocr_carea' id='block_1_33' title="bbox 561 1859 2150 1927">
    <p class='ocr_par' dir='ltr' id='par_1_33' title="bbox 561 1859 2150 1927">
     <span class='ocr_line' id='line_1_33' title="bbox 561 1859 2150 1927; baseline 0.001 -13"><span class='ocrx_word' id='word_1_237' title='bbox 561 1876 703 1924; x_wconf 85' lang='lat' dir='ltr'><strong>runt.</strong></span> <span class='ocrx_word' id='word_1_238' title='bbox 755 1860 1144 1914; x_wconf 86' lang='lat' dir='ltr'><strong>monachorum</strong></span> <span class='ocrx_word' id='word_1_239' title='bbox 1192 1873 1395 1915; x_wconf 64' lang='lat' dir='ltr'><strong>maeror</strong></span> <span class='ocrx_word' id='word_1_240' title='bbox 1429 1867 1482 1914; x_wconf 92' lang='lat' dir='ltr'><strong>et</strong></span> <span class='ocrx_word' id='word_1_241' title='bbox 1513 1859 1751 1927; x_wconf 59' lang='lat' dir='ltr'><strong>taedium,</strong></span> <span class='ocrx_word' id='word_1_242' title='bbox 1795 1875 2016 1916; x_wconf 89' lang='lat' dir='ltr'><strong>suorum</strong></span> <span class='ocrx_word' id='word_1_243' title='bbox 2061 1875 2150 1916; x_wconf 91' lang='lat' dir='ltr'><strong>re-</strong></span> 
     </span>
    </p>
   </div>
   <div class='ocr_carea' id='block_1_34' title="bbox 561 1951 2147 2022">
    <p class='ocr_par' dir='ltr' id='par_1_34' title="bbox 561 1951 2147 2022">
     <span class='ocr_line' id='line_1_34' title="bbox 561 1951 2147 2022; baseline -0.001 -15"><span class='ocrx_word' id='word_1_244' title='bbox 561 1953 824 2017; x_wconf 85' lang='lat' dir='ltr'><strong>cordatio,</strong></span> <span class='ocrx_word' id='word_1_245' title='bbox 875 1959 1052 2006; x_wconf 78' lang='lat' dir='ltr'><strong>metus</strong></span> <span class='ocrx_word' id='word_1_246' title='bbox 1081 1953 1292 2019; x_wconf 88' lang='lat' dir='ltr'><strong>mortis,</strong></span> <span class='ocrx_word' id='word_1_247' title='bbox 1345 1951 1540 2020; x_wconf 93' lang='lat' dir='ltr'><strong>cupido</strong></span> <span class='ocrx_word' id='word_1_248' title='bbox 1576 1951 1853 2022; x_wconf 69' lang='lat' dir='ltr'><strong>nequitiae,</strong></span> <span class='ocrx_word' id='word_1_249' title='bbox 1887 1951 2147 2006; x_wconf 90' lang='lat' dir='ltr'><strong>lassitudo</strong></span> 
     </span>
    </p>
   </div>
   <div class='ocr_carea' id='block_1_35' title="bbox 555 2045 2147 2115">
    <p class='ocr_par' dir='ltr' id='par_1_35' title="bbox 555 2045 2147 2115">
     <span class='ocr_line' id='line_1_35' title="bbox 555 2045 2147 2115; baseline 0.003 -17"><span class='ocrx_word' id='word_1_250' title='bbox 555 2045 797 2109; x_wconf 89' lang='lat' dir='ltr'><strong>virtutis,</strong></span> <span class='ocrx_word' id='word_1_251' title='bbox 843 2045 1022 2100; x_wconf 91' lang='lat' dir='ltr'><strong>cordis</strong></span> <span class='ocrx_word' id='word_1_252' title='bbox 1071 2045 1368 2101; x_wconf 88' lang='lat' dir='ltr'><strong>hebetatio.</strong></span> <span class='ocrx_word' id='word_1_253' title='bbox 1417 2045 1474 2100; x_wconf 89' lang='lat' dir='ltr'><strong>Si</strong></span> <span class='ocrx_word' id='word_1_254' title='bbox 1527 2045 1688 2115; x_wconf 77' lang='lat' dir='ltr'><strong>igitur</strong></span> <span class='ocrx_word' id='word_1_255' title='bbox 1738 2054 1857 2114; x_wconf 89' lang='lat' dir='ltr'><strong>post</strong></span> <span class='ocrx_word' id='word_1_256' title='bbox 1896 2047 2147 2102; x_wconf 86' lang='lat' dir='ltr'><strong>timorem</strong></span> 
     </span>
    </p>
   </div>
   <div class='ocr_carea' id='block_1_36' title="bbox 555 2137 2142 2209">
    <p class='ocr_par' dir='ltr' id='par_1_36' title="bbox 555 2137 2142 2209">
     <span class='ocr_line' id='line_1_36' title="bbox 555 2137 2142 2209; baseline -0.001 -14"><span class='ocrx_word' id='word_1_257' title='bbox 555 2139 782 2196; x_wconf 84' lang='lat' dir='ltr'><strong>horrore</strong></span> <span class='ocrx_word' id='word_1_258' title='bbox 798 2147 1142 2209; x_wconf 90' lang='lat' dir='ltr'><strong>conceptum,</strong></span> <span class='ocrx_word' id='word_1_259' title='bbox 1166 2138 1488 2194; x_wconf 84' lang='lat' dir='ltr'><strong>successerit</strong></span> <span class='ocrx_word' id='word_1_260' title='bbox 1505 2137 1758 2208; x_wconf 90' lang='lat' dir='ltr'><strong>gaudium</strong></span> <span class='ocrx_word' id='word_1_261' title='bbox 1785 2149 1834 2193; x_wconf 93' lang='lat' dir='ltr'><strong>et</strong></span> <span class='ocrx_word' id='word_1_262' title='bbox 1883 2139 1948 2194; x_wconf 88' lang='lat' dir='ltr'><strong>ad</strong></span> <span class='ocrx_word' id='word_1_263' title='bbox 1975 2138 2142 2193; x_wconf 90' lang='lat' dir='ltr'><strong>Deum</strong></span> 
     </span>
    </p>
   </div>
   <div class='ocr_carea' id='block_1_37' title="bbox 554 2229 2145 2301">
    <p class='ocr_par' dir='ltr' id='par_1_37' title="bbox 554 2229 2145 2301">
     <span class='ocr_line' id='line_1_37' title="bbox 554 2229 2145 2301; baseline 0 -15"><span class='ocrx_word' id='word_1_264' title='bbox 554 2230 749 2286; x_wconf 90' lang='lat' dir='ltr'><strong>fiducia</strong></span> <span class='ocrx_word' id='word_1_265' title='bbox 801 2239 966 2301; x_wconf 88' lang='lat' dir='ltr'><strong>atque</strong></span> <span class='ocrx_word' id='word_1_266' title='bbox 1013 2230 1304 2285; x_wconf 76' lang='lat' dir='ltr'><strong>ineffabilis</strong></span> <span class='ocrx_word' id='word_1_267' title='bbox 1351 2229 1606 2296; x_wconf 79' lang='lat' dir='ltr'><strong>Charitas,</strong></span> <span class='ocrx_word' id='word_1_268' title='bbox 1661 2230 1874 2286; x_wconf 91' lang='lat' dir='ltr'><strong>venisse</strong></span> <span class='ocrx_word' id='word_1_269' title='bbox 1911 2232 2145 2287; x_wconf 86' lang='lat' dir='ltr'><strong>sciamus</strong></span> 
     </span>
    </p>
   </div>
   <div class='ocr_carea' id='block_1_38' title="bbox 552 2323 2142 2395">
    <p class='ocr_par' dir='ltr' id='par_1_38' title="bbox 552 2323 2142 2395">
     <span class='ocr_line' id='line_1_38' title="bbox 552 2323 2142 2395; baseline 0.002 -17"><span class='ocrx_word' id='word_1_270' title='bbox 552 2324 830 2390; x_wconf 83' lang='lat' dir='ltr'><strong>auxilium,</strong></span> <span class='ocrx_word' id='word_1_271' title='bbox 861 2325 982 2395; x_wconf 89' lang='lat' dir='ltr'><strong>quia</strong></span> <span class='ocrx_word' id='word_1_272' title='bbox 1016 2326 1279 2380; x_wconf 85' lang='lat' dir='ltr'><strong>securitas</strong></span> <span class='ocrx_word' id='word_1_273' title='bbox 1308 2323 1505 2379; x_wconf 69' lang='lat' dir='ltr'><strong>animae</strong></span> <span class='ocrx_word' id='word_1_274' title='bbox 1536 2325 1816 2394; x_wconf 65' lang='lat' dir='ltr'><strong>praesentis</strong></span> <span class='ocrx_word' id='word_1_275' title='bbox 1844 2325 2142 2395; x_wconf 89' lang='lat' dir='ltr'><strong>majestatis</strong></span> 
     </span>
    </p>
   </div>
   <div class='ocr_carea' id='block_1_39' title="bbox 550 2417 2142 2488">
    <p class='ocr_par' dir='ltr' id='par_1_39' title="bbox 550 2417 2142 2488">
     <span class='ocr_line' id='line_1_39' title="bbox 550 2417 2142 2488; baseline 0.001 -16"><span class='ocrx_word' id='word_1_276' title='bbox 550 2417 808 2472; x_wconf 87' lang='lat' dir='ltr'><strong>iudicium</strong></span> <span class='ocrx_word' id='word_1_277' title='bbox 851 2426 957 2472; x_wconf 89' lang='lat' dir='ltr'><strong>est.</strong></span> <span class='ocrx_word' id='word_1_278' title='bbox 997 2418 1087 2473; x_wconf 90' lang='lat' dir='ltr'><strong>Sic</strong></span> <span class='ocrx_word' id='word_1_279' title='bbox 1135 2432 1364 2488; x_wconf 90' lang='lat' dir='ltr'><strong>namque</strong></span> <span class='ocrx_word' id='word_1_280' title='bbox 1407 2426 1464 2473; x_wconf 87' lang='lat' dir='ltr'><strong>et</strong></span> <span class='ocrx_word' id='word_1_281' title='bbox 1514 2417 1786 2473; x_wconf 78' lang='lat' dir='ltr'><strong>Abraham</strong></span> <span class='ocrx_word' id='word_1_282' title='bbox 1837 2418 2142 2488; x_wconf 83' lang='lat' dir='ltr'><strong>patriarcha</strong></span> 
     </span>
    </p>
   </div>
   <div class='ocr_carea' id='block_1_40' title="bbox 553 2507 2142 2580">
    <p class='ocr_par' dir='ltr' id='par_1_40' title="bbox 553 2507 2142 2580">
     <span class='ocr_line' id='line_1_40' title="bbox 553 2507 2142 2580; baseline 0.001 -17"><span class='ocrx_word' id='word_1_283' title='bbox 553 2508 742 2563; x_wconf 90' lang='lat' dir='ltr'><strong>videns</strong></span> <span class='ocrx_word' id='word_1_284' title='bbox 798 2508 983 2576; x_wconf 88' lang='lat' dir='ltr'><strong>Deum,</strong></span> <span class='ocrx_word' id='word_1_285' title='bbox 1038 2509 1254 2578; x_wconf 86' lang='lat' dir='ltr'><strong>gavisus</strong></span> <span class='ocrx_word' id='word_1_286' title='bbox 1293 2517 1376 2564; x_wconf 90' lang='lat' dir='ltr'><strong>est</strong></span> <span class='ocrx_word' id='word_1_287' title='bbox 1419 2507 1602 2580; x_wconf 81' lang='lat' dir='ltr'><strong>(Joan.</strong></span> <span class='ocrx_word' id='word_1_288' title='bbox 1629 2509 1782 2579; x_wconf 90' lang='lat' dir='ltr'><strong>vut);</strong></span> <span class='ocrx_word' id='word_1_289' title='bbox 1824 2519 1880 2564; x_wconf 87' lang='lat' dir='ltr'><strong>et</strong></span> <span class='ocrx_word' id='word_1_290' title='bbox 1907 2508 2142 2565; x_wconf 86' lang='lat' dir='ltr'><strong>Joannes</strong></span> 
     </span>
    </p>
   </div>
   <div class='ocr_carea' id='block_1_41' title="bbox 551 2602 2138 2672">
    <p class='ocr_par' dir='ltr' id='par_1_41' title="bbox 551 2602 2138 2672">
     <span class='ocr_line' id='line_1_41' title="bbox 551 2602 2138 2672; baseline 0 -13"><span class='ocrx_word' id='word_1_291' title='bbox 551 2618 675 2659; x_wconf 88' lang='lat' dir='ltr'><strong>cum</strong></span> <span class='ocrx_word' id='word_1_292' title='bbox 729 2603 950 2659; x_wconf 82' lang='lat' dir='ltr'><strong>Mariam</strong></span> <span class='ocrx_word' id='word_1_293' title='bbox 1003 2602 1378 2672; x_wconf 86' lang='lat' dir='ltr'><strong>supervenisse</strong></span> <span class='ocrx_word' id='word_1_294' title='bbox 1429 2603 1678 2666; x_wconf 88' lang='lat' dir='ltr'><strong>sentiret,</strong></span> <span class='ocrx_word' id='word_1_295' title='bbox 1729 2617 1850 2672; x_wconf 66' lang='lat' dir='ltr'><strong>qua:</strong></span> <span class='ocrx_word' id='word_1_296' title='bbox 1896 2603 1948 2655; x_wconf 94' lang='lat' dir='ltr'><strong>in</strong></span> <span class='ocrx_word' id='word_1_297' title='bbox 1998 2605 2138 2660; x_wconf 90' lang='lat' dir='ltr'><strong>sacri</strong></span> 
     </span>
    </p>
   </div>
   <div class='ocr_carea' id='block_1_42' title="bbox 549 2693 2133 2764">
    <p class='ocr_par' dir='ltr' id='par_1_42' title="bbox 549 2693 2133 2764">
     <span class='ocr_line' id='line_1_42' title="bbox 549 2693 2133 2764; baseline -0.001 -15"><span class='ocrx_word' id='word_1_298' title='bbox 549 2695 754 2750; x_wconf 88' lang='lat' dir='ltr'><strong>ventris</strong></span> <span class='ocrx_word' id='word_1_299' title='bbox 810 2693 1045 2764; x_wconf 88' lang='lat' dir='ltr'><strong>hospitio</strong></span> <span class='ocrx_word' id='word_1_300' title='bbox 1093 2695 1460 2750; x_wconf 90' lang='lat' dir='ltr'><strong>universitatis</strong></span> <span class='ocrx_word' id='word_1_301' title='bbox 1515 2695 1756 2764; x_wconf 87' lang='lat' dir='ltr'><strong>gestabat</strong></span> <span class='ocrx_word' id='word_1_302' title='bbox 1814 2702 2133 2764; x_wconf 88' lang='lat' dir='ltr'><strong>parentem,</strong></span> 
     </span>
    </p>
   </div>
   <div class='ocr_carea' id='block_1_43' title="bbox 548 2787 2136 2860">
    <p class='ocr_par' dir='ltr' id='par_1_43' title="bbox 548 2787 2136 2860">
     <span class='ocr_line' id='line_1_43' title="bbox 548 2787 2136 2860; baseline 0.001 -17"><span class='ocrx_word' id='word_1_303' title='bbox 548 2788 846 2844; x_wconf 76' lang='lat' dir='ltr'><strong>exsultavit</strong></span> <span class='ocrx_word' id='word_1_304' title='bbox 893 2787 1122 2842; x_wconf 90' lang='lat' dir='ltr'><strong>necdum</strong></span> <span class='ocrx_word' id='word_1_305' title='bbox 1168 2797 1324 2844; x_wconf 87' lang='lat' dir='ltr'><strong>natus</strong></span> <span class='ocrx_word' id='word_1_306' title='bbox 1368 2789 1420 2844; x_wconf 94' lang='lat' dir='ltr'><strong>in</strong></span> <span class='ocrx_word' id='word_1_307' title='bbox 1459 2790 1734 2858; x_wconf 87' lang='lat' dir='ltr'><strong>gaudium.</strong></span> <span class='ocrx_word' id='word_1_308' title='bbox 1767 2789 1947 2859; x_wconf 78' lang='lat' dir='ltr'><strong>(Lqu</strong></span> <span class='ocrx_word' id='word_1_309' title='bbox 1982 2793 2045 2860; x_wconf 91' lang='lat' dir='ltr'><strong>t).</strong></span> <span class='ocrx_word' id='word_1_310' title='bbox 2078 2789 2136 2845; x_wconf 92' lang='lat' dir='ltr'><strong>Si</strong></span> 
     </span>
    </p>
   </div>
   <div class='ocr_carea' id='block_1_44' title="bbox 547 2880 2136 2953">
    <p class='ocr_par' dir='ltr' id='par_1_44' title="bbox 547 2880 2136 2953">
     <span class='ocr_line' id='line_1_44' title="bbox 547 2880 2136 2953; baseline 0.003 -19"><span class='ocrx_word' id='word_1_311' title='bbox 547 2889 724 2935; x_wconf 85' lang='lat' dir='ltr'><strong>autem</strong></span> <span class='ocrx_word' id='word_1_312' title='bbox 778 2883 991 2936; x_wconf 91' lang='lat' dir='ltr'><strong>incussa</strong></span> <span class='ocrx_word' id='word_1_313' title='bbox 1022 2880 1256 2936; x_wconf 91' lang='lat' dir='ltr'><strong>formido</strong></span> <span class='ocrx_word' id='word_1_314' title='bbox 1285 2883 1669 2951; x_wconf 87' lang='lat' dir='ltr'><strong>permanserit,</strong></span> <span class='ocrx_word' id='word_1_315' title='bbox 1722 2881 1891 2937; x_wconf 90' lang='lat' dir='ltr'><strong>hostis</strong></span> <span class='ocrx_word' id='word_1_316' title='bbox 1920 2894 2004 2938; x_wconf 87' lang='lat' dir='ltr'><strong>est</strong></span> <span class='ocrx_word' id='word_1_317' title='bbox 2047 2884 2136 2953; x_wconf 91' lang='lat' dir='ltr'><strong>qui</strong></span> 
     </span>
    </p>
   </div>
   <div class='ocr_carea' id='block_1_45' title="bbox 548 2973 2138 3042">
    <p class='ocr_par' dir='ltr' id='par_1_45' title="bbox 548 2973 2138 3042">
     <span class='ocr_line' id='line_1_45' title="bbox 548 2973 2138 3042; baseline 0.003 -16"><span class='ocrx_word' id='word_1_318' title='bbox 548 2973 758 3028; x_wconf 90' lang='lat' dir='ltr'><strong>videtur</strong></span> <span class='ocrx_word' id='word_1_319' title='bbox 799 2973 1100 3042; x_wconf 91' lang='lat' dir='ltr'><strong>:quoniam</strong></span> <span class='ocrx_word' id='word_1_320' title='bbox 1157 2987 1256 3029; x_wconf 88' lang='lat' dir='ltr'><strong>nec</strong></span> <span class='ocrx_word' id='word_1_321' title='bbox 1297 2973 1542 3029; x_wconf 88' lang='lat' dir='ltr'><strong>refovere</strong></span> <span class='ocrx_word' id='word_1_322' title='bbox 1589 2975 1757 3039; x_wconf 91' lang='lat' dir='ltr'><strong>novit,</strong></span> <span class='ocrx_word' id='word_1_323' title='bbox 1816 2983 1875 3028; x_wconf 92' lang='lat' dir='ltr'><strong>ut</strong></span> <span class='ocrx_word' id='word_1_324' title='bbox 1921 2975 2138 3030; x_wconf 88' lang='lat' dir='ltr'><strong>Gabriel</strong></span> 
     </span>
    </p>
   </div>
   <div class='ocr_carea' id='block_1_46' title="bbox 547 3065 2141 3140">
    <p class='ocr_par' dir='ltr' id='par_1_46' title="bbox 547 3065 2141 3140">
     <span class='ocr_line' id='line_1_46' title="bbox 547 3065 2141 3140; baseline 0.003 -20"><span class='ocrx_word' id='word_1_325' title='bbox 547 3075 832 3138; x_wconf 89' lang='lat' dir='ltr'><strong>paventem</strong></span> <span class='ocrx_word' id='word_1_326' title='bbox 893 3066 1165 3136; x_wconf 79' lang='lat' dir='ltr'><strong>Virginem</strong></span> <span class='ocrx_word' id='word_1_327' title='bbox 1216 3081 1284 3122; x_wconf 89' lang='lat' dir='ltr'><strong>ne</strong></span> <span class='ocrx_word' id='word_1_328' title='bbox 1335 3069 1519 3123; x_wconf 89' lang='lat' dir='ltr'><strong>timeat</strong></span> <span class='ocrx_word' id='word_1_329' title='bbox 1558 3065 1711 3136; x_wconf 85' lang='lat' dir='ltr'><strong>jubet</strong></span> <span class='ocrx_word' id='word_1_330' title='bbox 1767 3066 2041 3140; x_wconf 71' lang='lat' dir='ltr'><strong>(Lucan);</strong></span> <span class='ocrx_word' id='word_1_331' title='bbox 2087 3077 2141 3124; x_wconf 90' lang='lat' dir='ltr'><strong>et</strong></span> 
     </span>
    </p>
   </div>
   <div class='ocr_carea' id='block_1_47' title="bbox 2254 1852 3842 1920">
    <p class='ocr_par' dir='ltr' id='par_1_47' title="bbox 2254 1852 3842 1920">
     <span class='ocr_line' id='line_1_47' title="bbox 2254 1852 3842 1920; baseline 0.001 -14"><span class='ocrx_word' id='word_1_332' title='bbox 2254 1861 2402 1917; x_wconf 89' lang='lat' dir='ltr'><strong>sunt,</strong></span> <span class='ocrx_word' id='word_1_333' title='bbox 2429 1868 2552 1907; x_wconf 89' lang='lat' dir='ltr'><strong>cum</strong></span> <span class='ocrx_word' id='word_1_334' title='bbox 2574 1867 2604 1907; x_wconf 91' lang='lat' dir='ltr'><strong>a</strong></span> <span class='ocrx_word' id='word_1_335' title='bbox 2635 1868 2719 1907; x_wconf 90' lang='lat' dir='ltr'><strong>me</strong></span> <span class='ocrx_word' id='word_1_336' title='bbox 2759 1853 2811 1907; x_wconf 91' lang='lat' dir='ltr'><strong>in</strong></span> <span class='ocrx_word' id='word_1_337' title='bbox 2843 1856 3057 1907; x_wconf 92' lang='lat' dir='ltr'><strong>nomine</strong></span> <span class='ocrx_word' id='word_1_338' title='bbox 3083 1853 3291 1907; x_wconf 90' lang='lat' dir='ltr'><strong>Domini</strong></span> <span class='ocrx_word' id='word_1_339' title='bbox 3323 1852 3603 1907; x_wconf 87' lang='lat' dir='ltr'><strong>maledicta</strong></span> <span class='ocrx_word' id='word_1_340' title='bbox 3634 1853 3842 1920; x_wconf 51' lang='lat' dir='ltr'><strong>recipe:</strong></span> 
     </span>
    </p>
   </div>
   <div class='ocr_carea' id='block_1_48' title="bbox 2250 1942 3839 2014">
    <p class='ocr_par' dir='ltr' id='par_1_48' title="bbox 2250 1942 3839 2014">
     <span class='ocr_line' id='line_1_48' title="bbox 2250 1942 3839 2014; baseline 0.001 -16"><span class='ocrx_word' id='word_1_341' title='bbox 2250 1951 2372 1998; x_wconf 90' lang='lat' dir='ltr'><strong>rent</strong></span> <span class='ocrx_word' id='word_1_342' title='bbox 2421 1942 2588 2014; x_wconf 84' lang='lat'><strong>(50)!</strong></span> <span class='ocrx_word' id='word_1_343' title='bbox 2631 1946 2840 2014; x_wconf 88' lang='lat' dir='ltr'><strong>quoties</strong></span> <span class='ocrx_word' id='word_1_344' title='bbox 2894 1952 3177 2013; x_wconf 84' lang='lat' dir='ltr'><strong>augmenta</strong></span> <span class='ocrx_word' id='word_1_345' title='bbox 3223 1944 3326 1998; x_wconf 81' lang='lat' dir='ltr'><strong>Nili</strong></span> <span class='ocrx_word' id='word_1_346' title='bbox 3379 1943 3613 1998; x_wconf 89' lang='lat' dir='ltr'><strong>fluminis</strong></span> <span class='ocrx_word' id='word_1_347' title='bbox 3661 1942 3839 2000; x_wconf 87' lang='lat' dir='ltr'><strong>futura</strong></span> 
     </span>
    </p>
   </div>
   <div class='ocr_carea' id='block_1_49' title="bbox 2251 2033 3839 2100">
    <p class='ocr_par' dir='ltr' id='par_1_49' title="bbox 2251 2033 3839 2100">
     <span class='ocr_line' id='line_1_49' title="bbox 2251 2033 3839 2100; baseline 0.003 -12"><span class='ocrx_word' id='word_1_348' title='bbox 2251 2033 2522 2100; x_wconf 87' lang='lat' dir='ltr'><strong>dixerunt,</strong></span> <span class='ocrx_word' id='word_1_349' title='bbox 2563 2049 2684 2090; x_wconf 93' lang='lat' dir='ltr'><strong>cum</strong></span> <span class='ocrx_word' id='word_1_350' title='bbox 2729 2049 2757 2088; x_wconf 92' lang='lat' dir='ltr'><strong>a</strong></span> <span class='ocrx_word' id='word_1_351' title='bbox 2808 2050 2894 2090; x_wconf 88' lang='lat' dir='ltr'><strong>me</strong></span> <span class='ocrx_word' id='word_1_352' title='bbox 2947 2034 3330 2090; x_wconf 78' lang='lat' dir='ltr'><strong>audirentzEt</strong></span> <span class='ocrx_word' id='word_1_353' title='bbox 3381 2035 3484 2090; x_wconf 90' lang='lat' dir='ltr'><strong>hoc</strong></span> <span class='ocrx_word' id='word_1_354' title='bbox 3510 2037 3574 2089; x_wconf 85' lang='lat' dir='ltr'><strong>ad</strong></span> <span class='ocrx_word' id='word_1_355' title='bbox 3603 2047 3839 2092; x_wconf 88' lang='lat' dir='ltr'><strong>vestram</strong></span> 
     </span>
    </p>
   </div>
   <div class='ocr_carea' id='block_1_50' title="bbox 2249 2127 3839 2197">
    <p class='ocr_par' dir='ltr' id='par_1_50' title="bbox 2249 2127 3839 2197">
     <span class='ocr_line' id='line_1_50' title="bbox 2249 2127 3839 2197; baseline 0.003 -17"><span class='ocrx_word' id='word_1_356' title='bbox 2249 2127 2376 2196; x_wconf 87' lang='lat' dir='ltr'><strong>quid</strong></span> <span class='ocrx_word' id='word_1_357' title='bbox 2419 2128 2648 2194; x_wconf 87' lang='lat' dir='ltr'><strong>pertinet</strong></span> <span class='ocrx_word' id='word_1_358' title='bbox 2675 2128 2892 2181; x_wconf 86' lang='lat' dir='ltr'><strong>curam?</strong></span> <span class='ocrx_word' id='word_1_359' title='bbox 2942 2129 3152 2197; x_wconf 90' lang='lat' dir='ltr'><strong>quoties</strong></span> <span class='ocrx_word' id='word_1_360' title='bbox 3194 2127 3502 2183; x_wconf 87' lang='lat' dir='ltr'><strong>minitantes</strong></span> <span class='ocrx_word' id='word_1_361' title='bbox 3529 2137 3586 2182; x_wconf 93' lang='lat' dir='ltr'><strong>ut</strong></span> <span class='ocrx_word' id='word_1_362' title='bbox 3639 2128 3839 2184; x_wconf 79' lang='lat' dir='ltr'><strong>milites</strong></span> 
     </span>
    </p>
   </div>
   <div class='ocr_carea' id='block_1_51' title="bbox 2250 2217 3838 2289">
    <p class='ocr_par' dir='ltr' id='par_1_51' title="bbox 2250 2217 3838 2289">
     <span class='ocr_line' id='line_1_51' title="bbox 2250 2217 3838 2289; baseline 0 -15"><span class='ocrx_word' id='word_1_363' title='bbox 2250 2220 2466 2284; x_wconf 89' lang='lat' dir='ltr'><strong>armati,</strong></span> <span class='ocrx_word' id='word_1_364' title='bbox 2501 2220 2898 2288; x_wconf 89' lang='lat' dir='ltr'><strong>scorpionibus,</strong></span> <span class='ocrx_word' id='word_1_365' title='bbox 2931 2219 3104 2289; x_wconf 89' lang='lat' dir='ltr'><strong>equis,</strong></span> <span class='ocrx_word' id='word_1_366' title='bbox 3155 2218 3368 2285; x_wconf 89' lang='lat' dir='ltr'><strong>belluis,</strong></span> <span class='ocrx_word' id='word_1_367' title='bbox 3418 2229 3472 2274; x_wconf 91' lang='lat' dir='ltr'><strong>et</strong></span> <span class='ocrx_word' id='word_1_368' title='bbox 3519 2217 3684 2273; x_wconf 91' lang='lat' dir='ltr'><strong>variis</strong></span> <span class='ocrx_word' id='word_1_369' title='bbox 3725 2233 3838 2275; x_wconf 79' lang='lat' dir='ltr'><strong>ser—</strong></span> 
     </span>
    </p>
   </div>
   <div class='ocr_carea' id='block_1_52' title="bbox 2251 2309 3836 2382">
    <p class='ocr_par' dir='ltr' id='par_1_52' title="bbox 2251 2309 3836 2382">
     <span class='ocr_line' id='line_1_52' title="bbox 2251 2309 3836 2382; baseline 0.001 -17"><span class='ocrx_word' id='word_1_370' title='bbox 2251 2313 2500 2382; x_wconf 89' lang='lat' dir='ltr'><strong>pentibus</strong></span> <span class='ocrx_word' id='word_1_371' title='bbox 2523 2310 2991 2366; x_wconf 87' lang='lat' dir='ltr'><strong>circumdederunt</strong></span> <span class='ocrx_word' id='word_1_372' title='bbox 3011 2325 3119 2378; x_wconf 91' lang='lat' dir='ltr'><strong>tne,</strong></span> <span class='ocrx_word' id='word_1_373' title='bbox 3147 2317 3202 2364; x_wconf 80' lang='lat' dir='ltr'><strong>ct</strong></span> <span class='ocrx_word' id='word_1_374' title='bbox 3229 2309 3448 2364; x_wconf 90' lang='lat' dir='ltr'><strong>domum</strong></span> <span class='ocrx_word' id='word_1_375' title='bbox 3480 2325 3533 2364; x_wconf 90' lang='lat' dir='ltr'><strong>tn</strong></span> <span class='ocrx_word' id='word_1_376' title='bbox 3558 2324 3659 2380; x_wconf 93' lang='lat' dir='ltr'><strong>qua</strong></span> <span class='ocrx_word' id='word_1_377' title='bbox 3687 2323 3836 2366; x_wconf 87' lang='lat' dir='ltr'><strong>eram</strong></span> 
     </span>
    </p>
   </div>
   <div class='ocr_carea' id='block_1_53' title="bbox 2248 2401 3836 2475">
    <p class='ocr_par' dir='ltr' id='par_1_53' title="bbox 2248 2401 3836 2475">
     <span class='ocr_line' id='line_1_53' title="bbox 2248 2401 3836 2475; baseline -0.003 -13"><span class='ocrx_word' id='word_1_378' title='bbox 2248 2406 2610 2475; x_wconf 88' lang='lat' dir='ltr'><strong>repleverunt,</strong></span> <span class='ocrx_word' id='word_1_379' title='bbox 2663 2419 2783 2460; x_wconf 91' lang='lat' dir='ltr'><strong>cum</strong></span> <span class='ocrx_word' id='word_1_380' title='bbox 2840 2418 2938 2472; x_wconf 83' lang='lat' dir='ltr'><strong>ego</strong></span> <span class='ocrx_word' id='word_1_381' title='bbox 2984 2418 3016 2458; x_wconf 93' lang='lat' dir='ltr'><strong>e</strong></span> <span class='ocrx_word' id='word_1_382' title='bbox 3062 2411 3247 2458; x_wconf 90' lang='lat' dir='ltr'><strong>contra</strong></span> <span class='ocrx_word' id='word_1_383' title='bbox 3296 2402 3582 2472; x_wconf 91' lang='lat' dir='ltr'><strong>psallerem</strong></span> <span class='ocrx_word' id='word_1_384' title='bbox 3633 2401 3740 2457; x_wconf 89' lang='lat' dir='ltr'><strong>:lli</strong></span> <span class='ocrx_word' id='word_1_385' title='bbox 3782 2402 3836 2458; x_wconf 91' lang='lat' dir='ltr'><strong>in</strong></span> 
     </span>
    </p>
   </div>
   <div class='ocr_carea' id='block_1_54' title="bbox 2251 2493 3835 2566">
    <p class='ocr_par' dir='ltr' id='par_1_54' title="bbox 2251 2493 3835 2566">
     <span class='ocr_line' id='line_1_54' title="bbox 2251 2493 3835 2566; baseline -0.004 -11"><span class='ocrx_word' id='word_1_386' title='bbox 2251 2499 2502 2555; x_wconf 90' lang='lat' dir='ltr'><strong>curribus</strong></span> <span class='ocrx_word' id='word_1_387' title='bbox 2529 2511 2582 2555; x_wconf 92' lang='lat' dir='ltr'><strong>et</strong></span> <span class='ocrx_word' id='word_1_388' title='bbox 2606 2498 2657 2553; x_wconf 91' lang='lat' dir='ltr'><strong>hi</strong></span> <span class='ocrx_word' id='word_1_389' title='bbox 2678 2500 2730 2552; x_wconf 92' lang='lat' dir='ltr'><strong>in</strong></span> <span class='ocrx_word' id='word_1_390' title='bbox 2761 2498 2936 2566; x_wconf 85' lang='lat' dir='ltr'><strong>equis,</strong></span> <span class='ocrx_word' id='word_1_391' title='bbox 2965 2512 3065 2551; x_wconf 86' lang='lat' dir='ltr'><strong>nos</strong></span> <span class='ocrx_word' id='word_1_392' title='bbox 3089 2506 3268 2552; x_wconf 92' lang='lat' dir='ltr'><strong>autem</strong></span> <span class='ocrx_word' id='word_1_393' title='bbox 3295 2497 3346 2551; x_wconf 93' lang='lat' dir='ltr'><strong>in</strong></span> <span class='ocrx_word' id='word_1_394' title='bbox 3374 2494 3593 2550; x_wconf 90' lang='lat' dir='ltr'><strong>nomine</strong></span> <span class='ocrx_word' id='word_1_395' title='bbox 3623 2493 3835 2549; x_wconf 90' lang='lat' dir='ltr'><strong>Domini</strong></span> 
     </span>
    </p>
   </div>
   <div class='ocr_carea' id='block_1_55' title="bbox 2249 2589 3836 2662">
    <p class='ocr_par' dir='ltr' id='par_1_55' title="bbox 2249 2589 3836 2662">
     <span class='ocr_line' id='line_1_55' title="bbox 2249 2589 3836 2662; baseline -0.003 -14"><span class='ocrx_word' id='word_1_396' title='bbox 2249 2594 2341 2649; x_wconf 90' lang='lat' dir='ltr'><strong>Dei</strong></span> <span class='ocrx_word' id='word_1_397' title='bbox 2365 2594 2532 2648; x_wconf 84' lang='lat' dir='ltr'><strong>nostri</strong></span> <span class='ocrx_word' id='word_1_398' title='bbox 2577 2591 3036 2660; x_wconf 84' lang='lat' dir='ltr'><strong>magnificabimur</strong></span> <span class='ocrx_word' id='word_1_399' title='bbox 3059 2591 3232 2662; x_wconf 80' lang='lat' dir='ltr'><strong>(Psal.</strong></span> <span class='ocrx_word' id='word_1_400' title='bbox 3265 2590 3398 2661; x_wconf 84' lang='lat' dir='ltr'><strong>xtx).</strong></span> <span class='ocrx_word' id='word_1_401' title='bbox 3436 2590 3502 2645; x_wconf 83' lang='lat' dir='ltr'><strong>Et</strong></span> <span class='ocrx_word' id='word_1_402' title='bbox 3527 2590 3704 2645; x_wconf 88' lang='lat' dir='ltr'><strong>statim</strong></span> <span class='ocrx_word' id='word_1_403' title='bbox 3735 2589 3836 2644; x_wconf 86' lang='lat' dir='ltr'><strong>mi-</strong></span> 
     </span>
    </p>
   </div>
   <div class='ocr_carea' id='block_1_56' title="bbox 2249 2683 3834 2753">
    <p class='ocr_par' dir='ltr' id='par_1_56' title="bbox 2249 2683 3834 2753">
     <span class='ocr_line' id='line_1_56' title="bbox 2249 2683 3834 2753; baseline -0.004 -13"><span class='ocrx_word' id='word_1_404' title='bbox 2249 2686 2544 2740; x_wconf 88' lang='lat' dir='ltr'><strong>sericordia</strong></span> <span class='ocrx_word' id='word_1_405' title='bbox 2597 2683 2796 2739; x_wconf 86' lang='lat' dir='ltr'><strong>Christi</strong></span> <span class='ocrx_word' id='word_1_406' title='bbox 2842 2684 3178 2753; x_wconf 90' lang='lat' dir='ltr'><strong>fugabantur.</strong></span> <span class='ocrx_word' id='word_1_407' title='bbox 3209 2683 3452 2750; x_wconf 83' lang='lat' dir='ltr'><strong>Quodam</strong></span> <span class='ocrx_word' id='word_1_408' title='bbox 3492 2690 3670 2736; x_wconf 89' lang='lat' dir='ltr'><strong>autem</strong></span> <span class='ocrx_word' id='word_1_409' title='bbox 3699 2690 3834 2736; x_wconf 87' lang='lat' dir='ltr'><strong>tem-</strong></span> 
     </span>
    </p>
   </div>
   <div class='ocr_carea' id='block_1_57' title="bbox 2247 2774 3832 2849">
    <p class='ocr_par' dir='ltr' id='par_1_57' title="bbox 2247 2774 3832 2849">
     <span class='ocr_line' id='line_1_57' title="bbox 2247 2774 3832 2849; baseline -0.003 -18"><span class='ocrx_word' id='word_1_410' title='bbox 2247 2792 2377 2849; x_wconf 91' lang='lat' dir='ltr'><strong>pore</strong></span> <span class='ocrx_word' id='word_1_411' title='bbox 2404 2792 2523 2831; x_wconf 91' lang='lat' dir='ltr'><strong>cum</strong></span> <span class='ocrx_word' id='word_1_412' title='bbox 2556 2777 2758 2847; x_wconf 87' lang='lat' dir='ltr'><strong>ingenti</strong></span> <span class='ocrx_word' id='word_1_413' title='bbox 2784 2777 2899 2831; x_wconf 90' lang='lat' dir='ltr'><strong>luce</strong></span> <span class='ocrx_word' id='word_1_414' title='bbox 2922 2777 3220 2842; x_wconf 83' lang='lat' dir='ltr'><strong>venientes,</strong></span> <span class='ocrx_word' id='word_1_415' title='bbox 3249 2776 3533 2830; x_wconf 86' lang='lat' dir='ltr'><strong>dixerunt:</strong></span> <span class='ocrx_word' id='word_1_416' title='bbox 3552 2774 3832 2841; x_wconf 77' lang='lat' dir='ltr'><strong>Venimus,</strong></span> 
     </span>
    </p>
   </div>
   <div class='ocr_carea' id='block_1_58' title="bbox 2247 2865 3831 2939">
    <p class='ocr_par' dir='ltr' id='par_1_58' title="bbox 2247 2865 3831 2939">
     <span class='ocr_line' id='line_1_58' title="bbox 2247 2865 3831 2939; baseline -0.004 -12"><span class='ocrx_word' id='word_1_417' title='bbox 2247 2870 2471 2936; x_wconf 82' lang='lat' dir='ltr'><strong>Antoni,</strong></span> <span class='ocrx_word' id='word_1_418' title='bbox 2526 2880 2768 2925; x_wconf 89' lang='lat' dir='ltr'><strong>nostrum</strong></span> <span class='ocrx_word' id='word_1_419' title='bbox 2821 2869 2916 2923; x_wconf 91' lang='lat' dir='ltr'><strong>tibi</strong></span> <span class='ocrx_word' id='word_1_420' title='bbox 2973 2869 3217 2939; x_wconf 65' lang='lat' dir='ltr'><strong>praabere</strong></span> <span class='ocrx_word' id='word_1_421' title='bbox 3276 2867 3562 2935; x_wconf 82' lang='lat' dir='ltr'><strong>fulgorem.</strong></span> <span class='ocrx_word' id='word_1_422' title='bbox 3607 2865 3676 2920; x_wconf 86' lang='lat' dir='ltr'><strong>Et</strong></span> <span class='ocrx_word' id='word_1_423' title='bbox 3709 2881 3831 2936; x_wconf 88' lang='lat' dir='ltr'><strong>ego,</strong></span> 
     </span>
    </p>
   </div>
   <div class='ocr_carea' id='block_1_59' title="bbox 2248 2959 3833 3032">
    <p class='ocr_par' dir='ltr' id='par_1_59' title="bbox 2248 2959 3833 3032">
     <span class='ocr_line' id='line_1_59' title="bbox 2248 2959 3833 3032; baseline -0.003 -14"><span class='ocrx_word' id='word_1_424' title='bbox 2248 2964 2450 3018; x_wconf 90' lang='lat' dir='ltr'><strong>clausis</strong></span> <span class='ocrx_word' id='word_1_425' title='bbox 2491 2963 2682 3027; x_wconf 92' lang='lat' dir='ltr'><strong>oculis,</strong></span> <span class='ocrx_word' id='word_1_426' title='bbox 2711 2962 2836 3032; x_wconf 91' lang='lat' dir='ltr'><strong>quia</strong></span> <span class='ocrx_word' id='word_1_427' title='bbox 2873 2963 3043 3017; x_wconf 81' lang='lat' dir='ltr'><strong>lucem</strong></span> <span class='ocrx_word' id='word_1_428' title='bbox 3081 2960 3279 3014; x_wconf 88' lang='lat' dir='ltr'><strong>diaboli</strong></span> <span class='ocrx_word' id='word_1_429' title='bbox 3320 2959 3648 3029; x_wconf 88' lang='lat' dir='ltr'><strong>dedignabar</strong></span> <span class='ocrx_word' id='word_1_430' title='bbox 3687 2959 3833 3028; x_wconf 84' lang='lat' dir='ltr'><strong>aspi-</strong></span> 
     </span>
    </p>
   </div>
   <div class='ocr_carea' id='block_1_60' title="bbox 2249 3052 3832 3121">
    <p class='ocr_par' dir='ltr' id='par_1_60' title="bbox 2249 3052 3832 3121">
     <span class='ocr_line' id='line_1_60' title="bbox 2249 3052 3832 3121; baseline -0.003 -11"><span class='ocrx_word' id='word_1_431' title='bbox 2249 3071 2391 3110; x_wconf 87' lang='lat' dir='ltr'><strong>cere.</strong></span> <span class='ocrx_word' id='word_1_432' title='bbox 2438 3055 2683 3121; x_wconf 88' lang='lat' dir='ltr'><strong>orabam,</strong></span> <span class='ocrx_word' id='word_1_433' title='bbox 2729 3065 2782 3109; x_wconf 94' lang='lat' dir='ltr'><strong>et</strong></span> <span class='ocrx_word' id='word_1_434' title='bbox 2823 3054 2967 3108; x_wconf 87' lang='lat' dir='ltr'><strong>dicto</strong></span> <span class='ocrx_word' id='word_1_435' title='bbox 2995 3052 3155 3108; x_wconf 88' lang='lat' dir='ltr'><strong>citius</strong></span> <span class='ocrx_word' id='word_1_436' title='bbox 3195 3052 3480 3121; x_wconf 89' lang='lat' dir='ltr'><strong>impiorum</strong></span> <span class='ocrx_word' id='word_1_437' title='bbox 3512 3053 3688 3106; x_wconf 87' lang='lat' dir='ltr'><strong>lutncn</strong></span> <span class='ocrx_word' id='word_1_438' title='bbox 3733 3067 3832 3106; x_wconf 82' lang='lat' dir='ltr'><strong>ex-</strong></span> 
     </span>
    </p>
   </div>
   <div class='ocr_carea' id='block_1_61' title="bbox 545 3149 3831 3232">
    <p class='ocr_par' dir='ltr' id='par_1_61' title="bbox 545 3149 3831 3232">
     <span class='ocr_line' id='line_1_61' title="bbox 545 3149 3831 3232; baseline 0.001 -19"><span class='ocrx_word' id='word_1_439' title='bbox 545 3158 705 3213; x_wconf 85' lang='lat' dir='ltr'><strong>sicuti</strong></span> <span class='ocrx_word' id='word_1_440' title='bbox 737 3167 984 3228; x_wconf 90' lang='lat' dir='ltr'><strong>pastores</strong></span> <span class='ocrx_word' id='word_1_441' title='bbox 1013 3159 1201 3214; x_wconf 90' lang='lat' dir='ltr'><strong>nuntio</strong></span> <span class='ocrx_word' id='word_1_442' title='bbox 1250 3160 1512 3216; x_wconf 89' lang='lat' dir='ltr'><strong>consolati</strong></span> <span class='ocrx_word' id='word_1_443' title='bbox 1561 3169 1688 3215; x_wconf 90' lang='lat' dir='ltr'><strong>sunt</strong></span> <span class='ocrx_word' id='word_1_444' title='bbox 1714 3158 1926 3232; x_wconf 83' lang='lat' dir='ltr'><strong>(Ibid.).</strong></span> <span class='ocrx_word' id='word_1_445' title='bbox 1966 3161 2131 3228; x_wconf 87' lang='lat' dir='ltr'><strong>Quin-</strong></span> <span class='ocrx_word' id='word_1_446' title='bbox 2158 3162 2205 3224; x_wconf 85' lang='lat' dir='ltr'><strong>C</strong></span> <span class='ocrx_word' id='word_1_447' title='bbox 2238 3149 2626 3220; x_wconf 68' lang='lat' dir='ltr'><strong>stinguebalur-</strong></span> <span class='ocrx_word' id='word_1_448' title='bbox 2651 3149 2778 3203; x_wconf 76' lang='grc' dir='ltr'><strong>Ροεῑ</strong></span> <span class='ocrx_word' id='word_1_449' title='bbox 2803 3161 3017 3203; x_wconf 68' lang='lat' dir='ltr'><strong>menses</strong></span> <span class='ocrx_word' id='word_1_450' title='bbox 3040 3158 3215 3202; x_wconf 69' lang='lat' dir='ltr'><strong>allle</strong></span> <span class='ocrx_word' id='word_1_451' title='bbox 3247 3160 3469 3216; x_wconf 66' lang='grc' dir='ltr'><strong>βθυοοεο</strong></span> <span class='ocrx_word' id='word_1_452' title='bbox 3503 3160 3623 3202; x_wconf 74' lang='lat' dir='ltr'><strong>cum</strong></span> <span class='ocrx_word' id='word_1_453' title='bbox 3645 3160 3831 3204; x_wconf 67' lang='lat' dir='ltr'><strong>com“</strong></span> 
     </span>
    </p>
   </div>
   <div class='ocr_carea' id='block_1_62' title="bbox 544 3249 2130 3322">
    <p class='ocr_par' dir='ltr' id='par_1_62' title="bbox 544 3249 2130 3322">
     <span class='ocr_line' id='line_1_62' title="bbox 544 3249 2130 3322; baseline 0.001 -17"><span class='ocrx_word' id='word_1_454' title='bbox 544 3249 653 3305; x_wconf 72' lang='lat' dir='ltr'><strong>imo</strong></span> <span class='ocrx_word' id='word_1_455' title='bbox 709 3265 961 3320; x_wconf 85' lang='lat' dir='ltr'><strong>pavorem</strong></span> <span class='ocrx_word' id='word_1_456' title='bbox 1011 3251 1288 3320; x_wconf 85' lang='lat' dir='ltr'><strong>duplicat,</strong></span> <span class='ocrx_word' id='word_1_457' title='bbox 1339 3258 1395 3305; x_wconf 90' lang='lat' dir='ltr'><strong>et</strong></span> <span class='ocrx_word' id='word_1_458' title='bbox 1451 3267 1623 3322; x_wconf 91' lang='lat' dir='ltr'><strong>usque</strong></span> <span class='ocrx_word' id='word_1_459' title='bbox 1691 3252 1756 3306; x_wconf 89' lang='lat' dir='ltr'><strong>ad</strong></span> <span class='ocrx_word' id='word_1_460' title='bbox 1813 3252 2130 3322; x_wconf 89' lang='lat' dir='ltr'><strong>profundam</strong></span> 
     </span>
    </p>
   </div>
   <div class='ocr_carea' id='block_1_63' title="bbox 547 3348 2136 3427">
    <p class='ocr_par' dir='ltr' id='par_1_63' title="bbox 547 3348 2136 3427">
     <span class='ocr_line' id='line_1_63' title="bbox 547 3348 2136 3427; baseline 0.003 -27"><span class='ocrx_word' id='word_1_461' title='bbox 547 3348 841 3416; x_wconf 75' lang='lat' dir='ltr'><strong>impietatis</strong></span> <span class='ocrx_word' id='word_1_462' title='bbox 880 3348 1115 3414; x_wconf 90' lang='lat' dir='ltr'><strong>foveam,</strong></span> <span class='ocrx_word' id='word_1_463' title='bbox 1171 3356 1230 3427; x_wconf 79' lang='lat' dir='ltr'><strong>ut</strong></span> <span class='ocrx_word' id='word_1_464' title='bbox 1277 3349 1376 3403; x_wconf 90' lang='lat' dir='ltr'><strong>sibi</strong></span> <span class='ocrx_word' id='word_1_465' title='bbox 1429 3349 1677 3404; x_wconf 90' lang='lat' dir='ltr'><strong>homines</strong></span> <span class='ocrx_word' id='word_1_466' title='bbox 1725 3359 2136 3418; x_wconf 87' lang='lat' dir='ltr'><strong>prosternantur</strong></span> 
     </span>
    </p>
   </div>
   <div class='ocr_carea' id='block_1_64' title="bbox 546 3441 2135 3512">
    <p class='ocr_par' dir='ltr' id='par_1_64' title="bbox 546 3441 2135 3512">
     <span class='ocr_line' id='line_1_64' title="bbox 546 3441 2135 3512; baseline 0.003 -17"><span class='ocrx_word' id='word_1_467' title='bbox 546 3441 792 3509; x_wconf 88' lang='lat' dir='ltr'><strong>impellit.</strong></span> <span class='ocrx_word' id='word_1_468' title='bbox 827 3442 1033 3496; x_wconf 83' lang='lat' dir='ltr'><strong>Exinde</strong></span> <span class='ocrx_word' id='word_1_469' title='bbox 1071 3443 1269 3498; x_wconf 91' lang='lat' dir='ltr'><strong>misera</strong></span> <span class='ocrx_word' id='word_1_470' title='bbox 1299 3443 1593 3512; x_wconf 82' lang='lat' dir='ltr'><strong>gentilitas,</strong></span> <span class='ocrx_word' id='word_1_471' title='bbox 1639 3443 1924 3497; x_wconf 84' lang='lat' dir='ltr'><strong>dominicae</strong></span> <span class='ocrx_word' id='word_1_472' title='bbox 1954 3444 2135 3499; x_wconf 91' lang='lat' dir='ltr'><strong>inter-</strong></span> 
     </span>
    </p>
   </div>
   <div class='ocr_carea' id='block_1_65' title="bbox 547 3533 2131 3602">
    <p class='ocr_par' dir='ltr' id='par_1_65' title="bbox 547 3533 2131 3602">
     <span class='ocr_line' id='line_1_65' title="bbox 547 3533 2131 3602; baseline 0.001 -12"><span class='ocrx_word' id='word_1_473' title='bbox 547 3535 800 3590; x_wconf 86' lang='lat' dir='ltr'><strong>dictionis</strong></span> <span class='ocrx_word' id='word_1_474' title='bbox 849 3534 1055 3600; x_wconf 84' lang='lat' dir='ltr'><strong>ignara,</strong></span> <span class='ocrx_word' id='word_1_475' title='bbox 1107 3533 1243 3587; x_wconf 92' lang='lat' dir='ltr'><strong>falso</strong></span> <span class='ocrx_word' id='word_1_476' title='bbox 1293 3534 1568 3590; x_wconf 69' lang='lat' dir='ltr'><strong>daemones</strong></span> <span class='ocrx_word' id='word_1_477' title='bbox 1615 3537 1744 3589; x_wconf 88' lang='lat' dir='ltr'><strong>deos</strong></span> <span class='ocrx_word' id='word_1_478' title='bbox 1774 3536 1987 3602; x_wconf 88' lang='lat' dir='ltr'><strong>opinata</strong></span> <span class='ocrx_word' id='word_1_479' title='bbox 2027 3545 2131 3591; x_wconf 90' lang='lat' dir='ltr'><strong>est.</strong></span> 
     </span>
    </p>
   </div>
   <div class='ocr_carea' id='block_1_66' title="bbox 547 3625 2134 3696">
    <p class='ocr_par' dir='ltr' id='par_1_66' title="bbox 547 3625 2134 3696">
     <span class='ocr_line' id='line_1_66' title="bbox 547 3625 2134 3696; baseline 0.001 -14"><span class='ocrx_word' id='word_1_480' title='bbox 547 3626 971 3682; x_wconf 89' lang='lat' dir='ltr'><strong>Christianorum</strong></span> <span class='ocrx_word' id='word_1_481' title='bbox 1025 3633 1204 3680; x_wconf 91' lang='lat' dir='ltr'><strong>autem</strong></span> <span class='ocrx_word' id='word_1_482' title='bbox 1253 3626 1476 3696; x_wconf 91' lang='lat' dir='ltr'><strong>populos</strong></span> <span class='ocrx_word' id='word_1_483' title='bbox 1532 3625 1614 3681; x_wconf 91' lang='lat' dir='ltr'><strong>his</strong></span> <span class='ocrx_word' id='word_1_484' title='bbox 1669 3626 1892 3682; x_wconf 88' lang='lat' dir='ltr'><strong>fallaciis</strong></span> <span class='ocrx_word' id='word_1_485' title='bbox 1932 3626 2134 3692; x_wconf 80' lang='lat' dir='ltr'><strong>irretjri</strong></span> 
     </span>
    </p>
   </div>
   <div class='ocr_carea' id='block_1_67' title="bbox 545 3720 2135 3793">
    <p class='ocr_par' dir='ltr' id='par_1_67' title="bbox 545 3720 2135 3793">
     <span class='ocr_line' id='line_1_67' title="bbox 545 3720 2135 3793; baseline 0.003 -19"><span class='ocrx_word' id='word_1_486' title='bbox 545 3735 650 3775; x_wconf 92' lang='lat' dir='ltr'><strong>nou</strong></span> <span class='ocrx_word' id='word_1_487' title='bbox 681 3734 868 3789; x_wconf 90' lang='lat' dir='ltr'><strong>passus</strong></span> <span class='ocrx_word' id='word_1_488' title='bbox 892 3729 977 3776; x_wconf 90' lang='lat' dir='ltr'><strong>est</strong></span> <span class='ocrx_word' id='word_1_489' title='bbox 1005 3720 1286 3788; x_wconf 87' lang='lat' dir='ltr'><strong>Dominus,</strong></span> <span class='ocrx_word' id='word_1_490' title='bbox 1318 3723 1408 3792; x_wconf 87' lang='lat' dir='ltr'><strong>qui</strong></span> <span class='ocrx_word' id='word_1_491' title='bbox 1437 3722 1713 3777; x_wconf 83' lang='lat' dir='ltr'><strong>diabolum</strong></span> <span class='ocrx_word' id='word_1_492' title='bbox 1752 3724 1804 3775; x_wconf 93' lang='lat' dir='ltr'><strong>in</strong></span> <span class='ocrx_word' id='word_1_493' title='bbox 1838 3722 2135 3793; x_wconf 79' lang='lat' dir='ltr'><strong>Evangelia</strong></span> 
     </span>
    </p>
   </div>
   <div class='ocr_carea' id='block_1_68' title="bbox 543 3813 2129 3885">
    <p class='ocr_par' dir='ltr' id='par_1_68' title="bbox 543 3813 2129 3885">
     <span class='ocr_line' id='line_1_68' title="bbox 543 3813 2129 3885; baseline 0.001 -17"><span class='ocrx_word' id='word_1_494' title='bbox 543 3814 796 3870; x_wconf 85' lang='lat' dir='ltr'><strong>audacter</strong></span> <span class='ocrx_word' id='word_1_495' title='bbox 851 3813 954 3868; x_wconf 91' lang='lat' dir='ltr'><strong>sibi</strong></span> <span class='ocrx_word' id='word_1_496' title='bbox 1001 3815 1356 3884; x_wconf 89' lang='lat' dir='ltr'><strong>principatum</strong></span> <span class='ocrx_word' id='word_1_497' title='bbox 1413 3815 1652 3870; x_wconf 92' lang='lat' dir='ltr'><strong>omnium</strong></span> <span class='ocrx_word' id='word_1_498' title='bbox 1715 3825 2129 3885; x_wconf 62' lang='lat' dir='ltr'><strong>praesumentem</strong></span> 
     </span>
    </p>
   </div>
   <div class='ocr_carea' id='block_1_69' title="bbox 542 3905 2135 3976">
    <p class='ocr_par' dir='ltr' id='par_1_69' title="bbox 542 3905 2135 3976">
     <span class='ocr_line' id='line_1_69' title="bbox 542 3905 2135 3976; baseline 0.003 -18"><span class='ocrx_word' id='word_1_499' title='bbox 542 3905 764 3974; x_wconf 87' lang='lat' dir='ltr'><strong>repulit,</strong></span> <span class='ocrx_word' id='word_1_500' title='bbox 818 3905 1047 3959; x_wconf 90' lang='lat' dir='ltr'><strong>dicens:</strong></span> <span class='ocrx_word' id='word_1_501' title='bbox 1079 3905 1226 3960; x_wconf 84' lang='lat' dir='ltr'><strong>Vade</strong></span> <span class='ocrx_word' id='word_1_502' title='bbox 1274 3915 1443 3972; x_wconf 90' lang='lat' dir='ltr'><strong>retro,</strong></span> <span class='ocrx_word' id='word_1_503' title='bbox 1477 3905 1694 3961; x_wconf 88' lang='lat' dir='ltr'><strong>Satana.</strong></span> <span class='ocrx_word' id='word_1_504' title='bbox 1743 3905 2010 3976; x_wconf 86' lang='lat' dir='ltr'><strong>Scriptum</strong></span> <span class='ocrx_word' id='word_1_505' title='bbox 2051 3914 2135 3962; x_wconf 88' lang='lat' dir='ltr'><strong>est</strong></span> 
     </span>
    </p>
   </div>
   <div class='ocr_carea' id='block_1_70' title="bbox 542 3997 2132 4062">
    <p class='ocr_par' dir='ltr' id='par_1_70' title="bbox 542 3997 2132 4062">
     <span class='ocr_line' id='line_1_70' title="bbox 542 3997 2132 4062; baseline 0 -9"><span class='ocrx_word' id='word_1_506' title='bbox 542 3997 684 4053; x_wconf 81' lang='lat' dir='ltr'><strong>ettitn</strong></span> <span class='ocrx_word' id='word_1_507' title='bbox 719 4015 730 4050; x_wconf 90' lang='lat'>:</span> <span class='ocrx_word' id='word_1_508' title='bbox 769 3997 1052 4050; x_wconf 91' lang='lat' dir='ltr'><strong>Dominum</strong></span> <span class='ocrx_word' id='word_1_509' title='bbox 1094 3997 1261 4051; x_wconf 90' lang='lat' dir='ltr'><strong>Deum</strong></span> <span class='ocrx_word' id='word_1_510' title='bbox 1311 4007 1458 4052; x_wconf 89' lang='lat' dir='ltr'><strong>tuum</strong></span> <span class='ocrx_word' id='word_1_511' title='bbox 1505 3998 1776 4062; x_wconf 88' lang='lat' dir='ltr'><strong>adorabis,</strong></span> <span class='ocrx_word' id='word_1_512' title='bbox 1825 4007 1880 4051; x_wconf 91' lang='lat' dir='ltr'><strong>et</strong></span> <span class='ocrx_word' id='word_1_513' title='bbox 1909 3998 1982 4052; x_wconf 90' lang='lat' dir='ltr'><strong>illi</strong></span> <span class='ocrx_word' id='word_1_514' title='bbox 2031 3999 2132 4053; x_wconf 92' lang='lat' dir='ltr'><strong>soli</strong></span> 
     </span>
    </p>
   </div>
   <div class='ocr_carea' id='block_1_71' title="bbox 542 4087 2129 4160">
    <p class='ocr_par' dir='ltr' id='par_1_71' title="bbox 542 4087 2129 4160">
     <span class='ocr_line' id='line_1_71' title="bbox 542 4087 2129 4160; baseline -0.001 -14"><span class='ocrx_word' id='word_1_515' title='bbox 542 4090 744 4146; x_wconf 82' lang='lat' dir='ltr'><strong>servies</strong></span> <span class='ocrx_word' id='word_1_516' title='bbox 777 4088 996 4160; x_wconf 81' lang='lat' dir='ltr'><strong>(Matth.</strong></span> <span class='ocrx_word' id='word_1_517' title='bbox 1033 4104 1119 4154; x_wconf 91' lang='lat' dir='ltr'><strong>tv;</strong></span> <span class='ocrx_word' id='word_1_518' title='bbox 1157 4087 1311 4144; x_wconf 82' lang='lat' dir='ltr'><strong>Deut.</strong></span> <span class='ocrx_word' id='word_1_519' title='bbox 1341 4105 1391 4143; x_wconf 91' lang='lat' dir='ltr'><strong>vt</strong></span> <span class='ocrx_word' id='word_1_520' title='bbox 1425 4098 1469 4142; x_wconf 89' lang='lat' dir='ltr'><strong>et</strong></span> <span class='ocrx_word' id='word_1_521' title='bbox 1499 4090 1576 4160; x_wconf 86' lang='lat' dir='ltr'><strong>x).</strong></span> <span class='ocrx_word' id='word_1_522' title='bbox 1617 4089 1816 4144; x_wconf 81' lang='lat' dir='ltr'><strong>Horum</strong></span> <span class='ocrx_word' id='word_1_523' title='bbox 1846 4089 2129 4144; x_wconf 88' lang='lat' dir='ltr'><strong>verborum</strong></span> 
     </span>
    </p>
   </div>
   <div class='ocr_carea' id='block_1_72' title="bbox 544 4179 2132 4252">
    <p class='ocr_par' dir='ltr' id='par_1_72' title="bbox 544 4179 2132 4252">
     <span class='ocr_line' id='line_1_72' title="bbox 544 4179 2132 4252; baseline 0.002 -17"><span class='ocrx_word' id='word_1_524' title='bbox 544 4181 704 4235; x_wconf 91' lang='lat' dir='ltr'><strong>etiam</strong></span> <span class='ocrx_word' id='word_1_525' title='bbox 734 4181 888 4236; x_wconf 89' lang='lat' dir='ltr'><strong>nobis</strong></span> <span class='ocrx_word' id='word_1_526' title='bbox 915 4179 1130 4235; x_wconf 89' lang='lat' dir='ltr'><strong>licentia</strong></span> <span class='ocrx_word' id='word_1_527' title='bbox 1170 4189 1253 4235; x_wconf 91' lang='lat' dir='ltr'><strong>est</strong></span> <span class='ocrx_word' id='word_1_528' title='bbox 1275 4181 1504 4247; x_wconf 91' lang='lat' dir='ltr'><strong>tributa;</strong></span> <span class='ocrx_word' id='word_1_529' title='bbox 1534 4183 1658 4252; x_wconf 90' lang='lat' dir='ltr'><strong>quia</strong></span> <span class='ocrx_word' id='word_1_530' title='bbox 1690 4183 1888 4236; x_wconf 91' lang='lat' dir='ltr'><strong>idcirco</strong></span> <span class='ocrx_word' id='word_1_531' title='bbox 1920 4184 2132 4238; x_wconf 89' lang='lat' dir='ltr'><strong>locutus</strong></span> 
     </span>
    </p>
   </div>
   <div class='ocr_carea' id='block_1_73' title="bbox 549 4271 2128 4337">
    <p class='ocr_par' dir='ltr' id='par_1_73' title="bbox 549 4271 2128 4337">
     <span class='ocr_line' id='line_1_73' title="bbox 549 4271 2128 4337; baseline 0.002 -11"><span class='ocrx_word' id='word_1_532' title='bbox 549 4283 632 4326; x_wconf 90' lang='lat' dir='ltr'><strong>est</strong></span> <span class='ocrx_word' id='word_1_533' title='bbox 658 4272 803 4337; x_wconf 90' lang='lat' dir='ltr'><strong>talia,</strong></span> <span class='ocrx_word' id='word_1_534' title='bbox 826 4280 885 4326; x_wconf 90' lang='lat' dir='ltr'><strong>ut</strong></span> <span class='ocrx_word' id='word_1_535' title='bbox 905 4271 1199 4326; x_wconf 88' lang='lat' dir='ltr'><strong>similitudo</strong></span> <span class='ocrx_word' id='word_1_536' title='bbox 1223 4281 1679 4328; x_wconf 85' lang='lat' dir='ltr'><strong>tentatnentorum</strong></span> <span class='ocrx_word' id='word_1_537' title='bbox 1704 4274 1938 4329; x_wconf 86' lang='lat' dir='ltr'><strong>auctoris</strong></span> <span class='ocrx_word' id='word_1_538' title='bbox 1960 4275 2128 4330; x_wconf 90' lang='lat' dir='ltr'><strong>nostri</strong></span> 
     </span>
    </p>
   </div>
   <div class='ocr_carea' id='block_1_74' title="bbox 546 4363 1165 4431">
    <p class='ocr_par' dir='ltr' id='par_1_74' title="bbox 546 4363 1165 4431">
     <span class='ocr_line' id='line_1_74' title="bbox 546 4363 1165 4431; baseline -0.002 -13"><span class='ocrx_word' id='word_1_539' title='bbox 546 4364 888 4424; x_wconf 72' lang='lat' dir='ltr'><strong>frangeretur</strong></span> <span class='ocrx_word' id='word_1_540' title='bbox 917 4363 1165 4431; x_wconf 89' lang='lat' dir='ltr'><strong>eloquiis.</strong></span> 
     </span>
    </p>
   </div>
   <div class='ocr_carea' id='block_1_75' title="bbox 617 4454 2128 4527">
    <p class='ocr_par' dir='ltr' id='par_1_75' title="bbox 617 4454 2128 4527">
     <span class='ocr_line' id='line_1_75' title="bbox 617 4454 2128 4527; baseline 0.003 -18"><span class='ocrx_word' id='word_1_541' title='bbox 617 4456 744 4510; x_wconf 65' lang='lat' dir='ltr'><strong>Car.</strong></span> <span class='ocrx_word' id='word_1_542' title='bbox 780 4454 902 4510; x_wconf 80' lang='lat' dir='ltr'><strong>XIX</strong></span> <span class='ocrx_word' id='word_1_543' title='bbox 925 4485 995 4496; x_wconf 89' lang='lat'><strong><em>—</em></strong></span> <span class='ocrx_word' id='word_1_544' title='bbox 1022 4456 1152 4511; x_wconf 92' lang='lat' dir='ltr'><strong>Illud</strong></span> <span class='ocrx_word' id='word_1_545' title='bbox 1182 4471 1419 4527; x_wconf 91' lang='lat' dir='ltr'><strong>quoque,</strong></span> <span class='ocrx_word' id='word_1_546' title='bbox 1453 4458 1558 4512; x_wconf 89' lang='lat' dir='ltr'><strong>mei</strong></span> <span class='ocrx_word' id='word_1_547' title='bbox 1584 4457 1912 4523; x_wconf 87' lang='lat' dir='ltr'><strong>charissimi,</strong></span> <span class='ocrx_word' id='word_1_548' title='bbox 1936 4458 2128 4514; x_wconf 87' lang='lat' dir='ltr'><strong>admo-</strong></span> 
     </span>
    </p>
   </div>
   <div class='ocr_carea' id='block_1_76' title="bbox 543 4547 2127 4619">
    <p class='ocr_par' dir='ltr' id='par_1_76' title="bbox 543 4547 2127 4619">
     <span class='ocr_line' id='line_1_76' title="bbox 543 4547 2127 4619; baseline 0.003 -19"><span class='ocrx_word' id='word_1_549' title='bbox 543 4562 666 4610; x_wconf 82' lang='lat' dir='ltr'><strong>neu,</strong></span> <span class='ocrx_word' id='word_1_550' title='bbox 703 4555 758 4599; x_wconf 90' lang='lat' dir='ltr'><strong>ut</strong></span> <span class='ocrx_word' id='word_1_551' title='bbox 783 4549 902 4600; x_wconf 68' lang='lat' dir='ltr'><strong>vita:</strong></span> <span class='ocrx_word' id='word_1_552' title='bbox 931 4547 1103 4616; x_wconf 86' lang='lat' dir='ltr'><strong>magis</strong></span> <span class='ocrx_word' id='word_1_553' title='bbox 1129 4549 1200 4602; x_wconf 92' lang='lat' dir='ltr'><strong>sit</strong></span> <span class='ocrx_word' id='word_1_554' title='bbox 1222 4548 1397 4614; x_wconf 91' lang='lat' dir='ltr'><strong>vobis,</strong></span> <span class='ocrx_word' id='word_1_555' title='bbox 1429 4563 1586 4618; x_wconf 85' lang='lat' dir='ltr'><strong>quam</strong></span> <span class='ocrx_word' id='word_1_556' title='bbox 1618 4550 1889 4619; x_wconf 87' lang='lat' dir='ltr'><strong>signorum</strong></span> <span class='ocrx_word' id='word_1_557' title='bbox 1923 4550 2127 4604; x_wconf 88' lang='lat' dir='ltr'><strong>sollici-</strong></span> 
     </span>
    </p>
   </div>
   <div class='ocr_carea' id='block_1_77' title="bbox 543 4638 2121 4714">
    <p class='ocr_par' dir='ltr' id='par_1_77' title="bbox 543 4638 2121 4714">
     <span class='ocr_line' id='line_1_77' title="bbox 543 4638 2121 4714; baseline 0.003 -20"><span class='ocrx_word' id='word_1_558' title='bbox 543 4640 688 4694; x_wconf 87' lang='lat' dir='ltr'><strong>tudo.</strong></span> <span class='ocrx_word' id='word_1_559' title='bbox 724 4638 912 4696; x_wconf 83' lang='lat' dir='ltr'><strong>Nullus</strong></span> <span class='ocrx_word' id='word_1_560' title='bbox 938 4657 1002 4695; x_wconf 85' lang='lat' dir='ltr'><strong>ex</strong></span> <span class='ocrx_word' id='word_1_561' title='bbox 1035 4642 1184 4696; x_wconf 85' lang='lat' dir='ltr'><strong>vobis</strong></span> <span class='ocrx_word' id='word_1_562' title='bbox 1217 4643 1331 4696; x_wconf 58' lang='lat' dir='ltr'><strong>haec</strong></span> <span class='ocrx_word' id='word_1_563' title='bbox 1353 4643 1576 4707; x_wconf 90' lang='lat' dir='ltr'><strong>faciens,</strong></span> <span class='ocrx_word' id='word_1_564' title='bbox 1608 4654 1700 4697; x_wconf 90' lang='lat' dir='ltr'><strong>aut</strong></span> <span class='ocrx_word' id='word_1_565' title='bbox 1730 4644 1844 4713; x_wconf 85' lang='lat' dir='ltr'><strong>ipse</strong></span> <span class='ocrx_word' id='word_1_566' title='bbox 1869 4644 2121 4714; x_wconf 88' lang='lat' dir='ltr'><strong>superbia</strong></span> 
     </span>
    </p>
   </div>
   <div class='ocr_carea' id='block_1_78' title="bbox 540 4732 2113 4806">
    <p class='ocr_par' dir='ltr' id='par_1_78' title="bbox 540 4732 2113 4806">
     <span class='ocr_line' id='line_1_78' title="bbox 540 4732 2113 4806; baseline 0.001 -17"><span class='ocrx_word' id='word_1_567' title='bbox 540 4733 885 4795; x_wconf 88' lang='lat' dir='ltr'><strong>intumescat,</strong></span> <span class='ocrx_word' id='word_1_568' title='bbox 915 4741 1007 4786; x_wconf 93' lang='lat' dir='ltr'><strong>aut</strong></span> <span class='ocrx_word' id='word_1_569' title='bbox 1027 4732 1283 4803; x_wconf 84' lang='lat' dir='ltr'><strong>despiciat</strong></span> <span class='ocrx_word' id='word_1_570' title='bbox 1307 4750 1402 4790; x_wconf 89' lang='lat' dir='ltr'><strong>eos</strong></span> <span class='ocrx_word' id='word_1_571' title='bbox 1424 4735 1515 4804; x_wconf 91' lang='lat' dir='ltr'><strong>qui</strong></span> <span class='ocrx_word' id='word_1_572' title='bbox 1545 4738 1716 4791; x_wconf 87' lang='lat' dir='ltr'><strong>facere</strong></span> <span class='ocrx_word' id='word_1_573' title='bbox 1749 4752 1851 4792; x_wconf 92' lang='lat' dir='ltr'><strong>non</strong></span> <span class='ocrx_word' id='word_1_574' title='bbox 1873 4745 2113 4806; x_wconf 85' lang='lat' dir='ltr'><strong>possunt.</strong></span> 
     </span>
    </p>
   </div>
   <div class='ocr_carea' id='block_1_79' title="bbox 537 4826 2118 4899">
    <p class='ocr_par' dir='ltr' id='par_1_79' title="bbox 537 4826 2118 4899">
     <span class='ocr_line' id='line_1_79' title="bbox 537 4826 2118 4899; baseline 0.001 -16"><span class='ocrx_word' id='word_1_575' title='bbox 537 4826 1018 4883; x_wconf 87' lang='lat' dir='ltr'><strong>Couversationem</strong></span> <span class='ocrx_word' id='word_1_576' title='bbox 1078 4829 1248 4899; x_wconf 86' lang='lat' dir='ltr'><strong>magis</strong></span> <span class='ocrx_word' id='word_1_577' title='bbox 1299 4830 1611 4883; x_wconf 88' lang='lat' dir='ltr'><strong>scrutamini</strong></span> <span class='ocrx_word' id='word_1_578' title='bbox 1660 4830 2029 4899; x_wconf 85' lang='lat' dir='ltr'><strong>singulorum:</strong></span> <span class='ocrx_word' id='word_1_579' title='bbox 2065 4830 2118 4885; x_wconf 91' lang='lat' dir='ltr'><strong>in</strong></span> 
     </span>
    </p>
   </div>
   <div class='ocr_carea' id='block_1_80' title="bbox 539 4919 2119 4990">
    <p class='ocr_par' dir='ltr' id='par_1_80' title="bbox 539 4919 2119 4990">
     <span class='ocr_line' id='line_1_80' title="bbox 539 4919 2119 4990; baseline 0 -13"><span class='ocrx_word' id='word_1_580' title='bbox 539 4921 641 4977; x_wconf 87' lang='lat' dir='ltr'><strong>hac</strong></span> <span class='ocrx_word' id='word_1_581' title='bbox 663 4923 768 4974; x_wconf 92' lang='lat' dir='ltr'><strong>vita</strong></span> <span class='ocrx_word' id='word_1_582' title='bbox 794 4930 848 4976; x_wconf 92' lang='lat' dir='ltr'><strong>et</strong></span> <span class='ocrx_word' id='word_1_583' title='bbox 873 4919 1070 4973; x_wconf 88' lang='lat' dir='ltr'><strong>imitari</strong></span> <span class='ocrx_word' id='word_1_584' title='bbox 1102 4934 1198 4974; x_wconf 93' lang='lat' dir='ltr'><strong>vos</strong></span> <span class='ocrx_word' id='word_1_585' title='bbox 1225 4934 1345 4988; x_wconf 73' lang='lat' dir='ltr'><strong>quas</strong></span> <span class='ocrx_word' id='word_1_586' title='bbox 1361 4919 1596 4988; x_wconf 87' lang='lat' dir='ltr'><strong>perfecta</strong></span> <span class='ocrx_word' id='word_1_587' title='bbox 1617 4930 1742 4975; x_wconf 92' lang='lat' dir='ltr'><strong>sunt</strong></span> <span class='ocrx_word' id='word_1_588' title='bbox 1766 4923 2034 4990; x_wconf 86' lang='lat' dir='ltr'><strong>convenit,</strong></span> <span class='ocrx_word' id='word_1_589' title='bbox 2063 4930 2119 4977; x_wconf 89' lang='lat' dir='ltr'><strong>et</strong></span> 
     </span>
    </p>
   </div>
   <div class='ocr_carea' id='block_1_81' title="bbox 538 5009 2118 5080">
    <p class='ocr_par' dir='ltr' id='par_1_81' title="bbox 538 5009 2118 5080">
     <span class='ocr_line' id='line_1_81' title="bbox 538 5009 2118 5080; baseline 0.002 -15"><span class='ocrx_word' id='word_1_590' title='bbox 538 5011 761 5080; x_wconf 85' lang='lat' dir='ltr'><strong>implere</strong></span> <span class='ocrx_word' id='word_1_591' title='bbox 791 5024 911 5072; x_wconf 60' lang='lat' dir='ltr'><strong>quas</strong></span> <span class='ocrx_word' id='word_1_592' title='bbox 952 5010 1162 5064; x_wconf 89' lang='lat' dir='ltr'><strong>desunt.</strong></span> <span class='ocrx_word' id='word_1_593' title='bbox 1197 5010 1328 5064; x_wconf 80' lang='lat' dir='ltr'><strong>Nam</strong></span> <span class='ocrx_word' id='word_1_594' title='bbox 1359 5009 1508 5079; x_wconf 88' lang='lat' dir='ltr'><strong>signa</strong></span> <span class='ocrx_word' id='word_1_595' title='bbox 1542 5010 1718 5066; x_wconf 90' lang='lat' dir='ltr'><strong>facere</strong></span> <span class='ocrx_word' id='word_1_596' title='bbox 1746 5027 1853 5067; x_wconf 89' lang='lat' dir='ltr'><strong>non</strong></span> <span class='ocrx_word' id='word_1_597' title='bbox 1899 5022 1986 5070; x_wconf 91' lang='lat' dir='ltr'><strong>est</strong></span> <span class='ocrx_word' id='word_1_598' title='bbox 2029 5029 2118 5068; x_wconf 83' lang='lat' dir='ltr'><strong>no-</strong></span> 
     </span>
    </p>
   </div>
   <div class='ocr_carea' id='block_1_82' title="bbox 537 5102 2119 5175">
    <p class='ocr_par' dir='ltr' id='par_1_82' title="bbox 537 5102 2119 5175">
     <span class='ocr_line' id='line_1_82' title="bbox 537 5102 2119 5175; baseline -0.001 -16"><span class='ocrx_word' id='word_1_599' title='bbox 537 5111 665 5159; x_wconf 71' lang='lat' dir='ltr'><strong>Strze</strong></span> <span class='ocrx_word' id='word_1_600' title='bbox 696 5102 994 5172; x_wconf 89' lang='lat' dir='ltr'><strong>parvitatis,</strong></span> <span class='ocrx_word' id='word_1_601' title='bbox 1025 5102 1118 5156; x_wconf 90' lang='lat' dir='ltr'><strong>sed</strong></span> <span class='ocrx_word' id='word_1_602' title='bbox 1166 5102 1375 5156; x_wconf 85' lang='lat' dir='ltr'><strong>Domini</strong></span> <span class='ocrx_word' id='word_1_603' title='bbox 1409 5105 1707 5172; x_wconf 90' lang='lat' dir='ltr'><strong>potestatis,</strong></span> <span class='ocrx_word' id='word_1_604' title='bbox 1738 5106 1829 5175; x_wconf 89' lang='lat' dir='ltr'><strong>qui</strong></span> <span class='ocrx_word' id='word_1_605' title='bbox 1855 5105 1922 5159; x_wconf 90' lang='lat' dir='ltr'><strong>ad</strong></span> <span class='ocrx_word' id='word_1_606' title='bbox 1953 5105 2119 5160; x_wconf 87' lang='lat' dir='ltr'><strong>disci-</strong></span> 
     </span>
    </p>
   </div>
   <div class='ocr_carea' id='block_1_83' title="bbox 539 5193 2120 5264">
    <p class='ocr_par' dir='ltr' id='par_1_83' title="bbox 539 5193 2120 5264">
     <span class='ocr_line' id='line_1_83' title="bbox 539 5193 2120 5264; baseline -0.001 -17"><span class='ocrx_word' id='word_1_607' title='bbox 539 5193 695 5264; x_wconf 87' lang='lat' dir='ltr'><strong>pulos</strong></span> <span class='ocrx_word' id='word_1_608' title='bbox 721 5194 1030 5262; x_wconf 85' lang='lat' dir='ltr'><strong>gloriantes,</strong></span> <span class='ocrx_word' id='word_1_609' title='bbox 1060 5193 1109 5246; x_wconf 93' lang='lat' dir='ltr'><strong>in</strong></span> <span class='ocrx_word' id='word_1_610' title='bbox 1146 5193 1434 5262; x_wconf 84' lang='lat' dir='ltr'><strong>Evangelio</strong></span> <span class='ocrx_word' id='word_1_611' title='bbox 1460 5193 1534 5248; x_wconf 89' lang='lat' dir='ltr'><strong>ait</strong></span> <span class='ocrx_word' id='word_1_612' title='bbox 1563 5194 1672 5248; x_wconf 84' lang='lat' dir='ltr'><strong>:Ne</strong></span> <span class='ocrx_word' id='word_1_613' title='bbox 1699 5194 1976 5263; x_wconf 78' lang='lat' dir='ltr'><strong>gaudeatis</strong></span> <span class='ocrx_word' id='word_1_614' title='bbox 1995 5193 2120 5262; x_wconf 90' lang='lat' dir='ltr'><strong>quia</strong></span> 
     </span>
    </p>
   </div>
   <div class='ocr_carea' id='block_1_84' title="bbox 537 5282 2121 5354">
    <p class='ocr_par' dir='ltr' id='par_1_84' title="bbox 537 5282 2121 5354">
     <span class='ocr_line' id='line_1_84' title="bbox 537 5282 2121 5354; baseline 0 -16"><span class='ocrx_word' id='word_1_615' title='bbox 537 5285 810 5338; x_wconf 72' lang='lat' dir='ltr'><strong>dtemones</strong></span> <span class='ocrx_word' id='word_1_616' title='bbox 866 5285 1017 5339; x_wconf 91' lang='lat' dir='ltr'><strong>vobis</strong></span> <span class='ocrx_word' id='word_1_617' title='bbox 1069 5284 1292 5354; x_wconf 89' lang='lat' dir='ltr'><strong>subjecti</strong></span> <span class='ocrx_word' id='word_1_618' title='bbox 1341 5294 1502 5350; x_wconf 92' lang='lat' dir='ltr'><strong>sunt,</strong></span> <span class='ocrx_word' id='word_1_619' title='bbox 1560 5284 1655 5338; x_wconf 90' lang='lat' dir='ltr'><strong>sed</strong></span> <span class='ocrx_word' id='word_1_620' title='bbox 1709 5286 1847 5351; x_wconf 87' lang='lat' dir='ltr'><strong>quod</strong></span> <span class='ocrx_word' id='word_1_621' title='bbox 1905 5282 2121 5338; x_wconf 89' lang='lat' dir='ltr'><strong>nomina</strong></span> 
     </span>
    </p>
   </div>
   <div class='ocr_carea' id='block_1_85' title="bbox 536 5373 2118 5446">
    <p class='ocr_par' dir='ltr' id='par_1_85' title="bbox 536 5373 2118 5446">
     <span class='ocr_line' id='line_1_85' title="bbox 536 5373 2118 5446; baseline 0 -18"><span class='ocrx_word' id='word_1_622' title='bbox 536 5386 710 5432; x_wconf 89' lang='lat' dir='ltr'><strong>vestra</strong></span> <span class='ocrx_word' id='word_1_623' title='bbox 770 5377 967 5445; x_wconf 90' lang='lat' dir='ltr'><strong>scripta</strong></span> <span class='ocrx_word' id='word_1_624' title='bbox 1017 5385 1140 5430; x_wconf 89' lang='lat' dir='ltr'><strong>sunt</strong></span> <span class='ocrx_word' id='word_1_625' title='bbox 1189 5377 1241 5430; x_wconf 88' lang='lat' dir='ltr'><strong>itt</strong></span> <span class='ocrx_word' id='word_1_626' title='bbox 1286 5375 1441 5432; x_wconf 65' lang='lat' dir='ltr'><strong>caelis</strong></span> <span class='ocrx_word' id='word_1_627' title='bbox 1479 5374 1658 5446; x_wconf 77' lang='lat' dir='ltr'><strong>(Luca:</strong></span> <span class='ocrx_word' id='word_1_628' title='bbox 1708 5373 1787 5441; x_wconf 68' lang='grc' dir='ltr'><strong>κ).</strong></span> <span class='ocrx_word' id='word_1_629' title='bbox 1833 5373 2118 5428; x_wconf 86' lang='lat' dir='ltr'><strong>Nominum</strong></span> 
     </span>
    </p>
   </div>
   <div class='ocr_carea' id='block_1_86' title="bbox 531 5467 2121 5538">
    <p class='ocr_par' dir='ltr' id='par_1_86' title="bbox 531 5467 2121 5538">
     <span class='ocr_line' id='line_1_86' title="bbox 531 5467 2121 5538; baseline -0.002 -15"><span class='ocrx_word' id='word_1_630' title='bbox 531 5470 675 5523; x_wconf 86' lang='lat' dir='ltr'><strong>enim</strong></span> <span class='ocrx_word' id='word_1_631' title='bbox 709 5469 761 5522; x_wconf 92' lang='lat' dir='ltr'><strong>in</strong></span> <span class='ocrx_word' id='word_1_632' title='bbox 786 5469 924 5522; x_wconf 90' lang='lat' dir='ltr'><strong>libro</strong></span> <span class='ocrx_word' id='word_1_633' title='bbox 951 5468 1076 5522; x_wconf 78' lang='lat' dir='ltr'><strong>vita:</strong></span> <span class='ocrx_word' id='word_1_634' title='bbox 1113 5470 1467 5538; x_wconf 87' lang='lat' dir='ltr'><strong>conscriptio,</strong></span> <span class='ocrx_word' id='word_1_635' title='bbox 1493 5467 1856 5522; x_wconf 90' lang='lat' dir='ltr'><strong>testimonium</strong></span> <span class='ocrx_word' id='word_1_636' title='bbox 1897 5476 1981 5520; x_wconf 93' lang='lat' dir='ltr'><strong>est</strong></span> <span class='ocrx_word' id='word_1_637' title='bbox 2009 5467 2121 5520; x_wconf 90' lang='lat' dir='ltr'><strong>vir-</strong></span> 
     </span>
    </p>
   </div>
   <div class='ocr_carea' id='block_1_87' title="bbox 532 5558 2121 5629">
    <p class='ocr_par' dir='ltr' id='par_1_87' title="bbox 532 5558 2121 5629">
     <span class='ocr_line' id='line_1_87' title="bbox 532 5558 2121 5629; baseline -0.001 -13"><span class='ocrx_word' id='word_1_638' title='bbox 532 5560 663 5616; x_wconf 91' lang='lat' dir='ltr'><strong>tutis</strong></span> <span class='ocrx_word' id='word_1_639' title='bbox 716 5568 772 5615; x_wconf 93' lang='lat' dir='ltr'><strong>et</strong></span> <span class='ocrx_word' id='word_1_640' title='bbox 819 5560 1029 5625; x_wconf 81' lang='lat' dir='ltr'><strong>meriti;</strong></span> <span class='ocrx_word' id='word_1_641' title='bbox 1083 5561 1333 5629; x_wconf 76' lang='lat' dir='ltr'><strong>expulsio</strong></span> <span class='ocrx_word' id='word_1_642' title='bbox 1389 5569 1568 5615; x_wconf 89' lang='lat' dir='ltr'><strong>autem</strong></span> <span class='ocrx_word' id='word_1_643' title='bbox 1613 5558 1848 5625; x_wconf 76' lang='lat' dir='ltr'><strong>Satanze,</strong></span> <span class='ocrx_word' id='word_1_644' title='bbox 1903 5558 2121 5628; x_wconf 83' lang='lat' dir='ltr'><strong>largitio</strong></span> 
     </span>
    </p>
   </div>
   <div class='ocr_carea' id='block_1_88' title="bbox 536 5650 2118 5721">
    <p class='ocr_par' dir='ltr' id='par_1_88' title="bbox 536 5650 2118 5721">
     <span class='ocr_line' id='line_1_88' title="bbox 536 5650 2118 5721; baseline -0.001 -13"><span class='ocrx_word' id='word_1_645' title='bbox 536 5653 829 5708; x_wconf 83' lang='lat' dir='ltr'><strong>Salvatoris</strong></span> <span class='ocrx_word' id='word_1_646' title='bbox 871 5660 976 5707; x_wconf 89' lang='lat' dir='ltr'><strong>est.</strong></span> <span class='ocrx_word' id='word_1_647' title='bbox 1008 5651 1161 5709; x_wconf 87' lang='lat' dir='ltr'><strong>Unde</strong></span> <span class='ocrx_word' id='word_1_648' title='bbox 1211 5653 1291 5707; x_wconf 88' lang='lat' dir='ltr'><strong>his</strong></span> <span class='ocrx_word' id='word_1_649' title='bbox 1321 5651 1410 5721; x_wconf 91' lang='lat' dir='ltr'><strong>qui</strong></span> <span class='ocrx_word' id='word_1_650' title='bbox 1448 5666 1551 5706; x_wconf 88' lang='lat' dir='ltr'><strong>non</strong></span> <span class='ocrx_word' id='word_1_651' title='bbox 1585 5650 1636 5704; x_wconf 87' lang='lat' dir='ltr'><strong>itt</strong></span> <span class='ocrx_word' id='word_1_652' title='bbox 1677 5651 1798 5704; x_wconf 67' lang='lat' dir='ltr'><strong>vita:</strong></span> <span class='ocrx_word' id='word_1_653' title='bbox 1825 5650 2118 5717; x_wconf 85' lang='lat' dir='ltr'><strong>laboribus,</strong></span> 
     </span>
    </p>
   </div>
   <div class='ocr_carea' id='block_1_89' title="bbox 534 5745 2117 5816">
    <p class='ocr_par' dir='ltr' id='par_1_89' title="bbox 534 5745 2117 5816">
     <span class='ocr_line' id='line_1_89' title="bbox 534 5745 2117 5816; baseline -0.001 -16"><span class='ocrx_word' id='word_1_654' title='bbox 534 5745 630 5801; x_wconf 90' lang='lat' dir='ltr'><strong>sed</strong></span> <span class='ocrx_word' id='word_1_655' title='bbox 660 5746 712 5801; x_wconf 94' lang='lat' dir='ltr'><strong>in</strong></span> <span class='ocrx_word' id='word_1_656' title='bbox 761 5745 1018 5816; x_wconf 83' lang='lat' dir='ltr'><strong>prodigiis</strong></span> <span class='ocrx_word' id='word_1_657' title='bbox 1072 5746 1434 5811; x_wconf 84' lang='lat' dir='ltr'><strong>exsultabunt,</strong></span> <span class='ocrx_word' id='word_1_658' title='bbox 1468 5746 1772 5803; x_wconf 86' lang='lat' dir='ltr'><strong>dicentibus</strong></span> <span class='ocrx_word' id='word_1_659' title='bbox 1798 5763 1812 5802; x_wconf 86' lang='lat'><strong>:</strong></span> <span class='ocrx_word' id='word_1_660' title='bbox 1841 5745 2029 5801; x_wconf 87' lang='lat' dir='ltr'><strong>Nonne</strong></span> <span class='ocrx_word' id='word_1_661' title='bbox 2066 5747 2117 5800; x_wconf 92' lang='lat' dir='ltr'><strong>iu</strong></span> 
     </span>
    </p>
   </div>
   <div class='ocr_carea' id='block_1_90' title="bbox 2245 3237 3830 3309">
    <p class='ocr_par' dir='ltr' id='par_1_90' title="bbox 2245 3237 3830 3309">
     <span class='ocr_line' id='line_1_90' title="bbox 2245 3237 3830 3309; baseline -0.004 -13"><span class='ocrx_word' id='word_1_662' title='bbox 2245 3257 2332 3296; x_wconf 92' lang='lat' dir='ltr'><strong>me</strong></span> <span class='ocrx_word' id='word_1_663' title='bbox 2354 3242 2671 3309; x_wconf 84' lang='lat' dir='ltr'><strong>psallerent,</strong></span> <span class='ocrx_word' id='word_1_664' title='bbox 2710 3249 2765 3295; x_wconf 91' lang='lat' dir='ltr'><strong>et</strong></span> <span class='ocrx_word' id='word_1_665' title='bbox 2789 3239 2858 3295; x_wconf 88' lang='lat' dir='ltr'><strong>de</strong></span> <span class='ocrx_word' id='word_1_666' title='bbox 2897 3239 3192 3306; x_wconf 90' lang='lat' dir='ltr'><strong>Scripturis</strong></span> <span class='ocrx_word' id='word_1_667' title='bbox 3234 3237 3448 3292; x_wconf 88' lang='lat' dir='ltr'><strong>sibimet</strong></span> <span class='ocrx_word' id='word_1_668' title='bbox 3495 3237 3830 3293; x_wconf 83' lang='lat' dir='ltr'><strong>sermocina-</strong></span> 
     </span>
    </p>
   </div>
   <div class='ocr_carea' id='block_1_91' title="bbox 2251 3327 3833 3404">
    <p class='ocr_par' dir='ltr' id='par_1_91' title="bbox 2251 3327 3833 3404">
     <span class='ocr_line' id='line_1_91' title="bbox 2251 3327 3833 3404; baseline -0.005 -15"><span class='ocrx_word' id='word_1_669' title='bbox 2251 3344 2462 3400; x_wconf 86' lang='lat' dir='ltr'><strong>rentur,</strong></span> <span class='ocrx_word' id='word_1_670' title='bbox 2515 3347 2616 3404; x_wconf 86' lang='lat' dir='ltr'><strong>ego</strong></span> <span class='ocrx_word' id='word_1_671' title='bbox 2645 3341 2898 3402; x_wconf 91' lang='lat' dir='ltr'><strong>tanquam</strong></span> <span class='ocrx_word' id='word_1_672' title='bbox 2943 3329 3137 3385; x_wconf 88' lang='lat' dir='ltr'><strong>surdus</strong></span> <span class='ocrx_word' id='word_1_673' title='bbox 3185 3343 3292 3384; x_wconf 91' lang='lat' dir='ltr'><strong>non</strong></span> <span class='ocrx_word' id='word_1_674' title='bbox 3337 3328 3636 3382; x_wconf 89' lang='lat' dir='ltr'><strong>audiebam.</strong></span> <span class='ocrx_word' id='word_1_675' title='bbox 3672 3327 3833 3382; x_wconf 89' lang='lat' dir='ltr'><strong>Com-</strong></span> 
     </span>
    </p>
   </div>
   <div class='ocr_carea' id='block_1_92' title="bbox 2242 3422 3834 3495">
    <p class='ocr_par' dir='ltr' id='par_1_92' title="bbox 2242 3422 3834 3495">
     <span class='ocr_line' id='line_1_92' title="bbox 2242 3422 3834 3495; baseline -0.002 -14"><span class='ocrx_word' id='word_1_676' title='bbox 2242 3435 2526 3482; x_wconf 88' lang='lat' dir='ltr'><strong>moveruut</strong></span> <span class='ocrx_word' id='word_1_677' title='bbox 2576 3424 2870 3495; x_wconf 87' lang='lat' dir='ltr'><strong>aliquando</strong></span> <span class='ocrx_word' id='word_1_678' title='bbox 2921 3424 3308 3480; x_wconf 89' lang='lat' dir='ltr'><strong>monasterium</strong></span> <span class='ocrx_word' id='word_1_679' title='bbox 3355 3438 3533 3478; x_wconf 90' lang='lat' dir='ltr'><strong>meum</strong></span> <span class='ocrx_word' id='word_1_680' title='bbox 3581 3422 3721 3494; x_wconf 85' lang='grc'><strong>(51),</strong></span> <span class='ocrx_word' id='word_1_681' title='bbox 3778 3429 3834 3478; x_wconf 81' lang='lat' dir='ltr'><strong>ct</strong></span> 
     </span>
    </p>
   </div>
   <div class='ocr_carea' id='block_1_93' title="bbox 2240 3516 3837 3589">
    <p class='ocr_par' dir='ltr' id='par_1_93' title="bbox 2240 3516 3837 3589">
     <span class='ocr_line' id='line_1_93' title="bbox 2240 3516 3837 3589; baseline -0.001 -16"><span class='ocrx_word' id='word_1_682' title='bbox 2240 3534 2340 3589; x_wconf 89' lang='lat' dir='ltr'><strong>ego</strong></span> <span class='ocrx_word' id='word_1_683' title='bbox 2387 3527 2566 3575; x_wconf 90' lang='lat' dir='ltr'><strong>mente</strong></span> <span class='ocrx_word' id='word_1_684' title='bbox 2621 3516 2883 3572; x_wconf 83' lang='lat' dir='ltr'><strong>immobili</strong></span> <span class='ocrx_word' id='word_1_685' title='bbox 2929 3517 3214 3575; x_wconf 91' lang='lat' dir='ltr'><strong>Dominum</strong></span> <span class='ocrx_word' id='word_1_686' title='bbox 3265 3516 3615 3587; x_wconf 86' lang='lat' dir='ltr'><strong>deprecabar.</strong></span> <span class='ocrx_word' id='word_1_687' title='bbox 3675 3518 3837 3583; x_wconf 66' lang='lat' dir='ltr'><strong>Saepe</strong></span> 
     </span>
    </p>
   </div>
   <div class='ocr_carea' id='block_1_94' title="bbox 2243 3609 3837 3683">
    <p class='ocr_par' dir='ltr' id='par_1_94' title="bbox 2243 3609 3837 3683">
     <span class='ocr_line' id='line_1_94' title="bbox 2243 3609 3837 3683; baseline -0.003 -15"><span class='ocrx_word' id='word_1_688' title='bbox 2243 3614 2497 3683; x_wconf 75' lang='lat' dir='ltr'><strong>strepitus</strong></span> <span class='ocrx_word' id='word_1_689' title='bbox 2522 3654 2537 3680; x_wconf 96' lang='lat'><strong>,</strong></span> <span class='ocrx_word' id='word_1_690' title='bbox 2585 3627 2728 3682; x_wconf 68' lang='lat' dir='ltr'><strong>saepe</strong></span> <span class='ocrx_word' id='word_1_691' title='bbox 2778 3613 3087 3668; x_wconf 89' lang='lat' dir='ltr'><strong>saltationes</strong></span> <span class='ocrx_word' id='word_1_692' title='bbox 3114 3655 3129 3681; x_wconf 93' lang='lat'><strong>,</strong></span> <span class='ocrx_word' id='word_1_693' title='bbox 3171 3625 3314 3680; x_wconf 58' lang='lat' dir='ltr'><strong>sepe</strong></span> <span class='ocrx_word' id='word_1_694' title='bbox 3360 3610 3547 3665; x_wconf 86' lang='lat' dir='ltr'><strong>sibilos</strong></span> <span class='ocrx_word' id='word_1_695' title='bbox 3588 3609 3837 3679; x_wconf 82' lang='lat' dir='ltr'><strong>ingesse-</strong></span> 
     </span>
    </p>
   </div>
   <div class='ocr_carea' id='block_1_95' title="bbox 2244 3700 3832 3774">
    <p class='ocr_par' dir='ltr' id='par_1_95' title="bbox 2244 3700 3832 3774">
     <span class='ocr_line' id='line_1_95' title="bbox 2244 3700 3832 3774; baseline -0.003 -14"><span class='ocrx_word' id='word_1_696' title='bbox 2244 3715 2400 3772; x_wconf 90' lang='lat' dir='ltr'><strong>runt;</strong></span> <span class='ocrx_word' id='word_1_697' title='bbox 2431 3715 2484 3761; x_wconf 92' lang='lat' dir='ltr'><strong>et</strong></span> <span class='ocrx_word' id='word_1_698' title='bbox 2515 3721 2601 3760; x_wconf 91' lang='lat' dir='ltr'><strong>me</strong></span> <span class='ocrx_word' id='word_1_699' title='bbox 2626 3705 2908 3774; x_wconf 87' lang='lat' dir='ltr'><strong>psallente,</strong></span> <span class='ocrx_word' id='word_1_700' title='bbox 2942 3718 3100 3758; x_wconf 91' lang='lat' dir='ltr'><strong>sonus</strong></span> <span class='ocrx_word' id='word_1_701' title='bbox 3130 3716 3318 3757; x_wconf 89' lang='lat' dir='ltr'><strong>eorum</strong></span> <span class='ocrx_word' id='word_1_702' title='bbox 3349 3700 3403 3756; x_wconf 92' lang='lat' dir='ltr'><strong>in</strong></span> <span class='ocrx_word' id='word_1_703' title='bbox 3426 3715 3586 3756; x_wconf 91' lang='lat' dir='ltr'><strong>voces</strong></span> <span class='ocrx_word' id='word_1_704' title='bbox 3618 3700 3832 3756; x_wconf 86' lang='lat' dir='ltr'><strong>flebiles</strong></span> 
     </span>
    </p>
   </div>
   <div class='ocr_carea' id='block_1_96' title="bbox 2241 3798 2541 3853">
    <p class='ocr_par' dir='ltr' id='par_1_96' title="bbox 2241 3798 2541 3853">
     <span class='ocr_line' id='line_1_96' title="bbox 2241 3798 2541 3853; baseline 0.007 -3"><span class='ocrx_word' id='word_1_705' title='bbox 2241 3798 2541 3853; x_wconf 89' lang='lat' dir='ltr'><strong>vertebatur</strong></span> 
     </span>
    </p>
   </div>
   <div class='ocr_carea' id='block_1_97' title="bbox 2311 3884 3833 3960">
    <p class='ocr_par' dir='ltr' id='par_1_97' title="bbox 2311 3884 3833 3960">
     <span class='ocr_line' id='line_1_97' title="bbox 2311 3884 3833 3960; baseline -0.003 -16"><span class='ocrx_word' id='word_1_706' title='bbox 2311 3891 2636 3960; x_wconf 82' lang='lat' dir='ltr'><strong>Creditisne,</strong></span> <span class='ocrx_word' id='word_1_707' title='bbox 2670 3890 2839 3954; x_wconf 81' lang='lat' dir='ltr'><strong>filioli,</strong></span> <span class='ocrx_word' id='word_1_708' title='bbox 2871 3889 3010 3959; x_wconf 91' lang='lat' dir='ltr'><strong>quod</strong></span> <span class='ocrx_word' id='word_1_709' title='bbox 3060 3887 3300 3943; x_wconf 88' lang='lat' dir='ltr'><strong>dicturus</strong></span> <span class='ocrx_word' id='word_1_710' title='bbox 3325 3902 3441 3942; x_wconf 90' lang='lat' dir='ltr'><strong>sum</strong></span> <span class='ocrx_word' id='word_1_711' title='bbox 3474 3887 3669 3942; x_wconf 83' lang='lat' dir='ltr'><strong>vobis?</strong></span> <span class='ocrx_word' id='word_1_712' title='bbox 3706 3884 3833 3946; x_wconf 82' lang='lat' dir='ltr'><strong>Vidi</strong></span> 
     </span>
    </p>
   </div>
   <div class='ocr_carea' id='block_1_98' title="bbox 2239 3979 3831 4052">
    <p class='ocr_par' dir='ltr' id='par_1_98' title="bbox 2239 3979 3831 4052">
     <span class='ocr_line' id='line_1_98' title="bbox 2239 3979 3831 4052; baseline -0.001 -14"><span class='ocrx_word' id='word_1_713' title='bbox 2239 3983 2529 4052; x_wconf 73' lang='lat' dir='ltr'><strong>aliquando</strong></span> <span class='ocrx_word' id='word_1_714' title='bbox 2576 3982 2845 4038; x_wconf 90' lang='lat' dir='ltr'><strong>diabolum</strong></span> <span class='ocrx_word' id='word_1_715' title='bbox 2889 3982 3159 4036; x_wconf 80' lang='lat' dir='ltr'><strong>excelsum</strong></span> <span class='ocrx_word' id='word_1_716' title='bbox 3189 3995 3435 4049; x_wconf 90' lang='lat' dir='ltr'><strong>corpore,</strong></span> <span class='ocrx_word' id='word_1_717' title='bbox 3482 3980 3572 4049; x_wconf 86' lang='lat' dir='ltr'><strong>qui</strong></span> <span class='ocrx_word' id='word_1_718' title='bbox 3628 3995 3687 4034; x_wconf 87' lang='lat' dir='ltr'><strong>se</strong></span> <span class='ocrx_word' id='word_1_719' title='bbox 3727 3979 3831 4036; x_wconf 82' lang='lat' dir='ltr'><strong>Dei</strong></span> 
     </span>
    </p>
   </div>
   <div class='ocr_carea' id='block_1_99' title="bbox 2239 4069 3831 4144">
    <p class='ocr_par' dir='ltr' id='par_1_99' title="bbox 2239 4069 3831 4144">
     <span class='ocr_line' id='line_1_99' title="bbox 2239 4069 3831 4144; baseline -0.001 -16"><span class='ocrx_word' id='word_1_720' title='bbox 2239 4076 2494 4131; x_wconf 88' lang='lat' dir='ltr'><strong>virtutem</strong></span> <span class='ocrx_word' id='word_1_721' title='bbox 2520 4085 2574 4131; x_wconf 90' lang='lat' dir='ltr'><strong>et</strong></span> <span class='ocrx_word' id='word_1_722' title='bbox 2614 4074 3004 4144; x_wconf 81' lang='lat' dir='ltr'><strong>providentiam</strong></span> <span class='ocrx_word' id='word_1_723' title='bbox 3035 4088 3196 4127; x_wconf 90' lang='lat' dir='ltr'><strong>ausus</strong></span> <span class='ocrx_word' id='word_1_724' title='bbox 3226 4084 3308 4127; x_wconf 84' lang='lat' dir='ltr'><strong>est</strong></span> <span class='ocrx_word' id='word_1_725' title='bbox 3338 4073 3537 4138; x_wconf 80' lang='lat' dir='ltr'><strong>dicere,</strong></span> <span class='ocrx_word' id='word_1_726' title='bbox 3568 4082 3621 4126; x_wconf 90' lang='lat' dir='ltr'><strong>et</strong></span> <span class='ocrx_word' id='word_1_727' title='bbox 3649 4073 3724 4125; x_wconf 89' lang='lat' dir='ltr'><strong>ait</strong></span> <span class='ocrx_word' id='word_1_728' title='bbox 3754 4069 3831 4127; x_wconf 85' lang='lat' dir='ltr'><strong>ad</strong></span> 
     </span>
    </p>
   </div>
   <div class='ocr_carea' id='block_1_100' title="bbox 2238 4163 3829 4236">
    <p class='ocr_par' dir='ltr' id='par_1_100' title="bbox 2238 4163 3829 4236">
     <span class='ocr_line' id='line_1_100' title="bbox 2238 4163 3829 4236; baseline -0.001 -14"><span class='ocrx_word' id='word_1_729' title='bbox 2238 4184 2323 4223; x_wconf 91' lang='lat' dir='ltr'><strong>me</strong></span> <span class='ocrx_word' id='word_1_730' title='bbox 2351 4186 2364 4222; x_wconf 88' lang='lat'>:</span> <span class='ocrx_word' id='word_1_731' title='bbox 2390 4168 2524 4236; x_wconf 88' lang='lat' dir='ltr'><strong>Quid</strong></span> <span class='ocrx_word' id='word_1_732' title='bbox 2563 4167 2663 4232; x_wconf 89' lang='lat' dir='ltr'><strong>vis,</strong></span> <span class='ocrx_word' id='word_1_733' title='bbox 2697 4177 2754 4220; x_wconf 91' lang='lat' dir='ltr'><strong>ut</strong></span> <span class='ocrx_word' id='word_1_734' title='bbox 2788 4182 2814 4218; x_wconf 89' lang='lat' dir='ltr'><strong>a</strong></span> <span class='ocrx_word' id='word_1_735' title='bbox 2849 4182 2935 4220; x_wconf 90' lang='lat' dir='ltr'><strong>me</strong></span> <span class='ocrx_word' id='word_1_736' title='bbox 2959 4166 3050 4220; x_wconf 90' lang='lat' dir='ltr'><strong>tibi</strong></span> <span class='ocrx_word' id='word_1_737' title='bbox 3080 4167 3329 4230; x_wconf 89' lang='lat' dir='ltr'><strong>donetur,</strong></span> <span class='ocrx_word' id='word_1_738' title='bbox 3364 4164 3558 4220; x_wconf 78' lang='lat' dir='ltr'><strong>Antoni</strong></span> <span class='ocrx_word' id='word_1_739' title='bbox 3582 4164 3605 4216; x_wconf 81' lang='lat'><strong>?</strong></span> <span class='ocrx_word' id='word_1_740' title='bbox 3631 4163 3697 4217; x_wconf 88' lang='lat' dir='ltr'><strong>At</strong></span> <span class='ocrx_word' id='word_1_741' title='bbox 3720 4177 3829 4233; x_wconf 83' lang='lat' dir='ltr'><strong>ego</strong></span> 
     </span>
    </p>
   </div>
   <div class='ocr_carea' id='block_1_101' title="bbox 2235 4260 3822 4333">
    <p class='ocr_par' dir='ltr' id='par_1_101' title="bbox 2235 4260 3822 4333">
     <span class='ocr_line' id='line_1_101' title="bbox 2235 4260 3822 4333; baseline -0.003 -15"><span class='ocrx_word' id='word_1_742' title='bbox 2235 4264 2568 4333; x_wconf 86' lang='lat' dir='ltr'><strong>sputaculum</strong></span> <span class='ocrx_word' id='word_1_743' title='bbox 2600 4263 2714 4331; x_wconf 55' lang='lat'><strong>(3)9.)</strong></span> <span class='ocrx_word' id='word_1_744' title='bbox 2746 4263 3035 4316; x_wconf 81' lang='lat' dir='ltr'><strong>maximum</strong></span> <span class='ocrx_word' id='word_1_745' title='bbox 3086 4263 3136 4316; x_wconf 93' lang='lat' dir='ltr'><strong>iu</strong></span> <span class='ocrx_word' id='word_1_746' title='bbox 3185 4276 3246 4315; x_wconf 88' lang='lat' dir='ltr'><strong>os</strong></span> <span class='ocrx_word' id='word_1_747' title='bbox 3286 4262 3402 4329; x_wconf 90' lang='lat' dir='ltr'><strong>ejus</strong></span> <span class='ocrx_word' id='word_1_748' title='bbox 3454 4260 3822 4330; x_wconf 82' lang='lat' dir='ltr'><strong>ingeminans,</strong></span> 
     </span>
    </p>
   </div>
   <div class='ocr_carea' id='block_1_102' title="bbox 2232 4353 3824 4420">
    <p class='ocr_par' dir='ltr' id='par_1_102' title="bbox 2232 4353 3824 4420">
     <span class='ocr_line' id='line_1_102' title="bbox 2232 4353 3824 4420; baseline -0.001 -9"><span class='ocrx_word' id='word_1_749' title='bbox 2232 4363 2400 4411; x_wconf 91' lang='lat' dir='ltr'><strong>totum</strong></span> <span class='ocrx_word' id='word_1_750' title='bbox 2435 4371 2520 4410; x_wconf 91' lang='lat' dir='ltr'><strong>me</strong></span> <span class='ocrx_word' id='word_1_751' title='bbox 2551 4356 2601 4409; x_wconf 90' lang='lat' dir='ltr'><strong>in</strong></span> <span class='ocrx_word' id='word_1_752' title='bbox 2633 4369 2753 4409; x_wconf 89' lang='lat' dir='ltr'><strong>eum</strong></span> <span class='ocrx_word' id='word_1_753' title='bbox 2799 4353 2995 4409; x_wconf 86' lang='lat' dir='ltr'><strong>Christi</strong></span> <span class='ocrx_word' id='word_1_754' title='bbox 3045 4355 3260 4408; x_wconf 91' lang='lat' dir='ltr'><strong>nomine</strong></span> <span class='ocrx_word' id='word_1_755' title='bbox 3287 4363 3544 4420; x_wconf 91' lang='lat' dir='ltr'><strong>armatus,</strong></span> <span class='ocrx_word' id='word_1_756' title='bbox 3588 4353 3824 4420; x_wconf 78' lang='lat' dir='ltr'><strong>ingessi:</strong></span> 
     </span>
    </p>
   </div>
   <div class='ocr_carea' id='block_1_103' title="bbox 2231 4445 3826 4515">
    <p class='ocr_par' dir='ltr' id='par_1_103' title="bbox 2231 4445 3826 4515">
     <span class='ocr_line' id='line_1_103' title="bbox 2231 4445 3826 4515; baseline -0.001 -11"><span class='ocrx_word' id='word_1_757' title='bbox 2231 4459 2284 4504; x_wconf 90' lang='lat' dir='ltr'><strong>et</strong></span> <span class='ocrx_word' id='word_1_758' title='bbox 2312 4449 2488 4502; x_wconf 86' lang='lat' dir='ltr'><strong>statim</strong></span> <span class='ocrx_word' id='word_1_759' title='bbox 2539 4447 2627 4500; x_wconf 91' lang='lat' dir='ltr'><strong>ille</strong></span> <span class='ocrx_word' id='word_1_760' title='bbox 2669 4460 2925 4515; x_wconf 88' lang='lat' dir='ltr'><strong>procerus</strong></span> <span class='ocrx_word' id='word_1_761' title='bbox 2965 4455 3183 4515; x_wconf 89' lang='lat' dir='ltr'><strong>aspectu</strong></span> <span class='ocrx_word' id='word_1_762' title='bbox 3214 4447 3350 4500; x_wconf 87' lang='lat' dir='ltr'><strong>inter</strong></span> <span class='ocrx_word' id='word_1_763' title='bbox 3379 4445 3580 4501; x_wconf 88' lang='lat' dir='ltr'><strong>medias</strong></span> <span class='ocrx_word' id='word_1_764' title='bbox 3630 4459 3826 4502; x_wconf 85' lang='lat' dir='ltr'><strong>manus</strong></span> 
     </span>
    </p>
   </div>
   <div class='ocr_carea' id='block_1_104' title="bbox 2157 4543 3824 4620">
    <p class='ocr_par' dir='ltr' id='par_1_104' title="bbox 2157 4543 3824 4620">
     <span class='ocr_line' id='line_1_104' title="bbox 2157 4543 3824 4620; baseline -0.004 -19"><span class='ocrx_word' id='word_1_765' title='bbox 2157 4546 2486 4620; x_wconf 84' lang='lat' dir='ltr'><strong>Dexolevit.</strong></span> <span class='ocrx_word' id='word_1_766' title='bbox 2520 4543 2793 4612; x_wconf 85' lang='lat' dir='ltr'><strong>Jejunanti</strong></span> <span class='ocrx_word' id='word_1_767' title='bbox 2839 4544 2998 4598; x_wconf 89' lang='lat' dir='ltr'><strong>etiam</strong></span> <span class='ocrx_word' id='word_1_768' title='bbox 3047 4543 3176 4596; x_wconf 90' lang='lat' dir='ltr'><strong>mihi</strong></span> <span class='ocrx_word' id='word_1_769' title='bbox 3225 4543 3370 4596; x_wconf 87' lang='lat' dir='ltr'><strong>visus</strong></span> <span class='ocrx_word' id='word_1_770' title='bbox 3406 4552 3489 4596; x_wconf 89' lang='lat' dir='ltr'><strong>est</strong></span> <span class='ocrx_word' id='word_1_771' title='bbox 3535 4551 3592 4596; x_wconf 92' lang='lat' dir='ltr'><strong>ut</strong></span> <span class='ocrx_word' id='word_1_772' title='bbox 3633 4555 3824 4596; x_wconf 81' lang='lat' dir='ltr'><strong>mona-</strong></span> 
     </span>
    </p>
   </div>
   <div class='ocr_carea' id='block_1_105' title="bbox 2231 4633 3826 4707">
    <p class='ocr_par' dir='ltr' id='par_1_105' title="bbox 2231 4633 3826 4707">
     <span class='ocr_line' id='line_1_105' title="bbox 2231 4633 3826 4707; baseline -0.002 -14"><span class='ocrx_word' id='word_1_773' title='bbox 2231 4639 2401 4703; x_wconf 88' lang='lat' dir='ltr'><strong>chus;</strong></span> <span class='ocrx_word' id='word_1_774' title='bbox 2430 4646 2484 4692; x_wconf 91' lang='lat' dir='ltr'><strong>et</strong></span> <span class='ocrx_word' id='word_1_775' title='bbox 2506 4651 2668 4707; x_wconf 83' lang='lat' dir='ltr'><strong>panes</strong></span> <span class='ocrx_word' id='word_1_776' title='bbox 2700 4635 2952 4700; x_wconf 70' lang='lat' dir='ltr'><strong>offerens,</strong></span> <span class='ocrx_word' id='word_1_777' title='bbox 2987 4633 3070 4688; x_wconf 87' lang='lat' dir='ltr'><strong>ltis</strong></span> <span class='ocrx_word' id='word_1_778' title='bbox 3100 4634 3438 4688; x_wconf 89' lang='lat' dir='ltr'><strong>sermonibus</strong></span> <span class='ocrx_word' id='word_1_779' title='bbox 3465 4634 3724 4688; x_wconf 82' lang='lat' dir='ltr'><strong>suadebat</strong></span> <span class='ocrx_word' id='word_1_780' title='bbox 3763 4642 3826 4690; x_wconf 84' lang='lat' dir='ltr'><strong>ut</strong></span> 
     </span>
    </p>
   </div>
   <div class='ocr_carea' id='block_1_106' title="bbox 2233 4724 3822 4798">
    <p class='ocr_par' dir='ltr' id='par_1_106' title="bbox 2233 4724 3822 4798">
     <span class='ocr_line' id='line_1_106' title="bbox 2233 4724 3822 4798; baseline -0.003 -13"><span class='ocrx_word' id='word_1_781' title='bbox 2233 4744 2504 4798; x_wconf 88' lang='lat' dir='ltr'><strong>vescerer,</strong></span> <span class='ocrx_word' id='word_1_782' title='bbox 2546 4736 2600 4782; x_wconf 92' lang='lat' dir='ltr'><strong>et</strong></span> <span class='ocrx_word' id='word_1_783' title='bbox 2631 4726 2756 4798; x_wconf 83' lang='lat' dir='ltr'><strong>huic</strong></span> <span class='ocrx_word' id='word_1_784' title='bbox 2784 4724 2981 4796; x_wconf 89' lang='lat' dir='ltr'><strong>aliquid</strong></span> <span class='ocrx_word' id='word_1_785' title='bbox 3010 4725 3336 4794; x_wconf 84' lang='lat' dir='ltr'><strong>indulgeretn</strong></span> <span class='ocrx_word' id='word_1_786' title='bbox 3364 4725 3684 4794; x_wconf 90' lang='lat' dir='ltr'><strong>corpusculo</strong></span> <span class='ocrx_word' id='word_1_787' title='bbox 3711 4742 3722 4777; x_wconf 87' lang='lat'><strong>:</strong></span> <span class='ocrx_word' id='word_1_788' title='bbox 3751 4725 3822 4781; x_wconf 84' lang='lat' dir='ltr'><strong>Et</strong></span> 
     </span>
    </p>
   </div>
   <div class='ocr_carea' id='block_1_107' title="bbox 2225 4818 3822 4892">
    <p class='ocr_par' dir='ltr' id='par_1_107' title="bbox 2225 4818 3822 4892">
     <span class='ocr_line' id='line_1_107' title="bbox 2225 4818 3822 4892; baseline -0.006 -13"><span class='ocrx_word' id='word_1_789' title='bbox 2225 4833 2304 4890; x_wconf 90' lang='lat' dir='ltr'><strong>tu,</strong></span> <span class='ocrx_word' id='word_1_790' title='bbox 2335 4823 2524 4892; x_wconf 86' lang='lat' dir='ltr'><strong>inquit,</strong></span> <span class='ocrx_word' id='word_1_791' title='bbox 2560 4823 2722 4875; x_wconf 90' lang='lat' dir='ltr'><strong>homo</strong></span> <span class='ocrx_word' id='word_1_792' title='bbox 2749 4834 2832 4884; x_wconf 90' lang='lat' dir='ltr'><strong>es,</strong></span> <span class='ocrx_word' id='word_1_793' title='bbox 2857 4828 2909 4873; x_wconf 91' lang='lat' dir='ltr'><strong>et</strong></span> <span class='ocrx_word' id='word_1_794' title='bbox 2940 4818 3169 4872; x_wconf 92' lang='lat' dir='ltr'><strong>humana</strong></span> <span class='ocrx_word' id='word_1_795' title='bbox 3200 4818 3488 4888; x_wconf 85' lang='lat' dir='ltr'><strong>fragilitate</strong></span> <span class='ocrx_word' id='word_1_796' title='bbox 3516 4818 3822 4872; x_wconf 84' lang='lat' dir='ltr'><strong>circumda-</strong></span> 
     </span>
    </p>
   </div>
   <div class='ocr_carea' id='block_1_108' title="bbox 2224 4909 3818 4982">
    <p class='ocr_par' dir='ltr' id='par_1_108' title="bbox 2224 4909 3818 4982">
     <span class='ocr_line' id='line_1_108' title="bbox 2224 4909 3818 4982; baseline -0.005 -10"><span class='ocrx_word' id='word_1_797' title='bbox 2224 4917 2330 4982; x_wconf 90' lang='lat' dir='ltr'><strong>ris;</strong></span> <span class='ocrx_word' id='word_1_798' title='bbox 2361 4915 2511 4969; x_wconf 86' lang='lat' dir='ltr'><strong>labor</strong></span> <span class='ocrx_word' id='word_1_799' title='bbox 2541 4913 2818 4982; x_wconf 92' lang='lat' dir='ltr'><strong>paululum</strong></span> <span class='ocrx_word' id='word_1_800' title='bbox 2850 4912 3217 4981; x_wconf 89' lang='lat' dir='ltr'><strong>conquiescat,</strong></span> <span class='ocrx_word' id='word_1_801' title='bbox 3251 4927 3317 4965; x_wconf 91' lang='lat' dir='ltr'><strong>ne</strong></span> <span class='ocrx_word' id='word_1_802' title='bbox 3345 4910 3604 4979; x_wconf 73' lang='lat' dir='ltr'><strong>aegritudo</strong></span> <span class='ocrx_word' id='word_1_803' title='bbox 3635 4909 3818 4965; x_wconf 88' lang='lat' dir='ltr'><strong>subri-</strong></span> 
     </span>
    </p>
   </div>
   <div class='ocr_carea' id='block_1_109' title="bbox 2227 5003 3820 5077">
    <p class='ocr_par' dir='ltr' id='par_1_109' title="bbox 2227 5003 3820 5077">
     <span class='ocr_line' id='line_1_109' title="bbox 2227 5003 3820 5077; baseline -0.002 -15"><span class='ocrx_word' id='word_1_804' title='bbox 2227 5009 2354 5077; x_wconf 87' lang='lat' dir='ltr'><strong>piat.</strong></span> <span class='ocrx_word' id='word_1_805' title='bbox 2389 5006 2532 5060; x_wconf 89' lang='lat' dir='ltr'><strong>Illico</strong></span> <span class='ocrx_word' id='word_1_806' title='bbox 2573 5003 2796 5059; x_wconf 87' lang='lat' dir='ltr'><strong>Iuridam</strong></span> <span class='ocrx_word' id='word_1_807' title='bbox 2828 5003 3017 5058; x_wconf 88' lang='lat' dir='ltr'><strong>faciem</strong></span> <span class='ocrx_word' id='word_1_808' title='bbox 3046 5006 3313 5074; x_wconf 90' lang='lat' dir='ltr'><strong>serpentis</strong></span> <span class='ocrx_word' id='word_1_809' title='bbox 3337 5004 3526 5073; x_wconf 85' lang='lat' dir='ltr'><strong>agnovi</strong></span> <span class='ocrx_word' id='word_1_810' title='bbox 3553 5022 3566 5070; x_wconf 90' lang='lat'><strong>;</strong></span> <span class='ocrx_word' id='word_1_811' title='bbox 3612 5013 3820 5059; x_wconf 87' lang='lat' dir='ltr'><strong>etcum</strong></span> 
     </span>
    </p>
   </div>
   <div class='ocr_carea' id='block_1_110' title="bbox 2227 5097 3817 5168">
    <p class='ocr_par' dir='ltr' id='par_1_110' title="bbox 2227 5097 3817 5168">
     <span class='ocr_line' id='line_1_110' title="bbox 2227 5097 3817 5168; baseline -0.003 -12"><span class='ocrx_word' id='word_1_812' title='bbox 2227 5103 2292 5156; x_wconf 85' lang='lat' dir='ltr'><strong>ad</strong></span> <span class='ocrx_word' id='word_1_813' title='bbox 2310 5109 2561 5155; x_wconf 88' lang='lat' dir='ltr'><strong>consueta</strong></span> <span class='ocrx_word' id='word_1_814' title='bbox 2583 5098 2781 5154; x_wconf 88' lang='lat' dir='ltr'><strong>Cltristi</strong></span> <span class='ocrx_word' id='word_1_815' title='bbox 2802 5100 3135 5154; x_wconf 88' lang='lat' dir='ltr'><strong>munimenta</strong></span> <span class='ocrx_word' id='word_1_816' title='bbox 3161 5097 3532 5168; x_wconf 88' lang='lat' dir='ltr'><strong>confugerem,</strong></span> <span class='ocrx_word' id='word_1_817' title='bbox 3560 5108 3817 5168; x_wconf 87' lang='lat' dir='ltr'><strong>tanquam</strong></span> 
     </span>
    </p>
   </div>
   <div class='ocr_carea' id='block_1_111' title="bbox 2225 5192 3818 5265">
    <p class='ocr_par' dir='ltr' id='par_1_111' title="bbox 2225 5192 3818 5265">
     <span class='ocr_line' id='line_1_111' title="bbox 2225 5192 3818 5265; baseline -0.001 -15"><span class='ocrx_word' id='word_1_818' title='bbox 2225 5209 2320 5265; x_wconf 88' lang='lat' dir='ltr'><strong>per</strong></span> <span class='ocrx_word' id='word_1_819' title='bbox 2345 5193 2636 5248; x_wconf 77' lang='lat' dir='ltr'><strong>fenestram</strong></span> <span class='ocrx_word' id='word_1_820' title='bbox 2669 5192 3156 5259; x_wconf 88' lang='lat' dir='ltr'><strong>fumuslaberctur,</strong></span> <span class='ocrx_word' id='word_1_821' title='bbox 3176 5195 3416 5246; x_wconf 88' lang='lat' dir='ltr'><strong>evanuit.</strong></span> <span class='ocrx_word' id='word_1_822' title='bbox 3446 5195 3574 5250; x_wconf 83' lang='lat' dir='ltr'><strong>Auri</strong></span> <span class='ocrx_word' id='word_1_823' title='bbox 3600 5205 3818 5262; x_wconf 83' lang='lat' dir='ltr'><strong>quoque</strong></span> 
     </span>
    </p>
   </div>
   <div class='ocr_carea' id='block_1_112' title="bbox 2225 5282 3813 5355">
    <p class='ocr_par' dir='ltr' id='par_1_112' title="bbox 2225 5282 3813 5355">
     <span class='ocr_line' id='line_1_112' title="bbox 2225 5282 3813 5355; baseline -0.002 -14"><span class='ocrx_word' id='word_1_824' title='bbox 2225 5285 2525 5353; x_wconf 88' lang='lat' dir='ltr'><strong>decipulam</strong></span> <span class='ocrx_word' id='word_1_825' title='bbox 2559 5283 2690 5338; x_wconf 90' lang='lat' dir='ltr'><strong>mihi</strong></span> <span class='ocrx_word' id='word_1_826' title='bbox 2722 5285 2775 5338; x_wconf 88' lang='lat' dir='ltr'><strong>itt</strong></span> <span class='ocrx_word' id='word_1_827' title='bbox 2801 5284 3019 5339; x_wconf 88' lang='lat' dir='ltr'><strong>deserto</strong></span> <span class='ocrx_word' id='word_1_828' title='bbox 3050 5283 3360 5355; x_wconf 89' lang='lat' dir='ltr'><strong>frequenter</strong></span> <span class='ocrx_word' id='word_1_829' title='bbox 3391 5283 3643 5350; x_wconf 90' lang='lat' dir='ltr'><strong>tetendit;</strong></span> <span class='ocrx_word' id='word_1_830' title='bbox 3668 5282 3813 5352; x_wconf 86' lang='lat' dir='ltr'><strong>quod</strong></span> 
     </span>
    </p>
   </div>
   <div class='ocr_carea' id='block_1_113' title="bbox 2226 5376 3811 5444">
    <p class='ocr_par' dir='ltr' id='par_1_113' title="bbox 2226 5376 3811 5444">
     <span class='ocr_line' id='line_1_113' title="bbox 2226 5376 3811 5444; baseline 0.001 -12"><span class='ocrx_word' id='word_1_831' title='bbox 2226 5378 2345 5432; x_wconf 88' lang='lat' dir='ltr'><strong>ideo</strong></span> <span class='ocrx_word' id='word_1_832' title='bbox 2375 5376 2654 5444; x_wconf 75' lang='lat' dir='ltr'><strong>offerebat,</strong></span> <span class='ocrx_word' id='word_1_833' title='bbox 2707 5386 2766 5431; x_wconf 86' lang='lat' dir='ltr'><strong>ut</strong></span> <span class='ocrx_word' id='word_1_834' title='bbox 2805 5389 2897 5431; x_wconf 92' lang='lat' dir='ltr'><strong>aut</strong></span> <span class='ocrx_word' id='word_1_835' title='bbox 2941 5378 3058 5431; x_wconf 89' lang='lat' dir='ltr'><strong>visu</strong></span> <span class='ocrx_word' id='word_1_836' title='bbox 3090 5379 3327 5432; x_wconf 91' lang='lat' dir='ltr'><strong>irretiret</strong></span> <span class='ocrx_word' id='word_1_837' title='bbox 3368 5393 3453 5432; x_wconf 90' lang='lat' dir='ltr'><strong>me</strong></span> <span class='ocrx_word' id='word_1_838' title='bbox 3525 5388 3614 5432; x_wconf 90' lang='lat' dir='ltr'><strong>aut</strong></span> <span class='ocrx_word' id='word_1_839' title='bbox 3665 5386 3811 5433; x_wconf 88' lang='lat' dir='ltr'><strong>tactu</strong></span> 
     </span>
    </p>
   </div>
   <div class='ocr_carea' id='block_1_114' title="bbox 2221 5469 3808 5539">
    <p class='ocr_par' dir='ltr' id='par_1_114' title="bbox 2221 5469 3808 5539">
     <span class='ocr_line' id='line_1_114' title="bbox 2221 5469 3808 5539; baseline 0.001 -14"><span class='ocrx_word' id='word_1_840' title='bbox 2221 5471 2656 5525; x_wconf 88' lang='lat' dir='ltr'><strong>commacularct.</strong></span> <span class='ocrx_word' id='word_1_841' title='bbox 2689 5469 2844 5538; x_wconf 64' lang='lat' dir='ltr'><strong>Saepe</strong></span> <span class='ocrx_word' id='word_1_842' title='bbox 2890 5485 3101 5539; x_wconf 81' lang='lat' dir='ltr'><strong>quoque</strong></span> <span class='ocrx_word' id='word_1_843' title='bbox 3149 5485 3236 5525; x_wconf 90' lang='lat' dir='ltr'><strong>me</strong></span> <span class='ocrx_word' id='word_1_844' title='bbox 3263 5486 3295 5524; x_wconf 86' lang='lat' dir='ltr'><strong>a</strong></span> <span class='ocrx_word' id='word_1_845' title='bbox 3334 5470 3670 5525; x_wconf 60' lang='lat' dir='ltr'><strong>daemonibus</strong></span> <span class='ocrx_word' id='word_1_846' title='bbox 3702 5485 3808 5527; x_wconf 91' lang='lat' dir='ltr'><strong>non</strong></span> 
     </span>
    </p>
   </div>
   <div class='ocr_carea' id='block_1_115' title="bbox 2222 5561 3808 5630">
    <p class='ocr_par' dir='ltr' id='par_1_115' title="bbox 2222 5561 3808 5630">
     <span class='ocr_line' id='line_1_115' title="bbox 2222 5561 3808 5630; baseline -0.001 -12"><span class='ocrx_word' id='word_1_847' title='bbox 2222 5564 2428 5630; x_wconf 87' lang='lat' dir='ltr'><strong>denego</strong></span> <span class='ocrx_word' id='word_1_848' title='bbox 2457 5563 2819 5616; x_wconf 89' lang='lat' dir='ltr'><strong>verberatum.</strong></span> <span class='ocrx_word' id='word_1_849' title='bbox 2850 5561 3118 5616; x_wconf 88' lang='lat' dir='ltr'><strong>Cauebam</strong></span> <span class='ocrx_word' id='word_1_850' title='bbox 3147 5573 3324 5616; x_wconf 87' lang='lat' dir='ltr'><strong>autem</strong></span> <span class='ocrx_word' id='word_1_851' title='bbox 3357 5564 3436 5617; x_wconf 90' lang='lat' dir='ltr'><strong>sic</strong></span> <span class='ocrx_word' id='word_1_852' title='bbox 3463 5581 3474 5615; x_wconf 88' lang='lat'><strong>:</strong></span> <span class='ocrx_word' id='word_1_853' title='bbox 3503 5562 3690 5617; x_wconf 86' lang='lat' dir='ltr'><strong>Nullus</strong></span> <span class='ocrx_word' id='word_1_854' title='bbox 3720 5576 3808 5617; x_wconf 83' lang='lat' dir='ltr'><strong>me</strong></span> 
     </span>
    </p>
   </div>
   <div class='ocr_carea' id='block_1_116' title="bbox 2221 5651 3808 5724">
    <p class='ocr_par' dir='ltr' id='par_1_116' title="bbox 2221 5651 3808 5724">
     <span class='ocr_line' id='line_1_116' title="bbox 2221 5651 3808 5724; baseline 0.001 -16"><span class='ocrx_word' id='word_1_855' title='bbox 2221 5654 2491 5722; x_wconf 89' lang='lat' dir='ltr'><strong>separabit</strong></span> <span class='ocrx_word' id='word_1_856' title='bbox 2521 5669 2550 5706; x_wconf 91' lang='lat' dir='ltr'><strong>a</strong></span> <span class='ocrx_word' id='word_1_857' title='bbox 2593 5653 2854 5708; x_wconf 84' lang='lat' dir='ltr'><strong>charitate</strong></span> <span class='ocrx_word' id='word_1_858' title='bbox 2902 5651 3096 5707; x_wconf 87' lang='lat' dir='ltr'><strong>Christi</strong></span> <span class='ocrx_word' id='word_1_859' title='bbox 3127 5651 3303 5724; x_wconf 83' lang='lat' dir='ltr'><strong>(Rom.</strong></span> <span class='ocrx_word' id='word_1_860' title='bbox 3333 5653 3468 5724; x_wconf 84' lang='lat' dir='ltr'><strong>Vill).</strong></span> <span class='ocrx_word' id='word_1_861' title='bbox 3518 5653 3601 5709; x_wconf 85' lang='lat' dir='ltr'><strong>Ad</strong></span> <span class='ocrx_word' id='word_1_862' title='bbox 3650 5653 3808 5724; x_wconf 77' lang='lat' dir='ltr'><strong>cujus</strong></span> 
     </span>
    </p>
   </div>
   <div class='ocr_carea' id='block_1_117' title="bbox 2220 5745 3802 5818">
    <p class='ocr_par' dir='ltr' id='par_1_117' title="bbox 2220 5745 3802 5818">
     <span class='ocr_line' id='line_1_117' title="bbox 2220 5745 3802 5818; baseline 0.003 -18"><span class='ocrx_word' id='word_1_863' title='bbox 2220 5748 2369 5803; x_wconf 79' lang='lat' dir='ltr'><strong>vocis</strong></span> <span class='ocrx_word' id='word_1_864' title='bbox 2399 5747 2661 5811; x_wconf 89' lang='lat' dir='ltr'><strong>auditum,</strong></span> <span class='ocrx_word' id='word_1_865' title='bbox 2693 5747 2746 5802; x_wconf 92' lang='lat' dir='ltr'><strong>in</strong></span> <span class='ocrx_word' id='word_1_866' title='bbox 2774 5759 2835 5802; x_wconf 92' lang='lat' dir='ltr'><strong>se</strong></span> <span class='ocrx_word' id='word_1_867' title='bbox 2885 5745 3114 5801; x_wconf 91' lang='lat' dir='ltr'><strong>invicem</strong></span> <span class='ocrx_word' id='word_1_868' title='bbox 3144 5747 3474 5818; x_wconf 85' lang='lat' dir='ltr'><strong>defurentes,</strong></span> <span class='ocrx_word' id='word_1_869' title='bbox 3507 5763 3613 5804; x_wconf 90' lang='lat' dir='ltr'><strong>non</strong></span> <span class='ocrx_word' id='word_1_870' title='bbox 3656 5763 3802 5816; x_wconf 82' lang='lat' dir='ltr'><strong>meo.</strong></span> 
     </span>
    </p>
   </div>
  </div>
