4124 6350
257 401 355 463 ηδ

1356 399 1514 457 VITA
1550 395 1753 451 ΒΕΛἸἸ
1798 393 2073 452 ANTONII
2112 400 2425 456 ABBATIS.

3432 403 3539 463 146

256 517 348 577 sed
382 515 596 572 Domini
625 514 948 586 fugabantur
997 515 1252 585 imperio,
1293 515 1386 586 qui
1416 515 1492 569 ait
1523 513 1705 582 (Lucae
1746 511 1801 581 κ)
1833 528 1843 562 :
1880 510 1924 569 A
1956 513 2156 567 nexuit.
2211 515 2326 570 Una
2393 525 2478 573 est
2532 530 2661 588 ergo
2715 518 2852 572 ratio
2908 517 3157 575 vincendi
3221 520 3538 591 inimicum,

257 611 376 668 Vidi
411 611 668 667 Satanam
715 609 867 680 quasi
900 608 1076 680 fulgur
1105 611 1384 666 cadentem
1428 609 1495 664 de
1525 608 1682 663 cmlo.
1719 606 1846 660 Ilaec

255 721 408 778 ergo,
436 704 608 772 filioli,
640 703 921 774 apostolici
951 719 1159 760 memor
1184 703 1406 774 eloquii,
1442 704 1497 760 in
1541 717 1628 758 me
1675 709 1848 756 trans-

253 799 525 860 formavi.
589 806 648 852 ut
701 799 1035 869 pr0positum
1092 808 1329 855 vestrum
1382 814 1485 857 nec
1541 798 1846 854 daemonum

259 903 460 960 terror,
492 905 591 947 nec
621 890 798 960 aliqua
828 891 1089 946 lassitudo
1118 891 1453 947 dissolveret.

335 983 444 1040 Sed
470 983 721 1054 quoniam
750 983 821 1038 ob
866 991 1102 1038 vestram
1135 984 1413 1038 utilitatem
1441 982 1605 1037 multa
1647 994 1848 1036 memo-

258 1078 455 1146 rando,
511 1077 772 1147 insipiens
824 1076 997 1133 factus
1047 1092 1188 1142 sum,
1237 1087 1290 1133 et
1349 1075 1506 1147 hujus
1560 1075 1639 1132 rei
1696 1074 1850 1129 vobis

260 1168 526 1239 impertiri
556 1168 714 1238 cupio
745 1169 1042 1236 notionem,
1085 1182 1244 1238 quam
1291 1181 1473 1222 veram
1521 1180 1642 1222 esse
1671 1165 1847 1220 nullus

255 1263 496 1333 ambigat
525 1260 877 1317 audientium.
913 1261 1154 1318 Pulsavit
1179 1260 1466 1330 aliquando
1491 1259 1702 1315 daemon
1734 1272 1849 1312 mo-

256 1355 483 1413 naSterii
531 1354 729 1410 ostium
759 1371 772 1407 :
797 1353 1098 1426 egrediens,
1133 1354 1290 1409 video
1321 1354 1592 1409 hominem
1641 1350 1851 1406 enormi

255 1447 612 1513 sublimitate,
650 1457 957 1516 porrectum
989 1455 1150 1515 caput
1182 1461 1350 1516 usque
1380 1446 1446 1500 ad
1473 1444 1689 1500 ccelnm.
1715 1445 1849 1498 Cum

256 1540 324 1596 ab
376 1541 482 1596 hoc
530 1540 774 1611 quisnam
827 1549 972 1596 esset
1024 1539 1390 1610 inquirerem,
1437 1538 1692 1608 ait:Ego
1733 1552 1850 1593 sum

257 1631 511 1689 Satanas.
551 1633 626 1687 .Et
675 1631 998 1703 egonuid,
1057 1631 1298 1700 inquam,
1353 1632 1439 1686 hic
1488 1628 1852 1700 quaeris?[ie-

257 1723 647 1792 Spondit:Cur
694 1724 826 1780 mihi
862 1723 1057 1779 frustra
1101 1724 1367 1794 imputant
1414 1723 1706 1779 monachi?
1757 1736 1852 1776 cur

257 1818 388 1874 mihi
436 1832 626 1874 omnes
673 1815 1103 1872 Chrisﬁanorum
1149 1815 1333 1887 populi
1382 1813 1752 1870 maledicunt?
1785 1813 1851 1868 Et

1950 604 2132 661 laetitia
2165 608 2479 677 spiritualis,
2514 619 2569 664 et
2597 609 2791 664 animae
2837 610 3118 666 Dominum
3159 627 3374 681 semper
3395 616 3544 685 cogi-

1953 699 2113 755 tantis
2139 700 2280 772 jugis
2315 703 2657 758 recordatio:
2687 719 2805 772 quae
2855 704 3159 760 dazmonum
3192 704 3345 760 ludos
3387 706 3543 776 quasi

1951 793 2155 848 fumum
2207 795 2503 863 expellens,
2550 805 2904 865 persequetur
2961 796 3299 852 adversarios
3361 798 3543 866 potius

1953 901 2111 956 quam
2139 887 2367 944 timebit.
2401 887 2519 942 Non
2563 896 2647 942 est
2676 889 2819 943 enim
2847 888 3060 944 nescius
3088 890 3312 945 Satanas
3340 891 3543 960 ignium

1951 976 2296 1047 futurorum,
2353 989 2407 1036 et
2463 979 2742 1036 aestuantis
2810 981 3068 1050 gehennae
3122 981 3341 1051 c0piosa
3393 983 3544 1039 novit

1955 1069 2222 1124 incendia.

2024 1161 2130 1217 Sed
2160 1173 2216 1216 ut
2243 1177 2362 1217 mea
2388 1163 2497 1232 jam
2527 1163 2804 1219 claudatur
2845 1168 3050 1234 oratio,
3094 1166 3225 1221 illud
3278 1168 3329 1221 in
3381 1166 3544 1223 ﬁnem

1953 1267 2355 1308 commemoro:
2386 1253 2518 1310 Cum
2570 1256 2749 1327 aliqua
2787 1273 2847 1312 se
2890 1257 3042 1313 vobis
3090 1258 3344 1314 obtulerit
3373 1260 3543 1327 visio,

1955 1347 2209 1403 audacter
2233 1349 2510 1418 requirite,
2543 1353 2663 1420 quis
2698 1353 2770 1406 sit
2797 1353 2890 1408 ille
2913 1392 2929 1418 ,
2959 1362 3015 1408 et
3041 1353 3184 1409 unde
3211 1354 3448 1420 venerit;
3480 1369 3546 1411 ac

1953 1437 2072 1494 sine
2111 1455 2288 1508 mora,
2329 1440 2376 1496 si
2421 1453 2729 1499 sanctorum
2776 1446 2936 1502 fuerit
2971 1449 3269 1515 revelatio,
3304 1449 3547 1520 angelica

1954 1534 2322 1590 consolatione
2353 1537 2518 1591 timor
2544 1547 2782 1595 vertetur
2813 1540 2865 1595 in
2888 1542 3160 1609 gaudium.
3192 1543 3248 1598 Si
3273 1558 3402 1599 vero
3428 1543 3546 1599 dia-

1955 1626 2064 1681 boli
2095 1624 2254 1682 fuerit
2281 1628 2458 1684 oblata
2488 1632 2714 1686 tentatio
2734 1673 2747 1697 ,
2781 1631 2950 1689 ﬁdelis
2995 1633 3189 1690 anima:
3221 1645 3544 1705 percuncta-

1956 1717 2188 1773 tionibus
2237 1730 2550 1787 evanescet;
2595 1722 2718 1792 quia
2767 1725 3060 1780 maximum
3110 1735 3194 1780 est
3242 1727 3548 1783 securitatis

1956 1809 2244 1877 indicium,
2288 1814 2619 1883 interrogare
2649 1815 2894 1885 quisnam
2944 1825 3028 1871 est
3081 1826 3136 1872 et
3181 1816 3344 1872 unde.
3375 1817 3464 1873 Sic
3490 1825 3549 1872 et

258 1926 360 1982 ego
387 1927 402 1963 :
426 1909 580 1966 Juste
605 1909 826 1976 faciunt,
855 1910 960 1965 tuis
987 1910 1128 1965 enim
1158 1908 1466 1978 frequenter
1496 1907 1848 1962 molestantur
1881 1905 1931 1966 B
1955 1899 2100 1956 Nave
2133 1903 2271 1957 filius
2316 1906 2700 1962 auxiliatorem
2733 1922 2891 1963 suum
2933 1909 3316 1980 interrogando
3343 1925 3546 1981 cogno-

258 2006 494 2063 insidiis.
529 2007 598 2062 At
623 2005 716 2062 ille
743 2006 848 2060 ait:
882 2004 1026 2060 Nihil
1055 2019 1155 2075 ego
1185 2003 1344 2068 facio,
1377 2002 1472 2058 sed
1502 2001 1601 2072 ipsi
1631 2016 1689 2056 se
1717 2001 1850 2056 invi-

258 2115 376 2158 cem
437 2099 676 2156 turbant.
744 2098 878 2154 Nam
945 2113 1045 2170 ego
1106 2097 1428 2154 miserabilis
1485 2099 1657 2151 factus
1709 2109 1849 2150 sum.

261 2193 438 2263 Rogo,
463 2206 643 2248 nonne
672 2189 846 2262 legisti
873 2209 887 2246 :
917 2190 1050 2259 Quia
1073 2188 1385 2245 defecerunt
1411 2187 1611 2243 inimici
1635 2186 1854 2242 framea:

259 2286 312 2344 in
341 2287 531 2352 ﬁnem,
562 2295 616 2342 et
663 2285 910 2341 civitates
959 2299 1145 2340 eorum
1178 2283 1492 2339 destruxisti
1522 2280 1696 2353 (Psal.
1731 2279 1853 2349 ix)?

261 2378 339 2436 En
372 2379 582 2434 nullum
609 2379 718 2449 jam
748 2376 920 2434 habeo
947 2378 1146 2444 locum,
1180 2376 1377 2432 nullam
1396 2375 1645 2445 possideo
1672 2374 1855 2429 civita-

260 2482 392 2539 tem,
423 2471 537 2543 jam
569 2471 702 2527 mihi
730 2471 876 2527 nulla
907 2479 1034 2528 sunt
1057 2485 1204 2526 arma
1229 2487 1245 2525 :
1271 2485 1366 2539 per
1392 2483 1580 2524 omnes
1611 2468 1855 2523 nationes

261 2577 591 2638 cunctasque
619 2566 924 2637 provincias
951 2565 1156 2622 Christi
1188 2571 1442 2634 personat
1467 2578 1688 2629 nomen,
1720 2561 1854 2617 soli-

260 2660 480 2715 tudines
525 2674 739 2730 quoque
784 2657 1171 2714 monachorum
1221 2657 1490 2726 stipantur
1520 2655 1716 2709 choris.
1753 2653 1858 2723 Ipsi

261 2765 343 2818 se,
375 2764 584 2820 quaeso,
619 2760 894 2817 tueantur,
921 2757 976 2806 et
1004 2764 1091 2806 me
1119 2752 1239 2805 sine
1264 2763 1424 2804 causa
1453 2763 1562 2802 non
1595 2747 1852 2803 lacerent.

261 2844 420 2900 Tunc
447 2859 549 2915 ego
579 2844 670 2901 Dei
699 2845 925 2915 gratiam
953 2858 1076 2899 cum
1107 2845 1384 2900 alacritate
1414 2842 1659 2910 miratus,
1693 2840 1773 2896 sic
1791 2839 1860 2895 ad

261 2950 388 2992 eum
419 2937 630 2992 locutus
668 2951 788 2992 sum
817 2936 972 2992 :Non
1011 2946 1115 2991 ture
1145 2936 1380 3000 veritati,
1409 2949 1528 3005 quae
1577 2934 1718 2988 nulla
1751 2943 1856 3000 est,

264 3035 371 3082 tam
411 3042 608 3084 novam
650 3038 705 3084 et
755 3038 862 3084 tam
919 3027 1211 3084 inauditam
1261 3027 1473 3082 ascribo
1514 3026 1858 3082 sententiam.

263 3119 397 3174 Nam
448 3135 570 3176 cum
623 3120 850 3176 fallaciae
906 3129 1068 3191 caput
1113 3122 1208 3188 sis,
1266 3121 1366 3177 hoc
1410 3120 1528 3178 sine
1577 3121 1860 3176 mendacio

265 3222 487 3269 coactus
529 3229 589 3270 es
621 3214 885 3268 confiteri.
920 3213 1057 3268 Vere
1095 3215 1240 3269 enim
1285 3213 1441 3268 .lesus
1473 3223 1590 3267 tuas
1619 3209 1858 3266 funditus

1956 1997 2031 2051 vit
2061 1994 2244 2064 (Iosue
2272 1997 2360 2069 v);
2390 2014 2488 2054 nec
2513 2000 2790 2056 Danielem
2822 2011 3226 2072 percontantem
3253 2004 3423 2061 latere
3448 2018 3546 2075 po-

1957 2089 2056 2144 tttit
2087 2090 2336 2147 inimicus
2368 2092 2536 2164 (Dan.
2569 2095 2649 2164 χ).

2028 2183 2314 2255 Postquam
2346 2187 2615 2242 Antonius
2636 2189 2850 2244 dicendi
2879 2189 3036 2245 ﬁnem
3061 2191 3207 2258 fecit,
3236 2194 3544 2250 laetantibus

1958 2275 2186 2344 cunctis,
2218 2279 2272 2332 in
2301 2278 2418 2333 aliis
2449 2280 2662 2334 virtutis
2690 2280 2884 2352 cupido
2907 2283 3316 2352 exardescebat,
3340 2285 3394 2340 in
3421 2285 3547 2342 aliis

1957 2365 2168 2422 inﬁrma
2198 2367 2541 2425 refovebatur
2566 2371 2719 2438 ﬁdes,
2752 2388 2822 2428 ex
2850 2374 3079 2430 aliorum
3101 2375 3368 2432 mentibus
3394 2375 3545 2435 false

1957 2460 2239 2528 Opiniones
2265 2461 2618 2532 pellebantur,
2651 2479 2717 2521 ex
2745 2465 2975 2522 aliorum
3020 2469 3268 2524 sensibus
3306 2468 3547 2528 inanium

1961 2559 2229 2608 terrorum
2279 2555 2583 2624 pellebatur
2628 2558 2876 2614 accensio
2909 2576 2924 2612 :
2956 2559 3220 2630 simulque
3271 2562 3548 2630 universi,

1959 2661 2081 2700 cum
2108 2647 2220 2715 jam
2245 2647 2550 2704 daemonum
2570 2650 2794 2706 insidias
2818 2660 3247 2722 contemnerent,
3275 2653 3550 2710 miraban-

1962 2749 2048 2797 tur
2076 2742 2129 2797 in
2158 2745 2392 2799 Antonio
2419 2751 2620 2798 tantam
2652 2745 2876 2816 gratiam
2909 2746 3198 2814 spirituum
3239 2745 3550 2806 discernen-

1961 2832 2175 2900 dorum,
2200 2851 2357 2903 quam
2391 2834 2616 2890 Domino
2640 2837 2909 2894 tribuente
2936 2849 3269 2909 perceperat.

2034 2929 2165 2984 Car.
2200 2929 2436 2983 XXI.—
2466 2931 2632 2984 Erant
2677 2929 2840 3001 igitur
2889 2931 2944 2987 in
2994 2941 3180 2988 monte
3221 2934 3552 2990 monasteria

1966 3035 2215 3095 tanquam
2265 3024 2605 3080 tabernacula
2633 3066 2648 3089 ,
2682 3025 2841 3094 plena
2871 3025 3069 3081 divinis
3099 3028 3282 3083 choris
3313 3014 3554 3096 psallen-

1965 3121 2096 3175 tium
2122 3117 2257 3191 (55),
2284 3119 2595 3189 legentium,
2618 3120 2917 3174 orantium:
2939 3129 3251 3190 tantumque
3272 3120 3556 3190 jejunandi

1967 3225 2022 3270 et
2051 3215 2350 3284 vigiliarum
2394 3214 2640 3269 ardorem
2686 3222 3004 3268 cunctorum
3061 3214 3329 3270 mentibus
3374 3228 3557 3270 sermo

265 3306 479 3361 subruit
510 3305 672 3372 vires,
722 3316 774 3362 et
805 3305 1010 3363 honore
1039 3307 1270 3361 nudatus
1309 3306 1571 3375 angelico,
1604 3305 1861 3360 volutaris
1892 3291 1938 3354 ε]
1969 3310 2084 3378 ejus
2111 3308 2387 3363 afﬁaverat
2411 3347 2424 3372 ,
2454 3316 2512 3362 ut
2539 3306 2732 3362 futurae
2757 3307 2875 3376 spei
2899 3306 3156 3362 aviditate
3182 3350 3198 3375 ,
3228 3307 3295 3361 ad
3325 3307 3558 3363 Charita-

267 3398 316 3454 in
346 3398 622 3454 sordibus.
669 3397 771 3453 Vix
821 3399 947 3454 dum
979 3401 1138 3454 verba
1191 3399 1610 3467 compleveram,
1661 3405 1716 3453 et
1765 3396 1858 3454 ille

266 3492 516 3549 sublimis
539 3503 760 3562 aSpeetu
778 3493 1076 3549 Salvatoris
1100 3493 1470 3548 nominatione
1496 3490 1735 3561 deiectus
1758 3500 1858 3547 est.

336 3587 475 3653 Qum
504 3600 635 3657 ergo
656 3586 793 3656 jam,
835 3603 866 3640 ο
918 3586 1088 3654 ﬁlioli,
1125 3586 1322 3657 poterit
1368 3584 1607 3641 residere
1646 3594 1864 3640 cuncta-

268 3682 386 3738 tio?
443 3697 565 3752 qum
620 3680 905 3753 trepidatio
959 3681 1195 3736 manebit
1247 3680 1506 3735 ulterius?
1567 3679 1698 3747 Quis
1764 3693 1864 3736 nos

269 3791 461 3834 eorum
490 3777 647 3833 turbo
678 3777 873 3845 poterit
901 3775 1241 3831 convellere?
1272 3775 1492 3831 Secura:
1525 3774 1633 3828 sint
1670 3772 1864 3828 anima:

271 3874 650 3944 singulorum:
685 3887 791 3927 non
848 3871 949 3925 sibi
995 3871 1159 3939 ﬁngat
1209 3884 1343 3924 vana
1406 3867 1659 3938 cogitatio
1715 3881 1852 3921 vana

275 3963 630 4029 discrimina;
671 3979 779 4018 non
830 3963 1024 4032 aliquis
1055 3963 1239 4017 timeat
1283 3976 1311 4014 a
1341 3960 1556 4016 diabolo
1593 3960 1865 4014 sublatum

277 4059 344 4115 ad
375 4057 674 4127 praecipitia
695 4073 755 4113 se
787 4071 943 4126 posse
967 4053 1186 4111 deferri.
1216 4054 1450 4110 Pellatur
1481 4051 1657 4108 omnis
1683 4051 1867 4108 anxie-

281 4159 397 4218 tas;
429 4151 690 4207 Dominus
720 4151 886 4216 enim,
916 4150 1006 4220 qui
1033 4159 1248 4204 nostros
1271 4148 1553 4218 prostravit
1594 4147 1864 4214 inimicos,

275 4259 523 4311 manens,
560 4254 616 4299 ut
658 4244 922 4313 promisit,
953 4243 1006 4297 in
1052 4242 1207 4297 nobis
1239 4241 1418 4312 (Joan.
1455 4242 1589 4310 xlv),
1642 4257 1672 4295 a
1704 4239 1867 4294 variis

275 4354 374 4396 nos
396 4340 615 4394 Satanae
638 4337 862 4392 munivit
891 4335 1214 4392 incursibus.
1249 4334 1328 4389 En
1351 4335 1466 4409 ipse
1484 4333 1749 4397 diabolus,
1778 4331 1870 4402 qui

279 4430 586 4501 huiusmodi
635 4445 756 4486 cum
810 4428 922 4486 suis
981 4428 1300 4483 satellitibus
1355 4435 1572 4483 exercet
1622 4425 1868 4491 astutias,

279 4525 408 4580 nihil
441 4539 501 4580 se
531 4538 692 4594 posse
720 4535 906 4578 contra
939 4520 1278 4576 Christianos
1307 4519 1526 4576 fatetur.

352 4617 474 4671 Iam
505 4631 649 4671 curae
695 4615 1118 4671 Christianorum
1167 4622 1223 4668 et
1269 4615 1655 4670 monachorum
1687 4612 1758 4668 sit
1801 4627 1871 4668 ne

1973 3412 2078 3459 tem
2110 3409 2345 3455 mutuam
2374 3409 2429 3456 et
2458 3398 2858 3455 misericordias
2893 3399 3254 3469 indigentibus
3292 3399 3560 3455 exhiben-

1969 3495 2066 3552 das
2102 3495 2215 3565 jugi
2249 3493 2427 3549 studio
2472 3492 2811 3559 laborarent,
2841 3493 2934 3564 qui
2971 3492 3232 3549 inﬁnitam
3286 3493 3560 3563 regionem

1971 3591 2279 3663 quamdam,
2305 3599 2360 3646 et
2387 3589 2643 3661 oppidum
2674 3605 2704 3645 a
2732 3590 2999 3646 mundana
3027 3593 3439 3646 conversatione
3469 3603 3557 3644 sev

1970 3685 2210 3754 junctum
2231 3724 2247 3749 ,
2295 3683 2513 3752 plenum
2545 3684 2764 3753 pietatis
2789 3693 2844 3739 et
2868 3683 3090 3752 iustitia:
3129 3683 3450 3738 videbantur
3489 3685 3561 3738 in-

1970 3776 2168 3832 colere.
2200 3775 2330 3842 Quis
2362 3783 2567 3830 tantum
2598 3774 2982 3830 monachorum
3029 3791 3218 3846 agmen
3259 3776 3560 3846 aspiciens,

1971 3869 2090 3939 quis
2117 3868 2325 3924 virilem
2360 3869 2509 3923 illum
2537 3868 2840 3924 concordiae
2868 3878 3066 3925 emtum
3097 3885 3348 3937 cernens,
3378 3870 3564 3940 inquo

1971 3961 2149 4016 nullus
2180 3976 2400 4031 nocens,
2434 3962 2580 4016 nulla
2609 3961 2872 4018 detractio
2891 3964 3218 4028 susurronis,
3253 3963 3352 4020 sed
3379 3965 3562 4020 multi-

1971 4056 2102 4112 tudo
2129 4057 2509 4112 abstinentium
2537 4066 2593 4112 et
2624 4066 2904 4114 certamen
2942 4057 3246 4115 officiorum
3274 4069 3425 4126 erat,
3455 4073 3565 4116 non

1971 4148 2026 4204 in
2055 4148 2194 4204 hanc
2222 4149 2403 4204 statim
2428 4159 2738 4220 erumperet
2761 4166 2974 4223 vocem:
3001 4153 3170 4219 Quam
3194 4152 3350 4208 bona:
3373 4153 3568 4210 domus

1972 4247 2097 4305 tuae,
2124 4240 2319 4296 Iacob!
2349 4243 2686 4298 tabernacula
2718 4253 2828 4313 tua,
2851 4244 3034 4311 Israel,
3063 4254 3317 4315 tanquam
3343 4261 3565 4302 nemora

1971 4334 2377 4399 obumbrantia,
2409 4344 2661 4405 tanquam
2690 4336 2975 4405 paradisus
3001 4352 3164 4406 super
3196 4336 3417 4402 fluvios,
3451 4347 3570 4392 tan-

1973 4442 2132 4498 quam
2165 4428 2510 4483 tabernacula
2539 4444 2658 4498 qua:
2688 4428 2791 4483 ﬁxa
2823 4438 2948 4484 sunt
2976 4443 3007 4484 a
3040 4429 3288 4498 Domino,
3316 4438 3567 4500 tanquam

1973 4520 2118 4576 cedri
2146 4521 2284 4575 circa
2316 4535 2483 4591 aquas
2510 4519 2699 4590 (Num.
2724 4523 2907 4591 xxrv)!

2046 4618 2176 4672 Car.
2210 4616 2377 4672 XXII.
2419 4647 2489 4658 —
2529 4617 2662 4671 Dum
2708 4617 2822 4672 haec
2863 4617 2936 4672 ita
2974 4627 3250 4685 geruntur,
3295 4618 3487 4688 quibus
3515 4621 3569 4677 in

284 4725 376 4779 per
403 4723 596 4766 eorum
641 4710 887 4765 inertiam
935 4708 1078 4764 vires
1120 4706 1457 4762 daemonibus
1504 4709 1865 4778 praebeantur.
1896 4695 1950 4756 1)
1973 4711 2088 4768 dies
2120 4710 2292 4768 beatae
2325 4710 2448 4765 vitae
2490 4707 2723 4764 studium
2759 4719 3065 4777 cresceret,
3103 4711 3368 4768 Antonius
3415 4726 3570 4769 man-

283 4801 410 4857 Nam
442 4801 629 4873 quales
671 4815 769 4856 nos
800 4809 854 4856 et
893 4810 1105 4856 nostras
1150 4800 1451 4868 repererint
1494 4801 1869 4871 cogitationes,

286 4895 416 4951 tales
439 4909 500 4949 se
543 4893 699 4949 nobis
730 4904 985 4962 praestare
1032 4903 1446 4950 consueverunt.
1481 4893 1547 4947 Et
1575 4894 1620 4948 si
1648 4893 1790 4964 quod
1819 4894 1872 4948 in

286 4987 594 5055 pectoribus
622 4985 774 5040 mala:
807 4986 1001 5041 mentis
1024 4995 1076 5042 et
1101 4989 1311 5054 pavoris
1333 5002 1516 5042 semen
1549 4987 1871 5053 invenerint,

284 5081 435 5150 quasi
486 5083 741 5144 latrones,
799 5081 887 5148 qui
928 5079 1140 5136 deserta
1191 5081 1433 5138 obtinent
1481 5082 1618 5148 loca,
1666 5091 1874 5152 emptos

285 5175 563 5228 cumulant
586 5171 832 5237 timores,
881 5181 934 5226 et
976 5173 1268 5229 crudeliter
1300 5173 1662 5238 imminentes,
1696 5175 1874 5230 infeli-

284 5280 397 5320 Cem
425 5268 658 5338 puniunt
683 5268 938 5322 animam.
966 5265 1071 5338 47
1101 5267 1156 5321 Si
1183 5275 1360 5322 autem
1384 5266 1590 5322 alacres
1621 5267 1875 5324 fuerimus

287 5357 339 5412 in
370 5358 619 5420 Domino,
653 5368 707 5415 et
736 5358 1034 5414 futurorum
1076 5359 1340 5414 bonorum
1374 5359 1568 5429 cupido
1607 5373 1706 5413 nos
1753 5374 1877 5416 suc-

288 5453 564 5519 cenderit;
603 5454 648 5510 si
689 5469 902 5522 semper
932 5454 1109 5509 omnia
1153 5456 1398 5511 manibus
1444 5455 1537 5512 Dei
1570 5457 1876 5512 committa-

292 5561 441 5612 mus,
500 5546 682 5602 nuIlus
729 5548 1034 5603 dtemonum
1091 5548 1157 5603 ad
1210 5549 1622 5618 expugnandum
1677 5549 1879 5605 valebit

293 5639 582 5704 accedere;
615 5638 785 5710 magis
808 5641 977 5709 enim,
1007 5654 1129 5696 cum
1154 5639 1356 5695 munita
1395 5640 1445 5694 in
1475 5641 1690 5697 Christo
1715 5642 1879 5697 corda

294 5731 691 5802 conspexerint,
722 5732 931 5788 confusi
981 5743 1344 5789 revertentur.
1381 5733 1455 5787 lta
1493 5743 1546 5789 et
1574 5736 1677 5791 .Iob
1702 5738 1881 5791 firma-

299 5833 406 5878 tum
459 5827 514 5882 in
565 5824 791 5881 Domino
815 5827 1062 5882 diabolus
1093 5826 1318 5899 refugit;
1353 5839 1407 5883 et
1453 5830 1876 5888 infelicissimum

296 5917 491 5977 ludam
540 5921 903 5993 exspoliatum
957 5922 1091 5991 ﬁde,
1145 5922 1371 5980 vinculis
1420 5924 1739 5991 captivitatis
1799 5929 1880 5983 in-

1977 4805 2188 4860 sionum
2255 4803 2307 4857 in
2366 4801 2506 4858 cmlo
2564 4801 2860 4869 positarum
2925 4803 3256 4872 recordans,
3316 4814 3370 4860 et
3437 4820 3571 4874 prae-

1975 4895 2144 4952 sentis
2205 4897 2330 4949 vitte
2395 4892 2698 4964 despiciens
2769 4895 3084 4952 inanitatem
3117 4938 3134 4964 ,
3193 4899 3346 4966 quasi
3409 4911 3570 4966 parva

1978 4999 2158 5046 essent
2187 5004 2520 5059 quaecunque
2545 4988 2655 5060 jam
2683 5000 2950 5061 gesserat,
2997 5002 3279 5061 separatus
3321 5007 3351 5045 a
3391 4993 3571 5046 fratri-

1977 5083 2078 5140 bus
2130 5083 2529 5138 instituebatur.
2584 5084 2826 5154 Cumque
2873 5101 2994 5142 eum
3046 5085 3162 5140 sive
3216 5085 3393 5138 cibum
3453 5085 3570 5141 sive

1981 5189 2231 5231 somnum
2263 5175 2540 5244 indulgere
2564 5176 2886 5243 corpusculo
2912 5219 2926 5242 ,
2956 5185 3049 5231 aut
3075 5174 3208 5229 alias
3236 5184 3439 5228 natura;
3467 5190 3566 5230 ne-

1984 5267 2263 5326 cessitates
2283 5309 2300 5336 ,
2331 5277 2550 5340 cogeret
2579 5268 2810 5324 humana
2835 5267 3101 5332 conditio,
3131 5269 3268 5322 miro
3295 5268 3571 5324 afficieba-

1986 5373 2072 5419 tur
2098 5362 2334 5433 pudore,
2366 5361 2510 5432 quod
2555 5371 2756 5418 tantam
2788 5363 2981 5416 animat
3020 5360 3321 5416 libertatem
3365 5363 3570 5420 modici

1985 5458 2160 5514 carnis
2189 5456 2403 5512 termini
2427 5464 2758 5511 coercerent.
2788 5453 2921 5508 Nam
2951 5453 3259 5524 frequenter
3288 5469 3412 5510 eum
3457 5456 3566 5511 fra-

1988 5555 2155 5610 tribus
2193 5553 2420 5620 sedens,
2444 5568 2472 5606 a
2501 5552 2622 5606 cibo
2650 5549 2732 5604 cui
2763 5547 2938 5604 fuerat
2965 5551 3275 5622 appositus,
3307 5550 3572 5609 memoria

1984 5661 2121 5702 esca:
2145 5641 2461 5716 spiritualis,
2487 5639 2919 5696 abstrahebatur.
2939 5640 3144 5696 Edebat
3167 5652 3364 5709 tamen,
3383 5650 3572 5711 utpote

1985 5737 2166 5802 homo,
2195 5750 2338 5804 saepe
2365 5734 2541 5798 solus,
2576 5747 2720 5801 saepe
2747 5747 2868 5789 cum
2901 5734 3175 5789 fratribus.
3214 5735 3424 5790 Etcum
3453 5735 3571 5789 haec

1985 5834 2118 5890 mira
2151 5833 2231 5898 (nt
2257 5825 2500 5898 prtedixi)
2532 5836 2745 5894 ageret,
2773 5844 2894 5884 cum
2917 5827 3232 5884 confusione
3254 5827 3446 5881 animo:
3475 5826 3571 5880 ad.

1987 5923 2272 5984 bibendam
2312 5935 2640 5992 magnopere
2675 5923 2888 5991 corpori
2920 5920 3249 5988 diligentiam
3280 5917 3567 5982 persuadet
