4124 6350
568 369 671 426 ηπ

1627 364 1716 421 DE
1754 362 1935 421 “TIS
1978 354 2259 415 PATRUM
2299 354 2501 411 LIBER
2534 353 2811 411 PRIMUS.

3732 346 3836 405 H8

566 486 663 541 bat,
704 486 911 555 dicens,
939 501 1040 544 nec
1066 499 1265 556 corpus
1293 497 1416 540 esse
1439 481 1652 552 penitus
1680 477 2011 535 enecandum
2036 514 2050 538 ,
2082 485 2149 527 ne
2173 487 2228 549 Α
2254 466 2568 537 prmpositus
2594 466 2732 534 (59),
2763 462 2915 533 cujus
2940 462 3046 518 ﬁlia
3070 462 3329 519 immundi
3364 462 3580 532 Spiritus
3612 459 3836 517 infesta-

566 580 809 649 operatio
832 589 1018 635 contra
1042 566 1372 634 voluntatem
1404 576 1680 632 Creatoris
1714 574 2135 634 dissolveretur;

567 680 621 724 et
647 684 748 727 nec
777 671 846 727 ob
869 672 918 726 id
942 687 1100 728 omne
1129 671 1363 727 studium
1394 671 1588 725 anima:
1623 667 2003 727 conferendum
2025 706 2040 731 ,
2076 680 2144 722 ne

565 761 710 817 vitiis
741 776 985 832 superata
1008 764 1301 831 corporeis,
1328 763 1391 816 ad
1423 770 1649 818 aeternas
1674 761 1869 817 inferni
1896 758 2144 815 tenebras

566 856 900 924 truderetur;
923 857 1160 926 quinimo
1186 855 1446 914 indultum
1474 858 1574 911 sibi
1605 858 1656 911 in
1678 871 1839 911 carne
1862 854 2146 922 imperium

567 949 872 1015 vindicans,
919 950 1244 1007 domicilium
1297 967 1478 1020 suum,
1519 962 1577 1008 ut
1629 952 1897 1022 apostolus
1946 949 2146 1005 Paulus

569 1042 654 1113 (II
688 1044 809 1101 Cor.
832 1045 962 1115 xu),
996 1045 1062 1100 ad
1086 1047 1299 1102 tertium
1327 1046 1523 1102 omium
1563 1048 1889 1102 sublevaret.
1919 1045 2145 1100 Assere-

567 1135 763 1206 batque
813 1137 910 1193 hoc
961 1153 991 1193 a
1038 1139 1317 1195 Saivatore
1370 1148 1718 1208 praeceptum,
1770 1140 1820 1191 in
1871 1152 1977 1208 quo
2023 1137 2144 1190 ait:

492 1260 493 1263 η
556 1222 741 1282 Nolite
771 1229 983 1284 solliciti
1015 1245 1135 1287 esse
1181 1232 1371 1286 animae
1400 1240 1593 1287 vestra:
1634 1229 1759 1301 quid
1804 1230 2135 1284 manducetis

558 1326 654 1372 aut
689 1319 813 1387 quid
844 1319 1071 1387 bibatis,
1106 1336 1202 1376 nec
1248 1323 1462 1390 corpori
1504 1321 1629 1392 quid
1660 1319 1992 1387 vestiamini,
2024 1319 2147 1387 quia

568 1407 684 1462 haec
704 1419 893 1478 gentes
921 1421 1197 1478 qumrunt;
1231 1421 1410 1467 vester
1433 1422 1610 1467 autem
1639 1411 1799 1465 Pater
1829 1407 1975 1463 novit
2004 1404 2145 1477 quod

568 1499 817 1570 indigetis
851 1502 931 1557 bis
953 1503 1220 1558 omnibus.
1246 1505 1478 1570 Quaerite
1508 1518 1635 1572 ergo
1660 1503 1889 1571 primum
1926 1516 2146 1569 regnum

568 1595 662 1650 Dei
693 1605 747 1653 et
771 1598 1029 1666 justitiam
1054 1599 1189 1670 ejus,
1218 1610 1272 1655 et
1302 1602 1416 1655 haac
1445 1601 1622 1656 omnia
1645 1599 1970 1671 adjicientur
2002 1598 2151 1655 vobis

568 1685 782 1755 (Matth.
816 1690 911 1758 vt).

638 1776 765 1831 Cir.
800 1777 989 1831 XXIII.
1020 1810 1087 1819 -ο
1112 1779 1201 1834 His
1229 1780 1389 1836 rebus
1419 1781 1716 1845 transactis,
1750 1796 1871 1834 cum
1906 1794 2155 1849 persecu-

2248 562 2484 619 tionibus
2511 560 2868 632 quatiebatur,
2908 559 3127 628 pulsans
3176 559 3372 613 ostium
3399 556 3748 620 obsecrabat,
3781 565 3839 612 ut

2251 672 2350 713 suo
2398 654 2604 727 pignori
2651 653 2999 716 suchniret,‘
3041 662 3095 707 et
3135 651 3363 718 exiens,
3398 652 3561 705 Deum
3595 666 3697 719 pro
3729 649 3835 702 ﬁlia

2250 757 2577 819 precaretur.
2610 746 2746 802 Tum
2771 745 2859 801 ille
2881 744 3089 815 aperire
3120 744 3333 812 quidem
3371 742 3591 797 minime
3622 741 3793 795 voluit
3821 758 3834 793 :

2248 838 2577 910 prospiciens
2606 849 2733 892 vero
2778 836 3030 903 desuper,
3057 835 3172 889 ait:
3204 834 3247 889 Ο
3279 834 3473 899 homo,
3498 834 3625 903 quid
3658 848 3838 889 meum

2250 932 2431 1001 poscis
2462 927 2758 983 auxilium?
2791 927 3034 982 mortalis
3062 934 3117 982 et
3146 940 3245 997 ego
3275 940 3414 990 sum,
3446 934 3501 978 et
3531 935 3634 978 tua:
3660 924 3841 979 socius

2248 1020 2583 1096 fragilitatis;
2614 1024 2661 1079 si
2688 1033 2864 1077 autem
2892 1020 3072 1077 credis
3114 1021 3167 1075 in
3206 1020 3476 1076 Christum
3497 1060 3511 1083 ,
3544 1019 3625 1075 cui
3654 1018 3841 1075 deser-

2248 1118 2357 1184 vio,
2404 1119 2561 1182 vade,
2599 1125 2653 1171 et
2685 1115 2979 1171 secundum
3035 1114 3191 1170 fidem
3243 1123 3383 1169 tuam
3415 1127 3510 1167 ora
3557 1110 3762 1177 Deum,
3789 1120 3845 1167 et

2249 1210 2521 1267 sanabitur
2548 1206 2653 1263 tilia
2687 1216 2792 1262 tua.
2828 1204 3122 1262 Confestim
3172 1204 3261 1260 ille
3315 1206 3543 1261 credens
3584 1202 3747 1268 abiit;
3789 1212 3843 1258 et

2250 1301 2495 1356 invocato
2523 1298 2648 1355 Jesu
2674 1342 2687 1365 ,
2721 1298 2886 1353 filiam
2940 1298 3153 1353 reduxit
3203 1298 3550 1352 incolumem.
3585 1296 3746 1351 Multa
3790 1305 3846 1352 et

2250 1393 2351 1447 alia
2382 1390 2646 1447 mirabilia
2699 1406 2791 1461 per
2842 1389 2989 1444 illum
3044 1389 3301 1445 Dominus
3347 1398 3597 1458 operatus
3634 1396 3753 1457 est,
3791 1399 3845 1445 et

2252 1486 2474 1551 merito;
2520 1486 2607 1553 qui
2638 1485 2776 1539 enim
2829 1483 3070 1552 promisit
3119 1484 3170 1537 in
3215 1482 3527 1553 Evangelio,
3566 1480 3760 1547 Petite,
3794 1491 3846 1537 et

2252 1577 2465 1633 dabitur
2491 1577 2644 1633 vobis
2671 1574 2885 1646 (Matth.
2919 1578 3050 1645 vn),
3082 1576 3299 1630 invento
3341 1574 3430 1642 qui
3471 1575 3586 1645 ejus
3621 1575 3846 1644 gratiam

2254 1683 2554 1726 mereretur
2600 1668 2877 1737 accipere,
2911 1682 3060 1722 suam
3108 1666 3400 1736 potentiam
3455 1680 3561 1719 non
3610 1665 3845 1736 negavit.

2257 1766 2389 1822 Nam
2410 1768 2585 1836 plures
2600 1773 2912 1821 vexatorum
2939 1773 3064 1818 ante
3086 1763 3470 1818 monasterium
3496 1760 3634 1830 ejus,
3663 1759 3847 1813 clauso

570 1867 644 1923 tio
670 1869 979 1938 impiissima
1007 1872 1306 1927 Maximiani
1340 1872 1457 1943 (fit)
1481 1870 1663 1928 furore
1689 1886 1887 1928 vesano
1918 1875 2152 1925 vastaret
2181 1855 2231 1929 Β
2256 1858 2475 1916 introitu
2497 1898 2513 1927 ,
2542 1858 2871 1913 dormientes
2890 1898 2903 1921 ,
2934 1857 3183 1912 fidelibus
3210 1872 3302 1925 per
3328 1872 3448 1910 eum
3480 1853 3545 1907 ad
3572 1852 3845 1908 Christum

570 1957 898 2025 Ecclesium,
932 1964 1134 2019 sanctis
1159 1979 1372 2035 quoque
1404 1966 1724 2035 martyribus
1769 1963 2145 2018 Alexandriam

568 2052 858 2121 perductis,
892 2056 1079 2111 relicto
1108 2066 1160 2111 et
1189 2056 1301 2126 ipse
1332 2057 1657 2111 monasterio
1686 2066 1901 2111 secutus
1946 2063 2029 2110 est
2069 2053 2151 2107 fu—

570 2153 723 2199 turas
750 2144 948 2201 Christi
981 2148 1246 2213 victimas,
1276 2148 1463 2203 dicens
1489 2167 1501 2203 :
1535 2150 1827 2217 Pergamus
1856 2148 1919 2201 ad
1953 2148 2149 2218 glorio-

568 2250 662 2293 sos
693 2239 914 2294 fratrum
959 2243 1253 2309 triumphos
1276 2284 1290 2307 ,
1332 2250 1423 2297 aut
1468 2242 1565 2311 ipsi
1594 2240 2026 2311 congrediamur,
2060 2251 2153 2297 aut

568 2341 875 2399 spectemus
921 2332 1053 2388 alios
1095 2333 1514 2403 prmliantes.‘Et
1556 2348 1739 2389 amore
1782 2334 1995 2403 quidem
2039 2331 2153 2403 jam

571 2431 780 2493 martyr
810 2433 946 2490 erat,
982 2424 1078 2479 sed
1106 2440 1227 2479 cum
1264 2426 1476 2482 tradere
1507 2442 1566 2481 se
1608 2427 1751 2481 ultro
1780 2440 1886 2480 non
1915 2426 2153 2492 valeret,

571 2513 853 2568 ot-sociari
877 2515 1273 2571 confessoribus
1310 2516 1363 2572 in
1396 2517 1624 2572 metallis
1654 2517 1737 2572 vel
1770 2518 1821 2570 in
1852 2516 2156 2570 carceribus

571 2607 898 2666 constitutis,
928 2623 1115 2678 magna
1144 2625 1264 2663 cum
1296 2609 1543 2666 libertate
1586 2620 1642 2667 et
1682 2625 1807 2665 cura
1853 2610 2156 2679 ingrediens

574 2698 643 2752 ad
664 2695 920 2768 judicent,
954 2700 1355 2767 exhortabatur,
1386 2717 1451 2757 ne
1483 2712 1685 2758 terrore
1718 2701 2003 2771 impiorum
2027 2699 2157 2754 sub-

575 2790 704 2853 Icti,
728 2789 1008 2845 Dominum
1039 2804 1310 2860 negarent.
1335 2793 1560 2865 Jamque
1579 2792 1848 2849 sententia
1873 2800 2157 2846 coronatos

577 2881 870 2947 exsultans,
905 2886 1059 2953 quasi
1084 2883 1199 2954 ipse
1227 2884 1464 2951 vicisset,
1498 2898 1666 2954 usque
1692 2883 1760 2939 ad
1792 2884 1965 2938 locum
1990 2880 2161 2938 felicis

576 2974 852 3044 sanguinis
892 2977 1331 3047 prosequebatur.
1362 2976 1721 3045 Quamobrem
1753 2986 1928 3030 tuotus
1960 2974 2121 3044 judex
2142 3012 2162 3042 ,

579 3070 655 3125 ob
684 3072 898 3126 Antonii
927 3076 1303 3143 sociorumque
1328 3072 1443 3144 ejus
1483 3073 1840 3127 constantiam
1866 3112 1880 3136 ,
1909 3070 2165 3138 praecepit

580 3163 784 3218 nullum
818 3165 1025 3232 penitus
1052 3167 1432 3222 monachorum
1457 3175 1547 3220 aut
1572 3164 1860 3220 observnre
1879 3162 2161 3233 judicium,

2251 1950 2498 2021 precibus
2530 1948 2870 2003 curabantur.
2918 1946 3041 2002 llaec
3072 1946 3147 2000 illi
3177 1944 3459 2000 multitudo
3490 1942 3843 2009 venientium,

2251 2040 2604 2096 desideratam
2635 2038 2977 2094 solitudinem
3009 2036 3281 2101 auferens,
3312 2034 3469 2089 t:edio
3494 2034 3609 2087 fuit.

2323 2131 2565 2186 Metuens
2593 2132 2772 2200 itaque
2804 2146 2870 2184 ne
2900 2130 3174 2200 signorum
3203 2128 3422 2194 copiosa
3451 2124 3735 2181 concessio
3758 2131 3849 2179 aut

2253 2237 2379 2278 suos
2418 2224 2625 2277 animos
2656 2221 2975 2283 extolleret,
3017 2229 3105 2273 aut
3154 2219 3290 2273 alios
3340 2217 3459 2288 plus
3489 2215 3557 2271 de
3594 2232 3655 2270 se
3685 2229 3846 2285 quam

2254 2314 2508 2369 videbant
2540 2314 2590 2367 in
2624 2313 2742 2382 ipso
2787 2323 3004 2382 cogeret
3050 2312 3353 2376 :rstimare,
3400 2308 3465 2363 ad
3513 2308 3847 2376 superiorem

2256 2405 2583 2461 Thebaidem
2614 2419 2837 2475 pergere
2866 2401 3153 2473 cogitavit,
3200 2402 3287 2457 ubi
3316 2402 3493 2456 nullus
3515 2414 3636 2454 eum
3678 2415 3849 2470 agno-

2258 2508 2449 2553 sceret.
2480 2498 2545 2552 Et
2565 2511 2593 2551 a
2620 2495 2876 2552 fratribus
2898 2496 3133 2563 acceptis
3161 2493 3407 2563 panibus,
3439 2490 3662 2547 sedebat
3686 2505 3850 2560 super

2259 2589 2493 2645 ﬂuminis
2521 2589 2711 2657 ripam,
2745 2588 3025 2642 transitum
3054 2586 3209 2641 navis
3244 2586 3559 2641 observans.
3597 2582 3690 2637 Illo
3725 2582 3850 2637 talia

2260 2685 2547 2752 cogitante.
2578 2694 2683 2734 vox
2732 2679 2797 2732 ad
2848 2693 2969 2734 eum
3021 2679 3251 2745 desuper
3300 2677 3433 2729 facta
3475 2684 3586 2741 est,
3617 2673 3847 2730 dicens:

2262 2775 2478 2835 Antoni.
2506 2788 2610 2844 quo
2634 2774 2829 2843 pergis,
2855 2779 2910 2828 et
2939 2773 3142 2842 quare?
3166 2773 3233 2826 At
3256 2771 3346 2826 ille
3371 2769 3665 2838 intrepide,
3698 2767 3851 2839 quasi

2264 2877 2575 2923 consuetam
2624 2880 2807 2919 vocem
2858 2865 3125 2932 loquentis
3172 2872 3490 2933 agnosceret
3528 2862 3849 2932 respondit:

2265 2962 2526 3029 Quoniam
2557 2974 2664 3014 non
2695 2959 2880 3013 sinunt
2906 2972 2990 3012 me
3017 2956 3298 3027 quiescere
3324 2954 3523 3024 populi,
3552 2953 3758 3009 idcirco
3787 2951 3854 3011 ad

2266 3052 2601 3121 superiorem
2632 3050 2959 3107 Thebaidem
2985 3051 3064 3105 ire
3088 3051 3347 3117 optimum
3370 3046 3527 3113 duxi;
3561 3047 3853 3115 praecipue,

2268 3148 2393 3217 quia
2442 3159 2508 3201 ea
2554 3144 2742 3213 exigor
2770 3158 2889 3212 qua:
2920 3146 3171 3196 virtutem
3221 3154 3354 3195 mea:
3403 3139 3858 3209 pusillanimitatis

582 3265 677 3311 aut
704 3258 756 3311 in
786 3260 1001 3315 civitate
1030 3261 1252 3316 versari.
1286 3260 1353 3314 Et
1393 3258 1604 3314 (κριθῆς
1652 3257 1870 3329 quidem
1921 3258 2161 3311 omnibus

2274 3239 2556 3296 exeedunt.
2592 3237 2654 3292 Et
2682 3251 2783 3291 vox
2814 3236 2879 3290 ad
2911 3234 3058 3289 illum
3088 3237 3157 3289 ait
3188 3252 3199 3289 :
3226 3234 3281 3290 Si
3313 3235 3377 3288 ad
3404 3232 3736 3287 Thebaidem
3766 3244 3858 3285 va-

581 3349 637 3405 in
664 3349 754 3404 illa
781 3350 869 3405 die
896 3352 1093 3421 placuit
1122 3352 1412 3418 abscondi;
1440 3351 1705 3407 Antonius
1731 3361 1910 3405 autem
1945 3350 2169 3418 impavi-

583 3443 707 3509 dus,
742 3446 984 3513 neglecto
1015 3446 1375 3514 persecutoris
1407 3447 1633 3514 imperio
1662 3489 1675 3510 ,
1709 3446 1836 3499 lavit
1864 3444 2167 3515 ependyten

585 3550 741 3592 suum
785 3535 926 3609 (55).
980 3538 1045 3591 Et
1087 3540 1191 3593 alia
1239 3540 1528 3603 die,stans
1560 3539 1612 3594 in
1643 3540 1874 3606 quodam
1910 3537 2169 3592 eminenti

585 3626 726 3696 Ioco,
755 3628 864 3701 48
886 3630 1150 3685 candente
1177 3630 1493 3699 praecinctus
1524 3639 1672 3685 veste
1703 3630 1839 3702 (56),
1874 3628 2169 3697 proceden-

574 3731 695 3775 tem
720 3722 955 3791 judicem
983 3736 1081 3777 suo
1113 3723 1434 3791 provocabat
1463 3731 1680 3792 aSpectu
1708 3765 1721 3787 ,
1752 3723 1985 3792 flagrans
2024 3721 2168 3790 cupi-

586 3814 754 3870 ditate
785 3817 1025 3887 tuariyrii
1047 3832 1060 3881 ;
1086 3816 1508 3884 ostendebatque
1538 3817 1715 3882 nobis,
1741 3825 2169 3884 contemptorem

587 3925 865 3979 pugnarum
895 3924 947 3966 et
977 3912 1166 3965 mortis
1195 3912 1246 3965 in
1276 3909 1593 3965 Christianis
1637 3914 1877 3965 animum
1919 3925 2171 3980 perseve-

563 4000 710 4056 ‘rare
748 4000 963 4063 debere,
992 4002 1280 4063 intantum,
1306 4008 1364 4055 ut
1390 4002 1798 4056 contristaretur
1822 4006 1943 4069 quia
1974 4004 2172 4057 volenti

588 4092 695 4159 pati
740 4107 835 4160 pro
885 4091 974 4146 Dei
1000 4092 1216 4146 notitiae
1257 4095 1571 4164 martyrium
1620 4108 1726 4147 non
1771 4094 2016 4149 dabatur.
2066 4092 2171 4148 Sed

587 4184 846 4239 Dominus
871 4184 959 4253 qui
988 4200 1087 4239 suo
1112 4185 1261 4254 gregi
1291 4185 1561 4252 parcebat,
1596 4186 1906 4254 magistrum
1940 4188 2176 4242 servavit

586 4276 914 4344 Antonium,
962 4285 1019 4331 ut
1070 4278 1372 4333 institutum
1403 4277 1585 4349 (sicuti
1613 4274 1813 4332 factum
1844 4284 1952 4345 est)
1984 4294 2172 4333 mona-

586 4368 810 4425 chorum
832 4378 940 4425 non
962 4371 1134 4425 solum
1159 4372 1405 4426 oratione
1425 4373 1564 4440 ejus,
1595 4372 1690 4427 sed
1715 4381 1770 4426 et
1797 4372 2175 4441 conspectibus

585 4462 910 4519 ﬁrmaretur.
941 4464 1223 4535 Nunquam
1265 4475 1442 4519 tamen
1479 4480 1506 4518 a
1537 4473 1845 4520 sanctorum
1894 4467 2173 4520 confesso-

586 4570 706 4612 rum
737 4558 974 4627 vestigiis
1002 4568 1280 4627 separatus
1322 4569 1436 4622 est,
1481 4561 1642 4628 quin,
1690 4560 1848 4615 anxia
1892 4560 2033 4617 circa
2082 4576 2176 4616 eos

2274 3331 2457 3395 das,et
2478 3329 2543 3384 ad
2569 3326 2849 3397 pastoralia
2869 3326 3007 3396 (60).
3032 3333 3087 3380 ut
3109 3324 3333 3394 cogitas,
3360 3338 3571 3393 pergas,
3597 3322 3855 3393 majorem

2272 3437 2335 3477 ac
2363 3422 2628 3491 duplicem
2651 3418 2940 3474 sustinebis
2964 3418 3221 3472 laborem.
3249 3416 3307 3471 Si
3336 3424 3514 3469 autem
3546 3428 3675 3469 vere
3706 3415 3851 3483 qnie-

2275 3528 2427 3570 scere
2454 3514 2606 3580 cupis
2629 3511 2814 3579 ,,vade
2842 3524 2982 3565 nunc
3012 3509 3076 3562 ad
3110 3509 3335 3563 interius
3371 3506 3672 3561 desertum.
3701 3503 3859 3560 Cum~

2273 3620 2379 3676 que
2401 3604 2663 3658 Antonius
2688 3602 2924 3657 diceret:
2948 3602 3078 3669 Quis
3104 3599 3232 3653 mihi
3258 3599 3430 3652 locum
3460 3598 3635 3652 avium
3662 3596 3860 3665 poterit

2275 3695 2581 3759 ostendere,
2616 3694 2830 3763 ignarus
2854 3695 2999 3748 enim
3029 3706 3149 3746 sum
3177 3690 3456 3746 locorum?
3485 3689 3779 3745 confestim
3811 3687 3857 3743 ei

2275 3796 2362 3862 qui
2410 3792 2725 3860 loquebatur
2770 3788 3066 3844 Saracenos
3117 3785 3388 3851 indicavit,
3439 3784 3531 3854 qui
3581 3782 3857 3838 mercandi

2275 3883 2442 3955 gratia
2468 3880 2536 3935 ad
2566 3880 2853 3953 Egyptnm
2884 3881 3067 3934 venire
3092 3888 3505 3934 consueverant.
3539 3876 3637 3930 llis
3665 3890 3863 3945 appro-

2279 3979 2539 4046 pinquans
2567 3973 2847 4037 Antonius,
2881 3971 3087 4043 rogavit
3115 3979 3175 4024 ut
3198 3984 3260 4025 se
3291 3970 3495 4039 pariter
3530 3968 3865 4024 abducerent

2277 4074 2332 4127 in
2361 4074 2657 4127 desertum.
2687 4070 2875 4125 Nullus
2900 4068 3122 4123 obnisus
3148 4078 3263 4131 est,
3293 4066 3393 4123 sed
3416 4073 3668 4135 tanquam
3698 4079 3727 4117 a
3754 4064 3866 4119 Dee

2278 4166 2500 4221 missum
2529 4167 2782 4221 comitem
2810 4163 3191 4233 suscipientes,
3222 4159 3456 4231 amplexi
3486 4167 3610 4215 sunt
3639 4157 3757 4226 ejus
3782 4170 3865 4210 so-

2276 4264 2551 4316 cietatem.

2349 4372 2543 4428 Tribus
2566 4378 2741 4427 autem
2771 4370 2961 4426 diebus
2990 4379 3045 4424 et
3076 4369 3318 4425 noctibus
3350 4368 3543 4422 itinere
3568 4364 3856 4435 confecto,

2277 4466 2480 4521 invenit
2507 4474 2739 4519 montem
2765 4463 2881 4536 (6i)
2904 4463 3059 4518 valde
3078 4463 3372 4522 excelsum,
3392 4460 3457 4516 ad
3478 4459 3635 4530 cujus
3658 4458 3868 4515 radices

2280 4561 2400 4617 fons
2422 4576 2575 4632 aqua:
2603 4560 2774 4615 dulcis
2804 4560 3097 4623 labebatur,
3125 4569 3177 4615 et
3205 4574 3423 4630 campus
3453 4559 3595 4612 haud
3639 4572 3867 4626 magnus

586 4664 719 4706 cura
745 4662 800 4706 et
822 4652 1096 4707 charitatis
1124 4654 1352 4708 vinculis
1381 4653 1684 4723 colligatus,
1710 4656 1877 4725 magis
1897 4666 2169 4710 carcerem
2203 4661 2253 4725 (ι
2283 4663 2451 4709 totum
2480 4654 2723 4711 ambiens
2753 4664 3010 4718 montem,
3036 4656 3124 4723 qui
3155 4654 3347 4724 palmis
3373 4653 3673 4723 perpaucis,
3698 4659 3753 4705 et
3787 4652 3870 4705 his

588 4744 891 4814 patiebatur
938 4744 1205 4799 exclusus.
1241 4744 1529 4812 Postquam
1560 4753 1740 4800 autem
1783 4746 2174 4814 persecutionis

586 4837 748 4894 turbo
789 4837 1111 4904 deﬂuxerat,
1146 4847 1202 4894 et
1242 4840 1401 4896 beato
1447 4842 1700 4908 episcopo
1754 4840 1910 4896 Petro
1948 4840 2058 4911 jam
2103 4840 2174 4896 ob

589 4932 833 5003 martyrii
863 4931 1088 5000 gloriam
1110 4941 1369 4987 coronato
1400 4930 1540 5005 (57),
1571 4932 1636 4986 ad
1665 4932 1945 5001 pristinum
1980 4948 2174 4988 mona—

589 5024 815 5081 sterium
843 5039 1121 5093 regressus
1140 5064 1157 5091 ,
1186 5025 1558 5097 quotidianum
1587 5025 1711 5080 ﬁdei
1738 5040 1799 5080 ac
1829 5029 2172 5081 conscientia

589 5120 905 5190 martyrium
934 5118 1257 5183 merebatur,
1291 5118 1588 5173 acrioribus
1616 5133 1675 5172 se
1700 5118 1922 5188 jejuniis
1946 5119 2175 5188 vigiliis-

586 5224 693 5278 que
716 5209 1005 5265 oonticiens
1028 5208 1169 5280 (58).
1200 5209 1526 5264 vestimento
1566 5208 1781 5263 eiliciuo
1811 5208 2136 5263 intrinsecus
2158 5248 2173 5273 ,

587 5301 823 5370 desuper
848 5303 1063 5372 pellicio
1105 5303 1372 5366 utebatur,
1407 5318 1674 5371 nunquam
1716 5318 1912 5369 corpus
1944 5300 2128 5354 iavans
2155 5342 2171 5369 ,

586 5407 857 5462 nunquam
885 5394 1107 5462 pedibus
1136 5392 1325 5449 sordes
1345 5392 1590 5458 abluens,
1614 5392 1720 5447 nisi
1748 5407 1869 5446 cum
1893 5406 1989 5461 per
2009 5406 2173 5460 aquas

584 5489 820 5543 transire
835 5490 1121 5543 necessitas
1135 5487 1499 5555 compulisset.
1518 5486 1699 5540 Nullus
1714 5485 1941 5546 denique
1958 5483 2173 5538 Antonii

528 5608 540 5648 ;
584 5597 782 5653 corpus
810 5582 1031 5645 nudum,
1061 5592 1348 5650 antequam
1402 5592 1719 5643 moreretur,
1752 5592 1985 5645 unquam
2016 5576 2169 5632 vidit.

656 5676 789 5733 Car.
824 5674 1014 5731 XXIV.
1037 5676 1367 5741 -Quodam
1407 5688 1584 5729 autem
1628 5684 1867 5742 tempore
1895 5714 1907 5735 ,
1939 5686 2058 5727 cum
2104 5671 2174 5727 ab

585 5768 827 5828 omnium
856 5783 916 5824 se
945 5768 1242 5824 amovisset
1279 5766 1450 5822 oculis
1472 5808 1488 5833 ,
1521 5775 1575 5821 et
1620 5768 1802 5821 clauso
1845 5766 2172 5820 monasterio

587 5862 862 5926 nemiuem
908 5863 1129 5920 omnino
1174 5859 1510 5935 susciperet,
1552 5858 1900 5917 Martinianus
1947 5858 2171 5919 militum

2284 4749 2561 4817 neglectis,
2587 4748 2826 4802 consitus
2848 4756 2984 4802 erat.
3005 4745 3153 4801 Hunc
3176 4748 3437 4802 Antonius
3458 4747 3651 4810 locum,
3669 4744 3870 4819 quasia

2285 4840 2395 4897 Deo
2421 4842 2520 4896 sibi
2546 4841 2849 4909 offerretur,
2881 4842 3156 4911 amplexus
3183 4850 3285 4898 est.
3314 4836 3364 4897 Is
3393 4842 3535 4897 enim
3562 4850 3677 4895 erat
3707 4855 3871 4909 quem

2281 4935 2382 4989 sibi
2414 4936 2477 4989 ad
2513 4934 2747 4988 fluminis
2781 4936 2948 5003 ripam
2982 4934 3189 4989 sedenti
3220 4935 3309 5003 qui
3341 4934 3660 5005 loquebatur
3688 4942 3874 4987 osten-

2281 5026 2454 5082 derat.
2488 5026 2555 5080 Et
2586 5025 2755 5095 primo
2784 5025 2998 5095 quidem
3024 5028 3290 5094 accipiens
3318 5041 3346 5080 a
3372 5024 3658 5079 comitibus
3682 5040 3871 5093 panes,

2282 5118 2429 5175 solus
2474 5120 2732 5173 remansit
2783 5117 2837 5174 in
2889 5129 3111 5184 monte,
3168 5119 3314 5172 nullo
3362 5118 3468 5171 alio
3516 5133 3637 5171 cum
3677 5116 3872 5171 eodem

2282 5214 2656 5267 conversante.
2677 5212 2839 5277 Quasi
2858 5214 3129 5282 propriam
3155 5211 3297 5267 enim
3316 5209 3533 5265 domum
3552 5224 3872 5280 agnoscens,

2283 5304 2512 5361 habebat
2540 5306 2713 5360 locum
2749 5305 2920 5361 illum.
2955 5304 3208 5359 Saraceni
3237 5318 3449 5374 quoque
3483 5301 3727 5358 videntes
3755 5302 3873 5371 ejus

2281 5396 2550 5462 ﬁduciam,
2584 5406 2767 5467 optato
2792 5413 2886 5468 per
2917 5412 3038 5452 eum
3063 5396 3313 5463 transitu,
3353 5410 3517 5466 panes
3546 5396 3719 5450 eidem
3746 5410 3870 5449 cum

2281 5490 2464 5545 lmtitia
2482 5489 2827 5556 deferebant;
2860 5504 3065 5546 necnon
3091 5490 3410 5559 palmarum,
3437 5488 3564 5544 licet
3588 5485 3872 5556 mediocri,

2281 5594 2516 5639 attamen
2543 5584 2815 5654 aliquanto
2842 5584 3035 5638 solatio
3062 5579 3421 5638 refovebatur.

2349 5676 2478 5731 Car.
2512 5676 2678 5732 XXV.
2704 5706 2775 5718 —
2802 5672 3011 5733 Exinde
3058 5692 3177 5731 cum
3226 5676 3421 5731 fratres
3441 5714 3458 5742 ,
3488 5675 3666 5745 agnito
3714 5673 3868 5741 loco,

2279 5779 2528 5837 tanquam
2558 5767 2623 5823 ad
2654 5778 2859 5837 patrem
2889 5767 3013 5831 filii,
3047 5766 3272 5822 sollicite
3300 5764 3553 5821 alimenta
3587 5765 3867 5819 transmit-

2279 5871 2481 5932 terent,
2514 5861 2697 5943 videns
2740 5860 3000 5918 Antonius
3040 5860 3181 5934 quod
3224 5859 3295 5918 ob
3332 5872 3489 5917 suum
3530 5856 3867 5932 refrigerium
