4124 6350
573 355 672 414 151

1647 352 1728 405 DE
1770 351 1945 406 VITIS
1983 347 2269 406 PATRUM
2309 346 2516 403 LIBER
2553 344 2826 402 PRIMUS.

3730 332 3830 390 15!

570 475 886 544 sapissime,
922 475 1125 542 psallite
1157 489 1394 542 vespere,
1444 479 1497 526 et
1527 487 1703 534 mane,
1732 481 1786 527 et
1816 472 2058 531 meridie.
2090 478 2147 526 et
2171 472 2223 530 Α
2251 467 2472 524 ferrent.
2504 466 2620 520 Non
2676 465 2817 519 cnim
2844 459 3065 518 Antonii
3095 465 3187 512 aut
3212 455 3524 526 cujusquam
3554 451 3830 512 hominum

567 568 817 625 mandata
843 567 1233 635 Scripturarum
1265 566 1536 620 revolvite.
1568 565 1940 620 Recordamiui
1969 574 2146 634 gesto-

565 676 709 726 rum,
742 676 858 729 qute
887 659 1058 716 sancti
1080 660 1271 728 quique
1301 659 1559 721 fecerunt,
1602 668 1656 713 ut
1685 659 1914 727 exempli
1946 673 2147 713 memo-

564 753 646 809 ria
692 751 925 807 animam
978 752 1159 806 incitet
1205 749 1268 803 ad
1307 749 1596 811 virtutem,
1652 750 1943 805 refreneta
1983 751 2140 804 vitiis.

561 842 834 901 Suadebat
860 843 1019 898 etiam
1044 843 1152 912 jugi
1183 841 1526 896 meditatione
1550 841 1884 896 retinendum
1907 842 2145 909 Apostoli

561 948 893 1000 sermonem,
924 948 1030 1002 quo
1057 932 1128 985 ait
1158 949 1172 985 :
1204 931 1294 986 Sol
1336 947 1442 986 non
1486 932 1692 986 occidat
1726 947 1886 1000 super
1931 933 2144 987 iracun-

563 1028 705 1082 diam
735 1035 966 1080 vestram
999 1025 1214 1096 (Epltes.
1252 1024 1348 1096 tv).
1382 1027 1496 1080 Non
1547 1037 1746 1080 tantum
1779 1035 1953 1080 autem
1985 1042 2147 1095 super

561 1115 890 1170 iracundiam
935 1116 1104 1170 solem
1135 1117 1380 1171 Occidere
1425 1131 1528 1169 non
1579 1115 1776 1171 debere
1823 1117 2142 1186 interpreta-

560 1208 738 1273 batur,
763 1210 854 1265 sed
886 1218 936 1264 et
965 1225 1126 1279 super
1163 1210 1340 1264 omnia
1371 1209 1562 1263 delicta
1598 1209 1896 1274 hominum,
1931 1226 1997 1264 ne
2025 1225 2145 1280 pec-

559 1310 800 1356 catorum
830 1316 1062 1370 unquam
1112 1309 1413 1354 nostrorum
1454 1311 1545 1356 aut
1573 1302 1622 1353 in
1672 1311 1827 1355 nocte
1869 1301 2011 1368 luna,
2058 1311 2148 1356 aut

555 1393 612 1447 in
644 1392 733 1446 die
759 1393 858 1457 sol,
892 1402 1054 1447 testes
1093 1392 1460 1448 abscederent.
1515 1392 1661 1446 illius
1700 1408 1914 1462 quoque
1956 1395 2142 1445 admo-

554 1485 720 1539 nebat
769 1485 1019 1552 prmcepti
1052 1499 1319 1539 memores
1368 1499 1521 1548 esse,
1573 1484 1712 1551 quod
1764 1483 1890 1538 dicit
1919 1485 1983 1537 de
2014 1485 2096 1537 his
2128 1501 2139 1534 :

552 1575 854 1646 Dijudicate
882 1578 1253 1644 vosmetipsos,
1285 1586 1338 1632 et
1370 1577 1588 1644 probate
1620 1576 1702 1644 (ll
1736 1576 1858 1631 Cor.
1899 1579 2049 1646 xttt);
2085 1587 2144 1631 ut

552 1669 814 1722 rationem
862 1669 968 1724 diei
1000 1671 1277 1738 noctisque
1309 1668 1587 1732 facientes,
1632 1669 1675 1722 si
1708 1669 1758 1722 in
1791 1685 1851 1724 se
1893 1670 2140 1723 delictum

552 1762 1067 1831 deprehendissent,
1125 1777 1350 1833 peccare
1405 1763 1764 1828 desisterent;
1825 1763 1906 1816 sin
1963 1774 2140 1817 autem

2249 559 2468 615 omnino
2495 559 2632 612 hanc
2661 573 2782 612 esse
2814 555 3156 619 medicinam,
3192 553 3286 608 sed
3317 551 3412 607 Dei
3443 552 3632 616 solius.
3657 550 3751 622 qui
3778 559 3834 608 et

2249 652 2442 722 quibus
2469 651 2654 715 vellet,
2686 663 2740 704 et
2766 664 2870 718 quo
2899 647 3059 703 vellet
3083 656 3324 714 tempore
3350 644 3500 700 daret
3524 644 3829 702 sanitatem.

2248 740 2323 796 Ita
2377 741 2742 796 consolatione
2789 755 2885 796 sua
2929 749 2981 794 et
3009 748 3226 794 vexatos
3278 738 3647 806 aequanimiter
3691 737 3834 795 ferro

2251 834 2621 897 tentationem,
2655 840 2709 887 et
2733 831 2841 901 jam
2875 832 3151 897 liberatos,
3181 845 3286 886 non
3314 829 3433 897 sibi,
3464 831 3558 886 sed
3584 830 3694 886 Deo
3717 847 3834 902 gra-

2249 926 2349 980 tias
2378 925 2575 981 referre
2599 924 2840 980 docebat.

2320 1020 2447 1075 CAP.
2478 1019 2672 1074 XXIX.
2705 1050 2774 1062 ——
2805 1019 3002 1074 Fronto
3042 1029 3218 1074 autem
3248 1019 3481 1089 quidam,
3531 1019 3610 1073 vir
3637 1035 3700 1074 ex
3735 1019 3835 1073 Pa-

2250 1110 2494 1180 laestinis,
2543 1112 2631 1180 qui
2676 1111 3024 1166 infestissimo
3053 1110 3317 1165 daemonio
3364 1110 3654 1165 vexabatur
3687 1111 3835 1181 (nam

2249 1214 2305 1259 et
2335 1204 2566 1273 linguam
2595 1204 2711 1274 ejus
2752 1203 2981 1257 laniabat
3007 1203 3276 1269 dentibus,
3310 1215 3361 1257 et
3393 1204 3666 1257 oculorum
3700 1204 3839 1259 nite-

2249 1298 2402 1352 batur
2427 1298 2598 1352 lumen
2631 1296 3019 1367 exstinguere),
3049 1299 3283 1367 perrexit
3303 1299 3368 1351 ad
3392 1308 3650 1364 montem,
3676 1314 3839 1369 roga-

2248 1389 2440 1457 batque
2488 1388 2701 1444 beatum
2734 1404 2915 1444 senem
2960 1399 3017 1443 ut
3049 1403 3144 1458 pro
3181 1403 3238 1443 se
3282 1388 3566 1444 Dontittum
3599 1400 3834 1459 rogaret.

2247 1480 2429 1535 Oravit
2457 1481 2739 1546 Antonius,
2772 1480 3009 1551 dixitque
3037 1481 3102 1535 ad
3131 1496 3252 1535 eum
3280 1499 3291 1532 :
3318 1479 3486 1547 Vade,
3528 1491 3581 1536 et
3609 1482 3839 1536 curabe-

2247 1573 2342 1627 ris.
2395 1572 2470 1625 Illi
2505 1571 2781 1626 incredula
2812 1572 2953 1639 sibi,
3001 1581 3056 1627 et
3100 1572 3364 1628 violenter
3409 1572 3601 1628 ibidem
3652 1585 3842 1630 contra

2251 1673 2570 1734 praeceptum
2612 1665 2926 1729 remoranti,
2958 1664 3142 1720 eadem
3175 1667 3481 1735 geminabat
3534 1667 3800 1722 Antonius
3822 1707 3841 1735 ,

2244 1759 2428 1812 dicens
2459 1776 2469 1810 :
2500 1757 2593 1813 llic
2620 1758 2795 1812 curari
2829 1773 2933 1812 non
2969 1759 3167 1826 puteris
3197 1775 3212 1814 :
3246 1759 3524 1830 egredere,
3553 1769 3606 1815 et
3636 1761 3840 1816 calcata

553 1854 730 1908 nullus
761 1869 912 1909 error
939 1854 1260 1924 decepisset,
1303 1862 1712 1922 perseverantes
1760 1855 2021 1909 instarent
2047 1869 2132 1923 po.

2245 1847 2498 1917 Egypto,
2525 1850 2702 1904 Statim
2734 1857 2785 1904 te
2817 1851 3183 1904 misericordia
3214 1850 3410 1906 Christi
3449 1863 3836 1922 consequetur.

551 1945 656 2001 tius
685 1947 929 2017 incepto,
960 1963 1118 2018 quam
1166 1947 1470 2016 arrogantia
1502 1947 1689 2001 tumidi
1722 1957 1811 2002 aut
1842 1949 1977 2003 alios
2009 1965 2138 2004 con-

551 2049 873 2108 temnerent,
908 2053 996 2097 aut
1028 2043 1126 2097 sibi
1167 2042 1428 2110 justitiam
1463 2043 1830 2107 vendicarent,
1862 2044 2008 2113 juxta
2052 2060 2140 2100 su-

549 2132 770 2203 pradicti
804 2135 1044 2190 Doctoris
1073 2134 1344 2204 eloquium
1380 2134 1643 2190 dicentis:
1678 2134 1852 2190 Nolite
1888 2135 2132 2205 judicare

548 2233 674 2281 ante
721 2235 930 2294 tempus
960 2224 1015 2298 (I
1042 2225 1160 2280 Cor.
1193 2225 1300 2295 tv);
1333 2227 1500 2295 magis
1550 2228 1751 2284 debere
1779 2242 1874 2283 eos
1913 2228 2136 2294 Christi,

548 2317 635 2372 cui
682 2317 783 2372 soli
814 2318 1024 2372 occulta
1055 2327 1256 2386 patent,
1287 2332 1566 2374 reservare
1607 2319 1808 2387 judicio
1842 2319 2019 2389 (ltom.
2048 2321 2131 2390 ll).

549 2407 738 2464 Multas
782 2424 900 2464 esse
933 2409 1012 2479 (ut
1053 2411 1308 2476 scriptum
1339 2411 1442 2478 est)
1470 2410 1587 2465 vias
1616 2426 1734 2478 qua:
1763 2411 2014 2467 videntur
2045 2411 2139 2467 ho-

547 2500 783 2554 minibus
805 2501 988 2569 justte,
1031 2501 1125 2556 sed
1146 2502 1278 2558 fines
1303 2518 1486 2558 earum
1508 2504 1575 2558 ad
1608 2504 1927 2574 profundum
1954 2507 2127 2574 respi-

549 2603 672 2644 cere
698 2591 884 2645 inferni
913 2589 1095 2662 (Prov.
1125 2608 1210 2646 xtv
1234 2602 1281 2647 et
1304 2593 1418 2663 xvt)
1438 2612 1452 2661 ;
1476 2610 1618 2663 saepe
1641 2605 1822 2650 nostra
1847 2611 1949 2650 non
1980 2613 2141 2666 posse

546 2695 645 2737 nos
699 2682 994 2753 intelligere
1023 2693 1260 2753 peccata,
1294 2700 1436 2756 saepe
1481 2687 1589 2741 falli
1624 2687 1677 2740 in
1721 2689 1929 2743 ratione
1958 2699 2138 2758 gesto-

545 2790 698 2840 rum;
726 2775 868 2831 aliud
911 2791 1030 2832 esse
1056 2777 1150 2832 Dei
1179 2791 1370 2833 cuncta
1416 2781 1686 2834 cernentis
1729 2779 2012 2851 judicium,
2044 2785 2138 2852 qui

545 2881 654 2920 non
682 2881 744 2920 ex
773 2867 1056 2933 superficie
1085 2884 1388 2938 corporum,
1423 2871 1516 2926 sed
1545 2886 1611 2926 ex
1652 2873 1910 2927 mentium
1935 2875 2138 2942 judicat

546 2959 778 3014 arcanis.
812 2957 1042 3029 Ieqtum
1093 2969 1269 3028 autem
1303 2976 1421 3017 esse
1468 2979 1565 3017 nos
1596 2965 1750 3020 nobis
1779 2969 2034 3036 compati,
2082 2977 2138 3025 et

545 3047 773 3105 invicem
803 3066 966 3104 onera
999 3063 1180 3108 nostra
1227 3062 1439 3121 portare
1473 3053 1612 3124 (Gal.
1645 3057 1753 3126 vt),
1791 3066 1849 3110 ut
1877 3073 2134 3116 concesso

547 3147 795 3198 examine
840 3145 1137 3212 Salvatori,
1189 3147 1430 3215 proprias
1473 3151 1829 3208 conscientias
1891 3165 2134 3212 nosmet-

543 3232 690 3304 ipsos
716 3236 1019 3302 judicautes
1050 3239 1397 3296 intueremur.
1774 3255 1778 3260 '

616 3327 836 3384 Necnon
864 3329 1075 3386 dicebat
1103 3349 1349 3402 magnam
1379 3349 1498 3391 esse
1523 3337 1587 3391 ad
1621 3339 1866 3394 virtutem
1899 3341 2060 3406 viam,
2087 3343 2133 3398 si

544 3415 740 3486 singuli
771 3420 853 3475 vel
899 3421 1245 3478 observarent
1274 3426 1412 3494 quod
1442 3438 1708 3495 gererent,
1743 3434 1822 3486 vel
1856 3433 2133 3489 universas

548 3509 808 3562 mentium
839 3510 1188 3578 cogitationes
1219 3513 1476 3570 fratribus
1505 3518 1787 3576 referrent.
1843 3521 1956 3577 Non
1988 3525 2130 3579 enim

545 3612 704 3668 posse
732 3599 960 3670 aliquem
992 3618 1233 3671 peccare,
1264 3620 1384 3662 cum
1417 3610 1682 3666 relaturus
1713 3623 1854 3668 esset
1875 3616 1939 3669 ad
1969 3618 2132 3672 alium

545 3704 872 3758 quwcunque
902 3705 1194 3763 peccasset,
1218 3707 1271 3751 et
1293 3702 1473 3756 subire
1499 3702 1754 3771 pudorem
1781 3706 1831 3759 in
1860 3707 2128 3774 publicum

543 3782 715 3852 turpia
746 3783 1071 3852 proferendi.
1107 3787 1342 3858 Denique
1372 3793 1574 3847 nullum
1608 3807 1916 3863 peccantem
1946 3815 2129 3856 curam

542 3871 648 3929 alio
679 3875 876 3931 audere
929 3893 1184 3946 peccare;
1215 3883 1426 3938 etiamsi
1474 3897 1677 3956 peccet,
1729 3899 1903 3945 tamen
1937 3900 2127 3948 testem

541 3967 713 4020 vitare
757 3971 995 4037 peccati,
1050 3976 1257 4029 mentiri
1302 3976 1467 4046 magis
1495 3989 1551 4034 et
1603 3998 1828 4051 negare,
1883 3996 1936 4040 et
1980 4000 2130 4044 vetus

543 4059 795 4114 delictum
841 4077 978 4117 novo
1020 4065 1288 4121 inliciandi
1316 4084 1511 4138 augere
1535 4071 1750 4129 delicto.
1783 4075 1946 4146 igitur
1975 4081 2129 4147 quasi

541 4151 643 4205 sub
668 4152 859 4215 oculis,
888 4153 1081 4222 aiebat,
1131 4159 1348 4224 nostris,
1381 4169 1435 4216 et
1467 4165 1699 4232 cogitatu
1750 4169 2128 4226 confundimur

538 4250 595 4297 et
621 4249 769 4306 actu,
800 4244 846 4298 si
892 4247 1069 4300 omnia
1117 4249 1396 4306 referenda
1429 4253 1708 4324 faciamus,
1747 4259 1916 4316 multo
1946 4273 2124 4320 autem

542 4337 736 4407 magis,
767 4340 811 4393 si
843 4351 1055 4408 peccata
1089 4354 1268 4402 nostra
1302 4346 1530 4404 fideliter
1575 4351 1941 4410 describentes
1969 4356 2126 4428 dige-

538 4443 719 4484 ramus
762 4430 815 4486 in
846 4432 1111 4491 ordinem.
1157 4435 1304 4492 Tunc
1339 4453 1466 4494 vero
1498 4445 1771 4497 annotatio
1807 4447 2123 4504 delictorum

537 4519 763 4576 fratrum
795 4523 1062 4581 videbitur
1087 4528 1275 4583 oculis.
1304 4529 1361 4586 Si
1395 4532 1698 4590 timebimus
1726 4538 1928 4605 peccati
1968 4555 2122 4597 ceras

2243 1941 2479 1997 Tandem
2507 1943 2753 2010 credidit,
2794 1952 2848 1998 et
2880 1943 3150 2012 profectus
3179 1954 3291 2009 est;
3344 1960 3406 2000 ac
3435 1945 3545 2000 visa
3575 1945 3838 2016 Egypto,

2242 2034 2532 2089 secundum
2593 2036 2982 2104 professionem
3037 2037 3213 2102 senis,
3265 2051 3423 2106 quam
3483 2037 3534 2093 ei
3581 2037 3840 2093 Dominus

2242 2130 2416 2185 oranti
2448 2130 2805 2195 revelaverat,
2839 2129 3106 2184 infestatio
3134 2132 3361 2185 cessavit
3391 2131 3608 2186 inimici.

2314 2221 2446 2276 CAP.
2496 2220 2672 2275 XXX.
2696 2249 2767 2260 —
2794 2221 2953 2290 Virgo
2983 2235 3109 2276 vero
3153 2222 3417 2291 quaedam,
3443 2237 3560 2292 qua:
3598 2225 3665 2279 de
3687 2221 3841 2278 Busi-

2241 2311 2313 2368 ris
2359 2312 2704 2380 Tripolitanae
2754 2313 2990 2383 regionis
3021 2311 3135 2384 (67)
3179 2314 3393 2370 civitate
3442 2315 3640 2370 ibidem
3688 2327 3842 2382 erat,

2241 2404 2494 2459 inauditis
2521 2419 2582 2459 ac
2612 2404 2875 2461 ﬂebilibus
2924 2405 3125 2460 morbis
3155 2407 3452 2461 laborabat.
3488 2409 3700 2464 Etenim
3737 2425 3834 2464 na-

2241 2497 2378 2552 rium
2427 2508 2806 2567 purgamenta,
2862 2497 3137 2552 oculorum
3187 2499 3461 2570 lacrymm,
3492 2503 3703 2556 aurium
3735 2518 3841 2568 pu-

2244 2591 2413 2646 tridus
2444 2592 2636 2646 humur
2667 2593 2718 2646 in
2752 2602 2947 2647 terram
2993 2592 3194 2648 cadens
3232 2594 3512 2650 confestim
3543 2596 3595 2650 iu
3629 2611 3843 2653 vermes

2241 2683 2610 2738 vertebantur.
2662 2684 2902 2754 Augebat
2945 2686 3301 2740 calamitatem
3349 2700 3546 2756 corpus
3595 2687 3838 2757 paralysi

2240 2777 2585 2844 dissolutum,
2612 2779 2797 2833 oculos
2827 2794 3042 2850 quoque
3072 2794 3356 2849 perversos
3379 2791 3562 2836 contra
3591 2791 3842 2838 naturam

2242 2872 2465 2928 habens.
2497 2872 2643 2926 lianc
2673 2881 2924 2941 parentes
2968 2876 3084 2942 ejus
3112 2872 3436 2940 deferentes,
3479 2890 3598 2929 cum
3629 2874 3696 2930 ad
3725 2877 3844 2929 Au-

2241 2964 2446 3019 tonium
2495 2967 2791 3020 monachos
2822 2965 2899 3019 ire
2931 2965 3272 3032 didicissent;
3322 2968 3604 3023 credentes
3648 2969 3700 3021 in
3733 2969 3844 3024 Do-

2240 3058 2410 3123 mino,
2441 3058 2526 3126 qui
2561 3059 2889 3124 pertinacem
2919 3059 3194 3130 sanguinis
3223 3059 3423 3114 ﬂuxum
3456 3060 3510 3114 itt
3545 3062 3840 3131 Evangelia

2242 3159 2384 3204 tactu
2431 3149 2654 3205 ﬁmbriae
2705 3160 2851 3206 stare
2883 3161 3208 3222 prteceperat
3242 3150 3458 3223 (Matth.
3499 3154 3576 3224 tx)
3602 3167 3842 3223 rogave-

2240 3251 2367 3297 runt
2416 3251 2473 3296 ut
2523 3244 2881 3298 miserabilem
2936 3245 3057 3298 tilia:
3115 3247 3425 3300 comitatum
3471 3249 3835 3317 susciperent.

2240 3335 2349 3390 lllis
2379 3335 2732 3390 renitentibus
2760 3352 2879 3391 eam
2903 3351 3072 3407 usque
3098 3336 3165 3391 ad
3198 3337 3486 3393 Antonium
3512 3340 3835 3409 perducere,

2239 3441 2549 3483 remansere
2581 3439 2828 3496 parentes
2879 3428 2993 3498 ejus
3027 3429 3154 3484 foris
3184 3445 3307 3485 cum
3340 3430 3444 3485 lilia
3499 3431 3660 3487 debili
3690 3434 3838 3502 apud

2240 3518 2449 3574 beatum
2476 3519 2841 3575 confessorem
2867 3531 2920 3575 et
2951 3522 3272 3577 monachum
3305 3523 3661 3592 Paphnutium
3690 3526 3836 3596 (68),

2235 3612 2325 3681 qui
2356 3611 2565 3667 eﬂ‘ossis
2591 3627 2686 3682 pro
2713 3613 2926 3668 Christo
2964 3615 3134 3670 oculis
3172 3616 3272 3673 sub
3298 3615 3620 3674 Maximiano
3651 3634 3838 3689 perse-

2235 3715 2443 3772 cutore,
2478 3706 2572 3761 tali
2600 3705 3080 3765 dehonestamento
3113 3709 3232 3779 (69)
3261 3711 3505 3780 corporis
3535 3711 3835 3782 plurimum

2234 3801 2581 3870 gloriabatur.
2619 3802 2980 3857 Pervenerunt
3028 3804 3186 3874 igitur
3215 3804 3280 3858 ad
3313 3807 3604 3861 Antonium
3638 3823 3836 3861 mona-

2233 3893 2342 3947 chi.
2373 3892 2615 3962 Cumque
2643 3893 2709 3948 de
2739 3897 2932 3950 morbo
2971 3897 3162 3966 puellae
3192 3900 3394 3953 referre
3423 3900 3526 3970 51
3562 3898 3830 3969 dispone-

2233 3995 2390 4050 rent,
2442 3987 2760 4043 relationem
2790 4003 2975 4045 eorum
3029 3993 3178 4048 senis
3228 4007 3409 4049 sermo
3441 3997 3729 4062 praevenit;
3775 4006 3834 4054 et

2231 4094 2444 4135 omnem
2500 4081 2793 4137 debilitatis
2857 4094 2910 4139 et
2959 4085 3170 4142 itineris
3226 4102 3395 4158 usque
3446 4089 3514 4144 ad
3581 4101 3832 4148 sanctum

2231 4172 2585 4241 Paphnutium
2632 4189 2871 4241 causam,
2922 4179 3073 4247 quasi
3107 4180 3223 4249 ipse
3276 4181 3626 4249 interfuisset,
3660 4199 3833 4254 expo-

2230 4265 2356 4320 suit.
2387 4265 2716 4336 Rogautibus
2743 4277 2923 4324 autem
2953 4285 3075 4325 eum
3100 4271 3402 4342 monachis,
3430 4284 3490 4328 ut
3515 4275 3831 4343 parentibus

2229 4371 2352 4412 cum
2382 4358 2486 4413 tilia
2518 4360 2914 4428 permitteretur
2940 4365 3229 4432 ingressus.
3261 4381 3372 4422 non
3413 4370 3701 4435 concessit,
3729 4372 3828 4428 sed

2229 4449 2342 4503 ait:
2378 4449 2481 4517 lte,
2514 4460 2568 4506 et
2607 4451 2896 4509 invenietis
2925 4456 3179 4523 puellam,
3222 4458 3268 4513 si
3319 4474 3426 4515 non
3477 4470 3559 4516 est
3587 4472 3826 4532 mortua,

2229 4550 2488 4598 curatam.
2524 4542 2589 4598 Et
2630 4544 2869 4615 adjecit:
2902 4545 3087 4602 Nullus
3128 4549 3289 4606 debet
3317 4551 3384 4605 ad
3421 4569 3594 4609 meam
3640 4555 3827 4611 humi-

534 4613 779 4669 conscias
808 4615 944 4687 (66),
998 4619 1096 4688 ipsi
1128 4635 1225 4677 nos
1253 4634 1478 4692 arguerit
1516 4628 1716 4696 apices.
1748 4630 1812 4684 Et
1853 4633 2122 4701 quomodo
2149 4642 2203 4704 ι)
2227 4630 2430 4687 litatem
2481 4636 2668 4690 venire
2692 4613 2714 4702 ,ἡ
2757 4637 2879 4707 quia
2932 4639 3168 4709 largitio'
3199 4644 3536 4700 curationum
3581 4661 3687 4702 non
3735 4657 3825 4705 est

533 4707 905 4764 meretricibus
951 4712 1193 4769 membra
1237 4715 1563 4784 miscentes,
1607 4721 2007 4779 confunduntur
2051 4727 2119 4782 ad

531 4799 875 4864 praesentiam
905 4813 1220 4860 caeterorum
1241 4848 1258 4872 ,
1307 4807 1378 4863 ita
1407 4819 1462 4865 et
1506 4814 1602 4867 nos
1630 4815 2010 4872 erubescamus
2049 4819 2119 4874 ad

529 4885 772 4956 litteras,
824 4892 870 4947 si
918 4894 1031 4949 hanc
1082 4911 1318 4966 agamus.
1377 4902 1522 4957 lianc
1549 4906 1759 4960 virtutis
1810 4909 2120 4978 gradiamur

530 4978 696 5046 viam,
729 4990 783 5038 et
805 4997 1030 5053 corpora
1072 4989 1342 5046 mentibus
1388 4994 1758 5064 subjuganles,
1794 5000 2119 5067 perniciosas

533 5070 729 5129 diaboli
790 5086 1132 5135 conteremus
1199 5082 1441 5140 insidias.
1494 5086 1710 5143 Talibus
1781 5093 2119 5149 sermonibus

526 5164 984 5240 hortamentisque
1011 5181 1067 5229 et
1095 5176 1374 5232 venientes
1420 5179 1485 5234 ad
1519 5195 1576 5236 se
1609 5189 1899 5240 monachos
1928 5188 2116 5242 incita-

529 5256 622 5310 bat
651 5259 715 5312 ad
744 5263 998 5332 studium,
1025 5275 1079 5321 et
1105 5269 1430 5335 patientibus
1457 5274 1793 5345 condolebat,
1826 5279 2115 5349 pluresque

533 5363 718 5402 eorum
769 5352 1024 5411 Dominus
1065 5375 1157 5427 per
1188 5362 1478 5417 Antonium
1526 5365 1789 5423 liberavit.
1833 5370 2111 5439 Nunquam

531 5449 708 5495 tamen
736 5454 825 5497 aut
855 5447 920 5502 tle
942 5449 1307 5509 incolumitate
1349 5464 1651 5510 curaturum
1677 5467 1755 5513 est
1786 5459 1998 5516 inﬂatus
2045 5464 2114 5519 ad

528 5530 774 5624 gloriam,
808 5550 897 5591 aut
923 5545 1266 5601 contristatus
1313 5548 1380 5602 de
1409 5550 1645 5605 obsessis
1677 5552 1850 5608 adhuc
1874 5559 2114 5624 corpori-

532 5619 629 5675 bus
657 5633 1039 5697 tnttrmuravit;
1073 5637 1239 5705 magis
1270 5650 1444 5693 autem
1485 5641 1673 5695 eodem
1698 5657 1908 5712 semper
1933 5646 2112 5704 animo

526 5721 580 5765 et
610 5715 756 5771 vultu
802 5734 1043 5785 manens,
1074 5727 1269 5792 gratias
1312 5729 1422 5785 Deo
1450 5732 1729 5800 referebat,
1767 5736 1997 5790 suadens
2023 5753 2114 5792 oc-
2173 5727 2179 5734 ’

523 5811 732 5876 cupatis
779 5823 838 5870 ut
865 5819 1255 5888 correptioneut
1302 5838 1404 5896 qua
1445 5829 1792 5900 vexabantur,
1823 5831 2110 5914 patientius

2226 4722 2475 4780 humanae.
2504 4728 2756 4793 miseriae,
2790 4730 2883 4785 sed
2909 4729 3037 4787 Jestt
3063 4731 3266 4789 Christi
3296 4735 3704 4806 misericordiae,
3729 4741 3824 4811 qui

2225 4817 2424 4888 ubique
2442 4820 2493 4874 in
2513 4834 2575 4876 se
2594 4821 2935 4880 credentibus
2958 4836 3217 4890 praestare
3237 4831 3514 4885 consuevit
3537 4832 3821 4891 auxilium.

2226 4909 2583 4978 Quamobrem
2628 4923 2683 4968 et
2721 4914 2840 4984 illa,
2882 4931 2980 4985 pro
3018 4933 3121 4988 qua
3166 4921 3376 4990 petitis,
3426 4926 3538 4979 suis
3571 4913 3823 4994 precibus

2228 5002 2454 5057 liberata
2485 5012 2601 5069 est;
2630 5014 2828 5060 etcum
2855 5011 2922 5061 ad
2968 5008 3252 5065 Dominum
3285 5026 3496 5069 orarem
3519 5029 3643 5086 ego.
3685 5017 3820 5074 mihi

2226 5094 2563 5161 pratscientia
2591 5097 2835 5152 sanitatis
2862 5098 2979 5168 ejus
3010 5101 3218 5157 indulta
3245 5114 3351 5160 est.
3381 5105 3542 5174 Dixit,
3572 5119 3626 5163 et
3653 5108 3820 5166 verba

2223 5183 2340 5253 ejus
2384 5187 2569 5254 puellas
2624 5189 2960 5247 incolumitas
3009 5203 3193 5251 secuta
3229 5206 3332 5252 est.
3363 5197 3497 5254 Nam
3550 5210 3817 5259 exetnttes

2223 5273 2365 5330 foras
2390 5275 2456 5330 ad
2499 5277 2711 5333 beatum
2758 5281 3117 5351 Paphnutium
3137 5329 3151 5353 ,
3180 5297 3234 5343 et
3262 5287 3426 5346 filiam
3453 5292 3728 5364 sospitem,
3761 5302 3818 5353 et

2222 5381 2471 5438 parentes
2501 5371 2651 5428 l:etos
2691 5389 3029 5443 repererunt.

2293 5461 2421 5520 Car.
2453 5463 2736 5521 XXXI.—
2762 5469 2875 5525 Non
2923 5472 3117 5529 multos
3140 5486 3318 5532 autem
3357 5487 3474 5548 post
3525 5480 3624 5536 ista
3668 5481 3810 5550 dies,

2220 5569 2344 5610 cum
2372 5558 2580 5614 duobus
2607 5560 2861 5618 fratribus
2893 5565 3143 5621 euntibus
3169 5568 3234 5622 ad
3265 5570 3556 5627 Antonium
3588 5589 3723 5645 aqua
3756 5577 3813 5633 in

2223 5648 2418 5707 itinere
2443 5651 2749 5721 defecisset,
2783 5666 2837 5710 et
2865 5673 2971 5712 uno
2996 5659 3083 5713 siti
3113 5671 3344 5728 mortuo,
3372 5665 3510 5721 alter
3525 5667 3729 5736 jaceret
3757 5671 3814 5728 in

2220 5750 2358 5798 terra
2393 5755 2620 5801 mortem
2647 5758 2984 5817 exspectans,
3010 5752 3274 5810 Antonius
3301 5758 3494 5815 sedens
3522 5761 3572 5814 in
3603 5772 3812 5830 tuente,

2217 5837 2464 5925 celeriter
2494 5838 2563 5896 ad
2579 5855 2647 5927 se
2675 5841 2808 5900 duos
2835 5847 3128 5904 monachos
3157 5852 3385 5919 vocavit,
3417 5850 3506 5924 qui
3543 5851 3682 5918 forte
3710 5855 3814 5915 ibi-
