4124 6350
211 319 314 380 153

1323 312 1485 369 VITA
1519 309 1724 367 DEATI
1763 307 2040 367 ANTONII
2079 310 2392 370 ABBATIS.

3383 311 3494 375 154

211 439 330 498 dem
359 447 487 497 sunt
523 437 755 508 reperti;
785 442 839 491 et
869 435 1120 490 festinato
1167 436 1424 505 praecepit
1456 442 1510 488 ut
1542 435 1783 502 lagenam
1813 429 1867 487 A
1893 429 2106 500 (Matth.
2140 432 2279 500 xiv).
2326 431 2451 486 Haec
2480 440 2657 487 autem
2687 431 3028 499 Theodorus,
3055 435 3319 502 promisso
3349 445 3490 492 tern-

211 546 362 604 aqua:
409 540 784 593 assumentes,
838 527 1154 582 invaderent
1196 527 1298 582 iter
1344 525 1484 596 quod
1538 525 1683 581 ducit
1728 524 1796 581 ad

214 625 530 699 Egyptum,
551 623 791 691 dixitque
821 638 834 675 :
862 635 1041 675 unuse
1058 620 1311 675 fratribus
1333 621 1437 674 huc
1460 618 1794 672 advenienti-

210 720 305 778 bus
335 722 498 776 motlo
524 717 767 786 migravit
787 717 851 770 ad
896 715 1215 778 Dominum;
1243 714 1407 777 alter,
1439 728 1483 766 sn
1528 727 1632 766 non
1675 724 1800 765 suc-

211 814 487 873 curreritis
511 813 772 877 addetur;
806 811 907 867 hoc
935 809 1076 864 enim
1109 808 1240 864 mihi
1271 822 1410 863 nunc
1439 807 1610 862 oranti
1644 821 1798 861 reve-

211 909 377 967 latum
405 919 508 965 est.
537 908 628 964 Sic
659 907 761 972 ait;
791 916 847 960 et
869 907 1019 975 juxta
1049 914 1372 972 prazceptum
1403 903 1520 972 ejus
1549 899 1799 956 monachi

210 1003 546 1066 festinantes,
573 1001 894 1057 exstinctum
920 1013 1114 1066 corpus
1142 996 1437 1060 inveniunt,
1474 1005 1720 1063 terraque
1745 991 1798 1046 id

208 1094 534 1162 aperientes,
565 1092 794 1147 alterum
818 1089 1169 1145 refocillatum
1198 1102 1296 1141 suo
1315 1088 1608 1156 junxerunt
1632 1083 1800 1138 comi-

210 1190 358 1243 tatui.
387 1187 516 1243 Erat
537 1194 713 1241 autem
737 1186 965 1254 spatium
993 1183 1197 1238 itinens
1221 1181 1375 1235 unius
1399 1180 1526 1235 diei.
1551 1177 1801 1234 Fortasse

211 1282 407 1351 aliquis
436 1289 642 1351 quierat
671 1297 684 1332 :
718 1295 814 1333 cur
845 1294 948 1334 non
997 1285 1282 1346 antequam
1316 1283 1636 1338 moreretur,
1687 1274 1799 1326 An-

211 1376 386 1432 tonius
415 1375 657 1430 dixerit?
683 1373 980 1444 lncongruo
1012 1386 1232 1441 prorsus
1269 1368 1588 1451 Christianis
1640 1380 1803 1432 argu-

211 1480 415 1534 mento,
445 1471 566 1541 quia
594 1485 698 1524 non
731 1468 971 1532 Antonii,
1005 1465 1098 1520 sed
1143 1465 1236 1520 Dei
1262 1463 1522 1532 judicium
1556 1460 1674 1525 fuit,
1709 1457 1802 1527 qui

215 1571 266 1617 et
287 1562 358 1617 de
385 1562 689 1626 recedente,
717 1576 874 1630 quam
908 1559 1096 1624 voluit,
1128 1554 1449 1612 sententiam
1483 1552 1622 1616 tulit,
1656 1549 1801 1605 etde

211 1655 426 1712 sitiente
452 1658 692 1712 revelare
719 1655 969 1725 dignatus
995 1662 1094 1708 est.
1125 1651 1234 1707 Hoc
1263 1658 1466 1704 tantum
1494 1649 1546 1702 in
1570 1646 1802 1701 Antonio

211 1749 457 1806 mirabile
503 1759 605 1812 est,
635 1748 776 1817 quod
829 1748 882 1802 in
936 1757 1118 1801 monte
1167 1742 1533 1799 remotissimo
1581 1738 1800 1802 sedens,

1903 543 2032 600 pore
2063 543 2168 582 non
2198 528 2353 597 dixit,
2389 537 2505 597 post
2533 528 2650 598 ejus
2678 539 2904 585 mortem
2937 530 3137 586 retulit.

1975 622 2218 678 Monachi
2249 637 2395 684 vero,
2430 623 2619 692 quibus
2651 623 2861 678 dixerat
2891 624 3152 678 Antonius
3200 624 3266 678 de
3315 637 3490 683 morte

1903 715 2204 784 Ammonis,
2240 723 2562 770 notaverunt
2590 716 2730 771 diem
2760 735 2770 770 :
2797 727 2849 772 et
2873 719 3210 774 venientibus
3230 718 3298 775 de
3320 719 3493 777 Nitria

1901 809 2155 864 fratribus
2197 819 2316 879 post
2344 810 2458 867 dies
2508 812 2744 880 triginta,
2799 812 3134 868 sciscitantes
3177 825 3495 882 repererunt

1903 902 1996 958 illo
2034 903 2122 959 die
2150 903 2348 970 illaque
2379 904 2508 958 liora
2536 904 2802 958 dormisse
2834 905 3173 970 Ammonem,
3225 921 3328 974 qua
3377 907 3496 961 ani-
3543 942 3546 945 -

1904 1011 2046 1051 mam
2079 997 2196 1066 ejus
2227 997 2353 1052 ferri
2379 1012 2543 1053 senex
2568 997 2808 1064 viderat;
2836 999 3050 1068 utrique
3083 999 3243 1069 igitur
3289 1001 3491 1069 purita-

1904 1098 2011 1146 tem
2039 1091 2233 1146 mentis
2264 1091 2314 1144 in
2347 1090 2580 1146 Antonio
2607 1089 2782 1145 mirati
2817 1102 2962 1159 sunt,
2987 1093 3258 1162 quomodo
3286 1097 3359 1147 rei
3385 1103 3492 1148 tam

1903 1181 2060 1251 longe
2087 1195 2252 1253 gesta:
2277 1183 2454 1237 statim
2487 1183 2553 1238 ad
2594 1198 2715 1237 eum
2745 1183 2933 1239 fuisset
2986 1185 3189 1252 perlata
3237 1186 3490 1255 cognitio.

1975 1275 2102 1330 CAP.
2147 1275 2477 1330 XXXlll.—
2506 1277 2802 1332 Archelaus
2851 1293 3062 1348 quoque
3111 1294 3313 1344 comes,
3370 1295 3492 1334 eum

1904 1383 2025 1424 eum
2059 1371 2356 1426 invenisset
2404 1372 2457 1425 in
2506 1371 2757 1426 exteriori
2806 1382 2985 1426 monte
3017 1373 3154 1444 (75),
3185 1375 3390 1441 rogavit
3441 1381 3499 1428 ut

1905 1471 2084 1516 oraret
2110 1478 2207 1531 pro
2231 1463 2530 1532 Polycratia
2553 1463 2692 1533 (74),
2721 1480 2837 1534 qua:
2859 1465 2910 1519 in
2933 1443 3194 1520 LaodiCea
3219 1476 3332 1519 erat
3356 1465 3495 1535 (75),
3537 1443 3541 1453 ι

1905 1554 2202 1610 admirabili
2234 1565 2288 1612 et
2316 1555 2531 1611 Christo
2559 1557 2737 1612 dedita
2763 1560 2986 1628 virgine.
3020 1558 3325 1614 Patiebatur
3349 1561 3495 1614 enim

1909 1647 2172 1712 pessimos
2199 1649 2460 1704 stomachi
2501 1659 2555 1704 et
2603 1650 2788 1705 lateris
2835 1651 3070 1716 dolores,
3103 1667 3236 1720 quos
3279 1653 3498 1721 jejuniis

1910 1738 2090 1794 nimiis
2108 1739 2408 1810 vigiliisque
2433 1751 2796 1808 contraxerat,
2822 1751 2875 1796 et
2901 1752 3014 1797 erat
3039 1745 3247 1811 penitus
3275 1753 3386 1798 tnto
3407 1746 3500 1798 tle-

211 1843 372 1900 eorde
403 1815 664 1914 pervigili
687 1850 879 1896 cuncta
921 1839 1105 1910 procul
1138 1837 1332 1908 posita,
1390 1834 1617 1889 Domino
1662 1829 1801 1886 iudi-
1833 1815 1879 1875 Β
1909 1831 2030 1887 bilis
2060 1847 2297 1900 corpore.
2335 1834 2624 1904 Oravitque
2645 1835 2926 1900 Antonius,
2958 1845 3010 1889 et
3035 1835 3175 1890 diem
3198 1851 3304 1905 quo
3328 1839 3500 1893 nratio

209 1947 388 2001 caute,
416 1944 783 2001 cognosceret.

275 1997 413 2064 Car.
445 1997 877 2062 X‘XXllu—Alio
895 2018 1078 2061 rursus
1105 2004 1156 2059 in
1187 2011 1427 2070 tempore
1447 2015 1566 2054 cum
1592 1997 1805 2053 sederet

210 2101 262 2158 in
287 2110 494 2166 monte,
520 2112 572 2157 et
595 2102 783 2156 oculos
806 2101 987 2156 subito
1010 2098 1328 2154 tetendisset
1353 2097 1406 2150 in
1435 2093 1654 2158 ccelum,
1674 2089 1805 2145 vidit

213 2194 400 2250 nescio
428 2208 587 2264 quam
634 2195 888 2258 animam,
916 2189 1220 2246 laetantibus
1259 2190 1312 2243 in
1361 2187 1475 2254 ejus
1520 2198 1804 2256 occursum

209 2285 443 2356 angelis,
473 2285 538 2337 ad
570 2285 764 2340 crelnm
798 2298 1041 2354 pergere.
1066 2280 1231 2350 Cujus
1252 2278 1543 2348 spectaculi
1569 2278 1807 2332 novitate

208 2376 568 2446 stupefactus,
599 2376 812 2430 beatum
838 2375 972 2429 dixit
999 2382 1307 2428 sanctorum
1339 2371 1586 2437 chorum,
1613 2369 1807 2422 oravit-

208 2483 315 2538 que
346 2476 406 2522 ut
437 2467 539 2523 sibi
569 2467 647 2522 rei
677 2466 960 2536 praesentis
987 2465 1188 2535 agnitio
1217 2461 1557 2533 panderetur.
1599 2461 1661 2514 Et
1693 2471 1805 2513 sta-

208 2563 303 2619 tim
333 2577 438 2617 vox
469 2560 534 2615 ad
565 2577 687 2615 eum
718 2558 854 2614 facta
883 2568 985 2623 est,
1036 2557 1282 2628 inquiens
1311 2556 1466 2610 istam
1515 2567 1636 2609 esse
1678 2555 1806 2605 Am-

211 2654 392 2710 monis
424 2650 672 2707 monachi
703 2650 934 2706 animam
967 2649 1081 2720 (70)
1112 2649 1199 2718 qui
1239 2647 1421 2702 Nitriae
1474 2644 1805 2700 morabatur.

209 2746 345 2802 Erat
372 2753 552 2800 autem
580 2745 808 2800 Ammon
838 2744 920 2797 vir
949 2741 1299 2813 grandaevus,
1331 2741 1420 2810 qui
1453 2753 1804 2808 perseveran-

210 2850 297 2896 ter
328 2855 360 2893 a
393 2838 616 2910 pueritia
647 2853 821 2907 usque
861 2837 927 2891 ad
956 2844 1288 2890 senectutem
1313 2834 1368 2888 in
1398 2833 1681 2887 sanctitate
1726 2829 1805 2883 vi-

208 2941 368 2988 xerat
399 2929 651 3001 (Ruf/im,
683 2928 723 2981 ι.
753 2944 789 2983 ιι
809 2969 823 2994 ,
853 2945 900 2983 ε.
926 2927 1033 2992 28;
1066 2925 1301 2990 Pallad.,
1331 2941 1380 2979 ε.
1409 2925 1474 2991 7,
1505 2923 1582 2994 8).
1616 2922 1808 2976 Itinere

208 3039 433 3096 quoque
461 3021 665 3077 dierum
694 3021 950 3076 tredecim
981 3018 1118 3087 (Ἠ),
1146 3033 1176 3073 a
1206 3017 1369 3072 Nitria
1391 3057 1406 3081 ,
1441 3016 1589 3070 locus
1620 3015 1671 3068 in
1703 3029 1809 3082 quo

207 3118 441 3175 sedebat
471 3114 734 3170 Antonius
754 3152 770 3179 ,
801 3111 1157 3167 dividebatur.
1190 3110 1446 3166 Videntes
1476 3119 1654 3162 autem
1684 3121 1807 3162 eum

1909 1925 2085 1981 fuerat
2115 1926 2250 1982 facta
2281 1927 2556 1982 annotavit
2603 1928 2920 1983 Archelaus.
2956 1929 3110 1983 Redit
3159 1929 3500 1997 Laodiceam,

1909 2028 1965 2073 et
2008 2019 2211 2074 invenit
2256 2019 2516 2090 virginem
2561 2019 2904 2075 incolumem.
2959 2019 3312 2076 Percontatus
3359 2023 3500 2078 diem

1909 2112 2175 2177 sanitatis,
2206 2110 2405 2181 reperit
2451 2123 2665 2180 tempus
2710 2113 2934 2168 medela:
2984 2129 3103 2168 eum
3153 2117 3500 2171 attnolatione

1909 2218 2207 2274 congruere
2237 2206 2361 2278 52.
2397 2205 2462 2258 Et
2487 2219 2674 2260 omnes
2704 2205 2948 2260 admirati
2976 2216 3121 2272 sunt,
3148 2219 3503 2278 agnoscentes

1909 2311 1974 2352 eo
1998 2306 2238 2366 tempore
2265 2297 2407 2351 illam
2433 2311 2465 2351 a
2495 2296 2721 2351 Domino
2751 2298 2912 2352 fuisse
2944 2312 2971 2351 a
3004 2299 3279 2354 doloribus
3309 2302 3503 2356 libera-

1911 2396 2042 2456 tam,
2073 2403 2182 2457 quo
2212 2402 2373 2442 orans
2402 2389 2667 2444 Antonius
2699 2404 2795 2459 pro
2827 2389 2940 2459 ipsa
2987 2390 3280 2447 bonitatem
3318 2393 3503 2450 Salva-

1911 2480 2041 2535 toris
2064 2480 2422 2536 invocaverat.

1983 2572 2114 2628 CAP.
2149 2571 2393 2628 XXXIV.
2423 2603 2491 2613 —
2520 2573 2678 2643 Szepe
2727 2575 2887 2629 etiam
2940 2574 3006 2629 ad
3063 2591 3122 2630 se
3174 2576 3502 2632 venientium

1914 2665 2214 2731 turbarum,
2247 2676 2373 2721 ante
2403 2666 2519 2721 dies
2539 2675 2592 2722 et
2620 2682 2855 2734 menses,
2889 2677 2942 2722 et
2967 2683 3156 2723 causas
3188 2670 3430 2736 praedixit
3450 2679 3504 2725 et

1912 2765 2170 2828 tempora.
2205 2758 2340 2812 Nam
2368 2759 2628 2828 quosdam
2661 2759 2873 2816 videndi
2903 2777 3024 2815 eum
3059 2770 3261 2815 tantum
3292 2761 3505 2818 deside-

1911 2851 2074 2914 rium,
2104 2849 2241 2904 alios
2272 2850 2629 2916 imbecillitas,
2665 2851 2954 2906 nonnullos
2983 2851 3198 2907 obsessa
3231 2866 3259 2905 a
3298 2852 3504 2908 dzemo-

1913 2942 2071 2997 nibtts
2110 2956 2338 3011 corpora
2383 2943 2761 3013 pcrtrahebant
2792 2961 2806 2997 :
2837 2959 2995 2998 neruo
3041 2954 3218 2998 tamen
3271 2961 3503 3014 unquam

1909 3033 2255 3088 vexationem
2287 3042 2379 3087 aut
2417 3033 2793 3088 detrimentum
2823 3035 3072 3089 laboriosi
3125 3036 3329 3091 itineris
3377 3052 3506 3091 cnn-

1911 3134 2132 3196 questus
2151 3134 2255 3192 est,
2271 3126 2712 3195 regrediebantur
2734 3143 2921 3182 omnes
2945 3128 3168 3197 spiritali
3194 3130 3314 3183 cibo
3333 3131 3499 3198 pleni.

207 3205 471 3266 monachi
500 3205 874 3269 admirantem,
907 3202 994 3272 qui
1044 3211 1322 3265 venerant,
1363 3198 1633 3268 deprecati
1683 3205 1811 3252 sunt

1916 3218 1978 3272 At
2013 3216 2103 3272 ille
2136 3217 2501 3286 prmeipiebat,
2537 3233 2642 3271 non
2674 3231 2784 3271 sua:
2827 3217 2968 3272 laudi
3018 3217 3154 3272 hanc
3197 3219 3506 3275 admiratio-

209 3311 272 3361 ιιι
297 3315 526 3358 causam
558 3297 840 3353 hilaritatis
870 3296 1123 3351 ediceret.
1157 3294 1360 3362 Quibus
1391 3293 1466 3347 ait
1493 3291 1654 3347 modo
1685 3295 1811 3344 Am-

212 3408 436 3452 monem
470 3392 742 3461 quievisse
769 3404 928 3460 quem
959 3397 1178 3458 propter
1218 3386 1549 3456 frequentem
1602 3384 1716 3455 ejus
1744 3384 1812 3439 ad

214 3489 518 3546 Antonium
549 3493 928 3552 commeatum,
959 3488 1014 3536 et
1056 3488 1273 3551 propter
1321 3478 1688 3535 celebritatem
1731 3477 1816 3533 in-

211 3584 497 3643 dulturum
530 3581 581 3637 ei
612 3595 640 3634 a
672 3577 898 3635 Domino
929 3580 1202 3649 signorum
1226 3572 1428 3643 Optime
1459 3582 1738 3627 noverant.

281 3689 364 3744 De
392 3684 592 3758 quibus
620 3683 779 3738 etiam
813 3681 915 3736 hoc
935 3694 1101 3735 unum
1128 3677 1413 3734 dicendum
1438 3685 1519 3733 est
1544 3694 1556 3730 :
1582 3675 1814 3731 Necesse

209 3782 262 3839 ei
289 3780 396 3836 fuit
441 3774 730 3846 aliquando
759 3774 954 3829 flumen
987 3771 1202 3827 nomine
1246 3770 1446 3841 Lycum
1477 3768 1592 3840 (7:2)
1625 3769 1816 3823 subitis

210 3874 373 3946 aquis
402 3868 722 3928 inundatum
755 3865 1098 3921 transvadare
1129 3863 1357 3936 (Ruf/in.
1390 3871 1436 3917 et
1467 3861 1705 3925 Pallad.,
1729 3878 1816 3915 su-

213 3969 370 4043 pra);
403 3963 719 4036 rogavitque
750 3958 1114 4025 Theodorum,
1147 3957 1238 4029 qui
1276 3971 1397 4012 cum
1431 3956 1548 4026 ipso
1589 3963 1732 4019 erat,-
1760 3962 1819 4010 ut

211 4059 504 4134 paululum
533 4072 565 4111 a
609 4070 708 4111 suo
746 4061 1087 4124 separaretur
1131 4060 1371 4120 aspectu,
1404 4064 1472 4104 ne
1517 4047 1816 4103 nuditatem

210 4153 472 4224 corporis
526 4151 756 4206 invicem
825 4160 1050 4218 uterque
1112 4146 1507 4214 conspicerent.
1573 4142 1820 4198 Recessit

213 4246 570 4312 Theodorus,
601 4241 942 4298 nihilominus
967 4240 1058 4296 ille
1079 4240 1312 4308 seipsum
1337 4253 1456 4292 cum
1482 4236 1688 4292 nudare
1709 4235 1820 4291 vel-

209 4339 311 4405 let,
342 4338 586 4396 erubuit.
611 4336 946 4406 Cogitantcm
970 4341 1148 4388 autem
1171 4345 1292 4387 eum
1325 4332 1378 4385 in
1403 4330 1625 4384 alteram
1648 4330 1820 4399 ripam

213 4439 401 4491 virtus
427 4432 610 4488 divina
643 4429 990 4500 transposuit.
1031 4427 1345 4497 Rursusque
1372 4425 1707 4489 Theodorus,
1740 4424 1821 4479 vir

207 4539 266 4586 et
287 4530 412 4598 ipse
434 4527 547 4582 Deo
568 4526 811 4594 devotus,
839 4523 1102 4579 transiens
1129 4521 1195 4575 ad
1216 4535 1400 4577 senem
1427 4519 1608 4575 mirari
1632 4519 1820 4589 erepit,

1916 3326 2039 3367 nem
2089 3311 2159 3365 ab
2201 3310 2278 3365 eis
2322 3310 2577 3380 applicari
2623 3310 2855 3377 debere;
2889 3311 2983 3366 sed
3029 3310 3258 3378 Domini,
3290 3314 3380 3382 qui
3426 3315 3507 3372 sui

1917 3405 2191 3462 nationem
2223 3403 2530 3460 hominibus
2561 3419 2656 3474 pro
2705 3405 3000 3475 capacitate
3043 3405 3379 3464 mortalitatis
3424 3411 3508 3465 in-

1915 3498 2156 3556 dulserit.

1989 3591 2118 3647 CAP.
2163 3590 2380 3646 XXXV.
2410 3617 2468 3634 -
2507 3591 2749 3659 Quodam
2807 3603 2983 3649 autem
3043 3603 3283 3664 tempore
3312 3633 3328 3660 ,
3389 3608 3509 3652 eum

1918 3685 2123 3741 exisset
2151 3684 2218 3738 ad
2247 3686 2513 3741 exteriora
2541 3686 2888 3750 monasteria,
2919 3695 2974 3741 et
3023 3694 3238 3755 rogatus
3287 3696 3432 3741 esset
3481 3702 3510 3740 a

1920 3778 2176 3834 fratribus
2199 3788 2256 3833 ut
2285 3781 2336 3833 in
2369 3780 2490 3834 navi
2537 3779 2764 3849 quadam
2794 3795 2916 3835 cum
2970 3781 3248 3835 monachis
3296 3781 3510 3850 prolici-

1919 3872 2190 3928 scentibus
2216 3881 2420 3936 oraret,
2447 3871 2710 3936 ascendit,
2743 3881 2798 3927 et
2825 3871 2975 3926 solus
3004 3887 3069 3928 ex
3098 3873 3348 3927 omnibus
3376 3873 3511 3928 udo—

1921 3982 2035 4022 rem
2092 3967 2262 4022 sensit
2292 3964 2648 4022 teterrimum.
2681 3965 3008 4022 Asserebant
3057 3967 3255 4032 cuncti,
3289 3967 3512 4037 piscium

1921 4060 2186 4116 salsorum
2216 4066 2270 4113 et
2297 4058 2624 4116 tarichorum
2662 4059 2778 4128 (7(3)
2811 4059 2864 4114 in
2892 4060 3013 4114 navi
3045 4060 3337 4128 positorum
3373 4061 3515 4118 hunc

1923 4166 2042 4208 esse
2072 4159 2335 4221 putorem.
2369 4151 2437 4205 At
2469 4151 2556 4205 ille
2587 4151 2812 4207 alterius
2845 4152 2920 4207 rei
2952 4152 3178 4208 fetorem
3211 4168 3270 4208 se
3315 4155 3516 4211 sentire

1923 4243 2232 4299 affirmavit.
2268 4243 2455 4298 Adhuc
2488 4243 2740 4313 loquente
2786 4245 2903 4311 illo,
2935 4245 3250 4301 adolescens
3301 4248 3517 4316 quidam

1924 4349 2211 4405 possessus
2234 4349 2263 4387 a
2288 4333 2556 4400 daemone,
2588 4334 2677 4403 qui
2707 4333 2987 4401 procidens
3015 4336 3165 4402 juxta
3192 4335 3427 4390 carinam
3459 4350 3518 4391 se

1926 4429 2081 4484 navis
2125 4427 2504 4492 absconderat,
2538 4436 2760 4497 repente
2788 4427 3130 4483 exclamavit.
3181 4427 3297 4494 Quo
3339 4429 3518 4483 statim

1929 4537 2024 4593 per
2049 4521 2339 4578 Antonium
2371 4521 2423 4575 in
2456 4520 2676 4575 nomine
2706 4519 2912 4575 Domini
2944 4519 3111 4573 nostri
3142 4518 3266 4574 Jesu
3319 4519 3519 4576 Christi

209 4623 364 4692 quod
401 4630 510 4674 tam
537 4619 796 4674 velociter
842 4616 1058 4670 fluvium
1107 4614 1526 4669 transvadasset.
1575 4613 1818 4682 Cumque
1847 4608 1897 4667 D
1924 4624 2132 4682 curato,
2166 4614 2479 4670 intellexere
2512 4613 2770 4680 universi,
2826 4611 3021 4667 diaboli
3047 4611 3194 4667 illum
3227 4612 3389 4670 fuisse
3419 4629 3516 4684 pu-

209 4717 352 4773 nihil
383 4711 629 4771 humoris
655 4713 709 4768 in
741 4710 985 4782 pedibus,
1019 4708 1163 4764 nulla
1190 4707 1243 4763 in
1267 4706 1507 4763 vestibus
1529 4707 1647 4777 ejus
1673 4720 1826 4775 aquae

208 4814 376 4884 signa
427 4807 788 4878 conspiceret,
822 4805 1030 4876 rogavit
1057 4819 1180 4860 eum
1211 4812 1273 4858 ut
1314 4811 1420 4857 tam
1454 4800 1825 4857 incredibilem

211 4902 644 4962 translationem
682 4900 834 4971 quasi
879 4898 990 4953 filio
1031 4907 1182 4968 pater
1226 4902 1547 4964 exponeret.
1599 4893 1828 4949 Nolente

210 5001 311 5056 illo
346 4999 542 5054 dicere
569 5009 690 5066 quae
717 4993 1042 5060 acciderant,
1073 4991 1358 5060 amplexus
1378 4999 1463 5045 est
1491 4988 1655 5059 pedes
1680 4989 1821 5059 ejus,

203 5094 536 5166 juravitque
583 5105 691 5144 non
733 5101 797 5144 se
841 5086 1206 5150 dimissurum,
1259 5084 1567 5154 priusquam
1613 5081 1716 5136 sibi
1769 5081 1825 5138 id

206 5186 364 5256 quod
397 5182 614 5239 celabat
636 5180 882 5238 referret.
914 5178 1117 5234 Videris
1139 5191 1268 5247 ergo
1295 5190 1458 5231 senex
1487 5176 1826 5231 contentiose

207 5282 449 5332 vincere
478 5273 748 5330 volentem
791 5271 1034 5335 fratrem,
1066 5271 1245 5340 exegit
1279 5269 1517 5324 vicissim
1563 5268 1630 5323 ab
1652 5283 1746 5354 .eo
1769 5274 1827 5323 ut

209 5370 354 5424 nulli
386 5371 494 5422 hoc
515 5374 640 5421 ante
659 5379 808 5419 suam
840 5374 1067 5419 mortem
1097 5361 1385 5426 indicaret;
1412 5370 1569 5430 atque
1593 5363 1662 5414 ita
1693 5375 1824 5415 con-

208 5460 410 5516 fessus
442 5467 525 5514 est
550 5472 610 5514 se
635 5456 813 5513 subito
843 5456 895 5510 in
925 5455 1149 5510 alteram
1179 5453 1345 5522 ripam
1372 5451 1534 5509 fuisse
1577 5460 1827 5522 transpo-

204 5557 432 5618 situm,
479 5567 652 5623 neque
703 5552 922 5606 omnino
970 5549 1128 5605 undis
1175 5548 1512 5619 impressisse
1563 5547 1824 5616 vestigia;

208 5646 500 5705 Dominici
529 5646 771 5716 corporis
795 5645 896 5700 hoc
926 5641 1295 5698 tantummodo
1317 5639 1647 5711 privilegium
1676 5653 1830 5696 asse;

209 5756 381 5808 rens,
418 5748 686 5795 eteorum
716 5737 910 5807 quibus
939 5736 1075 5806 ipse,
1106 5743 1165 5790 ut
1186 5733 1430 5805 apostolo
1455 5734 1636 5799 Petro,
1661 5733 1828 5787 dona-

207 5839 370 5899 verit
403 5844 466 5892 ιιι
493 5847 753 5905 aquarum
797 5831 997 5891 levitati
1021 5830 1315 5918 humanum
1336 5842 1532 5901 corpus
1561 5827 1835 5886 insisteret

1930 4719 2122 4767 torem.

2001 4800 2129 4856 Car.
2161 4799 2404 4855 XXXVI.
2435 4830 2503 4839 —
2530 4799 2676 4855 Alius
2711 4815 2923 4872 quoque
2952 4801 3020 4855 ad
3064 4816 3187 4857 eum
3235 4804 3344 4868 vir,
3384 4803 3521 4856 inter

1930 4907 2059 4949 suos
2089 4891 2306 4961 nobilis,
2339 4892 2701 4947 daemoniosus
2731 4892 3034 4960 adducitur,
3062 4903 3203 4948 tanta
3229 4907 3520 4963 Oppressus

1929 4988 2156 5054 insania,
2186 4995 2369 5043 utnon
2393 4987 2555 5043 sciret
2582 5001 2641 5043 se
2661 5003 2779 5044 esse
2802 4989 2940 5057 apud
2967 4989 3282 5052 Antonium,
3310 5001 3519 5041 necnon

1929 5089 1986 5137 et
2012 5079 2255 5148 corporis
2279 5079 2360 5134 sui
2386 5078 2655 5148 superﬂua
2683 5080 3012 5136 eomederet.
3043 5077 3405 5147 Quamobrem
3437 5093 3522 5132 ro-

1928 5181 2082 5244 gatus
2110 5186 2274 5227 senex
2303 5170 2372 5228 ab
2421 5171 2504 5228 bis
2531 5173 2621 5244 qui
2654 5189 2775 5229 eum
2807 5174 3142 5228 adduxerant
3188 5179 3244 5224 ut
3286 5186 3383 5239 pro
3431 5173 3523 5228 illo

1930 5265 2212 5321 Dominum
2236 5273 2436 5330 oraret,
2461 5265 2950 5336 intantutnjuveuis
2972 5264 3204 5318 miseria:
3220 5265 3515 5332 condoluit,

1929 5370 1987 5417 ut
2015 5370 2120 5417 tota
2151 5370 2309 5416 nocte
2337 5361 2664 5431 pervigilans
2691 5376 2810 5414 cum
2842 5374 2929 5425 eo,
2961 5357 3219 5412 adversus
3272 5359 3520 5427 patientis

1929 5453 2189 5510 insaniam
2220 5454 2508 5509 laboraret.
2553 5452 2659 5508 Sed
2691 5466 2810 5505 cum
2851 5449 2963 5518 jam
2995 5449 3314 5519 lucesceret,
3341 5463 3397 5509 et
3426 5455 3523 5508 ob-

1934 5561 2136 5612 sessus,
2165 5548 2368 5618 impetu
2396 5547 2450 5601 in
2488 5545 2778 5601 Antonium
2814 5541 2977 5609 facto,
3005 5542 3353 5601 vehementer
3397 5563 3520 5602 eum

1935 5638 2252 5710 impulisset,
2278 5638 2435 5693 irasci
2458 5643 2744 5704 creperum
2764 5635 2856 5705 qui
2886 5651 3008 5692 eum
3039 5636 3394 5705 adduxerant,
3429 5655 3525 5694 cur

1932 5732 2048 5789 seni
2091 5734 2303 5788 fecisset
2332 5731 2602 5801 injuriam.
2646 5728 2850 5797 Quibus
2900 5732 3161 5786 Antonius
3204 5734 3319 5787 ait:
3352 5733 3526 5788 Nolite

1935 5828 2164 5887 alienam
2193 5825 2404 5892 culpam
2433 5823 2617 5891 juveni
2653 5823 2852 5884 misero
2896 5826 3167 5886 ascribere
3195 5844 3208 5883 :
3242 5826 3390 5885 furor
3421 5815 3548 5884 iste'
