4124 6350
633 246 740 324 155

631 360 930 436 obsidentis
958 367 1061 440 est,
1091 373 1200 442 non
1506 354 1710 422 Idcirco
1756 363 1936 426 autem
1984 354 2041 418 in
2080 353 2218 410 hanc
2244 354 2296 442 4

632 433 838 526 proruit
865 431 1058 535 dolens;
1093 431 1586 534 hastiliaiidaciam
1611 488 1630 514 ,
1667 447 1796 522 quia
1837 445 2096 502 Dominus
2147 444 2216 498 ad

639 545 843 624 aridam
875 544 1144 624 regionem
1184 543 1260 597 ire
1288 556 1409 604 eum
1437 540 1622 609 jussit;
1655 548 1711 595 et
1755 539 1962 608 expulsi
2004 539 2217 592 Satanas

631 617 887 724 {udicium
917 617 1018 694 iste
1045 621 1330 723 adversum
1360 647 1445 686 me
1477 633 1706 722 impetus
1746 627 1863 684 fuit.
1893 627 2048 720 Nulla
2097 634 2218 724 post

631 711 794 798 verba
826 711 1012 812 mora,
1063 717 1377 798 adolescens
1421 711 1638 793 recepto
1685 737 1868 786 sensu,
1917 728 1971 774 et
2018 713 2216 798 gratias

631 839 796 898 agens
828 807 955 887 Deo,
985 811 1033 874 et
1069 807 1239 871 locum
1270 816 1358 870 ubi
1383 825 1545 882 esset,
1578 807 1814 898 agnovit,
1842 821 1898 866 et
1942 807 2055 866 totii
2103 811 2212 868 An-

633 893 836 972 tonium
865 899 1209 980 complexans
1237 908 1578 966 deosculatus
1608 918 1688 962 est
1716 893 1928 961 affectu.

703 1006 830 1062 Cap.
863 985 1125 1060 XXXVII.
1148 1033 1216 1044 —
1236 1002 1515 1056 Innumera
1540 1009 1594 1054 ct
1618 999 1722 1054 alia
1743 991 2039 1052 istiusmodi
2067 998 2158 1064 sig:
2182 1011 2212 1050 a

631 1107 774 1164 sunt,
807 1077 924 1165 qua:
954 1094 1334 1151 monachorum
1365 1091 1614 1148 concordi
1662 1106 1806 1160 stnpe
1835 1090 2090 1144 relatione
2120 1104 2214 1142 co-

628 1189 928 1262 gnovimus.
975 1171 1169 1242 Verum
1219 1202 1323 1240 non
1373 1195 1574 1240 tantum
1627 1182 1708 1236 his
1754 1179 2088 1235 adhibendus
2133 1186 2217 1234 est

629 1271 849 1349 stupor,
881 1281 1004 1353 quia
1039 1280 1206 1336 multo
1241 1279 1358 1346 plus
1387 1291 1503 1346 qua:
1533 1279 1829 1341 Sequuntur
1853 1267 2213 1328 cond.tionem

631 1381 828 1427 nostrae
861 1369 1159 1440 lragilitatis
1189 1366 1480 1421 excedunt.
1514 1365 1648 1420 liora
1672 1365 1884 1418 circiter
1906 1359 2212 1432 ttona..(77),

633 1477 754 1518 cum
786 1471 908 1516 ante
936 1460 1111 1515 cibum
1146 1465 1301 1514 orare
1328 1456 1600 1525 coepisset,
1636 1465 1842 1521 raptum
1875 1468 1933 1507 se
1959 1453 2127 1505 sensit
2159 1449 2213 1506 in

627 1553 836 1621 Spiritu,
867 1559 922 1606 et
947 1550 1012 1604 ab
1039 1549 1240 1619 angelis
1269 1548 1321 1602 in
1349 1545 1584 1601 sublime
1612 1545 1803 1600 deferri
1837 1560 1850 1597 :
1885 1541 2212 1612 prohibenti-

627 1644 730 1700 bus
783 1645 1060 1699 transitum
1108 1627 1248 1698 aeris
1292 1641 1659 1706 daemonibus,
1711 1647 1989 1708 coeperunt
2041 1638 2214 1706 angeli

1688 243 1781 306 os
1816 239 1995 302 virts
2031 237 2322 312 ρᾼτιιωι
2360 237 2569 295 uasa
2607 237 2886 312 ramus.

2323 352 2388 406 ad
2420 353 2586 407 nubes
2607 353 2936 409 attollentem
2964 372 2980 421 ;
3003 354 3135 412 vidit
3161 354 3322 420 etiam
3349 363 3616 432 pennatos
3638 335 3893 428 quosdam

2322 441 2435 520 (80)
2460 457 2518 498 se
2542 444 2754 500 elevare
2779 446 3051 516 cupientes
3078 446 3145 502 ad
3169 447 3365 504 omium
3395 443 3654 522 (Pallad,
3697 464 3743 501 ο.
3786 443 3852 499 27
3878 463 3894 526 ί

2321 529 2534 597 Ραδεήη
2567 551 2612 590 c.
2653 537 2736 602 19,
2770 555 2821 590 η.
2852 533 2941 608 4),
2970 548 3129 608 atque
3177 538 3325 593 illum
3371 538 3608 594 extensis
3656 535 3898 592 inanibus

2318 627 2605 708 prohibere
2632 638 3019 700 transgressum
3043 647 3056 697 ;
3089 646 3120 686 e
3147 631 3339 702 quibus
3369 632 3504 687 alios
3533 632 3899 701 apprehensus

2317 717 2552 803 elidebat
2581 711 2647 776 ad
2681 733 2873 778 terram
2906 714 3010 798 53
3041 723 3175 778 alios
3206 723 3397 778 frustra
3427 722 3659 778 retinere
3680 733 3901 778 conten-

2317 811 2471 898 deus,
2502 809 2718 869 dolebat
2745 829 2907 885 super
2945 817 3006 871 se
3051 815 3116 870 ad
3165 817 3399 872 emicetia
3453 815 3816 880 transvolare,
3850 807 3904 870 et

2318 899 2608 976 maximum
2633 907 2881 978 gaudium
2911 909 3132 964 mixtum
3162 924 3394 965 maerore
3419 909 3545 964 victi
3567 909 3904 977 victoresque

2316 993 2648 1055 tribuebant.
2679 999 2974 1072 Statimque
2999 1001 3065 1056 ad
3094 1017 3220 1060 eum
3246 1017 3350 1056 vox
3388 1000 3525 1056 facta
3549 1011 3630 1056 est
3673 1001 3858 1056 dicens
3890 1019 3903 1055 :

2314 1086 2694 1168 fAnimadverte
2723 1087 2864 1164 quod
2909 1092 3078 1148 vides.
3113 1091 3179 1148 Et
3227 1093 3352 1147 tunc
3398 1095 3561 1162 cmpit
3607 1091 3908 1147 illuminato

2315 1182 2479 1237 corde
2511 1183 2805 1252 intelligere
2831 1183 3126 1239 animarum
3154 1198 3274 1238 esse
3300 1197 3676 1246 conscensum,
3708 1193 3764 1238 et
3789 1181 3908 1236 (lla-

2317 1271 2498 1329 bolum
2531 1273 2939 1346 prohibentem;
2971 1275 3061 1344 qui
3087 1285 3142 1330 et
3187 1275 3288 1331 sibi
3320 1276 3570 1331 retineret
3617 1277 3906 1340 obnoxios,

2316 1371 2372 1418 et
2404 1364 2458 1417 in
2485 1376 2814 1432 sanctorum,
2848 1381 2982 1437 quos
3009 1367 3260 1436 decipere
3283 1380 3389 1420 non
3420 1374 3649 1436 poterat,
3693 1365 3908 1420 crucia-

2317 1467 2466 1512 retur
2491 1459 2690 1514 volatu.
2724 1458 2814 1513 i-lis
2845 1459 3106 1515 visionum
3135 1455 3394 1532 exemplis
3425 1461 3695 1527 incitatus,
3730 1461 3913 1532 quoti-

2317 1548 2403 1602 die
2430 1548 2498 1603 ad
2527 1549 2746 1603 meliora
2778 1555 3059 1606 crescebat
3282 1551 3286 1556 ’

2387 1641 2516 1699 Car.
2560 1641 2802 1702 XXXIX.
2823 1675 2893 1684 —
2915 1641 3094 1716 Neque
3125 1655 3252 1702 vero
3284 1643 3360 1712 id,
3393 1646 3534 1714 quod
3571 1646 3673 1700 sibi
3703 1643 3913 1700 revela-

616 1729 1051 1792 'contradiccntes
1082 1738 1354 1807 requirere
1383 1750 1503 1804 qua:
1534 1742 1678 1790 esset
1725 1747 1886 1787 causa
1927 1730 2210 1798 retinendi,
2251 1733 2295 1804 Β
2322 1740 2432 1788 tum
2466 1721 2654 1797 fuerat,
2691 1747 2848 1792 causa
2885 1737 3154 1804 iactantiae
3185 1737 3440 1793 fratribus
3479 1736 3778 1800 indicabat;
3810 1737 3912 1793 sed

626 1829 788 1885 nullis
815 1829 1162 1887 existentibus
1195 1833 1244 1883 in
1277 1827 1510 1883 Antonio
1537 1825 1867 1881 criminibus.
1924 1819 2031 1879 Illis
2082 1822 2211 1879 vero

629 1923 698 1977 ab
737 1923 956 1977 exordio
989 1921 1280 1977 nativitatis
1328 1921 1586 1991 replicare
1630 1929 1844 1988 peccata
1903 1917 2212 1982 nitentibus,

627 2014 951 2068 ealumniosa
983 2013 1158 2084 angeli
1188 2029 1282 2068 ora
1322 2013 1645 2078 clauserunt,
1680 2012 1920 2067 dicentes
1969 2023 2073 2065 nun
2121 2013 2218 2066 de-

627 2103 756 2161 bere
781 2121 872 2161 eos
899 2122 927 2159 a
962 2105 1235 2160 nativitate
1261 2107 1376 2174 ejus
1418 2103 1608 2159 delicta
1643 2112 1881 2172 narrare,
1934 2119 2051 2171 qua:
2099 2117 2214 2171 jam

629 2195 828 2251 Christi
859 2205 1039 2251 essent
1071 2196 1308 2250 bonitate
1348 2195 1548 2264 sopita;
1581 2193 1624 2249 Si
1671 2207 1778 2263 qua
1798 2205 1976 2248 autem
2016 2191 2216 2246 scirent

624 2303 688 2344 ex
713 2305 778 2345 eo
795 2299 1032 2358 tempore
1056 2303 1160 2359 quo
1191 2281 1360 2344 factus
1383 2291 1524 2344 esset
1548 2287 1838 2342 monachus
1861 2283 1997 2357 (78),
2023 2297 2075 2341 et
2107 2288 2214 2340 Deo

625 2396 683 2438 se
712 2393 1104 2448 consecrasset,
1135 2384 1295 2438 licere
1335 2380 1584 2447 proferri.
1639 2382 1974 2437 Accusabant‘
2015 2381 2216 2435 ἀπῆλθέ

624 2488 719 2530 nes
759 2475 920 2528 multa
952 2475 1251 2544 procaciter
1282 2473 1640 2536 mentientes;
1677 2475 1732 2526 et
1777 2481 1902 2537 cum
1953 2469 2208 2526 deessent

626 2563 973 2634 probamenta
1024 2559 1302 2618 fallacibus
1333 2607 1348 2628 ,
1408 2559 1540 2616 liber
1594 2561 1832 2616 Antonio
1885 2573 2212 2616 conscensus

624 2655 880 2726 aperitur.
911 2655 978 2710 Et
999 2657 1176 2710 statim
1211 2654 1420 2711 rediens
1448 2655 1502 2708 in
1534 2667 1612 2718 se,
1651 2657 1701 2706 in
1727 2665 1794 2708 eo
1837 2653 1955 2707 loco
2001 2655 2052 2707 in
2104 2667 2210 2721 quo

625 2758 769 2803 stare
798 2754 1058 2818 ceperat,
1087 2747 1187 2802 hoc
1213 2757 1272 2802 se
1299 2759 1512 2802 rursum
1546 2746 1676 2800 vidit
1699 2759 1820 2801 esse
1849 2741 1988 2814 quod
2018 2745 2208 2800 fuerat.

627 2838 776 2897 Tunc
797 2855 924 2896 vero
950 2833 1146 2895 oblitus
1167 2853 1327 2903 escae,
1356 2843 1420 2894 ex‘
1448 2838 1539 2894 illa
1571 2837 1701 2893 hora
1752 2847 1962 2893 noctem
2009 2840 2214 2908 gemitu

623 2949 686 2992 ac
715 2935 1095 2990 lamentatione
1129 2935 1417 3005 transegit,
1448 2943 1700 3002 reputans
1730 2946 1913 2987 secum
1955 2931 2218 2986 humano.

622 3043 740 3082 rum
773 3027 1002 3082 hostium
1035 3027 1428 3082 multitudinem
1452 3065 1466 3091 ,
1497 3032 1550 3080 et
1597 3024 2030 3080 colluctationem
2080 3023 2212 3078 tanti

2318 1841 2437 1879 cum
2483 1840 2643 1883 orans
2681 1830 2877 1898 juglter
2905 1828 2996 1883 Dei
3044 1828 3284 1884 laudaret
3333 1831 3624 1896 auxilium,
3676 1830 3913 1885 interro-

2316 1919 2566 1990 gantibus
2595 1920 3020 1994 compellebatur
3048 1921 3289 1986 edicere;
3315 1935 3413 1986 nec
3443 1921 3745 1990 spiritual'es
3768 1922 3915 1974 filios

2318 2003 2450 2082 pura
2481 2014 2533 2069 in
2563 2012 2782 2072 Christo
2812 2015 2987 2070 anima
3036 2015 3304 2071 occultare
3351 2015 3636 2086 quidquam
3669 2016 3914 2080 volebat,

2317 2107 2615 2182 prtesertim
2644 2123 2764 2162 cum
2791 2105 3098 2174 hujusmodi
3141 2107 3414 2186 signorum
3459 2108 3648 2162 relatio
3675 2115 3727 2161 et
3758 2122 3913 2160 amn-

2317 2216 2430 2256 rem
2461 2200 2794 2257 ministraret
2824 2203 3116 2270 pr0posito,
3150 2209 3203 2256 et
3235 2201 3458 2255 fructum
3492 2201 3689 2255 laboris
3722 2210 3913 2256 osten-

2316 2293 2488 2350 deret.
2522 2293 2797 2364 Nunquam
2831 2293 2920 2348 ille
2948 2304 3038 2347 aut
3078 2293 3156 2348 ira
3183 2294 3352 2348 subita
3380 2294 3672 2348 Concitatus
3703 2295 3913 2362 patien~

2317 2387 2445 2440 tiam
2477 2386 2649 2454 rupit,
2680 2394 2774 2441 aut
2803 2384 3159 2440 humilitatem
3192 2387 3364 2441 erexit
3405 2387 3455 2439 in
3481 2386 3724 2457 gloriam.
3773 2371 3914 2440 Nam

2319 2492 2512 2552 otnnes
2552 2478 2776 2534 clericos
2806 2494 2972 2549 usque
3001 2479 3066 2532 ad
3100 2479 3340 2532 ultimum
3367 2477 3587 2548 gradum
3631 2476 3747 2548 (81)
3774 2488 3909 2533 ante

2316 2588 2374 2634 se
2419 2589 2575 2630 orare
2618 2574 2966 2642 compel'ens,
3015 2574 3278 2641 episeOpis
3315 2588 3523 2642 quoque
3553 2582 3712 2640 atque
3757 2575 3915 2638 pres~

2315 2663 2539 2736 byteris,
2583 2664 2731 2738 quasi
2765 2666 3073 2720 humilitatis
3110 2663 3421 2734 discipulus,
3473 2662 3539 2716 ad
3572 2662 3908 2718 benedicen-

2317 2756 2444 2812 dum
2491 2773 2549 2812 se
2594 2757 2753 2828 caput
2789 2757 3132 2814 submittebat
3161 2757 3298 2826 (82).
3337 2755 3593 2812 Diacones
3621 2771 3770 2824 vero,
3803 2757 3906 2825 qui

2318 2848 2384 2904 ad
2414 2863 2534 2902 eum
2566 2847 2810 2904 utilitatis
2849 2863 3014 2916 eausa
3039 2841 3348 2920 veniebant,
3368 2864 3487 2902 cum
3520 2864 3614 2918 pro
3637 2845 3915 2914 adiutorio

2319 2954 2505 2995 eorum
2536 2939 2655 3009 ejus
2684 2940 3039 3009 praesentibus
3069 2929 3381 3008 disputaret,
3412 2939 3476 2993 ad
3506 2939 3763 2994 orandum
3794 2933 3916 2994 Do-

2321 3031 2526 3085 tninum
2563 3029 2664 3084 sibi
2699 3031 3058 3100 jra-ponebat,
3093 3046 3194 3084 non
3227 3031 3567 3094 erubescens,
3602 3042 3655 3085 et
3685 3027 3918 3100 196εᾶνὶ-

621 3122 922 3186 cxercitus,
954 3130 1005 3175 et
1039 3119 1361 3175 laboriosum
1394 3133 1487 3188 per
1518 3132 1695 3173 aerem
1742 3117 1845 3173 iter
1874 3119 1938 3170 ad
1987 3117 2211 3184 coelum,
2244 3127 2292 3206 ς
2323 3134 2495 3176 scere.
2521 3121 2653 3174 Nam
2684 3133 2737 3176 et
2766 3121 3126 3194 interrogabat
3158 3119 3468 3192 frequenter
3509 3137 3603 3177 eos
3632 3106 3756 3178 curii
3784 3111 3917 3204 qni-

620 3222 674 3269 et
707 3214 806 3269 lioc
837 3215 1080 3284 Apostoli
1109 3215 1329 3281 dictum,
1362 3230 1467 3286 quo
1499 3211 1614 3267 ait:
1645 3209 1758 3267 Non
1791 3222 1876 3266 est
1904 3214 2058 3267 nobis
2099 3211 2211 3268 col-
2257 3197 2268 3215 τ
2318 3211 2417 3266 bus
2445 3223 2558 3268 erat
2583 3229 2604 3282 ;_
2637 3222 2690 3267 ct
2715 3213 2760 3267 si
2790 3214 2987 3284 aliquid
3021 3213 3090 3268 ab
3121 3213 3199 3268 eis
3231 3214 3587 3269 necessarium
3634 3197 3915 3292 audierat,

620 3307 836 3364 luctatio
862 3310 1115 3365 adversus
1145 3319 1359 3364 carnem
1389 3317 1444 3364 et
1465 3309 1798 3379 sanguinem,
1825 3309 1918 3364 sed
1943 3308 2200 3365 adversus

625 3400 919 3468 principem
975 3403 1251 3468 potestatis
1310 3400 1466 3470 hujus
1522 3403 1661 3452 aeris
1711 3397 1927 3468 (Ephrs.
1961 3405 2056 3468 vr).
2107 3399 2209 3466 Qui

621 3505 794 3544 sciens
816 3504 1001 3545 aereas
1033 3501 1320 3558 potestates
1348 3489 1418 3544 ob
1449 3489 1500 3542 id
1533 3504 1743 3557 semper
1778 3499 2003 3554 tentare,
2039 3489 2210 3543 lucta-

619 3582 666 3639 ri
696 3593 749 3639 et
773 3585 1116 3650 Contentlere,
1148 3599 1214 3639 ne
1264 3582 1420 3636 nobis
1463 3581 1598 3637 liber
1651 3581 1903 3635 transitus
1951 3591 2094 3637 esset
2141 3583 2205 3638 ad

619 3677 836 3743 uelum,
871 3675 1180 3732 hortabatur
1209 3687 1431 3730 monens
1464 3679 1480 3727 :'
1513 3675 1784 3730 Assumite
1829 3685 1973 3727 arma
2007 3672 2121 3739 Dei,
2149 3682 2209 3729 ut

622 3769 838 3841 possitis
867 3770 1120 3824 resistere
1149 3768 1200 3822 in
1229 3768 1315 3822 die
1343 3767 1484 3821 mala
1509 3763 1792 3837 (Ibidem);
1827 3774 1882 3820 ut
1911 3765 2042 3820 nihil
2083 3766 2207 3822 mali

622 3863 824 3918 habens
851 3862 992 3932 quod
1015 3862 1088 3917 de“
1109 3862 1256 3915 vobis
1280 3862 1456 3916 dicere
1499 3857 1665 3929 poSsit
1697 3858 1941 3914 inimicus
1965 3857 2093 3932 (Tit.
2118 3861 2202 3932 tt),

623 3957 996 4011 con'undatur.
1030 3947 1137 4009 Nos
1159 3957 1338 4007 autem
1360 3951 1639 4022 apostolici
1664 3951 1930 4005 sermonis
1958 3955 2208 4007 recorde-

625 4063 767 4113 mur,
795 4044 1022 4102 dICenti‘s‘
1055 4064 1066 4096 ς
1096 4045 1221 4100 Sive
1261 4044 1313 4099 in
1345 4057 1594 4113 corpore,
1627 4044 1744 4096 sive.
1790 4050 1944 4097 extra
1986 4047 2200 4112 carpas",

619 4141 821 4208 nescio,
857 4139 995 4195 Deus
1021 4139 1124 4194 scit
1149 4135 1236 4210 (11
1267 4138 1387 4195 Car.
1415 4140 1534 4208 tu).
1563 4135 1628 4190 Et
1651 4137 1845 4192 Paulus
1870 4135 2084 4207 quidem
2115 4151 2206 4191 us-

618 4245 723 4302 que
749 4232 813 4285 ad
843 4232 1054 4286 tertium
1085 4231 1276 4286 etclam
1302 4238 1480 4300 raptus
1505 4235 1607 4290 est,
1634 4229 1810 4298 ibique
1853 4225 2050 4282 auditis
2083 4242 2205 4283 ver-

620 4319 703 4378 bis
748 4321 1125 4386 inen‘abilibus,
1156 4311 1464 4389 descendit;
1497 4321 1768 4375 Antonius
1808 4329 1984 4375 autem
2033 4337 2204 4390 usque

621 4416 688 4472 ad
730 4419 942 4473 aereum
990 4415 1250 4486 sublatus,
1283 4413 1408 4485 post
1445 4407 1874 4468 colluctationem
1929 4412 2066 4468 liber
2108 4427 2202 4481 ap-

617 4511 813 4582 paruit.

695 4624 822 4682 Car.
866 4618 1150 4677 XXXVIII.
1182 4647 1254 4660 —
1282 4618 1520 4674 Habebat
1561 4619 1718 4674 etiam
1765 4611 2061 4672 istiusmodi
2109 4615 2204 4673 do-

620 4732 749 4789 nym
781 4731 798 4770 :
829 4715 876 4768 si
907 4715 1056 4778 cuius
1089 4713 1166 4768 rei
1194 4712 1388 4768 sedens
1433 4713 1488 4767 in
1518 4723 1700 4768 monte
1743 4715 1955 4784 ignarus
1990 4709 2197 4777 fuisset,

619 4799 817 4881 et'ejus
847 4823 1025 4864 secum
1056 4809 1346 4880 inquireret
1377 4809 1672 4872 notionem,
1699 4809 1875 4864 oranti
1919 4808 1967 4862 ei
2014 4824 2040 4859 a
2097 4808 2200 4861 Do-

619 4907 768 4961 mino
793 4905 1156 4968 revelabatnr;
1189 4912 1242 4958 et
1283 4912 1419 4970 erat,
1447 4901 1741 4957 secundum
1771 4901 1913 4972 quod
1943 4900 2196 4971 scriptum

614 5005 718 5060 est,
749 5011 776 5048 a
808 4993 918 5051 Deo
943 4994 1130 5048 doctus
1157 4992 1338 5063 (Joan.
1371 5009 1450 5058 vi;
1485 4992 1594 5048 Isa.
1636 4991 1766 5062 Liv).
1795 4983 2030 5064 Denique
2076 5009 2199 5050 cum

615 5103 646 5143 a
676 5088 927 5143 fratribus
957 5083 1246 5143 haberetur
1268 5085 1368 5141 iste
1399 5095 1676 5155 tractatus,
1709 5095 1762 5141 et
1789 5087 1856 5140 ab
1901 5101 1966 5141 eo
2014 5087 2201 5142 sedule

616 5182 1020 5237 sciscitarentur
1043 5176 1489 5247 quemadmodum
1517 5192 1576 5233 se
1616 5187 1734 5250 post
1764 5176 2005 5247 corporis
2034 5177 2199 5232 sarci-

615 5288 738 5326 nam
765 5273 940 5327 anima
970 5279 1200 5343 gereret,
1231 5269 1392 5338 quive
1417 5268 1467 5324 ei
1501 5269 1645 5325 locus
1675 5275 1795 5337 post
1839 5268 2043 5321 exitum
2075 5283 2199 5320 con-

614 5364 929 5430 cederetur;
963 5365 1199 5432 proxima
1232 5371 1390 5417 nocte
1416 5376 1516 5415 vox
1559 5361 1789 5429 desuper
1835 5371 2027 5412 nomen
2076 5357 2196 5428 ejus

613 5456 973 5520 inclamitans,
1002 5454 1114 5509 ait:
1148 5453 1369 5516 Antoni.
1397 5467 1656 5522 exsurge,
1685 5449 1770 5506 exi
1801 5458 1854 5505 et
1901 5450 2043 5506 vide.
2097 5451 2198 5518 Qui

612 5561 929 5617 exsurgens,
957 5561 1205 5616 egressus
1225 5559 1305 5603 est
1328 5565 1340 5613 ;
1369 5546 1570 5604 sciebat
1589 5543 1730 5600 enim
1754 5543 1945 5616 quibus
1972 5559 2198 5612 respon-

610 5640 741 5696 dere
781 5636 1023 5693 deberet.
1078 5635 1144 5692 Et
1193 5639 1418 5694 elevatis
1467 5637 1532 5693 ad
1582 5636 1776 5692 cwlum
1822 5635 2011 5703 oculis,
2066 5635 2199 5691 vidit

609 5728 894 5790 unemdam
927 5727 1144 5804 longum
1169 5741 1327 5802 atque
1351 5728 1642 5787 terribilem
1673 5728 1810 5799 ("9),
1832 5736 1991 5797 caput
2018 5742 2195 5798 usque

2316 3318 2378 3370 se
2407 3305 2671 3360 fatebatur
2702 3307 2966 3380 adjulum.

2384 3393 2513 3452 CAP.
2555 3397 2665 3452 XL.
2690 3429 2758 3439 —
2799 3397 3038 3454 Habebat
3079 3409 3253 3454 autem
3293 3409 3344 3455 et
3393 3401 3442 3453 in
3476 3393 3618 3456 vultu
3651 3395 3914 3476 tii'ag'ndrit

2313 3491 2557 3558 gratiam,
2587 3501 2639 3546 et
2669 3490 2978 3546 admirabile
3014 3506 3044 3545 a
3066 3491 3343 3547 Salvatore
3375 3495 3536 3549 etiam
3572 3496 3672 3548 hoc
3704 3501 3913 3552 muniis

2313 3591 2611 3648 acceperat.
2657 3582 2713 3637 Si
2743 3582 2861 3647 quis
2903 3583 3043 3636 enim
3079 3586 3289 3654 ignarus
3323 3586 3457 3654 ejus,
3492 3587 3629 3641 inter
3661 3587 3916 3644 molliti]-

2314 3672 2491 3726 dinem
2540 3673 2921 3730 monachorum
2966 3685 3089 3730 etIm
3129 3677 3308 3733 videre
3344 3677 3723 3744 desiderasset,
3756 3683 3915 3738 nullo

2313 3762 2608 3832 indicante,
2629 3768 2839 3821 caeteris
2871 3757 3273 3836 praetermissis,
3304 3769 3682 3827 ad'Antonium
3714 3769 3917 3830 cund-

2313 3857 2423 3926 bat,
2450 3869 2502 3913 et
2533 3861 2725 3915 anima:
2759 3861 3042 3929 puritatem
3073 3859 3393 3933 agnoscebat
3435 3880 3500 3919 ex
3530 3864 3698 3930 vultu,
3723 3875 3782 3922 et
3810 3884 3916 3936 per

2311 3940 2586 4018 speculum
2639 3953 2880 4021 corporis
2929 3953 3152 4023 gratiam
3204 3965 3405 4010 sanctae
3462 3956 3656 4011 mentis
3724 3956 3914 4013 inme-

2310 4041 2483 4096 batur.
2529 4038 2675 4098 Nam'
2710 4053 2924 4110 semper
2954 4039 3173 4100 hilarem
3227 4041 3414 4102 faciem
3444 4061 3658 4117 gerens,
3694 4047 3912 4118 liquido

2309 4133 2620 4191 oStendebat
2649 4150 2707 4192 se
2737 4135 2804 4192 de
2833 4139 3144 4194 cteleStibus
3170 4140 3424 4209 cogitare,
3458 4142 3594 4196 sicut
3619 4142 3912 4213 Scriptura

2308 4227 2418 4282 ait:
2458 4226 2630 4284 Corde
2677 4231 2888 4286 ltetante
2916 4233 3086 4287 vultus
3117 4230 3290 4298 ﬂoret,
3319 4241 3372 4286 et
3416 4233 3469 4286 in
3503 4247 3737 4289 maerore
3767 4249 3912 4288 con-

2307 4319 2524 4374 stitutus
2575 4321 2813 4376 tristatur
2838 4320 3020 4394 (Prov.
3045 4323 3197 4394 xvn).
3254 4323 3328 4377 ita
3376 4333 3432 4380 et
3476 4325 3642 4380 Jacob
3680 4326 3913 4397 agnovit

2308 4410 2486 4466 Laban
2542 4425 2787 4467 socerum
2839 4427 2994 4468 suum
3044 4414 3260 4469 insidias
3308 4415 3412 4471 sibi
3459 4415 3906 4487 machinantem,

2229 4504 2490 4579 ﬁdicens
2519 4503 2586 4558 ad
2617 4503 2751 4560 filias
2778 4505 2892 4575 ejus
2921 4523 2935 4560 :
2979 4505 3092 4561 Non
3124 4515 3208 4562 est
3235 4507 3396 4564 facies
3423 4510 3587 4577 patris
3615 4514 3782 4566 vesui
3813 4514 3902 4567 31-

2310 4606 2398 4650 cut
2443 4595 2554 4650 lteri
2600 4599 2656 4650 et
2699 4596 3086 4652 nudiustertius
3135 4597 3284 4670 (Gen.
3321 4600 3495 4670 XXX‘l)‘.
3547 4602 3638 4657 Sic
3666 4605 3903 4662 Samuel

2307 4687 2534 4758 agnoﬁt
2553 4688 2758 4742 David:
2796 4688 3122 4744 [retinentes-
3159 4693 3302 4746 enim
3333 4691 3572 4750 habebat
3589 4696 3799 4760 oculos,
3835 4709 3905 4753 et

2307 4779 2498 4836 dentes
2551 4780 2687 4835 sicut
2735 4779 2816 4835 iac
2869 4781 3136 4836 candido!
3176 4782 3241 4853 (Ι-
3271 4781 3400 4855 Kay.
3441 4787 3576 4853 xvi).
3624 4785 3911 4843 Similiter

2305 4873 2698 4943 agnoscebatur
2757 4875 3063 4941 Antonius,
3149 4877 3278 4944 quiat
3351 4883 3566 4946 semper
3641 4879 3912 4936 eamdem

2306 4963 2496 5020 faciem
2543 4965 2684 5020 inter
2713 4975 2968 5036 prospera
3004 4975 3062 5022 et
3105 4966 3330 5023 θάνωσι
3380 4970 3640 5035 retinens,
3673 4985 3776 5026 nec
3806 4986 3915 5028 se.

2305 5058 2497 5114 condis
2533 5059 2911 5126 extollebatur,
2943 5075 3042 5116 nec
3073 5059 3416 5134 frangebatur
3442 5065 3705 5117 adversis.
3761 5065 3911 5120 Erat

2304 5153 2446 5208 enim
2477 5165 2532 5209 et
2575 5153 2626 5208 in
2671 5154 2818 5208 vultu
2847 5155 3113 5221 amabilis,
3147 5157 3200 5210 et
3230 5157 3284 5210 in
3312 5156 3430 5210 fidei
3465 5158 3691 5225 puritate
3721 5157 3914 5213 mira-

2304 5244 2445 5302 bilis.

2378 5359 2501 5415 Car.
2547 5358 2680 5415 XLI.
2703 5389 2768 5400 —-
2790 5359 3066 5431 Nunquam
3100 5359 3558 5416 schismaticorum
3588 5375 3648 5416 se
3677 5360 3923 5422 miscuit

2307 5451 2697 5521 communioni,
2729 5453 3000 5522 antiquam
3040 5467 3224 5508 eorum
3258 5454 3430 5508 sciens
3461 5454 3775 5523 pravitatem
3806 5465 3920 5512 at-

2305 5557 2409 5612 que
2442 5543 2940 5612 transgressionem.
2990 5543 3268 5614 Nunquam
3310 5545 3612 5598 Maniclmis
3643 5544 3762 5613 (83)
3791 5559 3920 5605 aut

2306 5634 2426 5690 aliis
2459 5635 2721 5690 lnrreticis
2761 5636 2948 5690 saltem
2987 5635 3286 5690 amicabilia
3319 5637 3475 5690 verba
3517 5637 3738 5703 largitus
3775 5647 3920 5704 est,

2302 5728 2406 5784 nisi
2430 5736 2631 5784 tantum
2662 5741 2724 5784 ea
2752 5743 2871 5794 qua:
2901 5741 2994 5784 eos
3021 5735 3238 5792 possent
3266 5727 3334 5783 ab
3360 5726 3654 5788 iniquitatis
3695 5741 3826 5782 erro
3839 5741 3926 5791 re
