4124 6350
285 342 388 403 15⁸2

1402 337 1564 396 VITA
1602 335 1806 394 BEATI
1843 332 2124 397 ANTONll
2162 335 2455 395 ABBATIS

3466 339 3569 415 158

282 470 564 521 revocare,
592 455 916 513 denuntians
954 453 1143 509 talium
1183 444 1447 509 amicitias
1477 462 1639 521 atque
1668 465 1874 508 sermo-
1901 449 1956 508 Δ
1979 462 2047 503 ne
2073 458 2127 504 et
2154 464 2253 520 ego
2283 466 2541 507 corruens
2585 454 2864 510 inteream.
2910 454 3020 510 Hoc
3063 454 3267 529 audito,
3302 456 3564 539 mirabilis

280 565 379 607 nes
411 547 764 620 perditionem
795 561 916 604 esse
946 547 1161 602 animae.
1211 546 1302 603 Sic
1328 548 1489 602 etiam
1522 544 1746 601 Arianos
1776 545 1868 600 de-

277 644 600 708 testabatur,
633 649 691 697 ut
718 640 968 695 omnibus
1014 639 1221 694 diceret
1251 638 1515 709 necjuxta
1540 653 1633 694 eos
1655 636 1869 708 quidem

273 749 401 791 esse
431 731 816 789 accedendum.
863 729 994 786 Nam
1022 734 1143 786 eum
1168 731 1443 785 venissent
1467 728 1680 800 quidam
1714 728 1869 785 Ario-

273 829 494 883 manitre
526 824 666 895 (84),
697 830 909 894 reperta
942 828 1127 879 eorum
1157 826 1277 892 post
1306 823 1753 879 examinationem
1783 822 1869 877 iu-

273 917 592 973 ﬁdelissitua
637 926 813 980 secta,
864 915 1115 984 eﬂugavit
1156 922 1250 970 eos
1298 912 1367 970 de
1416 923 1633 987 monte,
1686 915 1870 970 dicens

272 1011 453 1067 multo
494 1008 831 1078 serpentibus
861 1007 1167 1063 deteriores
1192 1005 1383 1062 horum
1412 1018 1532 1063 esse
1569 1018 1866 1064 sermones.

274 1100 659 1157 Mentierrtlbns
678 1104 856 1155 autem
879 1099 1097 1155 Manis
1122 1096 1243 1171 (85)
1270 1097 1557 1168 aliquando
1578 1096 1868 1156 Antonium

271 1196 351 1251 ita
383 1204 442 1250 ut
462 1206 521 1250 se
542 1194 784 1264 credere,
812 1193 1106 1249 admiratus
1132 1204 1316 1249 eorum
1341 1194 1638 1259 audaciam,
1663 1203 1717 1249 et
1735 1193 1865 1267 justi

271 1290 484 1346 doloris
510 1290 588 1344 ira
613 1290 934 1353 conmotus,
964 1294 1297 1357 rogatusque
1322 1285 1390 1342 ab
1417 1286 1684 1357 episcopis
1708 1274 1866 1357 atque

269 1381 546 1438 universis
576 1379 848 1448 fratribus,
878 1379 1255 1435 Alexandriam
1284 1378 1562 1436 descendit
1589 1376 1736 1450 (86);
1766 1378 1864 1435 ibi-

268 1488 383 1546 que
413 1474 773 1531 Ariomanitas
811 1474 1028 1544 publico
1066 1476 1319 1528 sermone
1351 1470 1751 1537 condemnavit,
1786 1471 1865 1527 ul-

270 1568 459 1625 timam
488 1568 628 1624 hanc
654 1578 776 1625 esse
803 1567 1051 1624 hmrcsim
1093 1572 1145 1624 et
1176 1574 1564 1638 praecursorem
1594 1568 1864 1631 Antichri-

268 1661 344 1717 Iti
373 1660 679 1727 afﬁrmans;
724 1657 1143 1732 praedicavitque
1190 1662 1243 1716 in
1287 1660 1486 1731 populo
1515 1660 1712 1717 Filium
1743 1660 1857 1729 Dei,

268 1762 382 1809 non
425 1750 709 1818 facturam,
756 1768 865 1808 nou
907 1764 971 1807 ex
1014 1753 1175 1808 nullis
1217 1752 1572 1817 exstantibus,
1607 1753 1701 1809 sed
1734 1746 1860 1824 pro;

1972 555 2137 597 senex
2185 558 2214 597 a
2265 544 2420 601 nobis
2464 544 2795 613 admonitus,
2850 546 3033 603 volens
3078 557 3252 603 tamen
3313 560 3365 603 et
3412 552 3553 622 ipse,

1975 632 2248 702 paululum
2280 636 2537 692 substitit.
2561 636 2801 709 Cumque
2830 640 3289 711 appropinquante
3313 643 3565 715 muliere,

1974 726 2147 796 puella
2186 728 2390 796 jaceret
2428 726 2667 802 explosa.
2707 732 2877 789 oravit
2925 737 3112 789 tacitus
3158 732 3436 789 Dominum
3476 722 3569 805 le?-

1972 832 2116 886 sum,
2148 830 2201 875 et
2240 821 2304 875 ad
2346 822 2816 879 comminationem
2858 824 2973 893 ejus
3007 825 3184 879 statim
3213 826 3432 895 spiritus
3463 824 3564 893 im~

1975 912 2140 981 purus
2178 927 2431 984 egressus
2477 923 2579 969 est.
2630 913 2811 970 Puella
2862 916 3184 984 incolumis,
3236 919 3464 989 populus
3514 921 3567 981 in

1973 999 2218 1058 laudibus
2246 1002 2360 1071 Dei,
2406 1014 2577 1061 mater
2606 1008 2657 1061 in
2689 1008 2880 1074 gaudio
2912 1006 3029 1061 fuit.
3062 1006 3177 1078 lpse
3208 1021 3385 1065 autem
3420 1011 3566 1068 laeta-

1971 1088 2148 1169 batur,
2182 1100 2305 1169 quia
2344 1099 2409 1154 ad
2438 1099 2805 1156 desideratam
2855 1102 3197 1157 solitudinem
3246 1103 3562 1175 repedabat.

1971 1184 2099 1245 Erat
2129 1200 2306 1246 autem
2339 1192 2495 1248 valde
2517 1195 2755 1263 sapiens,
2781 1204 2833 1250 et
2864 1194 2963 1249 hoc
2996 1194 3049 1250 in
3094 1210 3152 1251 se
3191 1197 3433 1251 mirabile
3472 1198 3566 1250 hu-

1970 1279 2152 1351 bebat,
2180 1286 2302 1355 quia
2332 1302 2454 1341 cum
2499 1288 2705 1343 litteras
2734 1270 2838 1344 non
2872 1288 3168 1357 didicisset,
3202 1291 3564 1363 ingeniosissi—

1969 1381 2089 1432 inus
2117 1385 2171 1433 et
2197 1379 2643 1447 prudentissimus
2669 1391 2803 1436 erat.
3304 1364 3309 1369 ’

2042 1467 2172 1526 (ΞΜ).
2214 1468 2493 1526 XLlV.»
2519 1470 2818 1543 Aliquando
2868 1474 3063 1529 etenim
3113 1474 3417 1546 philosophi
3459 1478 3563 1532 duo

1968 1558 2089 1635 (87)
2131 1565 2357 1632 gentiles
2391 1574 2655 1621 venerunt
2701 1567 2765 1620 ad
2816 1584 2963 1632 eum,
2996 1579 3240 1637 putantes
3274 1572 3563 1625 Antonium

1967 1666 2027 1739 se
2071 1671 2228 1725 posse
2275 1658 2546 1729 deripere.
2614 1658 2738 1739 Erat
2781 1676 2908 1715 vero
2955 1661 3009 1729 in
3052 1662 3313 1729 superiori
3361 1674 3563 1720 monte.

1964 1747 2108 1817 Quos
2138 1767 2258 1805 cum
2289 1751 2524 1819 vidisset,
2574 1769 2805 1822 paganos
2855 1754 3115 1809 intellexit
3161 1769 3224 1809 ex
3275 1754 3460 1821 vultu;
3506 1766 3563 1812 et

270 1846 483 1917 prium,
518 1844 677 1901 unius
705 1856 827 1900 cum
859 1845 1014 1900 Pati-c
1035 1847 1370 1912 substantiae,
1404 1856 1470 1901 ne
1498 1857 1739 1902 creatura
1770 1862 1863 1916 ροι-
1894 1826 1943 1887 Β
1972 1838 2268 1912 procedens
2298 1842 2363 1897 ad
2394 1854 2505 1905 eos,
2542 1860 2635 1912 per
2664 1835 3010 1913 iuterp‘letem
3043 1845 3159 1919 (88)
3190 1846 3258 1898 ita
3303 1849 3464 1916 C(Bpit
3490 1847 3565 1901 lo-

267 1937 406 2003 tius,
446 1947 535 1993 aut
570 1936 806 2007 adeptio,
853 1947 948 1993 aut
987 1938 1275 2007 appellatio
1318 1939 1608 2007 videretur,
1641 1936 1861 2011 impium

266 2043 395 2087 esse
421 2031 605 2086 dicens
636 2031 717 2086 vel
745 2036 922 2084 mente
952 2030 1235 2099 educipere
1275 2046 1288 2083 :
1336 2030 1463 2085 Erat
1490 2028 1704 2101 quando
1756 2048 1860 2086 non

266 2130 407 2188 erat,
437 2136 557 2177 cum
586 2121 817 2178 Verbum
844 2116 936 2178 Dei
966 2122 1119 2188 Deus,
1145 2123 1233 2193 qui
1264 2122 1348 2179 est
1374 2136 1605 2194 semper,
1632 2123 1771 2179 Patri
1795 2120 1865 2180 sit

267 2224 609 2280 mittemus,
645 2217 770 2284 quia
808 2214 872 2269 ex
912 2229 977 2269 eo
1009 2223 1163 2269 natus
1194 2222 1275 2270 est
1318 2216 1496 2283 Patre,
1530 2218 1617 2283 qui
1652 2230 1863 2285 semper

266 2316 372 2364 eat.
429 2306 582 2361 Unde
608 2306 789 2360 aiebat
816 2320 831 2364 :
864 2304 995 2361 Cum
1020 2307 1234 2361 Arianis
1266 2308 1416 2364 vobis
1449 2304 1590 2362 nulla
1624 2308 1691 2363 sit
1735 2323 1863 2364 con-

263 2397 495 2469 jonctio.
539 2397 672 2463 Quae
712 2398 854 2451 enim
899 2398 1127 2451 societas
1170 2398 1275 2452 luci
1312 2398 1379 2453 ad
1429 2398 1715 2453 tenebras?
1757 2396 1863 2455 Vos

266 2487 505 2545 ﬁdeliter
541 2488 855 2555 credentes,
884 2482 1174 2544 Christiani
1216 2490 1383 2555 estis;
1420 2474 1494 2546 illi
1521 2488 1777 2555 Verbum,
1812 2494 1864 2548 id

266 2590 358 2637 est
383 2581 612 2649 Filium,
641 2579 731 2649 qui
763 2596 825 2635 ex
862 2581 970 2636 Deo
1000 2581 1160 2637 Patre
1189 2591 1293 2648 est,
1337 2594 1635 2639 creaturam
1666 2586 1863 2641 docens

266 2681 373 2737 tu,
408 2671 555 2726 nullo
584 2672 863 2727 intervallo
891 2686 919 2726 a
947 2673 1194 2742 gentibus
1221 2683 1563 2743 separantur,
1606 2676 1697 2745 qui
1740 2688 1861 2731 Ser-

265 2765 423 2819 viunt
461 2774 723 2820 creatura!
759 2766 937 2835 potius
968 2776 1125 2836 quam
1152 2764 1416 2834 Creatori,
1456 2769 1549 2838 qui
1585 2778 1668 2825 est
1697 2770 1861 2827 bene-

264 2858 445 2916 dictus
487 2859 543 2914 in
586 2860 783 2914 saecula
810 2859 994 2929 (Rom.
1026 2864 1088 2931 ι).
1139 2862 1278 2930 ipsa,
1328 2860 1458 2917 mihi
1501 2863 1723 2931 credite,
1758 2865 1864 2921 ira-

264 2952 490 3007 beuntur
514 2953 800 3020 elementa,
828 2962 886 3009 et
912 2955 1085 3010 omnis
1109 2964 1291 3012 contra
1313 2956 1573 3012 Arlatium
1604 2956 1860 3027 lurorem,

264 3047 566 3104 secundum
630 3047 877 3117 Apostoii
934 3048 1169 3117 dictum,
1256 3046 1555 3122 ingemiscii
1616 3058 1860 3109 cr'e‘atura

264 3138 449 3212 (Rom.
482 3139 621 3213 vni),
668 3141 809 3212 quod
850 3142 949 3198 sibi
980 3143 1260 3201 Dominum
1313 3134 1491 3213 suum,
1550 3162 1644 3223 per
1701 3164 1859 3219 quem

1967 1935 2057 2005 qui
2086 1953 2097 1987 :
2130 1935 2306 2004 Quare
2340 1938 2444 1989 tam
2476 1934 2631 2005 longe
2659 1936 2722 1990 ad
2748 1937 2970 1991 stultum
2999 1936 3267 1993 hominem
3296 1938 3564 2008 sapientes

1968 2036 2029 2083 se
2064 2043 2257 2082 vexare
2286 2012 2607 2083 voluerunt?
2639 2027 2742 2082 Illis
2773 2029 3095 2093 dicentibus,
3127 2046 3231 2084 non
3263 2046 3384 2085 esse
3416 2031 3563 2086 illum

1967 2118 2222 2185 Stultum,
2267 2118 2360 2174 sed
2410 2128 2464 2173 et
2506 2119 2727 2173 nimium
2777 2121 3100 2190 sapientem,
3146 2122 3432 2191 vigilanter
3483 2138 3564 2178 re-

1965 2208 2181 2279 spondit
2208 2226 2219 2261 ι
2256 2210 2307 2265 Si
2341 2209 2407 2263 ad
2434 2209 2655 2265 stultum
2688 2211 2934 2275 venisds,
2970 2211 3275 2279 superﬂuus
3304 2221 3385 2267 est
3414 2213 3562 2267 labor

1965 2312 2180 2365 veSter;
2223 2304 2266 2355 si
2308 2311 2486 2355 autem
2527 2304 2725 2371 putatis
2762 2318 2847 2358 me
2880 2303 3176 2372 sapientem
3220 2318 3363 2370 esse,
3396 2316 3449 2358 et
3477 2320 3563 2360 sa-

1966 2393 2218 2462 pientiam
2258 2392 2485 2459 habere,
2524 2390 2721 2450 bonum
2753 2405 2834 2452 est
2866 2408 2919 2451 ut
2958 2396 3239 2452 imitemini
3269 2397 3407 2468 quod
3442 2414 3562 2468 pro-

1967 2480 2125 2550 batis,
2172 2486 2293 2555 quia
2337 2484 2474 2542 bona
2502 2490 2757 2544 convenit
2797 2490 3013 2544 imitari.
3040 2491 3096 2545 Si
3126 2506 3224 2558 ego
3252 2490 3317 2545 ad
3346 2507 3436 2546 vos
3466 2507 3561 2546 ve-

1968 2580 2197 2645 nissem,
2241 2596 2333 2635 vos
2364 2581 2632 2645 imitarer;
2676 2583 2771 2637 sed
2813 2583 2934 2655 quia
2967 2599 3060 2638 vos
3089 2582 3155 2638 ad
3188 2600 3273 2639 me
3316 2584 3464 2653 quasi
3498 2583 3562 2642 ad

1967 2674 2260 2743 Sapientem
2290 2673 2531 2740 venistis,
2564 2685 2760 2739 estote,
2787 2676 2924 2730 sicut
2949 2690 3047 2746 ego
3076 2690 3216 2742 sum,
3243 2673 3557 2732 Christiani.

1965 2768 2359 2823 AbSt-t‘SSCﬂllll
2409 2766 2750 2838 philosOphi,
2809 2777 3094 2839 utrumque
3151 2770 3450 2837 mirantes,
3506 2775 3562 2825 et

1965 2864 2186 2916 acumen
2220 2858 2444 2930 ingenii,
2490 2868 2547 2915 et
2573 2860 2873 2916 dmtuonum
2906 2862 3268 2931 expulsiones.

2037 2951 2166 3008 CAP.
2209 2949 2367 3006 XLV.
2399 2983 2468 2992 —
2512 2936 2660 3008 Alios
2702 2969 2915 3023 quoque
2952 2953 3202 3009 similiter
3248 2950 3430 3009 mundi
3470 2967 3561 3009 sa-

1967 3044 2175 3118 pientes
2197 3044 2335 3116 (S‘J),
2364 3046 2453 3116 qui
2476 3061 2595 3100 eum
2625 3045 2849 3101 irridere
2875 3047 3179 3116 cupiebant,
3205 3046 3327 3115 quia
3356 3047 3561 3101 litteras

1966 3133 2260 3211 ignoraret,
2314 3140 2402 3195 tali
2453 3139 2809 3210 disputatione
2856 3140 3144 3213 colligavit,
3191 3141 3424 3197 dicens:
3460 3140 3561 3196 Rc~

262 3232 468 3298 Omnia,
501 3241 556 3288 et
583 3234 636 3289 in
663 3230 769 3304 quo
812 3235 989 3289 omnia
1022 3234 1160 3293 facta
1186 3242 1311 3294 sum
1343 3238 1521 3309 (Rom,
1552 3222 1649 3314 xi),
1682 3242 1859 3298 videat
1890 3222 1936 3307 (ξ
1970 3233 2229 3304 spondete
2260 3233 2411 3297 mihi,
2442 3232 2565 3301 quid
2601 3232 2763 3302 prius,
2792 3249 2980 3313 sensus
3002 3249 3070 3287 an
3098 3233 3323 3288 litterae?
3353 3243 3405 3287 et
3434 3232 3560 3306 quid

263 3324 555 3393 aggregari

339 3412 470 3468 Cap.
512 3412 765 3470 Xth.-—-
792 3413 915 3471 Haec
959 3418 1091 3472 tanti
1133 3416 1232 3475 viri
1275 3414 1588 3489 praedicatio
1633 3416 1859 3489 exprimi

264 3516 377 3560 non
416 3516 589 3572 potest
629 3516 886 3577 quantum
928 3509 995 3563 ad
1034 3510 1195 3565 ﬁdem
1233 3515 1460 3582 populos
1502 3514 1858 3571 roboraverit.

264 3596 615 3653 Lmtabantnr
678 3602 879 3670 quippe
922 3600 1171 3658 hostilem
1218 3608 1272 3659 et
1312 3602 1525 3663 Christo
1594 3608 1859 3666 inimicam

261 3691 515 3747 hat-exim
545 3694 982 3751 anathematiaari
1013 3690 1080 3751 ab
1108 3688 1364 3756 Ecclesiae
1389 3702 1659 3759 columna.
1709 3706 1859 3761 Nulla

261 3790 395 3838 tunc
433 3792 582 3852 aetas,
618 3786 795 3841 nullus
842 3794 1004 3844 sexus
1053 3790 1197 3845 dumi
1249 3794 1521 3849 remansit.
1574 3795 1751 3853 Taceo
1795 3800 1862 3855 de

261 3875 583 3931 Christianis
616 3892 629 3931 :
664 3882 853 3949 pagani
880 3888 1091 3952 quoque
1135 3891 1190 3938 et
1238 3884 1337 3954 ipsi
1383 3886 1645 3943 ldolurum
1677 3905 1858 3945 sacer-

260 3966 419 4024 dotes
451 3968 515 4022 nd
545 3968 873 4026 domum
916 3972 1202 4041 imperium
1238 3974 1631 4045 cenvolaliaut,
1672 3978 1859 4036 dicen-

262 4067 347 4114 tes
374 4074 391 4113 :
414 4058 702 4115 Precamur
742 4068 798 4115 ut
836 4062 1112 4119 videamus
1143 4064 1414 4123 hominem
1458 4067 1573 4134 Dei,
1606 4072 1727 4141 quia
1758 4072 1861 4129 hoc

261 4151 407 4219 apud
455 4150 741 4208 universes
790 4155 1138 4223 eotrspicuum
1202 4164 1319 4215 erat
1376 4170 1574 4219 nomen
1620 4160 1857 4221 Antenii.

264 4244 595 4301 Ambiebant
628 4256 844 4317 quoque
886 4250 1073 4305 saltem
1104 4244 1367 4309 tinibrlarn
1392 4257 1704 4313 vestimenti
1742 4259 1861 4329 ejus

258 4340 553 4407 attingere,
575 4341 803 4397 multum
829 4340 935 4398 sibi
958 4352 1013 4399 et
1042 4344 1238 4402 laetum
1264 4344 1522 4417 prodesse
1551 4353 1854 4409 credentes.

258 4434 397 4502 Quot
430 4442 560 4489 tunc
583 4435 847 4491 diabolica
880 4436 1162 4494 obsidione
1192 4448 1248 4495 et
1271 4440 1429 4497 variis
1459 4444 1860 4502 inﬁrmitatibus

259 4529 509 4586 liberati!
557 4532 689 4601 quot
734 4532 1034 4588 simulacris
1064 4544 1247 4604 erepta
1274 4548 1399 4592 sunt
1422 4538 1626 4608 spolia!
1672 4542 1857 4611 quanti

256 4623 421 4677 etiam
450 4622 520 4675 ab
549 4634 735 4677 errore
751 4623 1031 4692 gentilium
1059 4629 1297 4693 retracti,
1324 4641 1508 4683 nostro
1531 4631 1701 4698 juncti
1732 4640 1852 4688 sunt
1883 4614 1939 4677 D

258 4714 439 4783 gregi!
483 4713 643 4767 Tasci
678 4720 860 4781 certe,
898 4716 959 4770 tit
995 4718 1285 4785 paucorum
1327 4719 1534 4773 dierum
1577 4724 1751 4790 Spatio
1790 4741 1856 4779 ex

259 4803 533 4858 idolorum
582 4803 691 4875 δή
726 4807 1106 4875 superstitione
1158 4810 1441 4864 conversio
1496 4818 1711 4867 omnem
1762 4828 1857 4883 per

257 4907 461 4951 annum
505 4895 843 4953 medentium
887 4899 1124 4953 vinceret
1155 4900 1384 4954 tut-bam.
1424 4901 1689 4957 Praeterea
1733 4914 1857 4959 cum"

258 4987 561 5044 intentem
608 4987 1001 5043 muttitadineni
1049 4990 1275 5044 comites
1314 4992 1667 5061 repellerent,
1716 4996 1858 5048 wSll-

259 5090 471 5136 nantes
502 5077 665 5132 neuio
693 5077 775 5132 iltt
816 5088 1146 5135 conventam
1197 5076 1377 5151 populi
1424 5082 1556 5145 lure,
1590 5083 1681 5139 ille
1711 5092 1858 5140 tran-

260 5172 430 5240 quillo
461 5171 644 5226 animn
671 5172 885 5227 ﬁeri!"
912 5188 927 5226 :
954 5172 1205 5244 Nunquid
1231 5175 1318 5231 hic
1344 5182 1517 5231 cretus
1552 5177 1861 5234 daemonum

263 5263 437 5334 major
474 5272 562 5317 est
597 5263 812 5321 turbis?
854 5265 1097 5336 utquid
1122 5267 1529 5336 obsequentium
1571 5271 1859 5327 multitudo

262 5354 673 5409 co'luctatorum
718 5355 772 5410 in
803 5367 986 5412 monte
1026 5368 1334 5414 nostrorum
1363 5363 1597 5417 catervis
1636 5372 1718 5418 est
1760 5376 1857 5418 nu-

261 5445 526 5501 merosior
542 5452 565 5499 't

328 5536 462 5592 Car.
484 5534 668 5593 XLIII.
682 5567 751 5579 —
772 5540 977 5595 Accidit
996 5543 1159 5597 etiam
1178 5551 1232 5598 ut
1253 5558 1375 5599 cum
1402 5560 1524 5600 eum
1548 5546 1859 5603 redeuutem

262 5628 400 5684 circa
425 5644 634 5688 tortam
663 5644 1127 5705 prosequeremur,
1158 5650 1187 5690 a
1211 5645 1359 5708 tet-go
1387 5639 1628 5708 quaedam
1669 5640 1861 5695 mulier

261 5722 583 5790 clamitaret,
603 5724 818 5781 dicens:
838 5726 1121 5796 Exspecta,
1145 5730 1437 5791 liomoDei,
1458 5731 1566 5787 tilia
1589 5748 1703 5788 mea
1724 5742 1861 5789 atro.

260 5816 479 5873 u’ssimo
494 5827 718 5878 vexatur
728 5820 1020 5887 demetrio;
1038 5833 1309 5893 exspecta,
1328 5823 1585 5895 obsecro;
1604 5837 1851 5897 exspecta

1968 3330 2118 3397 cujus
2145 3328 2464 3384 exordium?
2495 3327 2696 3389 SenSus
2723 3344 2788 3383 ex
2816 3326 3031 3393 litteris,
3063 3344 3131 3382 an
3158 3328 3349 3383 littera:
3377 3329 3561 3383 oriuu-

1970 3430 2052 3476 ltit'
2087 3438 2148 3476 ex
2193 3419 2390 3474 sensu?
2435 3418 2544 3475 Illis
2596 3420 2959 3475 asserentibus
3006 3422 3130 3490 quia
3180 3435 3369 3474 sensus
3418 3428 3560 3501 esset

1967 3523 2155 3570 auctor
2192 3527 2350 3582 atque
2398 3526 2647 3571 inventor
2691 3514 3013 3582 litterarum,
3058 3514 3134 3568 ait
3165 3534 3176 3567 :
3208 3508 3369 3584 igitur
3399 3514 3442 3569 si
3474 3506 3561 3571 cui

1967 3612 2158 3665 Sensus
2195 3610 2476 3665 incolumis
2502 3616 2603 3675 est,
2636 3608 2725 3664 hic
2752 3608 2959 3663 litteras
2991 3625 3096 3664 non
3141 3608 3383 3677 requirit.
3432 3608 3561 3675 Quis

1969 3704 2313 3773 prmseiitium
2358 3712 2477 3773 post
2519 3702 2655 3757 hanc
2685 3702 3115 3757 colluctationem
3166 3703 3533 3758 nonevclama

1967 3778 2123 3860 verit,
2155 3810 2274 3848 cum
2306 3795 2675 3863 obstupuerint
2695 3802 2749 3849 et
2777 3794 2873 3860 ipsi
2900 3795 2988 3863 qui
3018 3793 3141 3847 victi
3180 3804 3325 3857 sunt,
3358 3802 3555 3847 tantam

1965 3887 2018 3945 in
2049 3889 2297 3958 imperito
2318 3888 2610 3944 litterarum
2640 3886 2987 3958 sagacitatem
3016 3886 3177 3941 animi
3198 3883 3560 3941 admirantes?

1968 3972 2152 4053 Neque
2190 3982 2356 4047 enim,
2404 3989 2461 4035 ut
2502 3981 2554 4034 in
2594 3980 2882 4035 solitudine
2910 3990 2964 4035 et
2998 3979 3267 4033 montibus
3289 3987 3559 4049 versatus,

1966 4086 2126 4146 atque
2170 4090 2384 4130 omnem
2429 4072 2625 4129 ibidem
2658 4076 2877 4145 exigens
2907 4073 3094 4138 vitam,
3131 4073 3356 4145 agrestis
3402 4082 3455 4129 et
3484 4072 3560 4127 ri-

1965 4164 2117 4243 gidus
2142 4175 2286 4233 erat,
2321 4166 2413 4221 sed
2442 4166 2710 4235 jucundus
2752 4158 2911 4237 atque
2946 4162 3193 4230 allabilis,
3227 4181 3553 4249 sermonem,

1966 4260 2260 4317 secundum
2316 4258 2562 4331 Apostoll
2618 4268 2985 4329 praeceptum,
3046 4258 3228 4313 divino
3282 4258 3556 4317 conditum

1967 4355 2079 4410 sale
2110 4352 2336 4421 (Colors.
2376 4350 2451 4423 tv)
2488 4351 2810 4419 proferebat,
2837 4351 2907 4405 ita
2936 4361 2992 4405 ut
3018 4351 3213 4406 invidia
3243 4361 3469 4418 careret,
3504 4359 3557 4419 et

1968 4458 2150 4503 amore
2181 4444 2418 4501 omnium
2445 4444 2731 4516 potiretur.

2036 4538 2166 4596 Car.
2208 4537 2483 4594 XLVl.—-
2512 4537 2652 4592 Inter
2682 4540 2816 4605 haec,
2864 4537 3015 4606 quasi
3068 4552 3249 4605 parum
3295 4544 3440 4593 esset
3476 4537 3557 4593 bis

1961 4631 2315 4703 gentilitatem
2348 4630 2514 4683 fuisse
2540 4638 2865 4695 separatam,
2897 4636 2953 4683 et
2982 4629 3141 4684 tertio
3166 4639 3431 4685 venerunt
3456 4631 3557 4687 viri

1963 4726 2028 4779 ad
2060 4740 2183 4780 eum
2211 4725 2385 4777 omnis
2433 4722 2690 4777 secularis
2722 4718 3023 4793 prudentia)
3052 4725 3196 4781 nube
3236 4727 3443 4789 caecati,
3474 4736 3557 4781 at-

1961 4802 2067 4887 que
2118 4815 2382 4869 universis
2434 4810 2791 4883 philosophia:
2843 4815 3035 4870 studiis
3088 4817 3281 4871 artium
3336 4833 3554 4873 suarum

1962 4908 2318 4963 :estlmatioue
2345 4904 2661 4962 doctissimi.
2698 4907 2756 4961 lli
2798 4924 2919 4963 cum
2962 4909 3226 4965 rationem
3254 4910 3321 4965 ab
3346 4925 3412 4966 eo
3442 4911 3556 4966 exi-

1960 5004 2149 5075 g‘ereut
2191 5000 2333 5064 lidei,
2380 5004 2537 5069 quam
2582 4999 2633 5053 in
2668 4998 2884 5055 Christo
2916 4998 3195 5064 habemus,
3238 5009 3291 5055 et
3321 5000 3557 5056 niteren-

1964 5092 2049 5148 t'itr
2101 5101 2286 5162 arguta
2347 5091 2731 5162 50phismatum
2794 5091 3214 5164 interrogatione
3262 5092 3328 5147 de
3374 5095 3555 5150 divina

1961 5200 2122 5241 cruce
2153 5200 2273 5240 cum
2299 5183 2544 5248 illudet'e,
2578 5184 2630 5239 in
2658 5184 2928 5240 silentium
2956 5185 3222 5255 paululum
3247 5199 3379 5242 voce
3405 5201 3555 5242 com-

1962 5285 2169 5349 pressa,
2193 5276 2422 5346 primum
2446 5290 2628 5331 eorum
2656 5277 2936 5332 miseratus
2956 5290 3196 5331 errorem
3218 5286 3330 5343 est;
3355 5277 3552 5333 deinde

1960 5378 2055 5437 per
2099 5370 2466 5439 interpretem,
2517 5367 2605 5438 qui
2655 5366 2771 5437 ejus
2821 5366 2984 5421 verba
3036 5364 3450 5437 diligentissime
3503 5368 3553 5425 in

1963 5456 2208 5515 Graecum
2254 5459 2462 5514 solebat
2509 5461 2811 5527 exprimere
2855 5471 3183 5523 sermonem,
3214 5457 3284 5512 ita
3325 5474 3553 5516 exorsus

1963 5564 2065 5619 est,
2114 5553 2336 5609 dicens:
2367 5550 2503 5619 Quid
2554 5549 2826 5619 pulchrius
2864 5562 2965 5617 est,
3010 5538 3206 5620 quidve
3250 5551 3554 5623 honestius.

1961 5660 2173 5700 crucem
2197 5645 2393 5707 colere,
2408 5658 2474 5697 an
2496 5642 2775 5710 adulteria,
2802 5643 3161 5711 parricidium,
3179 5646 3263 5701 vel
3284 5648 3548 5704 incestum

1962 5732 2045 5791 his
2072 5736 2342 5806 assignare
2371 5746 2508 5802 quos
2538 5733 2739 5800 colitis;
2771 5750 2891 5789 cum
2923 5734 2975 5790 in
3005 5736 3175 5792 altero
3202 5738 3267 5792 sit
3307 5750 3549 5794 contem-

1960 5837 2081 5898 ptus
2109 5828 2295 5883 mortis
2335 5824 2543 5896 insigne
2574 5826 2847 5897 virtutum,
2878 5825 2931 5883 in
2958 5827 3129 5884 altero
3161 5831 3330 5901 turpis
3358 5831 3553 5902 religio
