4124 6350
502 334 610 394 159

1576 327 1665 386 DE
1712 326 1884 383 VITIS
1928 327 2211 383 PATRUM
2249 322 2461 382 LIBER
2499 322 2777 385 PRIMUS.

3650 308 3655 311 ’
3685 325 3799 386 160

498 452 847 510 obscenitatis
888 449 1179 519 magistra?
1219 445 1357 515 Quid
1387 445 1580 502 melius
1623 453 1706 499 est
1739 442 1920 498 dicere
1950 444 2090 511 quod
2116 451 2169 507 Ἀ
2199 442 2397 496 inserta
2422 450 2568 503 sunt,
2593 448 2647 495 et
2678 440 2866 495 iisdem
2895 438 3254 495 voluminibus
3283 440 3625 496 continentur
3648 457 3794 511 pra:-

506 546 603 604 Dei
631 546 886 611 Verbum,
929 557 1154 599 manens
1194 552 1251 598 ut
1291 551 1427 605 erat,
1459 540 1529 594 ob
1577 539 1805 595 salutem
1855 546 2095 593 nostram

506 639 799 695 humanum
837 650 1035 704 corpus
1065 635 1434 702 assumpserit,
1466 641 1525 687 ut
1558 634 1813 687 societate
1856 631 2109 684 mortali-'

506 731 634 786 tatis
676 742 772 784 nos
808 729 1061 783 evelleret
1094 725 1160 780 ad
1197 724 1415 789 cmlum,
1461 724 1851 793 participesque
1896 734 2100 777 natura:

508 822 749 878 celestis
778 818 1046 883 efficeret;
1086 832 1177 881 an,
1212 825 1271 870 ut
1296 816 1395 885 ipsi
1424 816 1686 882 asseritis,
1731 814 1924 869 divinte
1953 829 2101 869 men-

510 914 581 967 tis
608 914 857 966 haustum
888 909 1027 978 (90).
1074 907 1141 962 ad
1174 916 1385 962 terrena
1413 907 1717 961 veneranda
1769 915 1929 974 caput
1971 904 2101 960 sub-

512 1003 746 1071 mittere,
778 1013 832 1058 et
859 1001 1118 1071 pecudum
1147 1010 1309 1073 atque
1332 1010 1642 1066 serpentum
1668 999 1854 1054 formis
1881 998 2102 1055 caeleste

510 1112 705 1153 nomen
754 1094 1066 1149 includere?
1110 1095 1227 1159 Quo
1271 1107 1365 1148 ore
1401 1092 1825 1146 Christianorum
1870 1090 2104 1146 creduli-

517 1198 681 1244 tatem
710 1188 919 1242 audetis
959 1187 1183 1241 irridere
1210 1184 1351 1257 (91),
1381 1184 1671 1240 dicentium
1709 1182 1982 1239 Christum
2016 1181 2104 1238 Fi-

511 1280 643 1336 lium
674 1280 768 1336 Dei
806 1280 1043 1336 sine-sui
1079 1280 1423 1341 detrimento,
1463 1288 1520 1334 et
1556 1279 1786 1348 cmpisse
1815 1292 1934 1334 esse
1960 1275 2103 1347 quod

514 1390 622 1431 non
652 1382 804 1439 erat,
833 1382 889 1429 et
933 1374 1195 1429 mansisse
1242 1372 1382 1443 quod
1431 1372 1632 1438 fuerat;
1676 1386 1796 1427 cum
1844 1370 1946 1440 ipsi
1989 1371 2106 1425 ani-

516 1484 658 1524 mam
698 1469 765 1523 de
795 1468 1101 1524 coelesdbus
1140 1464 1506 1532 detrahentes,
1541 1481 1644 1519 non
1690 1472 1893 1519 tantum
1925 1463 2104 1518 homi-

518 1578 645 1616 num
680 1562 773 1617 sed
805 1571 858 1616 et
894 1561 1220 1629 serpentium
1252 1569 1309 1614 et
1335 1560 1597 1630 pecudum
1626 1558 1845 1615 soleatis
1876 1557 2106 1627 sepelire

517 1654 831 1721 corporibus
885 1652 1038 1725 (92)?
1092 1650 1396 1706 Christiana
1445 1650 1734 1706 credulitas
1790 1664 1887 1719 pro
1935 1648 2108 1705 salute

518 1749 701 1804 mundi
734 1748 896 1801 Deum
934 1761 1091 1800 suum
1121 1745 1332 1800 venisse
1365 1754 1620 1808 testatur;
1661 1757 1758 1799 vos
1786 1757 1918 1798 vero
1947 1741 2102 1797 inna-

2201 536 2354 590 conia
2404 534 2697 604 majestatis
2756 542 2811 589 et
2860 534 3048 590 mortis
3097 532 3385 590 dedecora.
3425 533 3789 601 Quamobrem

2202 627 2347 695 odio,
2379 643 2486 699 quo
2530 628 2719 683 imbuti
2776 628 2925 691 esus,
2958 625 3194 696 abjecto,
3223 626 3511 683 invenietis
3542 625 3704 691 illico,
3742 637 3804 684 et

2202 724 2370 779 Deum
2420 738 2604 779 verum
2652 737 2775 778 esse
2822 720 3030 787 Jesum,
3054 728 3110 777 et
3136 720 3326 777 salutis
3354 719 3602 776 humanm
3626 723 3802 791 gratia

2211 818 2452 889 fragilem
2484 820 2843 888 assumpsisse
2864 827 3133 875 naturam.

2275 910 2408 967 CAP.
2428 910 2963 967 XLVll.—Vestram
2993 921 3171 967 tamen
3197 912 3370 977 nobis,
3390 910 3437 966 si
3465 927 3571 966 non
3602 911 3792 981 pudet,

2204 1012 2424 1061 narrate
2450 1005 2788 1076 religionem.
2819 1005 2926 1062 Sed
2947 1020 3081 1075 quas
3100 1019 3254 1060 error
3280 1002 3467 1060 infelix
3490 1004 3689 1073 poterit
3711 1019 3807 1058 re-

2208 1094 2353 1154 ferre
2396 1097 2636 1153 culturas
2666 1098 2733 1154 de
2778 1106 2923 1153 tanta
2951 1112 3131 1154 rerum
3162 1096 3404 1153 freditate
3428 1104 3590 1166 atque
3614 1111 3810 1151 vecor-

2205 1190 2329 1246 dia?
2358 1192 2459 1246 nisi
2512 1190 2647 1247 forte
2700 1194 2783 1261 (ut
2825 1191 3007 1262 audio)
3037 1191 3244 1247 fabulas
3275 1191 3531 1247 asseratis
3569 1189 3802 1246 deorum

2206 1292 2528 1354 vestrorum,
2554 1292 2609 1339 et
2632 1283 3015 1349 obscenitates,
3037 1294 3093 1340 et
3120 1284 3490 1349 crudelitates,
3513 1293 3569 1339 et
3598 1283 3812 1337 vanita-

2208 1385 2310 1441 tes,
2339 1384 2396 1431 et
2427 1385 2647 1441 mortes,
2680 1385 2922 1445 tegentes
2971 1390 3066 1432 eas
3121 1374 3421 1446 allegoricis
3452 1374 3811 1431 velaminibus

2206 1466 2389 1538 (100);
2421 1465 2628 1521 Liberre
2674 1476 2909 1535 raptum,
2934 1474 3130 1522 terram
3161 1464 3349 1536 (101);
3406 1462 3799 1522 semiclaudutn

2208 1557 2507 1615 Vulcanum
2537 1568 2591 1614 et
2610 1558 2863 1625 debilem,
2888 1559 3064 1628 ignem
3090 1557 3274 1629 (102);
3300 1557 3589 1623 lunonem,
3619 1571 3811 1613 aerem

2209 1651 2397 1725 (105);
2447 1651 2783 1721 Apollinem,
2826 1650 2997 1707 solem
3062 1649 3245 1723 (104);
3308 1650 3570 1718 Dianam,
3624 1651 3812 1705 lunam

2212 1744 2401 1818 (105);
2444 1744 2769 1814 Neptunum,
2794 1744 2958 1800 maria
3002 1742 3186 1815 (106);
3219 1751 3275 1799 et
3330 1742 3609 1799 libidinum
3658 1743 3815 1811 prin-

518 1848 629 1894 tam
664 1840 895 1894 animam
929 1837 1307 1906 prtedicantes,
1344 1835 1483 1891 ultro
1511 1836 1750 1906 citroque
1782 1833 2103 1890 transfertis.
2140 1841 2189 1901 B
2212 1838 2385 1907 cipem
2411 1835 2615 1901 Jovem,
2639 1836 2895 1892 aetherem
2919 1835 3068 1906 (107)
3097 1834 3532 1903 interpretantes.
3555 1832 3665 1890 Nec
3686 1842 3817 1904 post

518 1931 821 1986 Christiana
869 1930 1031 1993 fides,
1082 1944 1201 1998 qua:
1247 1926 1689 1997 omnipotentiam
1734 1926 1827 1981 Dei
1877 1926 2112 1982 clemen-

520 2023 754 2092 tiamque
778 2033 1083 2088 veneratur,
1117 2029 1510 2090 consequenter
1534 2019 1957 2074 incarnationem
1982 2017 2115 2073 dicit

521 2114 632 2171 Deo
664 2116 827 2170 fuisse
857 2113 1183 2185 possibilem,
1212 2113 1286 2168 ita
1319 2123 1517 2179 tamen,
1550 2124 1607 2167 ut
1634 2128 1742 2168 non
1775 2109 2114 2167 evacuaverit

520 2206 757 2278 dignatio
792 2207 1137 2276 dignitatem;
1169 2220 1265 2261 vos
1304 2205 1396 2275 qui
1420 2205 1653 2259 animam
1692 2218 1759 2259 ex
1784 2203 2110 2274 Splendidis-

520 2302 659 2357 simo
686 2300 779 2357 Dei
812 2302 955 2356 fonte
987 2308 1291 2355 manentem
1334 2296 1560 2368 turpiter
1586 2297 1850 2353 decidisse
1875 2297 2113 2368 jactatis,

521 2396 613 2468 qui
646 2394 951 2451 mutabilem
993 2404 1048 2449 et
1085 2392 1490 2449 convertibilem
1530 2407 1648 2448 eam
1690 2400 1811 2461 post
1846 2392 1927 2446 sui
1957 2390 2117 2446 dimi-

523 2491 798 2547 nutionem
838 2488 1043 2544 audetis
1080 2500 1352 2553 asserere,
1389 2486 1501 2555 jam
1542 2485 1687 2540 illam
1716 2499 1927 2555 quoque
1955 2492 2115 2545 natu-

523 2596 639 2636 ram
680 2580 951 2636 dominam
1011 2580 1329 2635 saeculorum
1380 2593 1477 2648 per
1522 2577 1720 2632 anima:
1765 2577 2118 2633 contumelias

527 2673 689 2742 impia
729 2674 906 2744 lingua
938 2674 1227 2730 temeratis.
1268 2672 1446 2743 imago
1478 2672 1643 2738 enim,
1677 2688 1796 2741 quae
1825 2670 2116 2727 secundum

532 2782 629 2821 vos
660 2767 957 2821 naturalem
987 2764 1391 2821 similitudinem
1420 2763 1503 2819 sui
1535 2764 1730 2819 retinet
1754 2763 2006 2828 auctoris,
2033 2762 2121 2818 cui

531 2873 635 2913 una
656 2867 741 2914 est
764 2872 831 2913 ex
861 2874 970 2929 quo
1006 2857 1229 2937 deﬂuxit
1259 2857 1553 2926 eademque
1592 2855 1913 2921 substantia,
1946 2853 2121 2908 humi-

529 2950 707 3005 litates
758 2950 997 3018 preprias
1043 2958 1097 3005 et
1151 2947 1373 3018 injurias
1422 2955 1817 3015 consequenter
1862 2945 1929 3000 ad
1969 2960 2120 3000 suam

528 3044 789 3114 originem
826 3043 1064 3099 remittit.
1098 3043 1263 3114 lgitur
1283 3042 1723 3108 animadvertite,
1769 3040 2123 3097 contumelias

527 3136 849 3201 animarum,
880 3136 946 3190 ad
987 3146 1196 3206 patrem
1244 3135 1325 3204 (ut
1345 3134 1650 3206 appellatis)
1678 3133 1782 3207 55
1813 3147 1995 3189 carum
2024 3146 2121 3202 per

529 3237 761 3285 vestram
791 3229 1177 3299 blaSphemiatu
1208 3228 1530 3284 redundare.

601 3319 747 3376 Crux
783 3319 980 3376 Christi
1027 3320 1237 3375 Domini
1289 3319 1383 3378 Dei
1439 3320 1607 3377 nostri
1670 3317 1757 3373 hic
1812 3318 1966 3374 nobis
2034 3316 2121 3373 in-

530 3413 755 3485 geritur.
781 3414 949 3484 ltogo,
979 3429 1098 3483 qure
1156 3414 1272 3470 haec
1328 3424 1412 3471 est
1459 3413 1729 3484 religionis
1782 3413 2120 3469 obscenitas?

532 3520 714 3561 nonne
783 3508 956 3574 potius
1020 3517 1104 3561 est
1177 3521 1391 3563 crucem
1462 3517 1556 3562 aut
1617 3508 1844 3577 alicujus
1913 3505 2124 3576 generis

534 3606 763 3653 mortem
800 3639 814 3662 ,
867 3599 936 3653 ab
986 3598 1182 3668 iniquis
1239 3596 1544 3654 hominibus
1590 3597 1794 3653 illatam
1859 3596 2126 3669 patienter

533 3689 835 3756 sustinere,
870 3705 1028 3760 quam
1082 3688 1234 3747 lsidis
1286 3689 1399 3762 (93)
1457 3690 1711 3762 plangere
1759 3702 1879 3762 post
1927 3690 2124 3746 Osirim

535 3783 651 3856 (94)
672 3800 833 3855 vagos
854 3783 1194 3857 incertosque
1221 3785 1529 3842 discursus?
1558 3786 1781 3856 Pudeat,
1802 3802 2004 3858 quaeso,
2031 3802 2127 3845 vos

536 3876 851 3933 insidiarum
885 3877 1160 3950 Typhonis
1188 3879 1336 3948 (95);
1371 3879 1568 3949 pudeat
1604 3881 1819 3935 Saturni
1842 3880 1954 3950 (96)
1988 3879 2129 3951 fugae

536 3980 594 4027 et
633 3970 991 4025 deVorationis
1042 3970 1431 4035 crudelissimae
1471 3969 1783 4026 liberorum.
1816 3969 2128 4026 Erubescite

542 4060 885 4131 parricidium
908 4061 1057 4117 lovis
1072 4062 1189 4131 (97)
1212 4072 1265 4117 et
1293 4063 1577 4125 incestum,
1597 4061 1899 4117 erubescite
1920 4072 2128 4132 raptum

543 4154 663 4226 ejus
689 4165 744 4209 et
769 4150 969 4207 coitum
996 4153 1279 4208 mulierum
1309 4162 1471 4223 atque
1499 4167 1807 4223 puerorum.
1844 4152 1956 4220 Ille,
1990 4154 2129 4208 sicut

544 4246 711 4303 vestri
768 4246 972 4315 fingunt
1020 4254 1221 4315 poetae,
1251 4247 1316 4301 ad
1357 4246 1680 4316 explendum
1727 4245 2131 4302 immanissima:

543 4339 778 4396 libidinis
803 4337 1064 4406 furorem,
1093 4341 1280 4396 molles
1310 4339 1456 4397 dedit
1480 4340 1532 4395 in
1555 4356 1737 4397 amore
1767 4342 1976 4413 vagitus
2000 4358 2015 4408 ;
2044 4341 2132 4399 ille

543 4433 598 4491 in
647 4435 853 4491 Danaes
896 4433 1012 4505 (98)
1067 4434 1219 4490 ﬂuxit
1256 4435 1435 4499 sinus,
1466 4435 1581 4506 ipse
1641 4446 1851 4491 amator
1906 4447 1960 4491 et
2009 4450 2133 4506 pre-

546 4527 708 4595 tium;
753 4529 841 4583 ille
891 4528 1196 4585 modulatus
1238 4530 1350 4584 ales
1396 4528 1617 4586 Ledzeos
1649 4528 1761 4602 (99)
1806 4528 1991 4600 petivit
2018 4544 2134 4583 am-

2217 1932 2357 1987 hanc
2377 1929 2739 1987 excusationis
2768 1928 3148 1999 procacitatem
3181 1929 3372 1993 Deum,
3388 1926 3485 1983 sed
3507 1937 3815 1994 creaturas,

2214 2033 2523 2094 contempto
2553 2024 2829 2092 Creatore,
2857 2021 3152 2092 suscipitis.
3181 2020 3333 2089 Quod
3364 2020 3410 2075 si
3461 2018 3811 2089 pulchritudo

2216 2133 2313 2173 vos
2341 2116 2734 2173 elementorum
2765 2115 2830 2170 ad
2859 2129 3012 2170 suam
3043 2116 3204 2169 traxit
3246 2114 3665 2179 venerationem,
3696 2128 3817 2171 mo-

2217 2211 2344 2267 dum
2375 2210 2457 2267 fas
2475 2211 2916 2276 eratcustodire;
2958 2219 3014 2265 et
3041 2210 3326 2280 oportebat
3352 2211 3536 2266 mirari
3580 2219 3817 2280 tantum,

2218 2318 2319 2360 nec
2344 2302 2544 2370 colere,
2578 2317 2646 2358 ne
2674 2302 2895 2357 factum
2925 2305 3204 2357 veneratio
3244 2301 3515 2358 Creatoris
3540 2310 3683 2358 esset
3724 2302 3813 2357 in-

2216 2395 2382 2467 juria.
2398 2394 2532 2451 Nam
2555 2394 2849 2450 secundum
2882 2392 3206 2459 istiusmodi,
3224 2408 3382 2463 quam
3395 2408 3494 2449 vos
3508 2393 3817 2465 sequimini,

2220 2488 2483 2542 rationem
2517 2493 2924 2556 praeposteram,
2957 2493 3014 2542 et
3041 2484 3319 2540 architecti
3347 2485 3519 2541 honor
3561 2488 3817 2556 migravit

2221 2578 2287 2635 ad
2308 2578 2558 2644 domum;
2583 2588 2639 2634 et
2658 2578 2851 2633 medici
2883 2579 3109 2634 scientia
3122 2578 3190 2633 ad
3219 2579 3457 2635 remedia
3484 2579 3820 2647 conferetur,

2221 2672 2462 2730 omnium
2493 2686 2708 2741 quoque
2734 2670 3001 2727 artificum
3028 2672 3218 2727 merita
3244 2672 3328 2728 vel
3357 2671 3544 2727 laudes
3564 2671 3631 2727 ad
3653 2686 3820 2741 opera

2223 2762 2639 2819 transferentur.
2669 2762 2811 2829 Quid
2861 2762 2929 2817 ad
2960 2761 3077 2818 haec
3124 2761 3322 2829 dicitis,
3355 2775 3411 2817 ut
3460 2777 3824 2835 agnoscamus

2223 2870 2346 2926 qua:
2373 2856 2444 2910 sit
2471 2854 2648 2910 crucis
2674 2853 2915 2910 ridiculae
2944 2854 3097 2910 vobis
3125 2853 3480 2925 ignominiosa
3510 2853 3822 2911 confessio!

2285 2945 2847 3004 CAP.XLVlll.—Hac
2859 2946 3218 3018 disputatione
3232 2946 3664 3002 convertentibus
3678 2946 3823 3001 inter

2224 3053 2285 3096 se
2314 3038 2647 3108 philosophis
2668 3039 2876 3101 oculos,
2902 3035 3167 3107 simulque
3189 3036 3616 3105 mussitantibus,
3637 3035 3821 3090 subri-

2225 3133 2361 3188 dens
2373 3132 2635 3187 Antonius
2652 3146 2867 3186 rursum
2895 3134 3349 3201 perinterpretem
3370 3132 3444 3184 ait
3465 3151 3480 3187 :
3503 3130 3824 3188 Praedurutn

2145 3231 2195 3296 ο
2228 3226 2380 3298 (108)
2406 3240 2639 3296 namque
2663 3235 2855 3281 cuncto
2868 3223 3083 3279 videtur
3095 3224 3267 3294 operi,
3290 3225 3499 3293 quoties
3526 3222 3673 3293 justo
3703 3224 3827 3280 uni-

2225 3336 2397 3378 versae
2422 3319 2499 3376 rei
2516 3318 2938 3388 tenorecalcato,
2961 3318 3160 3374 laboris
3205 3316 3394 3374 merita
3444 3315 3600 3373 factis
3654 3317 3827 3387 magis

2224 3430 2385 3487 quam
2410 3413 2704 3471 factoribus
2719 3420 3050 3469 astruuntur.
3071 3411 3349 3468 Elementa
3364 3412 3600 3483 quidem,
3620 3420 3678 3466 ut
3703 3426 3826 3468 me-

2232 3508 2461 3573 moravi,
2483 3520 2555 3562 ex
2576 3505 2691 3573 ipso
2719 3514 3008 3575 conspectu
3029 3518 3180 3558 suam
3203 3503 3561 3572 comprobant
3590 3502 3829 3558 servitu-

2230 3606 2360 3655 tem.
2374 3597 2480 3655 Sed
2496 3597 2749 3667 quoniam
2776 3609 2873 3651 vos
2889 3594 3260 3651 observatione
3277 3593 3553 3649 dialectica
3576 3607 3828 3648 necessa-

2230 3695 2330 3757 ria,
2350 3701 2409 3746 ut
2430 3690 2647 3761 putatis,
2677 3703 2902 3760 quaeque
2928 3687 3201 3758 colligitis,
3230 3686 3333 3743 hoc
3361 3700 3576 3757 quoque
3596 3684 3830 3740 artiﬁcio

2227 3785 2392 3853 etiam
2419 3799 2516 3839 nos
2545 3792 2783 3839 nostram
2813 3782 3124 3853 religionem
3171 3779 3493 3851 compellitis
3523 3776 3826 3834 affirmare.

2232 3876 2577 3948 Respondete
2620 3875 2749 3930 mihi
2775 3892 2788 3930 :
2813 3873 3063 3945 Cognitio
3095 3873 3189 3929 Dei
3219 3872 3673 3944 quemadmodum
3705 3887 3831 3927 ma-

2233 3967 2485 4025 nifestius
2514 3967 2868 4038 approbatur,
2896 3980 2991 4035 per
3016 3965 3390 4021 collectionem
3416 3966 3728 4033 verborum,
3760 3980 3834 4025 an

2232 4078 2331 4134 per
2354 4062 2721 4132 operationem
2769 4057 2929 4115 fidei?
2979 4060 3043 4114 Et
3086 4057 3215 4130 quid
3242 4057 3509 4129 antiquius
3541 4058 3695 4128 (109)
3722 4068 3835 4128 est,

2234 4154 2476 4225 operatio
2506 4153 2662 4218 fidei,
2692 4166 2762 4206 an
2812 4148 3102 4219 disputatio
3153 4165 3245 4221 per
3274 4157 3591 4222 argumenta
3621 4166 3831 4220 proce—

2235 4247 2411 4304 dens?
2464 4246 2570 4302 illis
2630 4244 3081 4314 respondentibus
3141 4242 3435 4300 ﬁrmiorem
3488 4244 3835 4301 sermonibus

2237 4339 2607 4411 operationem
2631 4352 2773 4404 esse,
2803 4346 2856 4393 et
2889 4338 3028 4394 hanc
3050 4337 3307 4409 liquidam
3330 4337 3397 4393 de
3429 4338 3539 4394 Deo
3566 4337 3839 4408 cognitio-

2238 4449 2388 4498 nem,
2419 4433 2558 4488 bene
2583 4447 2676 4487 eos
2701 4442 2753 4487 et
2778 4431 2892 4501 ipse
2920 4430 3129 4487 dixisse
3158 4432 3453 4498 consensit,
3482 4433 3609 4502 quia
3632 4445 3831 4501 cpera-

2241 4528 2462 4593 tionem,
2479 4540 2600 4597 qua:
2622 4540 2689 4581 ex
2718 4524 2821 4579 fide
2843 4524 3145 4591 descendit,
3161 4525 3323 4581 animi
3341 4533 3563 4597 generat
3578 4523 3830 4593 affectus,

548 4622 771 4692 plexus;
801 4623 891 4678 ille
918 4623 970 4677 in
997 4624 1265 4693 proprium
1294 4623 1520 4680 saeviens
1542 4639 1751 4691 sexum,
1766 4628 1969 4694 regium
2002 4638 2131 4693 pue-
2159 4632 2214 4693 ι)
2237 4620 2516 4677 dialectica
2530 4634 2656 4675 vero
2671 4619 3112 4690 disputationeex
3135 4618 3367 4675 artiﬁcio
3387 4621 3836 4687 componentium

551 4726 668 4767 rum
692 4712 951 4768 ministris
1000 4712 1186 4770 avibus
1215 4715 1422 4784 polluit.
1448 4714 1574 4771 llaec
1618 4730 1717 4772 vos
1748 4715 1986 4782 creditis,
2017 4714 2131 4771 hate

547 4803 746 4873 colitis,
778 4802 892 4858 haec
916 4815 1039 4859 sunt
1069 4814 1368 4861 vestrorum
1423 4815 1738 4862 ornamenta
1787 4805 2128 4876 templorum.

546 4894 746 4966 .‘Equo,
793 4899 1075 4967 deprecor,
1110 4912 1205 4967 pro
1256 4906 1433 4953 vestra
1490 4899 1704 4966 salute,
1750 4908 1933 4954 nostra
1986 4897 2131 4955 dicta

546 4997 767 5058 pensato
779 4987 999 5059 judicio.
1031 4987 1255 5056 Cuncta,
1286 5004 1352 5044 an
1386 4990 1513 5045 nihil
1542 4990 1867 5046 credendum
1898 4990 1951 5046 in
1983 4989 2134 5047 libris

546 5079 867 5138 Christianis
897 5082 1020 5139 est?
1043 5084 1099 5139 Si
1156 5084 1310 5149 nihil,
1336 5099 1435 5139 nec
1459 5084 1634 5140 crucis
1661 5099 1894 5153 quoque,
1925 5083 2012 5140 cui
2039 5084 2133 5139 de-

546 5175 780 5239 trahitis,
802 5192 994 5232 nomen
1023 5175 1332 5248 agnoscitis.
1359 5175 1415 5232 Si
1437 5176 1689 5232 unirersa
1711 5176 1979 5232 credenda
1992 5184 2137 5241 sunt,

546 5283 664 5331 cur.
697 5286 816 5325 cum
849 5272 901 5325 in
932 5269 1118 5328 iisdem
1140 5268 1293 5325 libris
1324 5269 1469 5325 cruci
1492 5268 1816 5324 resurrectio
1832 5268 2136 5338 copuletur,

550 5359 855 5432 passionem
882 5361 1114 5416 divinant
1171 5362 1368 5419 stolido
1397 5362 1641 5419 laceratis
1669 5363 1902 5432 eloquio,
1936 5370 1990 5417 et
2032 5376 2138 5418 non

550 5453 731 5510 statim
780 5454 1003 5525 jungitis
1030 5469 1295 5512 carcorum
1334 5457 1534 5520 visum,
1560 5455 1843 5511 surdorum
1872 5454 2135 5518 auditum,

549 5546 859 5602 claudorum
888 5562 1133 5617 gressum
1156 5588 1170 5613 ,
1200 5548 1363 5617 leprre
1395 5546 1856 5614 emundationem,
1890 5545 2134 5602 serviens

553 5635 846 5692 ambulanti
878 5637 985 5693 Deo
1010 5652 1110 5692 suo
1140 5653 1307 5704 mare,
1336 5638 1638 5695 daemonum
1672 5637 1842 5711 fugas,
1868 5652 2144 5693 resurrec-

551 5727 750 5786 tionem
782 5737 1108 5785 mortuornm
1139 5740 1192 5787 et
1222 5729 1597 5788 defunctorum
1636 5732 1705 5787 ab
1752 5728 1940 5786 inferis
1993 5730 2139 5785 redi-

552 5823 672 5879 tus?
703 5824 828 5883 [itec
849 5823 1028 5881 omnia
1056 5821 1349 5895 Scripturis
1375 5824 1594 5894 divinis,
1625 5837 1756 5895 quas
1777 5820 2133 5894 interpolatis,

2239 4713 2467 4783 sumpsit
2494 4712 2846 4783 appositionis
2867 4712 3172 4768 exordium.
3196 4711 3329 4767 Cum
3380 4726 3535 4782 ergo,
3569 4712 3667 4779 ait,
3700 4727 3843 4780 ope-

2240 4808 2501 4864 rationem
2532 4806 2655 4863 fidei
2707 4806 2889 4861 animo
2909 4805 3069 4862 sitam
3099 4804 3221 4875 quis
3258 4803 3528 4872 habuerit,
3558 4804 3837 4872 superﬂua

2241 4902 2346 4959 erit
2383 4901 2674 4957 verborum
2738 4899 3057 4970 compositio
3087 4941 3104 4966 ,
3153 4913 3249 4969 per
3301 4913 3459 4969 quam
3515 4907 3842 4969 conceptam

2241 5012 2403 5055 sensu
2427 5004 2613 5052 nostro
2636 4995 3011 5051 credulitatem
3035 4994 3258 5052 tentatis
3282 4993 3542 5059 evellere,
3573 5002 3627 5048 et
3655 5000 3843 5052 tamen

2241 5106 2389 5159 saepe
2410 5098 2621 5146 nostras
2649 5089 2920 5159 explicare
2938 5088 3326 5159 intelligentias
3376 5103 3482 5142 non
3512 5086 3729 5143 valetis.
3760 5087 3840 5143 lta

2242 5182 2495 5247 solidiora
2514 5192 2641 5240 sunt
2656 5184 2855 5239 mentis
2875 5196 3065 5255 opera,
3090 5197 3252 5255 quam
3273 5182 3664 5253 sophismatum
3690 5182 3844 5238 frau-

2243 5276 2463 5331 dulenta
2493 5274 2791 5330 conclusio.

2315 5369 2442 5425 Car.
2470 5366 2847 5424 XLIX—Nos
2863 5366 3158 5423 Christiani
3179 5365 3492 5438 mysterium
3508 5365 3627 5419 vitae
3640 5372 3847 5419 nostra

2245 5475 2349 5517 non
2382 5461 2435 5516 in
2486 5460 2748 5529 sapientia
2778 5459 2964 5514 mundi
2994 5458 3253 5514 habemus
3277 5457 3594 5528 repositum,
3621 5456 3716 5511 sed
3776 5455 3833 5511 in

2243 5551 2441 5606 virtute
2472 5548 2615 5614 fidei,
2645 5563 2765 5620 qua!
2816 5548 2970 5605 nobis
2997 5563 3028 5604 a
3060 5548 3172 5605 Deo
3220 5548 3416 5605 tributa
3446 5564 3543 5619 per
3563 5547 3845 5603 Christum

2244 5651 2346 5697 est.
2377 5640 2526 5696 llanc
2556 5642 2814 5695 orationis
2844 5656 2977 5697 mea:
2999 5642 3303 5707 veritatem,
3337 5656 3540 5704 rerum,
3570 5654 3847 5709 qumqno-

2245 5731 2375 5787 tidie
2404 5739 2682 5801 geruntur,
2712 5731 2847 5788 ordo
2900 5733 3271 5798 commendat;
3302 5733 3457 5788 nobis
3497 5730 3758 5801 imperitis
3788 5739 3855 5789 et

2244 5823 2542 5883 litterarum
2605 5833 2905 5884 vestrarum
2960 5828 3161 5899 ignaris
3213 5826 3282 5884 ad
3339 5826 3435 5885 Dei
3482 5825 3849 5899 cognitionem
