4124 6350
285 355 390 419 161

1412 353 1573 411 νιτΑ
1613 351 1815 410 ΒΕΑΤΙ
1851 350 2130 410 ANTONII
2171 348 2479 408 ABBATIS.

3476 354 3586 414 163

297 479 420 544 ejus
442 470 619 528 solum
647 466 812 528 verba
839 467 1136 524 sufficiunt.
1164 466 1304 524 Ecce
1326 482 1427 525 nos
1475 477 1556 524 tot
1581 469 1892 540 gentilitatis
1916 467 1972 534 Α
1998 475 2176 522 tumor
2205 466 2327 521 talia
2373 466 2524 535 signa
2577 469 2866 518 mereatur.
2897 460 3178 535 Confugite
3227 465 3294 523 ad
3325 467 3581 528 Crucilixi

291 565 548 638 gregibus
569 562 849 631 abstracti,
875 563 928 617 in
952 562 1266 617 universum
1289 562 1474 618 orbem
1502 562 1741 632 quotidie
1768 575 1892 632 pro-

292 671 590 728 pagamur;
623 653 772 710 vobis
804 669 935 708 vero
965 662 1088 724 post
1106 654 1392 708 adventum
1417 654 1649 721 Domini,
1675 654 1892 710 nodosa:

290 751 685 820 sophismatum
710 746 1024 802 defecerunt
1053 747 1324 804 versutiae.
1356 747 1496 802 Ecce
1521 762 1640 817 nos,
1680 748 1890 818 simpli-

290 858 416 898 cem
471 841 671 898 Christi
706 841 865 896 fidem
907 839 1555 907 docentes,idololatriam
1603 841 1893 896 debellavi-

289 951 442 999 mus,
463 947 515 990 et
535 950 631 1006 per
652 934 1085 1005 pradicationem
1107 934 1474 1003 ignominiosa:
1501 934 1681 990 crucis
1706 943 1890 989 aurata

291 1028 496 1098 templa
551 1027 878 1081 ceciderunt.
901 1025 1086 1091 Vos,si
1121 1026 1364 1095 potestis,
1387 1027 1654 1082 ostendite
1701 1026 1892 1096 quibus

292 1119 646 1176 contextione
663 1120 946 1175 verborum
963 1117 1315 1190 gentilitatem
1337 1117 1553 1174 Christo
1579 1132 1892 1188 praeponere

291 1213 597 1268 suaseritis.
613 1212 715 1267 Per
734 1226 923 1268 omnes
939 1211 1051 1280 jam
1069 1220 1240 1266 terras
1254 1227 1412 1266 vet-us
1430 1210 1520 1265 Dei
1549 1210 1712 1266 Filius
1733 1209 1891 1264 Chri-

292 1314 410 1359 stus
438 1314 520 1360 est
549 1304 778 1375 agnitus.
797 1303 938 1358 Nihil
964 1303 1268 1372 eloquentia
1311 1302 1722 1370 scpltismatutu,
1751 1302 1883 1357 nihil

295 1397 592 1466 disputatio
620 1396 970 1466 philosophia:
1011 1395 1335 1451 multitudini
1361 1394 1467 1465 56
1490 1403 1665 1462 potest
1689 1394 1883 1450 obesse

293 1487 658 1543 credentium.
689 1485 1015 1542 Cruciflxum
1047 1487 1403 1549 nominamus,
1440 1494 1491 1539 et
1513 1485 1751 1540 universi
1779 1485 1890 1540 dae-

289 1595 504 1645 mones,
538 1594 674 1650 quos
721 1594 819 1635 vos
845 1587 904 1634 ut
953 1579 1082 1634 deos
1113 1578 1311 1644 colitis,
1343 1579 1576 1645 rugiuut,
1609 1587 1768 1646 atque
1817 1590 1888 1632 ex

290 1673 533 1730 obsessis
560 1671 875 1743 corporibus
930 1671 995 1726 ad
1049 1671 1276 1740 primttm
1309 1668 1592 1724 dominicae
1617 1669 1792 1724 crucis
1819 1669 1892 1722 si-

292 1779 459 1836 gnum
492 1764 760 1832 fugantur.
797 1763 896 1819 Ubi
946 1771 1072 1818 sunt
1100 1762 1190 1817 illa
1244 1761 1480 1816 fabulosa
1511 1761 1768 1816 oracula?
1800 1759 1888 1815 ubi

1997 562 2196 631 legem,
2229 575 2434 629 nosque
2455 559 2572 628 ejus
2597 558 2880 613 imitamini
2908 559 3173 625 famulos;
3199 561 3379 618 ethoc
3404 563 3585 620 scien-

1999 654 2088 710 tiae
2140 655 2245 710 fme
2275 653 2536 719 contenti,
2579 652 2720 706 nulla
2749 651 3003 722 deinceps
3053 655 3327 711 saecularis
3372 655 3585 728 impru-

1995 745 2192 800 dentiae
2240 753 2554 813 argumenta
2597 743 2869 811 quzeratis.
2899 743 3163 799 Hactenus
3209 746 3444 802 Antonio
3496 749 3584 804 di-

1994 845 2191 897 cente,
2256 836 2392 889 miro
2458 833 2762 903 philoSOphi
2826 842 3049 903 stupore
3111 837 3396 906 perculsi,
3452 854 3583 897 eum

1995 927 2291 982 honorifico
2338 928 2569 982 salutatu
2622 927 2688 980 ab
2717 941 2782 981 eo
2830 927 3141 984 recedentes
3167 970 3184 996 ,
3209 931 3436 988 multum
3460 933 3582 1004 ejus

1994 1020 2097 1074 sibi
2131 1020 2432 1074 fatebantur
2465 1020 2726 1088 profuisse
2755 1031 3124 1090 conspectum.

2065 1111 2204 1167 Car.
2228 1112 2290 1167 L.
2319 1141 2389 1151 —
2411 1111 2523 1167 Hoc
2550 1112 2603 1165 in
2634 1126 2699 1166 eo
2728 1126 2859 1166 vero
2902 1113 3146 1168 mirabile
3175 1124 3278 1183 est,
3306 1123 3364 1170 ut
3417 1117 3591 1175 homi-

1992 1217 2114 1256 nem
2168 1203 2219 1256 in
2273 1211 2524 1257 extremo
2575 1202 2755 1256 mundi
2789 1203 2958 1258 limite
2993 1206 3302 1274 conditum,
3336 1218 3389 1264 et
3437 1209 3590 1265 favor

1996 1294 2314 1364 principum,
2350 1302 2405 1349 et
2432 1294 2608 1349 omnis
2635 1294 2935 1350 celebraret
2963 1296 3085 1350 aula
3130 1299 3345 1366 regalis.
3373 1301 3504 1355 Nam
3533 1310 3589 1358 et

1993 1387 2378 1442 Constantinus
2403 1390 2669 1457 Augustus
2693 1387 2869 1458 (115),
2904 1396 2959 1442 et
2983 1389 3100 1458 ejus
3130 1390 3284 1446 liberi
3313 1393 3585 1450 Constans

1993 1488 2154 1549 atque
2205 1480 2590 1545 Constantius,
2625 1480 2749 1534 talia
2803 1493 3224 1551 cognoscentes,
3257 1487 3450 1541 crebro
3517 1488 3585 1544 ad

1998 1586 2143 1636 eum,
2177 1572 2327 1640 quasi
2382 1571 2447 1625 ad
2499 1582 2728 1641 patrem.
2763 1574 2939 1628 missis
2993 1576 3204 1643 litteris,
3233 1579 3592 1636 obsecrabant

1995 1662 2364 1732 utreciprocis
2385 1678 2478 1719 eos
2510 1665 2724 1735 scriptis
2756 1666 3035 1723 hilararet.
3068 1671 3133 1725 At
3181 1670 3272 1725 ille
3321 1673 3588 1741 ejusmodi

1993 1768 2240 1821 manens,
2276 1755 2450 1824 qualis
2476 1764 2530 1810 et
2558 1765 2844 1826 antequam
2866 1758 3059 1814 litterae
3089 1760 3156 1813 ad
3186 1776 3306 1815 eum
3339 1765 3584 1820 venirent

291 1855 669 1928 Egyptiorum
729 1857 1116 1911 incantationes
1177 1855 1224 1927 (1
1245 1855 1374 1922 10)?
1430 1871 1536 1925 quo
1603 1871 1881 1925 magorum
1914 1855 1962 1918 Β
1988 1840 2182 1913 fuerat,
2216 1860 2314 1901 nec
2340 1847 2668 1903 salutatione
2698 1850 2998 1920 principum
3025 1852 3358 1920 movebatur,
3391 1865 3445 1910 et
3470 1865 3588 1913 tan-

288 1948 572 2020 profecere
630 1949 867 2003 carmina
931 1946 1116 2018 (lit)?
1155 1947 1315 2002 Certe
1343 1955 1470 2002 tunc
1493 1957 1692 2002 vastata
1757 1958 1887 2005 sunt

291 2041 496 2105 omnia,
529 2055 649 2095 cum
696 2041 765 2096 de
805 2054 901 2096 sua
961 2039 1131 2094 Cruce
1171 2039 1370 2095 mundo
1431 2040 1679 2094 Christus
1747 2042 1888 2097 into-

291 2134 808 2191 nuit.Niltilominus
868 2149 999 2202 vos,
1055 2135 1430 2204 prtetermissis
1492 2136 1890 2191 debilitatorum

292 2229 549 2292 catervis,
573 2228 861 2297 gloriosam
903 2229 1031 2283 Jesu
1082 2236 1311 2284 mortem
1344 2229 1566 2284 irridere
1605 2229 1891 2284 conamini.

374 2319 506 2372 illud
529 2327 710 2374 autem
729 2319 887 2389 quale
917 2327 1020 2386 est,
1053 2319 1195 2390 quod
1225 2335 1513 2390 numquam
1546 2320 1895 2375 infestatione

291 2410 464 2479 regali
506 2424 765 2466 concussa
818 2411 1109 2480 gentilitas,
1142 2411 1250 2465 imo
1278 2411 1477 2466 sacculo
1503 2410 1662 2465 chara
1708 2418 1764 2466 et
1794 2411 1894 2466 h0-

293 2503 502 2556 ntinum
535 2502 797 2572 praesidiis
829 2501 1106 2572 fulta,jam
1129 2503 1353 2558 corruit.
1388 2502 1497 2556 Nos
1527 2502 1710 2557 famuli
1741 2502 1898 2558 Chri-

293 2597 367 2651 sti
396 2611 500 2666 quo
533 2597 654 2666 plus
679 2596 994 2665 premimur,
1024 2611 1089 2651 eo
1113 2598 1284 2666 magis
1304 2595 1635 2666 assurgimus
1664 2605 1717 2652 et
1739 2595 1898 2652 flore-

295 2699 442 2742 mus.
480 2685 668 2740 Vestra
691 2685 974 2740 simulacra
1007 2687 1211 2740 ornatis
1237 2686 1504 2756 quondam
1545 2696 1693 2755 septa
1718 2689 1896 2756 parie-

294 2777 480 2843 tibus,
535 2779 648 2848 jam
698 2787 963 2834 veluState
1021 2778 1256 2846 collapsa
1323 2788 1466 2834 sunt.
1517 2778 1716 2834 Christi
1766 2797 1897 2838 vero

299 2869 573 2938 doctrina,
591 2885 708 2940 qua:
732 2871 887 2925 vobis
911 2871 1140 2926 stultitia
1165 2871 1376 2927 videtur
1396 2872 1644 2940 etludus,
1665 2875 1786 2929 licet
1811 2886 1897 2945 ty-

307 2965 526 3019 rannica
553 2964 986 3034 persequentium
1019 2965 1321 3034 principum
1353 2976 1682 3022 tentamenta
1710 2976 1896 3036 pertu-

310 3055 457 3120 lerit,
491 3055 617 3110 licet
640 3056 804 3111 variis
826 3056 1176 3111 sitincursata
1201 3056 1518 3122 terroribus,
1539 3059 1684 3113 nullo
1716 3067 1894 3114 tamen

301 3155 576 3202 terrarum
606 3149 736 3203 orbe
791 3148 1144 3213 concluditur,
1172 3149 1318 3203 nullo
1346 3152 1581 3220 gentium
1641 3152 1896 3206 barbara-

1996 1949 2153 2004 quam
2186 1951 2291 1990 non
2316 1937 2549 2006 acceptis
2581 1938 2798 2006 litteris,
2824 1943 3133 1997 convocatis
3161 1945 3440 2001 monachis
3469 1950 3586 2005 aie-

1995 2026 2126 2082 bat:
2161 2027 2335 2099 Reges
2381 2029 2560 2084 steculi
2614 2030 2871 2100 epistolas
2910 2035 2976 2087 ad
3024 2049 3121 2090 nos
3150 2027 3432 2103 miserunt,
3464 2055 3586 2108 quas

1997 2120 2083 2176 hic
2111 2121 2429 2178 Christianis
2456 2123 2759 2180 adhibenda
2785 2127 2996 2182 miratio
3019 2129 3136 2183 est?
3172 2130 3478 2189 Licetenim
3501 2136 3586 2191 di-

1996 2227 2150 2268 versa
2172 2214 2241 2268 sit
2269 2214 2521 2285 dignitas,
2558 2227 2792 2272 attamen
2824 2222 3014 2275 eadem
3063 2225 3315 2278 nascendi
3349 2229 3586 2282 morien-

1995 2304 2158 2374 dique
2186 2307 2428 2361 conditio
2459 2317 2564 2364 est.
2592 2309 2694 2364 Ista
2724 2319 2850 2364 sunt
2879 2314 3222 2369 veneratione
3268 2320 3414 2371 omni
3462 2333 3588 2388 ρετ-

1998 2400 2243 2466 colenda,
2272 2402 2359 2455 illa
2393 2411 2504 2458 toto
2531 2405 2694 2458 animi
2728 2404 2920 2459 affectu
2947 2408 3229 2463 retinenda
3258 2419 3403 2474 sunt,
3437 2415 3583 2481 quod

1999 2489 2309 2548 hominibus
2353 2495 2496 2549 Deus
2543 2495 2714 2567 legem
2745 2500 3042 2568 scripserit,
3077 2503 3219 2571 quod
3262 2519 3356 2572 per
3389 2504 3582 2564 Filium

1996 2598 2150 2639 suum
2181 2587 2419 2656 propriis
2452 2588 2719 2644 Ecclesias
2746 2590 2993 2646 ditaverit
3031 2592 3278 2663 eloquiis.
3311 2596 3441 2662 Qum
3472 2615 3586 2654 mo-

1998 2676 2183 2731 nachis
2214 2686 2297 2732 est
2338 2677 2476 2733 ratio
2520 2693 2641 2733 cum
2670 2681 2909 2749 epistolis
2960 2685 3180 2754 regum?
3209 2701 3306 2740 cur
3325 2687 3586 2758 accipiam

1999 2766 2226 2836 litteras,
2254 2773 2445 2841 quibus
2473 2783 2730 2829 consueta
2761 2779 2994 2831 nesciam
3045 2779 3272 2836 reddere
3315 2783 3588 2840 salutatio.

1999 2863 2083 2917 nis
2101 2863 2401 2933 obsequia?
2426 2865 2587 2936 Igitur
2616 2878 2835 2938 rogatus
2874 2869 2940 2925 ab
2971 2872 3239 2928 universis
3266 2873 3518 2932 fratribus
3532 2887 3588 2935 ut

1999 2953 2330 3009 Christianos
2367 2972 2522 3027 reges
2545 2962 2656 3012 suis
2689 2959 2877 3014 litteris
2906 2961 3272 3032 refrigeraret,
3295 2982 3360 3020 ne
3384 2969 3587 3026 scilicet

2000 3058 2097 3112 per
2126 3044 2396 3100 silentium
2420 3050 2538 3115 ejus
2566 3060 3037 3119 exasperarentur,
3068 3054 3133 3108 ad
3177 3066 3449 3126 susceptas
3477 3062 3586 3128 cpi.

2001 3137 2169 3192 stolas
2197 3140 2569 3194 convenientia
2585 3142 2881 3210 rescripsit.
2903 3143 3158 3199 Laudavit
3181 3147 3428 3218 primum,
3446 3151 3585 3217 quod

295 3251 421 3293 rum
461 3237 565 3291 ﬁne
595 3238 927 3306 prohibetur.
959 3238 1183 3304 Quando
1225 3242 1365 3294 enim
1417 3241 1609 3296 diving
1653 3241 1889 3298 ερίεηιίπ
1917 3233 1965 3299 c
1995 3226 2266 3284 Christum
2288 3230 2546 3297 colerent,
2571 3231 2764 3286 deinde
2781 3233 3036 3288 salutaria
3067 3241 3357 3306 persuasit,
3386 3256 3452 3296 ne
3474 3257 3584 3297 ma-

305 3338 495 3384 tantus
515 3330 770 3399 splendor
799 3330 1009 3385 illuxit?
1033 3330 1246 3400 quando
1275 3339 1354 3386 tot
1392 3332 1552 3386 simul
1585 3334 1635 3387 in
1667 3349 1725 3388 se
1752 3349 1894 3388 con-

296 3435 500 3477 venere
539 3424 797 3478 virtutes?
839 3424 1179 3480 Continentia
1227 3427 1278 3480 in
1327 3425 1668 3482 matrimonio
1717 3429 1890 3500 (112),

293 3515 574 3584 virginitas
605 3518 656 3571 in
683 3517 940 3574 Ecclesia.
972 3519 1155 3575 Floret
1195 3530 1488 3591 martyrum
1542 3537 1639 3590 pro
1669 3521 1894 3579 Domino

295 3622 398 3664 suo
422 3609 651 3677 gloriosa
675 3612 1000 3676 constantia,
1020 3627 1245 3682 quorum
1271 3612 1507 3667 omnium
1538 3629 1666 3669 crux
1689 3612 1892 3671 Christi

297 3702 621 3772 principium
647 3712 746 3760 est.

377 3815 509 3870 Cum
539 3815 750 3872 interim
769 3833 864 3874 vos
891 3818 1028 3874 inter
1061 3828 1237 3876 tantus
1267 3820 1519 3876 virtutum
1552 3820 1747 3876 choros
1774 3821 1892 3892 syl-

295 3909 651 3977 logismorum
680 3913 814 3965 retia
844 3911 1082 3977 tenditis,
1111 3922 1162 3967 ct
1193 3928 1372 3968 veram
1403 3929 1584 3968 rerum
1616 3913 1786 3968 luccm
1816 3924 1894 3968 te-

299 4001 554 4054 nebrosis
609 4002 875 4056 conamini
939 4003 1490 4072 argumentationibus
1557 4002 1888 4068 obvolvere,

305 4106 440 4146 ecce
470 4105 588 4158 nos,
632 4101 687 4148 ut
715 4093 846 4148 dixit
875 4094 1070 4149 Doctor
1094 4104 1299 4163 noster,
1336 4111 1442 4150 non
1473 4092 1526 4147 in
1550 4093 1735 4164 gentili
1774 4109 1894 4162 per-

296 4185 555 4241 Snasione
571 4183 647 4259 (1,
664 4184 784 4242 Cor.
805 4186 996 4256 tt),sed
1020 4185 1072 4238 in
1099 4186 1201 4242 fide
1223 4185 1557 4256 apertissima
1577 4185 1888 4254 suademus,

296 4290 427 4346 qua:
476 4278 756 4333 verborum
805 4279 1217 4334 affirmationem
1262 4281 1556 4350 praevenire
1587 4278 1887 4335 consuevit.

296 4369 514 4425 Adsunt
542 4373 737 4441 quippe
780 4373 1042 4441 patientes
1072 4387 1102 4425 a
1133 4374 1464 4428 daemonibus
1508 4374 1705 4428 vexati.
1744 4372 1890 4438 Quos

295 4476 422 4517 cum
454 4463 506 4517 in
539 4465 770 4518 medium
802 4464 1162 4533 produxisset,
1188 4467 1347 4520 verba
1371 4468 1842 4535 repetivit,dtcens
1872 4483 1885 4518 :

294 4554 454 4611 Nunc
475 4571 569 4610 vos
595 4556 1002 4612 collectionibus
1021 4558 1235 4626 vestris,
1259 4567 1313 4614 et
1338 4574 1444 4629 quo
1459 4559 1622 4614 vultis
1645 4558 1887 4616 malefico

295 4651 542 4706 carmine
580 4650 709 4705 deos
743 4659 971 4716 vestros,
995 4666 1129 4722 quos
1186 4653 1380 4720 putatis
1403 4693 1418 4718 ,
1464 4652 1750 4721 expellite;
1803 4653 1886 4706 sin

294 4750 487 4796 autem
518 4757 620 4796 non
671 4743 921 4812 potestis,
953 4742 1121 4796 victas
1149 4740 1451 4797 submittite
1472 4757 1687 4812 manus,
1719 4753 1774 4798 et
1821 4745 1888 4799 ad

294 4831 503 4886 Christi
531 4833 764 4903 trophzea
791 4832 1086 4903 confugite,
1115 4841 1170 4888 et
1189 4833 1367 4887 statim
1404 4835 1652 4888 Crucitixi
1701 4835 1892 4891 credu-

296 4923 510 4980 litatem
539 4940 619 4978 ma
631 4926 840 4995 jestatis
869 4925 1106 4995 potentia
1139 4936 1508 4997 prosequetur.
1543 4927 1704 4993 Dixit,
1738 4929 1889 4983 etin-

299 5025 501 5072 vocato
531 5019 746 5073 nomine
773 5019 920 5083 Jesu,
954 5033 1074 5073 cum
1098 5017 1257 5073 vitale
1279 5018 1491 5090 signum
1521 5021 1572 5074 iu
1603 5035 1757 5075 sacro
1787 5035 1892 5075 nu-

295 5123 455 5166 tnero
486 5108 760 5164 Trinitatis
789 5109 1074 5179 pressisset
1102 5111 1154 5164 in
1183 5109 1472 5180 frontibus,
1496 5129 1601 5168 una
1633 5128 1754 5168 cum
1793 5129 1888 5169 ex-

293 5199 478 5272 pulsis
507 5200 839 5254 dtnmonibus
862 5215 999 5256 vana
1052 5202 1395 5270 praesentium
1453 5204 1890 5276 philosophorum

295 5293 574 5348 confutata
604 5292 868 5363 sapientia
903 5301 1004 5348 est.
1039 5292 1383 5361 Expaverunt
1424 5297 1566 5350 enim
1617 5308 1891 5367 stupentes

295 5385 602 5449 hominem,
633 5384 717 5439 cui
743 5392 863 5453 post
884 5392 1091 5439 tantum
1124 5385 1395 5456 ingenium
1428 5387 1673 5444 afflueret
1715 5389 1894 5460 signo-

297 5491 425 5532 rum
452 5475 632 5530 divina
657 5474 890 5544 largitio.
914 5475 1096 5531 Atille
1146 5477 1391 5531 universa
1418 5477 1652 5544 Christo,
1686 5479 1772 5548 qui
1799 5493 1894 5532 cu-

295 5577 412 5629 rat,
443 5568 741 5633 ascribens,
766 5581 893 5624 usus
935 5577 1022 5623 est
1060 5568 1222 5623 aifatu
1247 5569 1548 5639 reciproco,
1578 5581 1630 5625 et
1652 5570 1755 5624 ait:
1789 5570 1895 5627 No-

299 5660 404 5715 lite
432 5673 518 5714 me
547 5667 738 5727 putare
789 5659 870 5714 his
918 5659 1201 5714 sanitatem
1250 5660 1488 5729 dedisse,
1521 5661 1769 5718 Christus
1800 5677 1896 5733 per

293 5766 493 5810 servos
521 5765 651 5806 suos
675 5751 798 5806 facit
823 5751 921 5805 ista
954 5751 1231 5806 miracula.
1263 5751 1480 5808 Credite
1508 5764 1561 5809 et
1589 5769 1706 5822 vos,
1739 5763 1792 5809 et
1813 5754 1894 5808 vi-

292 5845 507 5906 debitis
559 5845 685 5916 quia
712 5845 904 5901 devota
932 5845 1040 5900 Deo
1064 5846 1218 5912 fides,
1248 5863 1353 5904 non
1379 5847 1696 5919 eloquentiae
1729 5863 1897 5903 vanus

1912 4612 1971 4675 Ι)

1998 3335 2155 3389 gnam
2218 3331 2464 3390 putarent
2527 3324 2727 3392 regiam
2793 3332 3243 3393 potestatem,ne
3303 3335 3583 3399 praesentis

1999 3414 2176 3469 carnis
2206 3414 2433 3484 imperio
2465 3423 2753 3486 tumentes,
2788 3425 2844 3471 et
2870 3431 2929 3473 se
2963 3417 3204 3474 homines
3235 3436 3356 3477 esse
3405 3425 3583 3479 nesci-

1997 3515 2138 3573 rent,
2179 3507 2571 3576 etjudicandos
2592 3523 2622 3562 a
2648 3506 2859 3564 Christo
2891 3509 3361 3580 obliviscerentur;
3390 3515 3456 3569 ad
3498 3531 3585 3586 po.

1997 3608 2276 3668 stremum,
2298 3603 2598 3658 clementiae.
2626 3606 2766 3659 circa
2794 3605 3065 3675 subjectos
3094 3616 3145 3661 et
3169 3606 3410 3677 justitite,
3439 3627 3582 3666 curte

1997 3706 2206 3761 quoque
2232 3693 2446 3763 inopum
2491 3694 2789 3762 admonuit,
2817 3707 2976 3768 atque
3005 3715 3166 3753 unum
3193 3703 3579 3772 sempiternum

1997 3797 2118 3839 esse
2173 3784 2370 3854 Regem
2418 3788 2657 3842 omnium
2705 3789 3021 3844 saeculorum
3085 3791 3265 3846 Jesum
3317 3795 3586 3856 Christum

1996 3876 2238 3945 epistolis
2284 3887 2507 3933 testatus
2538 3887 2637 3934 est.
2671 3880 2766 3935 His
2815 3882 3080 3951 principes
3125 3886 3385 3955 susceptis
3421 3889 3588 3943 vehe-

1996 3970 2327 4024 mentissime
2356 3971 2700 4026 ltetabantur.
2731 3972 2926 4027 Sancta
2958 3989 3171 4044 quoque
3200 3977 3338 4045 apud
3367 3991 3588 4040 cunctos

1999 4062 2216 4117 Antonii
2247 4061 2504 4132 ﬂagrabat
2529 4065 2727 4132 opinio,
2758 4066 2830 4120 ita
2853 4075 2912 4119 ut
2940 4065 3056 4136 ejus
3086 4082 3144 4122 se
3168 4068 3307 4122 filios
3327 4083 3587 4141 cuperent

1995 4153 2284 4207 nominari.
2311 4153 2498 4224 Magna
2529 4155 2727 4211 etenim
2757 4171 2878 4213 cum
2910 4159 3320 4217 advenientibus
3355 4165 3586 4221 alfabili.

1995 4257 2076 4302 tas
2105 4251 2342 4305 omnium
2366 4252 2418 4305 in
2441 4266 2499 4306 se
2523 4251 2755 4308 studium
2782 4265 3139 4312 converterat.

2064 4362 2188 4418 CAP.
2208 4364 2292 4420 LI.
2319 4365 2676 4437 -l’0stquam
2704 4384 2830 4440 ergo
2854 4371 3080 4440 gentiles
3105 4373 3360 4428 conl‘utati
3377 4416 3392 4441 ,
3424 4390 3588 4446 rcges

1993 4457 2271 4523 admoniti,
2288 4454 2480 4514 fratres
2521 4460 2589 4514 ab
2610 4475 2674 4515 eo
2690 4471 2815 4516 sunt
2855 4464 3221 4518 consolatione
3251 4466 3490 4531 relevati,
3512 4469 3580 4521 ad

1993 4547 2301 4604 interiorem
2317 4559 2549 4605 montem
2565 4552 2714 4623 (114)
2740 4560 2795 4608 et
2814 4553 2878 4607 ad
2899 4553 3124 4624 rigorem
3142 4556 3356 4610 solitum
3374 4573 3584 4628 regres-

1993 4656 2086 4696 sus
2101 4651 2180 4698 est
2201 4685 2214 4707 ,
2240 4642 2416 4713 ibique
2430 4658 2574 4712 sazpe
2596 4659 2716 4698 cum
2735 4644 3130 4703 introeuntibus
3142 4650 3489 4707 deambulans
3515 4669 3580 4710 ac

1992 4733 2233 4787 residens
2253 4734 2692 4802 stupebat,sicuti
2711 4736 2763 4789 in
2791 4737 3010 4793 Daniele
3033 4741 3233 4810 scriptu
3246 4758 3294 4796 ru
3314 4743 3580 4812 est(Dan.

1993 4830 2142 4893 νιιι);
2172 4834 2226 4880 et
2254 4827 2548 4896 interjectis
2569 4827 2818 4884 horarum
2839 4832 3044 4902 spatiis,
3075 4841 3459 4905 consequentia
3493 4854 3576 4893 re-

1994 4916 2312 4985 spondebat,
2341 4926 2398 4972 ut
2428 4917 3002 4994 intelligereturaliqua
3027 4926 3366 4982 revelatiouis
3385 4927 3581 4982 vidisse

1996 5014 2219 5062 secreta.
2253 5007 2387 5062 Nam
2413 5007 2540 5064 etin
2564 5020 2745 5067 monte
2778 5013 3004 5082 positus,
3039 5032 3099 5072 ea
3131 5032 3248 5086 quae
3272 5017 3322 5071 in
3347 5015 3586 5087 Egypto

1997 5100 2153 5170 longe
2205 5103 2546 5170 gerebantur,
2581 5107 2683 5177 57
2742 5109 3042 5176 praevidens
3076 5153 3090 5177 ,
3124 5111 3375 5179 episcopo
3429 5111 3586 5166 Sera~

1997 5195 2143 5259 pioni
2169 5195 2320 5267 (115)
2347 5195 2415 5251 ibi
2445 5200 2737 5255 constituto
2769 5204 3022 5258 narravit.

2073 5286 2464 5343 Lamentabilis
2494 5292 2739 5360 sequitur
2770 5293 2910 5347 visio
2944 5292 3090 5363 (116)
3112 5332 3126 5356 ,
3157 5299 3211 5347 et
3245 5294 3388 5349 omni
3419 5294 3587 5368 lacry-

1998 5393 2207 5434 marum
2233 5383 2380 5435 fonte
2409 5383 2726 5453 plangentia.
2752 5384 2884 5439 Cum
2908 5385 3048 5440 enim
3081 5384 3335 5444 fratribus
3356 5391 3496 5446 circa
3525 5407 3587 5448 se

1998 5475 2308 5531 sedentibus
2333 5487 2671 5546 operaretur,
2708 5479 2906 5533 intente
2937 5478 3050 5533 fixit
3072 5481 3258 5537 oculos
3289 5485 3340 5538 in
3369 5487 3587 5552 cmlum,

1998 5583 2221 5639 gemens
2248 5580 2409 5640 atque
2438 5573 2740 5639 suspirans;
2777 5581 2829 5625 et
2856 5583 2974 5641 post
3001 5574 3328 5646 aliquantum
3356 5581 3589 5650 spatium

2001 5664 2347 5718 revelationis
2390 5665 2636 5732 incoepta:
2685 5663 2849 5718 nimio
2887 5667 3073 5725 dolore
3120 5673 3484 5738 contremuit;
3533 5681 3590 5730 et

2000 5757 2177 5810 statim
2237 5756 2355 5810 lixis
2408 5756 2631 5826 genibus
2679 5765 2803 5813 ante
2868 5758 2961 5816 Dei
3025 5763 3227 5819 vultum
3280 5765 3588 5836 provolutus

2001 5851 2196 5919 oravit,
2238 5859 2295 5904 ut
2339 5850 2620 5907 clementia
2669 5866 2763 5908 sua
2811 5853 3043 5912 futurum
3096 5861 3270 5914 scelus
3300 5866 3587 5917 averteret.
