4124 6350
578 362 690 445 te

1621 386 1710 446 DE
1752 386 1928 447 VITIS
1968 384 2251 448 PATRUM
2280 386 2486 448 LIBER
2516 385 2789 446 PRIMUS.

3758 348 3863 445 ioci

584 498 895 559 Succedunt
934 499 1165 558 orationi
1206 496 1497 573 lacrymze,
1529 510 1703 558 metus
1738 502 1927 575 ingens
1970 478 2175 558 invadit
2200 468 2254 567 λ
2281 512 2583 571 cesserunt,
2634 512 2689 558 ct
2735 494 2799 567 ad
2844 500 3041 571 Christi
3088 490 3184 563 Dei
3234 501 3403 585 nosci
3444 486 3866 586 nominationem

588 596 898 668 praisentes,
927 598 1227 660 obsecrant,
1261 606 1315 652 ut
1344 607 1503 652 tanta;
1543 598 1858 653 calamitatis
1881 608 2174 669 exponeret

587 688 869 745 “visionem.
914 678 1186 758 Singultus
1213 700 1473 758 occupant
1506 704 1721 757 vocem,
1758 691 1930 762 lingua
1962 691 2173 747 fletibus

584 782 929 853 praepeditum
963 790 1015 835 et
1046 784 1095 834 iu
1127 783 1300 835 medio
1331 792 1527 837 conatu
1566 799 1745 837 sermo
1775 795 1975 855 gemitu
2008 784 2175 847 inter-

584 879 866 945 rumpitur.
905 873 996 927 Vit
1026 884 1200 928 tamen
1227 890 1345 927 cum
1375 873 1757 930 vociferatione
1789 876 2027 928 luctuosa
2056 875 2129 929 ait
2156 892 2169 928 :

584 956 772 1025 Melius
797 978 932 1035 erat,
964 982 996 1023 0
1020 966 1167 1023 filioli
1185 1010 1201 1035 ,
1228 966 1545 1039 impendens
1569 970 1836 1038 piaculum
1868 970 1973 1024 cita
1999 980 2174 1037 morte

590 1066 802 1119 lucrari.
838 1063 927 1119 Sic
973 1063 1233 1132 incipiens
1278 1079 1487 1119 rursum
1540 1062 1790 1134 lacryrnis
1836 1064 2091 1129 vincitur,
2120 1073 2177 1118 et

580 1152 726 1208 inter
757 1169 894 1223 argra
945 1153 1170 1219 sustriria
1218 1153 1431 1208 tandem
1471 1155 1669 1222 pectori
1700 1156 2049 1209 commodans
2079 1168 2161 1208 vo-

589 1264 704 1303 cem
735 1266 746 1300 :
772 1247 1037 1316 Magnum,
1063 1247 1254 1318 inquit,
1281 1245 1552 1317 quoddam
1584 1254 1639 1301 et
1667 1248 1931 1300 universis
1961 1246 2175 1301 sreculis

585 1340 886 1398 inauditum
921 1343 1163 1396 imminet
1193 1342 1361 1395 nefas.
1393 1341 1581 1411 Magno
1614 1342 1746 1396 fides
1776 1340 2036 1396 catholica
2065 1350 2177 1394 tur-

588 1430 715 1494 bine
743 1438 1101 1497 subvertctur,
1126 1444 1181 1489 et
1212 1436 1453 1501 homines
1471 1436 1729 1505 jumentis
1757 1437 1958 1491 similes
1979 1433 2177 1491 Christi

592 1537 775 1583 sancta
808 1527 1081 1597 diripient.
1118 1527 1240 1581 Vidi
1281 1530 1423 1581 enim
1458 1528 1626 1595 altare
1672 1529 1879 1583 Domini
1910 1529 2175 1583 mulorum

594 1619 980 1677 circumdatum
1014 1618 1352 1675 multitudine
1385 1620 1431 1690 (Ι
1454 1619 1567 1688 l7).
1599 1620 1685 1689 qui
1719 1619 1922 1674 crebris
1951 1618 2175 1675 calcium

593 1713 787 1769 ictibus
819 1712 997 1769 omnia
1044 1712 1397 1783 dissipabunt.
1425 1713 1548 1771 llaec
1576 1721 1657 1775 est
1696 1726 1855 1773 causa
1883 1713 2176 1779 gemitnum

586 1796 853 1875 ineorum,
888 1823 1019 1877 quos
1054 1806 1299 1861 audiStis.
1338 1806 1402 1860 Et
1448 1806 1583 1874 facta
1614 1816 1697 1861 est
1725 1820 1821 1859 vox
1860 1804 2066 1861 Domini
2091 1805 2175 1858 di-

2275 614 2493 669 semper
2525 597 2776 653 universa
2808 595 3043 667 perfecta
3076 604 3220 653 sunt.
3251 595 3421 652 Nemo
3448 598 3749 667 sapientum
3781 614 3869 653 sa-

2277 688 2501 743 nitatum
2532 690 2945 750 admirationem
2972 688 3205 742 ascribat
3232 688 3488 757 Antonio,
3519 688 3615 744 sed
3644 688 3873 749 Domino

2274 783 2422 861 .Iesu.
2460 782 2549 853 qui
2597 785 2813 838 solitam
2846 798 2968 853 erga
3000 792 3277 838 creaturas
3305 797 3431 838 suas
3460 782 3724 841 exhibens
3767 784 3869 839 be-

2276 875 2658 942 nevolentiam,
2684 891 2823 930 nunc
2842 890 3164 947 quoqueper
3183 875 3411 931 electum
3434 873 3689 932 famulum
3712 891 3873 937 suum

2274 952 2620 1039 indulgenter
2642 968 2906 1026 exercuit.
2940 969 3203 1023 Antonius
3232 977 3437 1041 tantum
3479 968 3685 1034 orabat,
3716 979 3771 1025 et
3797 969 3876 1025 ob

2276 1062 2403 1116 vitio
2437 1061 2554 1133 ejus
2585 1063 2774 1121 merita
2800 1056 2993 1117 cuncta
3028 1058 3284 1119 Dominus
3310 1061 3645 1130 largiebatur.

2348 1155 2477 1208 Car.
2516 1154 2647 1209 thl.
2672 1184 2740 1198 -—-
2784 1154 2942 1225 Saepe
2968 1165 3165 1217 autem,
3200 1165 3254 1210 et
3282 1163 3468 1213 contra
3502 1154 3829 1215 voluntatem
3853 1195 3870 1219 ,

2286 1245 2352 1300 ad
2382 1248 2703 1303 exteriorem
2741 1261 2976 1305 montem
3008 1246 3161 1319 (121)
3192 1264 3219 1301 a
3261 1247 3513 1307 fratribus
3545 1246 3877 1315 perduceba-

2285 1352 2393 1401 tur.
2431 1332 2492 1396 Et
2538 1358 2657 1398 cum
2697 1342 2926 1413 iudices,
2983 1344 3072 1412 qui
3112 1342 3177 1395 ad
3228 1343 3455 1401 interius
3493 1339 3877 1399 archisterinm

2280 1434 2432 1507 (122)
2468 1448 2686 1506 prepter
2720 1436 3067 1504 asperitatem
3095 1435 3324 1505 itineris,
3356 1443 3411 1493 et
3436 1432 3879 1513 obsequentium

2278 1518 2701 1595 multitudinem,
2734 1539 2789 1583 et
2832 1529 3104 1591 horridam
3133 1527 3476 1591 solitudinem
3508 1527 3588 1587 ire
3634 1539 3735 1578 non
3780 1538 3883 1592 po-

2279 1628 2479 1689 terant,
2513 1622 2893 1691 pervenirent,
2924 1632 2978 1679 et
3011 1630 3313 1691 quaererent
3341 1629 3399 1685 ut
3425 1619 3544 1690 eius
3574 1618 3884 1689 fruerentur

2277 1713 2608 1778 aspectibus,
2639 1725 2739 1768 uec
2763 1712 3055 1783 impetrare
3085 1720 3327 1779 pnaseut,
3350 1710 3474 1781 quia
3494 1710 3883 1769 molestissime

2284 1804 2494 1858 ferebat
2541 1805 2884 1869 vexationem
2929 1802 3313 1872 discursuum,
3364 1804 3509 1873 ipsos
3553 1812 3883 1866 catenatos,

588 1891 717 1957 cens
746 1920 756 1954 :
787 1899 1195 1955 Ahominabitur
1222 1900 1467 1969 altarium
1508 1915 1710 1957 meum.
1739 1900 1851 1965 Nec
1880 1914 2029 1954 mora
2049 1940 2065 1965 ,
2101 1900 2178 1953 vi-
2209 1866 2260 1953 ii
2285 1912 2419 1967 quos
2448 1906 2539 1951 aut
2570 1900 2842 1962 noxietas,
2870 1906 2962 1955 aut
2990 1898 3138 1966 vigor
3167 1897 3412 1965 publicus
3437 1897 3833 1953 constrinxerat
3858 1933 3883 1963 ,

592 1994 797 2049 sionem
831 1994 1070 2062 sequitur
1091 1993 1344 2059 effectus;
1368 2008 1490 2057 nam
1523 2006 1641 2064 post
1661 2008 1832 2049 annos
1858 1992 1993 2049 duos
2023 1993 2070 2063 (1
2090 1992 2173 2062 18)

595 2101 737 2141 saeva
790 2084 1109 2143 Arianorum
1152 2086 1344 2155 irrupit
1392 2086 1615 2145 insania.
1649 2085 1799 2151 Tunc
1826 2086 2177 2141 ecclesiarum

601 2178 819 2233 fuerunt
848 2180 1069 2251 rapinae,
1108 2188 1233 2249 tunc
1264 2178 1562 2233 divinorum
1596 2179 1876 2233 tetneratio
1902 2191 2171 2241 vasorum,

593 2266 720 2329 tunc
750 2272 964 2341 pollutis
989 2272 1328 2339 ethnicorum
1360 2270 1607 2327 manibus
1646 2284 1796 2325 sacra
1828 2269 2027 2339 polluta
2054 2279 2179 2325 sunt

592 2356 908 2441 ministeria,
934 2382 1058 2429 tunc
1088 2384 1411 2440 paganorum
1434 2369 1684 2439 opificum
1716 2367 1966 2436 praesidia
1985 2366 2178 2423 adver—

591 2478 682 2518 sus
707 2464 975 2531 Christum
1002 2472 1306 2532 comparata
1336 2478 1457 2527 cum
1484 2461 1849 2530 assumptione
1880 2460 2175 2529 palmarum

595 2538 760 2628 (quod
792 2558 1108 2613 idololatria:
1135 2555 1274 2626 apud
1300 2556 1684 2621 Alexandriam
1715 2555 1924 2621 insigne
1953 2553 2078 2624 εει),
2110 2552 2179 2607 ad

597 2636 881 2703 ecclesiam
937 2663 1161 2718 pergere
1222 2630 1679 2721 compellebantur
1741 2645 2069 2713 Christiani,
2122 2654 2183 2701 ut

592 2730 907 2798 Arianorum
940 2741 1117 2811 populi
1148 2740 1499 2807 crederentur
1546 2738 1723 2813 (119).
1772 2738 1914 2799 Proh
1964 2736 2177 2793 scelus!

592 2822 777 2890 irorret
818 2836 1028 2891 animus
1063 2835 1326 2905 replicare
1363 2850 1483 2905 quae
1526 2842 1674 2904 gesta
1718 2840 1883 2887 sunt:
1920 2832 2181 2901 virginum

594 2937 1067 2998 matronarumque
1094 2939 1312 2998 ereptos
1336 2928 1537 2996 pudor:
1570 2925 1789 2998 sanguis
1817 2924 1994 2979 ovium
2023 2918 2181 2978 Chri-

592 3018 658 3077 tsti
691 3021 741 3075 in
774 3019 971 3076 Christi
1004 3021 1205 3091 templo
1244 3020 1445 3078 effusus
1478 3018 1777 3075 veneranda
1810 3017 2068 3087 respersit
2105 3016 2184 3071 al-

597 3113 766 3178 taria;
801 3114 1171 3181 baptisterium
1192 3128 1289 3183 pro
1316 3112 1589 3165 voluntate
1618 3108 1896 3181 gentilium
1923 3106 2184 3178 pollutum

593 3215 696 3262 est.
725 3202 871 3261 Nihil
897 3203 1069 3263 defuit
1097 3205 1319 3259 visionis
1349 3203 1557 3259 veritati
1576 3234 1593 3267 ς
1626 3210 1683 3256 ut
1710 3200 2030 3256 monstravit
2058 3198 2187 3254 etle-

2280 1992 2345 2065 ad
2378 2006 2497 2046 eum
2545 1993 2924 2058 destinabant,
2954 1992 3190 2057 scientes
3230 1989 3365 2051 tales
3395 1989 3463 2045 ab
3510 1988 3738 2043 Antonio
3767 2001 3885 2045 non

2282 2099 2444 2155 posse
2490 2086 2793 2151 contemni;
2824 2100 3052 2154 quorum
3102 2086 3316 2141 ﬂetibus
3344 2093 3623 2153 superatus
3665 2091 3884 2151 pertra-

2283 2180 2518 2232 hebatur
2550 2178 2615 2231 ad
2652 2179 2981 2236 exteriorem
3029 2188 3287 2243 montem,
3318 2190 3614 2247 agnoscens
3642 2175 3887 2233 laborem

2279 2284 2435 2337 suum
2480 2271 2664 2325 utilem
2713 2271 2925 2327 miseris
2974 2269 3121 2337 fore;
3158 2269 3527 2338 suadebatque
3562 2266 3833 2335 judicibos
3862 2305 3883 2330 ,

2280 2364 2370 2433 qui
2395 2378 2517 2417 eum
2549 2362 2925 2426 invitat-erant.
2962 2370 3019 2419 ut
3063 2363 3113 2419 in
3143 2364 3407 2417 sententia
3450 2357 3791 2429 proferenda,
3821 2363 3889 2412 et

2280 2455 2405 2510 odio
2434 2464 2489 2511 et
2514 2456 2719 2525 gratim,
2756 2455 2848 2509 Dei
2878 2455 3120 2519 timorem
3146 2459 3573 2522 anteponerent;
3606 2464 3704 2504 nec
3728 2449 3890 2516 igno-

2281 2564 2406 2610 rare
2453 2565 2546 2605 eos
2576 2548 2773 2605 debere
2802 2548 2946 2617 quod
2982 2548 3245 2619 scriptum
3289 2557 3412 2605 est:
3441 2544 3770 2612 Quocunque
3792 2541 3890 2610 ju-

2287 2643 2426 2711 dicio
2444 2641 2834 2711 judicaveritis,
2858 2640 2914 2695 in
2940 2654 3005 2701 eo
3022 2639 3358 2708 iudicabitur
3392 2637 3460 2695 de
3489 2636 3640 2691 vobis
3660 2634 3887 2703 (Matth.

2284 2733 2414 2803 vrt);
2444 2743 2678 2788 attamen
2712 2734 2851 2791 inter
2879 2732 3086 2787 medios
3110 2745 3392 2793 sermones
3418 2728 3595 2787 chara:
3622 2728 3725 2783 sibi
3751 2726 3890 2783 s-rli-

2287 2826 2485 2887 tudinis
2516 2825 2922 2885 recordabatur.
2959 2824 3085 2879 Post
3126 2832 3368 2879 coactam
3416 2821 3600 2889 itaque
3646 2830 3893 2887 praesen-

2288 2917 2442 2983 tiam,
2473 2932 2634 2988 quam
2667 2918 2817 2974 ducis
2847 2930 3056 2987 preces,
3088 2925 3167 2982 et,
3198 2915 3341 2986 quod
3368 2916 3547 2970 verius
3569 2922 3686 2977 est,
3714 2912 3889 2967 mise-

2290 3025 2473 3067 rorum
2502 3010 2659 3065 fletus
2687 3019 3014 3075 extorserat,
3049 3018 3173 3077 post
3202 3007 3460 3067 salutaria
3494 3006 3691 3063 monita
3715 3046 3727 3068 ,
3761 3009 3892 3073 post

2301 3115 2519 3157 reorum
2546 3101 3113 3171 Commendationem,
3144 3097 3501 3167 quorumdam
3534 3096 3694 3151 etiam
3720 3094 3891 3149 abso-

2292 3193 2547 3249 lutionem
2577 3234 2593 3258 ,
2629 3192 2919 3261 postulanti
2964 3191 3121 3256 duci,
3170 3204 3226 3251 ut
3264 3190 3422 3258 paulo
3466 3188 3662 3256 largius
3703 3183 3891 3239 eidem

593 3306 711 3355 ctus
736 3341 752 3365 ,
798 3298 943 3369 quod
990 3297 1384 3355 calcitrantium
1430 3296 1721 3353 multorum
1770 3292 2185 3365 indiseiplinatio
2215 3270 2261 3345 C
2291 3298 2441 3339 suam
2466 3284 2807 3354 praesentiam
2837 3281 3158 3352 indulgenti.
3184 3268 3263 3336 ὧι
3283 3296 3387 3337 ιιω
3415 3293 3575 3349 Posse
3603 3293 3660 3333 δε
3682 3276 3892 3332 dimi“

594 3393 908 3451 Arianorum
936 3401 1083 3449 esset
1109 3394 1377 3462 impietas.

666 3484 775 3540 Sed
843 3484 998 3539 istaut
1060 3486 1333 3540 tristitiam
1396 3483 1778 3551 consequentis
1843 3482 2185 3539 revelationis

595 3578 950 3651 prosperitate
992 3577 1196 3633 solatus
1223 3585 1327 3644 est,
1358 3588 1411 3635 et
1435 3577 1510 3632 ait
1537 3596 1550 3630 :
1579 3575 1753 3633 Nolite
1777 3617 1793 3644 ,
1827 3576 1976 3631 ﬁlioli
2003 3616 2015 3639 ,
2046 3590 2184 3631 mm-

596 3671 710 3729 rori
746 3686 842 3728 vos
885 3671 1102 3742 penitus
1127 3670 1292 3738 dare;
1322 3679 1382 3727 ut
1408 3672 1552 3728 enim
1585 3671 1755 3727 iratus
1781 3678 1871 3729 est
1896 3669 2185 3736 Dominus,

596 3766 675 3824 sic
701 3780 915 3821 rursum
944 3764 1307 3832 miserebitur,
1338 3772 1396 3820 et
1430 3779 1591 3821 suum
1620 3765 1729 3821 cito
1756 3764 1996 3821 Ecclesia
2028 3778 2187 3820 recu-

597 3863 806 3934 perabit
830 3872 1113 3929 ornatum;
1142 3875 1380 3933 eosque,
1412 3861 1505 3932 qui
1549 3862 1604 3917 in
1638 3860 2100 3929 persecutionibus
2126 3859 2191 3914 ﬂ-

598 3957 723 4029 dem
753 3950 963 4011 Domini
1012 3956 1374 4020 servaverint,
1403 3954 1563 4013 solito
1590 3952 1837 4009 videbitis
1868 3952 2075 4022 fulgore
2098 3967 2189 4008 re-

602 4050 864 4105 lucentes.
926 4049 1278 4103 ltevertentur
1330 4047 1397 4101 ad
1456 4045 1637 4117 foveas
1685 4057 1811 4102 snas
1876 4056 2187 4117 serpentes,

602 4150 658 4209 et
713 4142 902 4212 religio
941 4140 1148 4211 longius
1198 4139 1608 4210 propegabitor;
1654 4148 1857 4195 tantum
1890 4140 2086 4207 videte,
2122 4154 2191 4195 ne

610 4233 730 4287 fidei
764 4243 959 4287 vestrm
1010 4232 1293 4287 sinceritas
1339 4232 1536 4288 Ariona
1567 4230 1691 4286 labe
1729 4233 2025 4287 sordescst.
2074 4230 2191 4286 Non

599 4324 964 4396 apostolorum
988 4363 1004 4390 ,
1036 4324 1129 4377 sed
1158 4322 1461 4377 daemonum
1504 4332 1558 4379 et
1589 4323 1751 4392 patris
1782 4340 1967 4379 eorum
1996 4308 2192 4380 dia'boli

598 4414 702 4473 ista
729 4415 969 4472 doctrina
1001 4424 1083 4470 est
1106 4434 1119 4483 ;
1146 4412 1215 4470 ob
1246 4416 1295 4470 id
1321 4430 1414 4486 per
1444 4416 1803 4483 insipientiam
1829 4415 2193 4485 jumentorum

606 4511 798 4567 similis
833 4510 1109 4580 pecudum
1131 4526 1321 4566 eorum
1349 4524 1638 4580 expressus
1667 4518 1751 4565 est
1778 4509 2009 4565 animos.

677 4604 807 4658 Car.
854 4600 961 4657 LII.
987 4634 1057 4645 —
1082 4602 1367 4674 Ilucusque
1393 4603 1678 4657 Antonios.
1711 4601 1815 4671 sed
1848 4618 1945 4658 nos
1974 4601 2195 4665 minima
2223 4636 2235 4674 ς

604 4696 858 4752 convenit
887 4695 1152 4763 difﬁdere,
1187 4707 1289 4750 tam
1322 4698 1523 4768 grande
1554 4696 1867 4752 miraculum
1897 4710 1991 4765 per
2019 4696 2191 4752 homi-

602 4806 726 4846 nem
754 4790 990 4859 potuisse
1016 4790 1281 4857 portendi.
1305 4790 1594 4845 Salvatoris
1612 4792 1755 4849 enim
1780 4793 2065 4863 promissio
2085 4800 2191 4859 est,

601 4883 676 4938 ita
706 4882 935 4937 dicentis
960 4898 974 4933 :
1004 4880 1061 4936 Si
1094 4880 1387 4949 habueritis
1416 4881 1575 4937 fidem
1603 4894 1658 4938 ut
1699 4898 1923 4953 granum
1952 4883 2190 4954 sinapis,

609 4960 801 5031 dicetis
840 4972 963 5028 huic
1005 4975 1203 5045 monti,
1233 4966 1489 5029 Transfer
1517 4984 1597 5039 te,
1649 4983 1702 5031 et
1740 4977 2109 5043 transferetur,
2138 4985 2196 5031 et

602 5070 731 5124 nihil
758 5060 1089 5137 impossibile
1120 5068 1221 5122 erit
1253 5066 1403 5122 vobis
1438 5066 1656 5139 (Matth.
1688 5070 1847 5141 xvu).
1878 5070 1943 5125 Et
1967 5072 2191 5125 iterum:

602 5148 777 5215 Amen
804 5177 961 5217 amen
988 5161 1110 5216 dico
1135 5160 1310 5227 vobis,
1331 5174 1492 5227 omne
1517 5162 1660 5233 quod
1686 5164 1951 5235 petieritis
1978 5166 2193 5223 Patrem

606 5255 662 5307 in
698 5257 916 5313 nomine
964 5271 1118 5321 meo,
1168 5238 1314 5311 dabit
1373 5256 1545 5319 vobis.
1598 5257 1769 5316 Petito
1821 5270 1876 5316 et
1920 5259 2194 5330 accipietis

606 5341 788 5419 (Joan.
842 5347 976 5417 rm).
1021 5347 1139 5419 Ipse
1180 5348 1323 5404 enim
1361 5348 1471 5403 suis
1517 5348 1797 5419 discipulis
1843 5360 1897 5406 et
1943 5350 2195 5407 universo

606 5437 939 5493 credentium
972 5442 1123 5512 gregi
1155 5457 1294 5499 nunc
1326 5440 1716 5512 subiectionem
1763 5441 2149 5501 daemoniorum
2173 5486 2190 5510 ,

606 5524 749 5605 dune
790 5536 1055 5587 variarum
1101 5536 1470 5591 inﬁrmitatnm
1514 5536 1772 5606 pollicens
1820 5538 2147 5592 curationem
2173 5578 2191 5605 ,

604 5614 779 5697 aiebat
806 5639 817 5674 :
844 5622 1017 5677 Gratis
1044 5629 1346 5695 accepistis,
1370 5631 1534 5698 gratis
1553 5628 1679 5685 date
1708 5629 1922 5700 (Matth.
1950 5629 2025 5701 ι).
2048 5630 2195 5686 Nun-

602 5715 732 5790 Quid
760 5730 871 5769 sua:
901 5714 1108 5771 virtutis
1130 5720 1352 5787 imperio
1379 5724 1602 5778 curabat
1622 5724 1919 5780 Antonius?
1947 5722 2198 5794 Nunquid

616 5798 729 5883 suae
777 5808 1149 5879 possibilitatis
1193 5813 1550 5871 arbitrabatur
1594 5832 1716 5876 esse
1760 5818 1903 5890 quod
1959 5817 2197 5873 fecerat!

608 5892 974 5971 Orationibus,
1004 5920 1110 5961 non
1136 5910 1415 5979 pratoeptis
1437 5912 1588 5983 (120)
1614 5914 1889 5970 daemones
1914 5914 2197 5984 morbique

2288 3380 2398 3453 58
2429 3378 2624 3436 ibidem
2660 3378 2890 3443 morari,
2921 3386 3076 3449 grato
3105 3391 3229 3437 usus
3252 3375 3521 3443 exemplo,
3550 3371 3693 3443 quod
3722 3370 3890 3427 sicuti

2288 3476 2462 3543 pisces
2492 3474 2559 3527 ab
2588 3486 2724 3541 aqua
2755 3470 3007 3533 extracti,
3042 3484 3165 3523 mox
3212 3470 3262 3522 in
3294 3466 3469 3522 arenti
3519 3475 3659 3520 terra
3700 3477 3892 3517 more-

2300 3552 2492 3620 rentur
2544 3562 2780 3634 (Pelag.,
2827 3564 2863 3617 l.
2913 3578 2973 3629 tt,
3005 3579 3059 3615 tt.
3093 3559 3177 3632 5).
3230 3561 3305 3616 ita
3341 3569 3398 3615 et
3436 3556 3725 3617 monachos
3760 3570 3892 3611 cum

2294 3658 2643 3713 smcularibus
2675 3658 3028 3721 retardantes,
3059 3654 3304 3709 humanis
3325 3654 3505 3727 statim
3529 3650 3724 3709 resolvi
3754 3666 3891 3705 con-

2291 3748 2739 3805 fabulationibus.
2763 3750 2845 3804 0b
2877 3750 2930 3804 id
2957 3762 3108 3817 ergo,
3141 3747 3331 3818 inquit,
3362 3747 3608 3801 convenit
3633 3756 3686 3798 ut
3713 3745 3891 3815 pisces

2296 3845 2362 3899 ad
2392 3859 2565 3910 mare,
2592 3844 2664 3897 ita
2712 3857 2809 3897 nos
2836 3840 2902 3897 ad
2942 3853 3176 3896 montem
3204 3841 3532 3901 festinemus,
3565 3830 3631 3892 ne
3662 3832 3891 3890 tardau-

2307 3939 2449 3994 tibus
2478 3938 2631 3993 nobis
2671 3937 2846 4009 aliqua
2889 3936 3147 4007 prepositi
3197 3930 3446 4001 succedat
3475 3918 3678 3986 oblivio
3704 3924 3889 4015 (I25).

2301 4031 2411 4088 Pro
2443 4041 2590 4087 tanta
2620 4026 2855 4085 hominis
2887 4027 3150 4098 sapientia
3188 4027 3293 4083 dux
3323 4022 3565 4095 miratus,
3591 4012 3787 4094 justam
3816 4012 3895 4109 de

2307 4140 2373 4180 eo
2401 4126 2519 4180 tulit
2556 4140 2842 4192 veramque
2871 4123 3212 4188 sententiam,
3244 4122 3469 4177 dicens:
3510 4120 3644 4175 Vere
3677 4119 3890 4189 justum

2305 4233 2427 4273 esse
2458 4216 2551 4273 Dei
2599 4216 2856 4287 famulum
2880 4258 2897 4284 ,
2937 4232 3035 4271 nec
3076 4216 3127 4270 in
3160 4216 3359 4273 rustico
3406 4210 3623 4269 homine
3652 4202 3895 4293 potuisse

2298 4312 2499 4365 tantam
2524 4309 2810 4383 aliquando
2833 4312 3008 4364 inesse
3028 4309 3367 4379 sapientiam,
3386 4306 3486 4362 nisi
3508 4305 3687 4361 divino
3701 4318 3893 4361 amore

2300 4415 2596 4476 regeretur.

2368 4518 2498 4572 Car.
2533 4516 2671 4572 LIV.
2713 4547 2777 4571 9-.-
2824 4517 3091 4577 Pmterea
3128 4530 3250 4571 cum
3298 4515 3541 4571 Balacius
3568 4512 3763 4585 (124),
3789 4512 3891 4583 qui

2297 4610 2397 4673 sub
2426 4610 2677 4665 Nestorio
2710 4609 2968 4680 praefecto
2997 4608 3345 4667 Alexandria
3381 4608 3486 4663 dux
3520 4607 3739 4679 Egypti
3772 4608 3896 4676 fuit,

2301 4701 2461 4760 homo
2510 4701 2726 4763 Ariane
2774 4702 3064 4772 iniquitatis
3109 4702 3534 4757 studiosissimus
3584 4699 3779 4765 fautor,
3817 4700 3896 4759 ita

2299 4792 2497 4857 Christi
2546 4796 2842 4855 Ecclesiam
2886 4805 3326 4864 persequentur,
3358 4804 3415 4848 ut
3461 4790 3642 4847 animo
3691 4802 3895 4845 vesano

2302 4890 2539 4957 virgines
2565 4888 2961 4957 monachosque
2985 4889 3213 4941 nudatos
3238 4886 3545 4943 verberaret
3573 4884 3625 4940 in
3654 4883 3894 4954 publico,

2302 4980 2368 5035 ad
2392 4996 2513 5035 cum
2542 4980 2807 5039 Antonius
2832 4980 3036 5036 litteras
3070 4978 3246 5044 misit,
3287 4993 3512 5048 quorum
3544 4979 3644 5032 ista
3669 4984 3895 5033 senten-

2306 5070 2373 5125 tia
2404 5080 2523 5124 est:
2557 5070 2721 5125 Video
2762 5071 2894 5125 iram
2924 5070 3017 5125 Dei
3067 5072 3370 5125 venientem
3408 5084 3575 5138 super
3590 5080 3676 5133 te,
3702 5066 3898 5122 desine

2301 5164 2550 5236 persequi
2580 5163 2963 5230 Christianos,
2982 5169 3129 5229 nete
3158 5163 3245 5219 ira
3266 5173 3534 5232 occupet,
3565 5175 3687 5230 qua:
3713 5158 3899 5228 proni-

2301 5270 2447 5319 munr
2470 5256 2580 5327 jam
2612 5256 2703 5311 tibt
2728 5256 2961 5312 minatur
2986 5255 3289 5319 interitum.
3312 5254 3663 5324 Logitinfelix
3690 5255 3899 5321 episto-

2299 5349 2403 5415 lam
2430 5394 2445 5416 ,
2478 5359 2532 5404 et
2563 5350 2764 5415 irrisit,
2804 5360 2965 5419 atque
2994 5352 3056 5413 .in
3087 5365 3210 5405 eam
3248 5362 3542 5418 elspqu
3588 5347 3814 5417 proiecit
3844 5348 3899 5402 in

2301 5451 2495 5507 terram
2522 5458 2535 5506 ;
2576 5446 2863 5511 portitores
2888 5458 3102 5512 quoque
3146 5442 3329 5497 multis
3357 5441 3598 5497 “ﬁdem
3627 5439 3845 5507 injuriis
3871 5480 3889 5502 ,

2301 5539 2537 5595 Antonio
2557 5538 2682 5593 talia
2714 5538 3009 5595 renuntiati
3038 5539 3293 5607 pracepit
3316 5554 3331 5591 :
3354 5535 3618 5603 Quoniam
3640 5548 3778 5590 cura
3802 5532 3902 5588 tibi

2299 5642 2581 5703 tantopere
2613 5632 2998 5688 monachorum
3026 5641 3133 5696 est,
3165 5632 3330 5686 etiam
3360 5630 3427 5685 ard
3460 5641 3519 5686 te
3550 5628 3659 5683 mei
3697 5626 3902 5695 vigoris

2301 5728 2548 5781 transibit
2564 5726 2867 5794 disciplina.
2889 5725 2994 5781 Sed
3018 5724 3302 5779 confestim
3322 5724 3649 5777 minim
3670 5732 3902 5787 oppres-

2304 5820 2374 5878 sit
2405 5821 2753 5891 supplicium,
2801 5832 2854 5876 et
2897 5832 3015 5891 post
3043 5821 3280 5891 quinque
3320 5822 3537 5877 dissos
3570 5817 3897 5874 liram

2246 5984 2252 5988 _
2304 5915 2435 5969 ultio
2460 5913 2641 5970 divina
2672 5914 3027 5985 compescuit.
3060 5912 3345 5985 Egreditur
3371 5914 3517 5971 enim
3559 5911 3625 5967 ad
3668 5910 3898 5980 primam
