4124 6350
1307 433 1471 491 ἮΤΔ
1511 431 1717 488 ΒΕΑἸἸ
1756 427 2028 490 ΑΝἸὈΝΙΙ
2061 433 2370 491 ABBATIS.

3380 433 3489 498 ibi)

200 551 532 611 mansionem
578 550 954 617 Alexandria,
1005 565 1125 622 quat
1174 552 1472 622 appellatur
1507 550 1787 606 Chaeream
1819 552 1870 617 Α
1898 549 2259 623 lacrymteqne
2308 552 2450 608 dicta
2499 552 2780 608 maerentia
2819 563 3130 610 consecuta;
3163 563 3310 612 sunt.
3360 559 3490 612 Am-

201 647 382 718 (125').
437 660 563 700 cum
609 643 915 712 supradicto
960 643 1176 715 Egypti
1221 645 1469 709 praelecto
1519 643 1788 699 Nestorio.

203 741 478 811 \‘ebutttur
507 741 657 807 equis
680 782 694 804 ,
730 751 865 806 quos
909 740 1050 792 inter
1078 752 1268 792 omnes
1327 737 1567 792 Balacius
1592 776 1607 801 ,
1639 735 1793 805 cujus

202 843 349 888 erant
374 873 388 894 ,
422 830 886 883 mansuetissimos
930 831 1212 885 nutrierat.
1244 830 1376 884 Cum
1408 845 1536 897 ergo
1596 831 1793 898 pariter

202 922 362 976 solito
395 921 611 975 sibimet
635 922 755 990 equi
792 920 1111 985 alluderent,
1139 922 1340 988 mitior,
1374 937 1481 990 quo
1509 921 1790 976 Nestorius

202 1014 519 1080 vehebatur,
547 1028 727 1066 morsu
756 1015 1034 1082 repentino
1057 1014 1326 1068 Balacium
1349 1013 1584 1069 decussit
1611 1017 1661 1068 in
1689 1025 1795 1068 ter-

202 1120 305 1160 ram
332 1149 346 1171 ,
385 1112 441 1158 et
479 1105 557 1158 sic
589 1103 640 1157 in
671 1118 790 1156 eum
836 1102 1086 1171 inhians,
1121 1104 1323 1158 femora
1366 1107 1483 1173 ejus
1535 1105 1793 1160 laceravit

201 1212 352 1267 atque
387 1198 656 1262 corrosit,
693 1205 749 1250 ut
790 1197 971 1250 statim
1019 1198 1220 1251 relatus
1267 1199 1332 1252 ad
1379 1198 1646 1254 civitatem
1678 1207 1796 1266 post

209 1294 424 1344 tullium
477 1291 616 1344 diem
673 1297 1004 1354 moreretur;
1057 1291 1397 1359 universique
1444 1299 1798 1362 agnoscerent

209 1389 474 1439 minarum
507 1386 575 1438 ab
605 1385 837 1440 Antonio
875 1384 1252 1452 praedictarum
1296 1385 1543 1440 taliet-tum
1571 1396 1800 1452 quanto-

205 1476 312 1529 cius
345 1480 720 1534 consecutum,
751 1474 911 1542 digno
943 1475 1300 1543 persecutoris
1329 1478 1434 1530 line
1463 1477 1758 1540 completo.

271 1565 402 1617 (In.
433 1563 544 1617 LV.
561 1593 627 1605 -—
644 1560 882 1618 Caeteros
907 1563 972 1617 ad
999 1579 1059 1619 se
1081 1563 1356 1620 venientes
1380 1566 1510 1619 mira
1538 1581 1659 1620 cum
1687 1581 1801 1620 mo-

215 1658 386 1710 destia
420 1656 686 1711 Antonius
715 1655 1068 1722 admonebat,
1102 1665 1192 1719 ut,
1225 1656 1384 1712 oblita
1413 1657 1593 1712 smculi
1631 1659 1801 1727 digni-

221 1759 348 1811 tate,
381 1748 686 1803 remotioris
721 1748 840 1802 vitae
869 1748 1248 1803 beatitudinem
1269 1760 1600 1817 appererent.
1629 1751 1682 1806 Si
1709 1750 1800 1821 qui

213 1854 390 1896 autem
435 1842 622 1910 majori
679 1827 940 1909 potestate
971 1842 1354 1910 premebantur
1379 1883 1394 1907 ,
1425 1857 1525 1897 nec
1555 1852 1804 1910 poterant

1906 646 2261 705 nlexabantur
2289 662 2410 701 eum
2446 649 2709 712 universi,
2744 650 2894 718 quasi
2921 650 3029 717 jam
3059 648 3128 704 de
3166 650 3375 706 sarculo
3403 665 3495 706 re-

1897 752 2199 793 cessurum.
2233 741 2302 794 At
2326 740 2436 806 ille,
2469 749 2720 810 tanquam
2749 743 2919 797 aliena
2954 743 3232 808 deserens,
3267 745 3332 798 ad
3367 759 3492 814 pro-

1895 830 2064 899 priam
2115 833 2342 900 patriam
2375 832 2734 901 profecturus,
2768 848 2955 903 magna
2988 849 3110 888 cum
3141 835 3322 889 laetitia
3357 850 3494 904 prte-

1895 922 2163 990 cipiebat,
2197 923 2457 978 desidiam
2504 924 2746 979 instituto
2785 939 2889 978 non
2935 924 3132 980 debere
3161 926 3491 993 subrepere,

1899 1016 1992 1070 sed
2027 1024 2278 1086 tanquam
2303 1017 2542 1086 quotidie
2571 1019 2880 1081 morituros,
2904 1027 2962 1072 nt
2989 1026 3112 1071 ante
3139 1019 3488 1086 prtedixerat,

1905 1122 1935 1161 a
1968 1108 2200 1162 sordidis
2230 1110 2642 1180 cogitationibus
2681 1111 2914 1165 animam
2961 1113 3231 1168 custodire
3255 1154 3271 1170 .
3301 1122 3355 1168 et
3379 1127 3496 1168 om-

1899 1217 2021 1255 nem
2051 1203 2449 1256 :emulalionem
2483 1205 2546 1256 ad
2575 1212 2787 1257 sanctos
2815 1219 3028 1273 quoque
3057 1214 3393 1268 convertere,
3425 1206 3494 1262 ad

1898 1296 2268 1349 schismatieos
2314 1311 2440 1350 vero
2471 1311 2536 1350 ne
2569 1311 2733 1369 prope
2763 1297 2976 1366 quidem
3019 1299 3299 1352 accedere.
3333 1297 3495 1353 Scitis

1900 1391 2066 1452 enim,
2097 1389 2294 1450 aiebat,
2325 1404 2510 1444 eorum
2541 1391 2814 1460 antiquam
2848 1393 3282 1460 perversitatem;
3319 1404 3493 1460 neque

1901 1493 2024 1531 cum
2060 1480 2276 1533 Arianis
2322 1482 2698 1535 communione
2723 1482 3018 1552 jttngamini
3044 1523 3058 1547 ,
3086 1481 3207 1552 quia
3249 1483 3496 1551 impietas

1903 1584 2090 1623 eorum
2140 1573 2249 1639 jam
2293 1573 2538 1626 omnibus
2583 1572 2861 1627 manifesta
2893 1584 2998 1627 est.
3049 1573 3142 1627 llis
3173 1574 3334 1628 etiam
3365 1571 3494 1627 illud

1905 1660 2150 1726 addebat,
2178 1663 2378 1717 nullum
2401 1663 2597 1718 debere
2623 1665 2731 1736 59
2749 1664 3133 1731 Christianum,
3159 1678 3280 1718 cum
3307 1663 3494 1718 steculi

1907 1751 2097 1805 viderit
2140 1763 2434 1821 potestates
2477 1769 2576 1824 pro
2623 1757 2938 1809 Arianorum
2983 1765 3039 1809 et
3087 1756 3491 1810 Meletianorum

1912 1840 2063 1912 (128)
2098 1859 2336 1914 pugnare
2367 1846 2630 1914 nequitia,
2664 1863 2692 1899 a
2719 1846 2921 1901 Christi
2947 1849 3189 1900 territum
3217 1847 3494 1901 discedere

211 1935 455 1988 obtinere
481 1933 539 2002 jtt
575 1934 764 1996 titiam.
795 1933 868 1987 ita
897 1948 992 1988 eos
1014 1934 1212 1997 obnixe
1234 1934 1573 1998 defendebat.
1606 1945 1662 1989 ut
1685 1936 1802 2002 ipse
1831 1934 1880 1996 Β
1905 1938 2130 1990 veritate
2155 1954 2168 2000 ;
2204 1937 2507 1992 mortalium
2537 1936 2683 1991 illam
2711 1952 2831 1992 esse
2858 1939 3247 2005 defensionem,
3279 1954 3377 1992 nec
3401 1938 3493 1994 diu

206 2041 299 2096 pro
344 2026 451 2080 illis
502 2026 608 2092 pati
660 2025 930 2081 videretur
973 2025 1244 2095 iatjut'iam.
1288 2028 1462 2082 Multis
1509 2028 1655 2082 utilis
1697 2029 1795 2084 luit

206 2120 448 2188 praeclari
475 2119 620 2174 senis
647 2119 852 2183 oratio;
881 2119 1066 2181 multi,
1095 2120 1300 2188 magnis
1320 2119 1519 2174 divitiis
1549 2130 1602 2175 et
1622 2122 1797 2178 altiori

217 2211 384 2278 gradu
431 2211 634 2264 militia»
678 2210 967 2277 derelicto,
1001 2211 1117 2278 ejus
1147 2211 1356 2268 haerere
1391 2213 1675 2267 curriculis
1701 2230 1798 2270 cu-

207 2302 442 2369 piebant.
473 2301 537 2354 Et
568 2314 622 2354 ut
649 2301 852 2355 infinita
877 2302 1025 2356 brevi
1048 2317 1298 2357 sermone
1319 2307 1792 2372 comprehendam,

211 2391 411 2446 bonum
446 2393 682 2462 .‘Egytto
732 2378 994 2450 medicum
1040 2395 1287 2452 Christus
1328 2397 1636 2453 indulserat.
1668 2401 1798 2467 Quis

205 2499 311 2539 non
347 2487 617 2539 tristitiam
659 2487 796 2554 apud
829 2487 1115 2541 Antonium
1162 2491 1382 2544 mutavit
1423 2492 1474 2544 in
1504 2493 1797 2559 gaudium?

205 2577 324 2643 quis
357 2593 464 2630 non
495 2577 626 2630 iram
655 2579 815 2634 vertit
845 2579 896 2632 itt
923 2582 1141 2646 pacem?
1169 2581 1289 2646 quis
1315 2581 1560 2636 orbitatis
1599 2584 1795 2637 luctum

208 2682 314 2720 non
347 2667 418 2720 ad
449 2666 567 2734 ejus
600 2670 914 2736 temperavit
937 2673 1256 2740 aspectum?
1285 2675 1402 2742 quis
1431 2690 1535 2728 non
1566 2690 1797 2732 maerore

209 2771 542 2829 paupertatis
563 2803 577 2826 ,
609 2777 714 2831 quo
759 2764 1122 2832 premebatur,
1157 2766 1391 2835 abjecto,
1421 2778 1601 2823 statim
1634 2781 1687 2826 et
1715 2771 1798 2825 di-

211 2856 383 2906 vitum
419 2853 665 2921 despexit
696 2855 1013 2923 opu’entias,
1043 2866 1096 2910 et
1126 2858 1178 2911 in
1214 2872 1307 2916 sua
1335 2859 1543 2914 l:t:tats
1564 2872 1645 2915 est
1673 2877 1798 2931 pau-

204 2946 454 3014 pertate?
507 2949 626 3017 quis
674 2959 792 3017 post
820 2949 1183 3005 lassitudinem
1216 2952 1504 3018 monachus
1549 2969 1653 3009 non
1683 2957 1797 3023 ejus

203 3051 486 3111 vegetatus
537 3051 620 3096 est
650 3041 1038 3098 hortamentis?
1067 3046 1182 3113 quis
1215 3045 1535 3100 adolescens
1567 3061 1797 3102 succi-n-

201 3146 297 3184 sus
337 3131 641 3193 ardoribus,
676 3147 779 3188 non
809 3147 874 3190 es
909 3134 1026 3200 ejus
1051 3133 1327 3188 admonitu
1353 3137 1621 3203 pudicitiae
1651 3153 1800 3193 ama-

203 3232 285 3276 tur
319 3223 450 3276 fuit?
478 3223 596 3289 quis
629 3233 848 3278 vexatus
879 3240 905 3276 a
938 3224 1174 3290 diabolo,
1209 3228 1324 3282 sine
1357 3228 1561 3282 medela
1593 3230 1796 3284 rediit?

1902 2025 2146 2081 fallacem
2180 2043 2496 2095 permanere
2541 2043 2700 2098 posse
2731 2030 3087 2097 phantasiam.
3135 2031 3492 2100 Quapropter,

1899 2117 2094 2182 aiebat,
2123 2119 2471 2174 custodienda
2494 2128 2577 2175 est
2605 2121 2689 2189 pia
2716 2121 2848 2174 fides
2873 2123 2921 2174 in
2945 2120 3179 2190 Chrism,
3207 2133 3262 2177 et
3283 2133 3491 2191 patrum

1906 2211 2154 2279 religiosa
2203 2211 2418 2264 traditio
2449 2212 2639 2282 (199),
2686 2228 2843 2281 quam
2871 2228 2936 2268 ex
2977 2214 3373 2281 Scriptnrarnm
3417 2214 3494 2268 le-

1900 2303 2078 2357 Ctione
2103 2310 2156 2356 ct
2181 2303 2376 2356 crebro
2415 2319 2549 2357 mete
2594 2303 2869 2370 parvitatis
2895 2303 3158 2357 didicistis
3185 2306 3486 2359 admonitu.

1969 2395 2099 2451 Car.
2129 2394 2335 2449 LXVII.
2354 2422 2425 2433 —
2447 2393 2623 2447 Finito
2649 2408 2918 2456 sermone,
2946 2396 3135 2447 t‘t‘atres
3164 2409 3285 2448 eum
3315 2397 3480 2450 vehe-

1901 2480 2238 2542 mentissime
2285 2485 2664 2551 retardabant,
2713 2485 2948 2553 glorioso
2993 2482 3166 2538 Patris
3209 2487 3490 2554 cupientes

1904 2583 2131 2635 termino
2161 2581 2423 2634 decorari.
2452 2579 2559 2634 Sed
2591 2577 2788 2633 multas
2830 2578 2899 2632 ob
2925 2593 3138 2645 causas,
3167 2594 3302 2648 quas
3332 2589 3384 2632 et
3412 2579 3490 2633 si-

1902 2673 2064 2728 lentio
2103 2672 2537 2736 demonstrabat,
2587 2672 2857 2742 pratcipue
2897 2682 3073 2726 tamen
3115 2672 3188 2726 ob
3232 2688 3491 2742 praesum-

1902 2776 2042 2836 ptam
2072 2763 2293 2836 Egypti
2318 2769 2756 2821 consuetudinem
2785 2767 3126 2821 contradixit.
3155 2767 3265 2823 Mos
3290 2770 3489 2827 etenim

1903 2858 2171 2929 Egyptiis
2197 2868 2313 2924 est,
2346 2857 2601 2911 nobilium
2632 2864 2686 2911 et
2717 2859 2987 2926 prseipue
3024 2858 3304 2912 beatorum
3349 2872 3492 2915 mar-

1901 2960 2076 3020 tyrum
2106 2961 2332 3018 corpora
2377 2949 2692 3004 linteamine
2736 2950 2950 3018 quidem
2982 2949 3270 3005 obvolvere
3310 2951 3489 3022 (130).

1901 3051 1954 3096 et
1985 3043 2218 3096 studium
2269 3041 2438 3095 funeri
2479 3041 2698 3095 solitum
2748 3055 2855 3096 non
2903 3056 3136 3110 negare;
3171 3051 3309 3098 terra
3358 3057 3490 3098 vero

1900 3148 2006 3188 non
2036 3133 2390 3197 abscondere,
2419 3131 2514 3188 sed
2542 3148 2703 3201 super
2744 3132 2968 3188 lectulos
2997 3133 3140 3188 domi
3183 3135 3355 3202 posita
3403 3143 3489 3189 re-

1882 3237 2121 3293 servare
2163 3221 2340 3291 (151).
2371 3220 2524 3275 Hunc
2566 3220 2825 3284 honorem
2852 3223 3252 3290 quiescentibus
3298 3225 3484 3290 reddi,

203 3313 333 3379 Quis
365 3313 570 3369 inimici
596 3315 1003 3384 cogitationibus
1030 3316 1342 3382 distractus,
1366 3332 1471 3372 non
1493 3333 1632 3373 occa
1657 3315 2214 3404 tem-cinveteratte
2262 3313 2668 3368 consuetudinis
2716 3315 2924 3368 vani-tas
2973 3314 3211 3370 tradidit.
3267 3317 3340 3369 De
3391 3317 3494 3373 huc

207 3414 417 3474 pestate
456 3406 628 3474 sottita
649 3448 663 3472 ,
699 3421 891 3462 sereno
923 3421 1198 3474 regressus
1227 3417 1309 3461 est
1345 3410 1558 3464 animo?
1585 3410 1798 3466 Sciebat

207 3498 351 3552 enim
396 3515 504 3566 quo
534 3500 759 3568 quisque
787 3500 1053 3554 laboraret
1088 3501 1426 3558 incommutto
1449 3544 1463 3567 ,
1494 3514 1546 3557 et
1573 3521 1642 3558 ex
1677 3506 1798 3560 vita

205 3591 414 3646 meritis
439 3590 811 3646 discretionem
837 3591 1120 3660 spirituum
1146 3607 1475 3661 agnoscens,
1514 3595 1800 3653 adhibebat

207 3683 558 3744 morborum,
611 3691 768 3750 prout
807 3693 962 3738 erant
1008 3684 1250 3750 vulnera,
1297 3687 1599 3742 sanitatem.
1648 3688 1798 3744 Unde

205 3774 462 3827 effectum
495 3783 574 3827 cst
626 3783 681 3827 ttt
724 3785 841 3842 post
886 3773 1004 3844 ejus
1033 3775 1330 3830 doctrinam
1371 3792 1557 3832 omnes
1600 3778 1800 3835 diaboli

210 3883 219 3933 |
239 3865 572 3920 anderentur
589 3865 812 3920 insidite.
833 3867 1008 3923 Multae
1021 3883 1234 3938 quoque
1249 3869 1585 3938 desponsam
1607 3872 1798 3938 puellae

207 3958 359 4028 (liti)
380 3998 398 4022 ,
429 3959 494 4013 ad
523 3958 638 4028 ejus
666 3969 1012 4027 conspectum
1042 3960 1113 4014 ab
1142 3962 1258 4029 ipso
1285 3976 1425 4029 pene
1456 3961 1687 4016 thalamo
1713 3978 1800 4018 re-

206 4053 484 4121 cedentes,
539 4055 590 4110 in
645 4055 896 4110 Ecclesiae
939 4058 1124 4112 matris
1164 4060 1368 4127 gremio
1417 4062 1794 4116 consederunt.

207 4145 346 4210 Quid
389 4147 580 4216 plura?
611 4146 794 4201 Totius
833 4148 978 4203 orbis
1018 4149 1258 4205 homines
1287 4150 1354 4205 ad
1400 4167 1521 4206 eum
1550 4153 1795 4209 conflue-

210 4237 365 4302 bant,
403 4246 458 4291 et
503 4238 871 4292 universarum
913 4240 1149 4308 gentium
1198 4241 1425 4296 varietas
1454 4243 1799 4302 bellicosissi-

207 4343 353 4381 munt
388 4337 573 4384 contra
607 4328 896 4392 _d:emones
926 4333 1098 4382 virum
1143 4332 1452 4401 conspicere
1481 4335 1793 4400 gestiebant.

211 4420 402 4474 Nullus
431 4434 490 4473 se
518 4419 708 4474 frustra
745 4420 868 4476 illuc
899 4421 1106 4476 venisse
1134 4433 1457 4493 conquestus
1488 4437 1590 4493 est,
1625 4431 1798 4484 omni-

216 4513 313 4566 bus
335 4513 655 4568 delectabile
677 4523 836 4582 atque
860 4513 1153 4582 jucundum
1189 4516 1386 4572 laboris
1414 4523 1796 4576 commercium

209 4604 325 4659 fuit.
364 4606 631 4673 Fatigatio
653 4607 793 4660 enim
827 4606 1032 4662 itineris
1059 4607 1476 4663 emolumentum
1512 4612 1688 4667 viatici
1716 4629 1798 4669 re-

1902 3407 2168 3460 Autouius
2209 3419 2354 3474 saepe
2397 3415 2454 3460 et
2488 3406 2771 3475 episcopos
2803 3406 3118 3474 rimatus
3157 3417 3270 3472 est,
3303 3419 3361 3462 ut
3389 3424 3491 3478 pn-

1899 3501 2056 3571 pulos
2072 3500 2433 3556 ecclesiastica
2456 3501 2846 3555 contestatione
2867 3499 3226 3568 corrigeret“;
3249 3507 3301 3555 'et
3323 3502 3492 3557 laicus

1897 3597 2044 3647 viros
2067 3608 2131 3647 ac
2159 3593 2410 3647 mulieres
2437 3592 2660 3663 rlgidius
2697 3593 2817 3661 ipse
2840 3594 3125 3658 convenit,
3152 3595 3359 3660 dicens,
3389 3607 3490 3651 nec

1902 3687 2107 3742 licitum
2140 3687 2240 3740 hoc
2264 3701 2406 3752 esse,
2439 3699 2537 3741 nec
2568 3686 2679 3742 Deo
2705 3687 2990 3757 placitum:
3021 3687 3217 3756 quippe
3245 3701 3367 3744 cum
3397 3688 3491 3758 pa-

1899 3778 2260 3832 triarcharum
2287 3789 2343 3831 et
2385 3777 2778 3846 prophetarum
2823 3778 3091 3844 sepulcra,
3123 3781 3240 3847 Quae
3278 3780 3343 3833 ad
3389 3793 3490 3835 nos

1899 3885 2072 3942 usque
2097 3871 2423 3940 perdurant,
2459 3873 2571 3926 btec
2601 3871 2738 3925 facta
2783 3873 3191 3927 convincerent.
3226 3873 3489 3929 Dominicl

1900 3977 2113 4032 quoque
2138 3962 2378 4030 00th
2407 3963 2714 4031 coemptum
2739 3969 2994 4032 oportere
3023 3964 3214 4016 intueri
3244 3965 3487 4032 iubebat,

1900 4059 2041 4128 quod
2085 4059 2139 4112 in
2179 4057 2430 4127 sepulmo
2475 4058 2737 4126 positum,
2779 4057 2954 4127 lapide
2988 4065 3156 4128 usque
3197 4057 3262 4112 ad
3310 4069 3492 4114 resur-

1903 4148 2159 4203 rectionis
2203 4148 2344 4202 diem
2396 4149 2612 4203 tertium
2659 4148 2896 4203 clausum
2945 4146 3104 4204 fuerit
3147 4148 3328 4219 (JOan.
3365 4153 3488 4217 im;

1905 4237 2097 4293 Matth.
2126 4239 2317 4309 xsvm).
2337 4238 2512 4309 Atque
2539 4239 2618 4298 his
2642 4241 2814 4296 modis
2835 4240 3019 4295 vitium
3046 4241 3186 4297 circa
3210 4241 3491 4300 defunctos

1903 4332 2123 4404 Ξαγωὶ
2150 4331 2326 4404 (152),
2357 4333 2565 4400 etiamsi
2603 4341 2788 4388 senon
2827 4343 3012 4387 essent
3055 4346 3304 4403 corpora,
3332 4349 3491 4389 coar-

1901 4428 2126 4498 gnebat,
2171 4426 2400 4481 dicens:
2439 4424 2578 4491 Quid
2623 4425 2796 4495 majus
2840 4435 2932 4479 aut
2976 4427 3214 4481 sanctius
3259 4439 3488 4496 corpore

1902 4528 2079 4588 potest
2127 4532 2247 4573 esse
2305 4517 2614 4582 Dominico,
2661 4517 2804 4586 quod
2853 4517 3001 4586 juxta
3053 4519 3490 4577 consuetudinem

1902 4610 2141 4679 gentium
2193 4619 2508 4666 cauet-arum
2560 4611 2722 4662 humo
2769 4609 3040 4663 conditum
3085 4623 3205 4665 esse
3252 4609 3493 4666 scimus!

212 4702 479 4769 portabat,
511 4701 649 4754 sicut
680 4700 754 4754 rei
787 4700 1029 4768 probavit
1056 4700 1295 4758 electus.
1331 4703 1460 4757 Nam
1495 4716 1609 4772 post
1637 4723 1798 4762 reso-
1822 4695 1880 4760 Ι)
1907 4705 2034 4760 Haec
2059 4706 2198 4773 jttsta
2232 4702 2510 4772 persuasio
2536 4702 2832 4756 multorum
2879 4703 3094 4756 insitum
3125 4702 3304 4757 evellit
3341 4717 3492 4758 erro-

210 4795 471 4848 lutionem
505 4793 656 4861 ejus,
684 4793 838 4860 quasi
879 4795 1146 4848 communi
1182 4795 1400 4850 vulnere
1432 4799 1676 4854 orbitatis
1703 4816 1800 4855 es-

210 4899 385 4955 cepto,
420 4899 692 4952 pr0prtnm
721 4884 912 4955 singuli
943 4897 1214 4954 parentem
1248 4886 1518 4944 luxerunt.

277 4975 413 5030 Car.
457 4974 591 5030 LVI.
636 5006 702 5016 —
746 4975 876 5042 Quis
913 4985 1089 5033 autem
1131 4978 1253 5034 finis
1290 4980 1410 5034 vitae
1451 4981 1567 5050 ejus
1597 4983 1792 5051 fuerit,

207 5067 430 5137 dignum
459 5076 546 5124 est
571 5077 629 5124 et
654 5083 739 5124 me
768 5085 1211 5136 commemorare,
1241 5080 1297 5126 et
1323 5087 1412 5126 vos
1437 5088 1557 5128 cum
1587 5074 1798 5132 deside-

207 5160 284 5214 rio
314 5160 526 5228 audire,
566 5161 687 5230 quia
711 5169 770 5236 et
814 5161 916 5222 hoc
954 5163 1007 5224 iu
1054 5179 1119 5224 eo
1142 5164 1399 5221 imitabile
1428 5168 1633 5224 cunctis
1675 5170 1793 5224 fuit.

210 5253 366 5308 Juxta
397 5253 838 5308 consuetudinem
868 5253 933 5306 ad
955 5254 1205 5307 visendos
1237 5256 1427 5320 fratres
1453 5259 1540 5326 qui
1571 5259 1625 5312 in
1649 5273 1798 5316 exte-

213 5346 338 5398 riori
372 5351 556 5398 monte
584 5352 758 5410 erant,
787 5345 953 5407 venit,
979 5344 1157 5413 ibique
1187 5361 1215 5397 a
1247 5347 1420 5398 divina
1455 5348 1794 5415 providentia

209 5436 273 5492 de
299 5453 395 5491 sua
430 5447 603 5491 morte
633 5437 974 5504 condiscens,
1007 5438 1076 5491 ita
1126 5453 1350 5493 exorsus
1373 5451 1452 5495 est
1479 5460 1489 5492 :
1519 5441 1792 5508 Ultimam,

211 5530 395 5594 ﬁlioli,
430 5529 598 5597 patris
628 5529 806 5583 audite
836 5530 1178 5594 sententiam,
1223 5546 1328 5584 non
1372 5532 1512 5586 enitn
1564 5534 1796 5590 arbitror

211 5623 348 5691 quod
400 5621 455 5677 in
501 5622 605 5678 hoc
645 5622 843 5678 saculo
868 5624 1058 5678 iterum
1089 5638 1184 5678 vos
1214 5625 1379 5679 visuri
1412 5629 1596 5682 simus.
1643 5627 1799 5699 Cogit

210 5717 443 5771 conditio
465 5725 766 5780 natarunt
783 5725 908 5787 post
928 5720 1292 5772 centenarium
1317 5731 1616 5788 numerum,
1635 5731 1794 5790 quem

210 5809 362 5863 annis
389 5810 628 5879 quoque
665 5810 1043 5880 mrem-edim
1071 5811 1225 5882 (127)
1247 5853 1262 5878 ,
1290 5807 1398 5881 jam
1433 5815 1690 5870 resolvar.
1720 5817 1793 5873 Ita

212 5893 461 5964 locutus.
513 5901 844 5959 audientium
894 5910 1114 5970 peaota
1161 5905 1788 5976 eontristavitqemitut

1907 4810 2041 4860 rem,
2065 4804 2120 4850 et
2142 4793 2388 4861 repositis
2409 4790 2462 4845 in
2485 4800 2627 4846 terra
2647 4790 3020 4858 cadaveribus,
3049 4793 3273 4847 Domino
3295 4790 3492 4863 gratias

1906 4900 2007 4956 pro
2041 4886 2178 4939 bono
2213 4883 2521 4952 magisterio
2561 4883 2882 4938 retulerunt.
2916 4884 3158 4939 Metuens
3186 4899 3315 4953 ergo
3359 4897 3490 4937 con-

1906 4978 2240 5033 suetudinem
2271 4975 2660 5042 supradictam,
2693 4990 2760 5030 ne
2799 4975 2986 5030 eodem
3030 4977 3190 5030 etiam
3243 4976 3386 5029 circa
3432 4986 3492 5028 se

1906 5072 2211 5126 laberentur
2263 5082 2476 5134 errore,
2525 5069 2771 5125 celeriter
2816 5069 3124 5125 "redicens
3175 5065 3485 5149 monachis,

1905 5167 1993 5235 qui
2045 5163 2449 5226 COIIﬂUler-altt',
2481 5162 2550 5218 ad
2590 5162 2825 5219 amicum
2871 5163 3084 5217 virtutis
3131 5159 3490 5215 habitaculum

1904 5258 2201 5323 repedavit.
2964 5321 2986 5328 __

1972 5351 2102 5405 Car.
2123 5349 2296 5406 LVIII.
2316 5381 2381 5392 —
2400 5351 2529 5407 Post
2551 5366 2763 5407 menses
2789 5358 2968 5404 autem
2993 5361 3212 5416 paucos,
3238 5363 3358 5402 cum
3383 5363 3490 5406 non

1901 5447 2170 5500 mediocre
2224 5447 2618 5502 incommodum
2664 5445 2847 5500 senilia
2892 5443 3130 5498 membra
3181 5445 3481 5512 turbasset,

1898 5542 2098 5594 vocatis
2139 5541 2202 5593 ad
2249 5555 2307 5595 se
2349 5543 2556 5596 duobus
2595 5539 2845 5592 fratribus
2897 5537 3068 5608 (155),
3099 5554 3232 5607 quos
3286 5539 3485 5595 ibidem

1899 5635 2025 5687 ante
2055 5633 2356 5702 quindecim
2406 5637 2574 5702 annos
2621 5628 2830 5683 modico
2870 5630 3148 5685 intervallo
3206 5631 3483 5700 Sejunclos

1897 5700 2235 5788 ihstitticrat,
2270 5700 2464 5793 quique
2493 5715 2653 5776 etiam
2679 5722 2731 5776 ‘ei
2771 5721 2883 5804 jam
2929 5725 3043 5804 seni
3074 5707 3352 5795 cdé'perant

1894 5812 2148 5883 Militare,
2182 5815 2255 5869 ait
2282 5834 2293 5868 :
2332 5815 2442 5883 Ego
2473 5814 2720 5886 quidem,
2751 5799 2926 5886 fui'oli,
2958 5801 3246 5874 secundum
3279 5799 3498 5892 eloquia

1893 5904 2290 5980 Scripturat‘um
2331 5905 2510 5966 (Iosue
2536 5915 2697 5978 nm;
2733 5907 2824 5965 111
2858 5911 2985 5983 Reg.
3015 5915 3098 5983 tt),
3133 5926 3338 5983 patrum
3369 5929 3491 5984 gra-
