4124 6350
538 385 634 448 161

1533 385 1622 442 DE
1663 383 1842 439 VITIS
1883 377 2172 439 PATRUM
2213 375 2417 435 LIBER
2453 374 2735 436 PRIMUS.

3707 377 3853 434 168‘

538 512 655 565 dior
681 507 852 575 viam;
874 495 983 579 jam
1006 505 1148 562 enim
1178 503 1436 561 Dominus
1459 518 1548 561 me
1575 504 1791 569 invitat,
1819 501 1930 574 jam
1960 500 2116 571 cupio

2230 514 2494 584 accipere,
2525 515 2816 571 Antonium
2846 512 2900 568 in
2937 511 3153 569 Antonii
3183 509 3496 568 muneribus
3522 512 3819 584 amplecti-

534 604 720 659 videre
760 604 1024 660 ctelestia.
1052 601 1154 656 Sed
1187 614 1306 664 vos,
1335 614 1368 653 ο
1395 599 1598 654 viscera
1643 614 1782 662 mea,
1827 597 2114 660 admoneo,

535 714 602 754 ne
635 698 760 751 tanti
809 697 1065 765 temporis
1113 694 1351 749 laborem
1397 702 1619 764 repente
1665 691 1918 762 perdatis.
1954 690 2125 746 Hodie

534 806 631 846 vos
680 789 982 859 religiosum
1030 787 1264 841 studium
1310 784 1605 854 arripuisse
1657 782 2029 846 arbitremini,
2071 790 2126 837 et

535 883 685 952 quasi
737 889 926 947 cceptre
972 879 1263 933 voluntatis
1295 877 1549 932 fortitudo
1578 886 1900 933 succrescet.
1939 876 2124 932 Varias

534 975 834 1029 tlremonum
864 973 1034 1027 nostis
1061 973 1308 1038 insidias,
1340 971 1549 1026 vidistis
1580 986 1764 1026 eorum
1795 979 1850 1026 et
1891 971 2124 1039 impetus

536 1064 774 1132 feroces,
816 1072 870 1120 et
912 1063 1054 1119 vires
1099 1062 1456 1119 effeminatas.
1506 1063 1692 1118 Jesum
1737 1064 2021 1132 suspirate,
2070 1067 2125 1117 et

536 1158 906 1212 credulitatem
937 1157 1170 1212 nominis
1197 1156 1316 1225 ejus
1345 1157 1535 1212 vestris
1567 1157 1713 1225 figite
1745 1157 2037 1221 mentibus,
2069 1165 2125 1211 et

537 1264 566 1301 a
598 1258 739 1303 certa
779 1249 883 1304 fide
912 1249 1142 1304 universi
1185 1249 1459 1303 daemones
1503 1249 1844 1320 fugabuntur.
1879 1249 2115 1303 Memen-

535 1350 646 1397 tote
686 1344 845 1397 etiam
878 1342 1298 1396 admonitionum
1329 1357 1565 1397 mearum
1597 1351 1649 1396 et
1691 1342 1909 1395 incerta:
1936 1339 2126 1394 condi-

538 1436 726 1500 tionis,
759 1435 918 1489 vitam
955 1433 1196 1504 quotidie
1233 1433 1520 1502 ancipitem
1569 1440 1877 1498 retractate,
1910 1441 1965 1485 et
2010 1444 2124 1485 cte-

535 1529 669 1584 leste
728 1529 878 1583 vobis
931 1528 1209 1598 praemium
1266 1529 1384 1582 sine
1440 1525 1778 1580 cunctamine
1833 1524 2121 1580 tribuetur.

539 1619 1014 1673 Schismaticorum
1043 1633 1255 1689 quoque
1281 1626 1336 1672 et
1378 1617 1750 1673 haereticorum
1796 1631 1998 1672 venena
2041 1616 2123 1670 vi-

535 1722 674 1778 tate,
733 1727 1016 1780 meumque
1069 1713 1209 1765 circa
1261 1724 1354 1764 eos
1402 1710 1581 1764 odium
1631 1709 1943 1775 sectamini,
1993 1707 2120 1777 quia

535 1805 732 1858 Christi
773 1813 898 1858 sunt
942 1803 1165 1858 inimici.
1205 1801 1364 1856 Scitis
1409 1801 1509 1870 ipsi
1560 1802 1700 1871 quod
1751 1801 1929 1854 nullus
1989 1798 2122 1854 mihi

2227 620 2347 676 tur;
2377 619 2429 665 et
2462 619 2711 679 tanquam
2738 625 2928 682 magna
2970 610 3287 666 haereditate
3319 610 3536 675 ditatus,
3569 611 3820 666 laetanter

2227 717 2322 773 per
2348 703 2457 774 60
2487 705 2866 759 vestimentum
2899 703 3212 760 recordatur
3241 703 3526 773 imaginem
3558 703 3820 759 sanctita-

2226 794 2292 848 tis
2320 796 2369 866 (t
2387 795 2491 865 to).

2296 885 2423 942 Car.
2452 886 2566 942 LX.
2587 917 2658 930 —
2687 887 2783 942 Hic
2830 887 3064 943 Antonio
3093 886 3217 942 vita!
3259 885 3516 941 terminus
3544 886 3680 955 fuit,
3713 887 3820 941 ista

2230 980 2488 1050 principia
2514 979 2827 1035 meritorum
2859 997 2870 1032 :
2902 995 3018 1048 quae
3046 979 3170 1033 licet
3193 977 3418 1048 parciori
3440 1018 3455 1043 ,
3478 984 3535 1032 ut
3555 976 3776 1047 prtedixi
3799 1016 3820 1043 ,

2226 1085 2479 1126 sermone
2505 1071 2828 1125 narraverim
2848 1115 2862 1138 ,
2890 1079 3067 1125 tamen
3089 1083 3154 1124 ex
3183 1067 3264 1124 his
3292 1070 3510 1139 potestis
3531 1069 3817 1123 advertere

2226 1163 2456 1232 qualiter
2487 1163 2648 1217 homo
2678 1162 2770 1216 Dei
2794 1177 2822 1215 a
2849 1162 3072 1231 pueritia
3089 1159 3171 1232 ‘ad
3197 1169 3470 1216 senectam
3495 1173 3660 1228 usque
3689 1173 3818 1227 per-

2229 1257 2464 1323 venerit;
2497 1257 2719 1323 etquod
2765 1253 2909 1310 omni
2958 1269 3170 1325 semper
3216 1252 3547 1308 dubitatione
3584 1253 3817 1319 calcata,

2228 1365 2327 1406 nec
2355 1349 2614 1420 languori,
2645 1363 2745 1403 nec
2774 1348 3028 1417 longaevze
3049 1346 3336 1416 quidquam
3361 1343 3504 1400 relati
3527 1342 3820 1413 aliquando

2227 1441 2574 1497 concesserit.
2610 1441 2774 1510 Magis
2815 1450 2994 1494 autem
3034 1438 3391 1508 aequalitatem
3432 1434 3691 1506 pr0positi
3731 1446 3820 1488 te-

2226 1548 2362 1588 nens
2405 1530 2575 1603 (Ml),
2624 1546 2722 1586 nec
2766 1530 3143 1585 vestimentum
3194 1527 3450 1595 mutavit,
3501 1541 3598 1580 nec
3647 1525 3820 1594 pedes

2227 1625 2386 1691 lavit,
2419 1638 2517 1678 nec
2546 1636 2724 1678 escam
2773 1632 3006 1676 sectatus
3033 1630 3116 1676 est
3155 1619 3493 1684 molliorem;
3535 1616 3816 1671 oculorum

2227 1732 2439 1788 quoque
2468 1715 2670 1780 aciem,
2696 1724 2748 1769 et
2773 1728 3047 1768 numerum
3073 1713 3346 1778 dentium,
3379 1711 3503 1765 licet
3534 1707 3814 1778 paululum

2226 1810 2296 1864 ob
2339 1817 2556 1862 :etatem
2585 1806 2894 1860 viderentur
2933 1804 3132 1872 attriti,
3165 1818 3372 1859 necnon
3402 1811 3456 1857 et
3500 1800 3692 1870 pedum
3732 1798 3813 1852 in-

537 1910 636 1949 nec
665 1895 914 1963 pacificus
934 1895 1149 1964 Quidem
1173 1908 1354 1949 sermo
1380 1908 1500 1948 cum
1526 1893 1604 1948 eis
1627 1893 1912 1963 aliquando
1938 1890 2118 1960 fuerit,
2156 1927 2198 1986 Β
2227 1914 2436 1955 cessum
2456 1939 2470 1964 ,
2499 1897 2662 1952 totius
2693 1900 2852 1952 etiam
2883 1898 3124 1966 corporis
3153 1895 3457 1949 ﬁrmitatem
3477 1931 3494 1959 ,
3526 1891 3598 1944 ita
3623 1897 3816 1944 contra

537 1999 754 2058 propter
781 2005 994 2059 pravam
1025 2004 1210 2043 eorum
1241 1989 1601 2054 voluntatem,
1632 1997 1688 2043 et
1717 1987 1959 2057 pertinax
1993 2001 2124 2040 con-

540 2093 621 2137 tra
648 2082 916 2137 Christum
949 2083 1167 2137 bellum.
1199 2081 1256 2136 ln
1288 2083 1390 2136 hoc
1414 2090 1592 2136 autem
1623 2080 1791 2149 magis
1821 2087 1995 2134 estote
2024 2079 2125 2133 sol-

537 2173 700 2239 liciti,
731 2183 788 2227 nt
822 2173 1027 2228 Domini
1067 2181 1331 2242 praecepta
1379 2173 1628 2237 servetis,
1661 2181 1719 2224 ut
1748 2181 1870 2241 post
1896 2177 2122 2224 mortem

537 2276 766 2320 vestram
815 2265 980 2318 sancti
1030 2265 1247 2335 quique,
1295 2266 1445 2334 quasi
1496 2265 1698 2318 amicos
1742 2273 1797 2317 et
1845 2274 2022 2330 notos,
2071 2262 2122 2315 in

535 2367 729 2412 aeterna
769 2371 862 2410 vos
910 2356 1165 2424 recipiant
1210 2356 1548 2410 tabernacula
1598 2354 1778 2426 (Luae
1807 2355 1942 2425 xvi).
1997 2354 2123 2409 Hzec

536 2449 784 2517 cogitate,
818 2447 934 2503 lucc
975 2448 1172 2517 sapite,
1208 2447 1322 2501 haec
1371 2446 1636 2513 retexite;
1678 2455 1732 2500 et
1779 2447 1824 2500 si
1868 2461 1969 2516 qua
2017 2444 2122 2499 mei

537 2543 691 2596 vobis
713 2557 858 2607 cura,
889 2541 932 2596 si
974 2557 1076 2611 qua
1110 2542 1276 2610 patris
1319 2542 1576 2594 memoria
1605 2548 1718 2603 est,
1749 2540 1793 2594 si
1825 2539 1954 2592 tnihi
1981 2539 2126 2592 vica-

537 2632 673 2687 rium
702 2633 1029 2700 repracstatis
1057 2631 1304 2687 affecmm
1331 2629 1499 2700 (154),
1536 2631 1710 2686 nullus
1733 2631 1796 2683 ad
1830 2630 2122 2700 Egyptum

540 2739 688 2780 meas
720 2723 952 2793 perferat
981 2723 1257 2793 reliquias,
1293 2739 1359 2777 ne
1389 2737 1527 2777 vano
1554 2737 1749 2791 corpus
1778 2722 1981 2777 honore
2010 2736 2122 2777 ser-

538 2824 717 2879 vetur,
745 2829 813 2869 ne
840 2815 1118 2883 vituperati
1138 2856 1153 2881 ,
1181 2823 1238 2868 ut
1258 2815 1445 2879 nostis,
1471 2831 1500 2868 a
1528 2829 1614 2869 me
1641 2814 1775 2869 ritus
1800 2815 1957 2870 etiam
1981 2813 2120 2868 circa

538 2919 625 2961 tne
669 2916 949 2961 serventur
989 2906 1266 2976 obsequia.
1304 2906 1472 2976 lIujus
1503 2907 1643 2960 enim
1675 2907 1750 2961 rei
1793 2906 1963 2976 gratia
2007 2921 2122 2960 ma-

541 2998 684 3053 xime
715 2998 816 3052 huc
844 3012 958 3052 sum
987 3013 1284 3067 regressus.
1318 2997 1421 3054 Vos
1453 3000 1611 3069 igitur
1643 2998 1804 3053 humo
1827 2999 2122 3069 tegite,vos

538 3092 705 3162 patris
753 3092 958 3161 operite
1003 3092 1410 3161 corpusculum,
1458 3100 1513 3146 et
1557 3091 1683 3147 illud
1724 3107 1938 3163 quoque
1975 3093 2120 3148 senis

538 3185 701 3240 vestri
731 3183 995 3238 custodite
1025 3181 1332 3238 mandatum
1351 3228 1366 3253 ,
1397 3191 1454 3238 ut
1484 3198 1644 3240 nemo
1672 3193 1865 3254 praeter
1889 3194 2120 3239 vestram

2223 1993 2343 2064 jura
2370 2001 2573 2046 natura:
2602 1989 2912 2045 meriturum
2938 1986 3102 2058 gratia
3125 1984 3430 2050 custodivit,
3454 1992 3514 2038 ut
3541 1982 3812 2037 lautorum

2228 2098 2548 2155 corporum,
2579 2097 2699 2154 quae
2743 2081 2948 2137 balneis
2988 2091 3148 2149 atque
3187 2079 3396 2134 deliciis
3435 2074 3818 2139 confoventur,

2228 2176 2449 2231 hilarior
2476 2175 2592 2244 ejus
2619 2189 2744 2229 caro
2773 2173 3060 2228 videretur.

2297 2269 2426 2322 Cn.
2459 2267 2591 2322 LXI.
2615 2296 2687 2310 —-
2714 2267 2825 2321 lloc
2856 2266 3016 2321 etiam
3036 2303 3054 2332 ,
3085 2264 3297 2327 fratres,
3327 2261 3468 2332 quod
3499 2275 3593 2331 per
3621 2272 3816 2316 omnes

2228 2361 2531 2430 provincias
2573 2373 2724 2413 amor
2760 2357 2878 2427 ejus
2923 2357 3168 2426 famaque
3213 2353 3480 2418 volitavit,
3506 2366 3663 2422 quem
3709 2365 3815 2405 nec

2227 2450 2487 2505 librorum
2518 2449 2985 2504 disseminatorum
3020 2447 3192 2502 oratio
3222 2445 3484 2500 luculenta
3514 2442 3686 2514 (I42),
3715 2457 3818 2498 nec

2225 2544 2510 2598 mundana:
2535 2543 2812 2612 sapientiae
2839 2541 3150 2610 disputatio,
3177 2554 3274 2594 nec
3301 2538 3549 2594 nobilitas
3573 2537 3814 2607 generis,

2225 2652 2325 2693 nec
2352 2653 2510 2706 opum
2543 2636 2750 2690 infinita
2794 2635 3070 2705 congestio
3098 2633 3526 2699 commendavit,
3558 2633 3643 2686 cui
3687 2646 3813 2686 om-

2225 2729 2371 2783 nium
2403 2741 2498 2782 ore
2535 2734 2620 2781 est
2660 2726 3068 2792 ascribendum,
3105 2725 3210 2780 nisi
3255 2725 3489 2791 Christo,
3520 2724 3669 2792 cujus
3710 2723 3817 2777 hoc

2223 2821 2420 2876 donum
2451 2819 2571 2875 est?
2601 2819 2690 2887 qui
2722 2819 2947 2873 devotos
2972 2818 3087 2888 ejus
3116 2818 3326 2872 animos
3350 2831 3475 2886 erga
3507 2830 3657 2869 suam
3681 2827 3820 2881 pra:-

2222 2911 2410 2967 videns
2443 2911 2776 2979 majestatem
2798 2951 2814 2976 ,
2848 2910 3119 2964 hominem
3163 2907 3270 2962 alio
3324 2921 3460 2976 pene
3502 2907 3634 2960 orbe
3663 2904 3814 2958 cela-

2223 3010 2370 3070 tum,
2417 3011 2472 3056 et
2514 2999 2656 3055 inter
2701 3008 2872 3054 tantas
2919 2998 3147 3068 positum
3197 2995 3538 3062 solitudines,
3581 2994 3810 3061 Africa,

2232 3093 2528 3162 Hispaniae,
2560 3091 2770 3158 Galliae,
2820 3090 3006 3158 Italiae,
3042 3090 3271 3161 Illyrico,
3306 3091 3404 3160 ipsi
3448 3089 3642 3156 etiam,
3689 3104 3817 3158 quae

2231 3185 2442 3238 urbium
2474 3192 2633 3253 caput
2674 3192 2791 3248 est,
2820 3182 3006 3236 Roma:
3033 3181 3206 3252 (145),
3244 3190 3299 3235 ut
3343 3183 3394 3235 in
3425 3181 3644 3235 exordio
3691 3196 3822 3250 pro-

539 3275 884 3331 dilectionem
917 3276 1090 3330 locum
1141 3278 1326 3331 tumuli
1373 3276 1479 3331 mei
1528 3279 1756 3336 noverit.
1802 3276 2024 3332 Confido
2069 3277 2120 3331 in
2147 3310 2195 3372 ο
2229 3277 2481 3342 miserat,
2514 3275 2923 3331 demonstravit.
2952 3276 3222 3329 Creatoris
3251 3282 3333 3328 est
3361 3275 3459 3327 ista
3491 3272 3814 3343 benignitas,

540 3367 789 3433 Domino,
814 3369 937 3437 quia
976 3369 1281 3423 necessario
1311 3370 1720 3425 resurrectionis
1747 3379 1989 3439 tempore
2022 3369 2122 3424 hoc

541 3462 914 3529 corpusculum
966 3473 1206 3532 resurget
1253 3463 1637 3532 incorruptum.
1673 3463 2121 3519 Vestimentorum

540 3561 721 3606 autem
762 3567 1004 3607 meorum
1046 3553 1120 3609 sit
1167 3554 1272 3610 ista
1321 3555 1514 3610 divisio
1552 3556 1704 3627 (I55)
1735 3573 1747 3609 :
1782 3557 2026 3611 Melotem
2072 3565 2126 3612 et

541 3646 755 3715 pallium
788 3647 988 3712 tritum,
1021 3648 1106 3701 cui
1153 3648 1485 3717 superjaceo,
1521 3649 1816 3706 Athanasio
1865 3652 2120 3720 episcOpo

541 3738 685 3803 date,
706 3738 845 3808 quod
869 3737 998 3792 mihi
1021 3753 1217 3794 novum
1243 3740 1358 3810 ipse
1376 3739 1639 3797 detulerat
1665 3741 1838 3815 (136).
1863 3742 2125 3815 Serapion

542 3830 823 3900 episcopus
867 3830 1017 3902 (137)
1063 3833 1469 3905 aliam-accipiat
1506 3834 1788 3902 melotem;
1822 3850 1919 3891 vos
1959 3836 2127 3892 cilici-

541 3940 670 3979 num
703 3925 951 3979 habetote
979 3927 1385 3998 vestimentum,
1415 3937 1470 3983 et
1497 3929 1693 3997 valete,
1720 3929 1922 3986 viscera
1966 3947 2081 3988 mea
2106 3947 2121 3998 ;

541 4015 804 4071 Antonius
845 4017 984 4070 enim
1016 4016 1233 4088 migrat,
1263 4029 1318 4073 et
1341 4017 1452 4087 jam
1492 4035 1599 4076 non
1640 4023 1742 4077 erit
1782 4025 1834 4078 in
1874 4024 2123 4093 praesenti

541 4105 739 4161 saeculo
761 4106 1056 4161 vobiscum.

617 4199 751 4254 Car.
781 4197 919 4254 LIX.
949 4227 1021 4240 —
1048 4200 1220 4257 Verba
1269 4201 1509 4269 finierat,
1557 4213 1612 4260 et
1656 4206 2020 4263 osculantibus
2069 4223 2129 4265 se

551 4286 849 4356 discipulis,
877 4292 1175 4347 extendens
1205 4294 1477 4363 paululum
1509 4295 1693 4366 pedes,
1724 4309 1948 4354 mortem
1977 4301 2129 4356 lactus

549 4382 758 4450 aspexit
786 4383 975 4452 (I38);
1006 4384 1073 4438 ita
1119 4393 1177 4440 ut
1204 4401 1266 4440 ex
1302 4386 1568 4443 hilaritate
1595 4389 1769 4445 vultus
1795 4391 1937 4460 ejus,
1965 4407 2125 4463 ange-

546 4472 719 4530 lorum
751 4483 1056 4530 sanetorum
1077 4519 1091 4541 ,
1123 4477 1213 4547 qui
1255 4476 1322 4531 ad
1355 4477 1725 4547 perferendam
1754 4479 1984 4535 animam
2015 4483 2130 4550 eius

556 4567 973 4638 descenderant,
1019 4570 1298 4640 praesentia
1352 4581 1684 4628 nosceretur.
1740 4573 1846 4628 Ilos
1895 4574 2128 4643 intuens,

2225 3370 2316 3441 qui
2346 3369 2572 3424 famulos
2616 3383 2765 3435 suos,
2810 3368 2934 3423 licet
2961 3367 3226 3434 nolentes,
3255 3368 3538 3424 nobilitare
3578 3383 3811 3424 consue-

2225 3462 2333 3526 vit,
2363 3470 2420 3514 ut
2447 3462 2615 3516 virtus
2640 3459 2910 3530 possiliilis
2938 3475 3035 3514 nec
3062 3470 3211 3514 extra
3243 3459 3527 3514 humanam
3565 3474 3688 3515 esse
3717 3473 3816 3514 na-

2226 3561 2398 3608 turam
2421 3561 2725 3607 sanctorum
2748 3551 3004 3608 doceatur
3023 3551 3304 3622 exemplis,
3329 3561 3386 3607 et
3406 3552 3470 3606 ad
3495 3552 3666 3608 beata:
3692 3552 3820 3606 vita:

2239 3645 2622 3713 imitationem,
2652 3660 2717 3700 ex
2750 3646 2925 3700 fructu
2970 3645 3169 3700 laboris
3208 3647 3440 3715 optimus
3468 3647 3690 3716 quisque
3719 3645 3821 3700 im—

2237 3737 2484 3808 pellatur.

2298 3828 2428 3884 Car.
2459 3828 2620 3884 LXII.
2645 3856 2717 3872 —-
2745 3829 2894 3884 llunc
2938 3828 3120 3898 itaque
3165 3829 3414 3885 fratribus
3455 3828 3648 3884 librum
3696 3841 3818 3882 ma-

2235 3935 2470 3992 gnopere
2497 3921 2771 3991 perlegere
2792 3929 3002 3988 curate,
3034 3931 3111 3984 ut,
3141 3921 3317 3991 agnita
3344 3919 3485 3975 fideli
3514 3921 3621 3974 vita
3651 3919 3822 3974 subli-

2235 4014 2403 4068 mium
2432 4012 2856 4068 Christianorum
2906 4022 2959 4069 et
3003 4015 3422 4078 monachorum,
3451 4013 3631 4066 sciant
3675 4009 3822 4080 quod

2232 4105 2480 4162 Salvator
2511 4115 2694 4161 noster
2720 4107 2879 4162 Jesus
2909 4104 3157 4162 Christus
3184 4107 3549 4176 glorificantes
3579 4121 3638 4160 se
3668 4104 3824 4176 glori-

2230 4198 2392 4266 ficat,
2447 4208 2504 4254 et
2547 4199 2904 4254 servientibus
2954 4200 3200 4263 sibimet,
3247 4214 3354 4253 non
3405 4206 3608 4252 tantum
3657 4210 3824 4266 regna

2231 4298 2529 4364 ccelorum,
2574 4297 2665 4351 sed
2700 4295 2860 4351 etiam
2891 4295 2978 4350 hic
3014 4296 3066 4350 in
3115 4294 3242 4365 ipsis
3290 4295 3548 4348 montium
3598 4290 3825 4347 secretis

2232 4390 2398 4445 latere
2423 4388 2780 4458 cupientibus,
2810 4387 2966 4442 famas
2991 4388 3175 4442 tribuit
3203 4385 3563 4446 nobilitatem;
3593 4384 3824 4449 scilicet,

2232 4489 2292 4536 ut
2313 4489 2369 4536 et
2401 4482 2499 4551 ipsi
2529 4478 2774 4535 fruantur
2798 4479 2955 4534 laude
2984 4481 3321 4544 meritorum,
3349 4487 3401 4533 et
3431 4476 3611 4532 caeteri
3636 4489 3826 4531 eorum

2237 4580 2602 4642 provocentur
2627 4572 2906 4639 exemplis.
2935 4570 2990 4625 Si
3019 4581 3195 4625 autem
3237 4569 3597 4625 necessarium
3628 4567 3823 4633 fuerit,

557 4667 804 4726 tanquam
844 4660 1044 4714 amicos
1084 4662 1319 4729 videret,
1351 4663 1582 4718 animam
1615 4663 1914 4734 exhalavit,
1944 4674 1999 4721 et
2031 4667 2128 4722 ad-
2162 4694 2216 4756 Β
2243 4673 2296 4718 et
2322 4662 2570 4732 gentibus
2597 4662 2776 4732 legite,
2805 4671 2862 4716 ut
2889 4661 2974 4716 vel
3003 4661 3082 4717 sic
3104 4671 3395 4730 agnoscant
3416 4660 3536 4729 quia
3566 4657 3828 4714 Dominus

556 4747 696 4803 ditus
725 4759 809 4804 est
850 4751 1087 4819 patribus
1117 4753 1410 4808 secundum
1440 4754 1680 4810 ordinem
1710 4756 2129 4826 Scripturarum.

557 4838 918 4894 Servaverunt
947 4840 1194 4896 mandata
1223 4843 1470 4912 discipuli
1520 4844 1697 4916 (I39),
1731 4847 2025 4902 involutum
2054 4849 2136 4919 (ut

557 4932 909 5003 praeceperat)
942 4946 1138 5002 corpus
1167 4934 1329 4988 humo
1371 4936 1708 5005 operientes;
1735 4948 1784 4992 et
1816 4954 1974 4994 nemo
2001 4940 2135 4996 inte-

539 5022 660 5078 i‘im
692 5037 861 5093 usque
887 5023 952 5078 ad
984 5023 1121 5078 hanc
1148 5025 1288 5080 diem
1309 5064 1324 5090 ,
1355 5035 1552 5095 praeter
1574 5040 1689 5093 eos,
1719 5027 1811 5084 ubi
1849 5028 1918 5084 sit
1946 5031 2134 5087 condi-

522 5119 533 5166 t
580 5128 666 5168 um
686 5157 700 5180 ,
723 5106 903 5171 "novit.
933 5115 1245 5187 Legatarius
1272 5127 1449 5171 autem
1479 5119 1695 5173 Antonii
1722 5119 2020 5186 benedicti,
2047 5122 2134 5191 qui

2243 4761 2429 4809 noster
2453 4752 2610 4808 Jesus
2635 4753 2879 4808 Christus
2901 4767 3006 4808 non
3033 4753 3205 4808 solum
3229 4762 3311 4809 est
3334 4753 3491 4817 Deus,
3512 4751 3604 4805 Dei
3635 4750 3828 4820 Filius,

2247 4848 2341 4903 sed
2372 4849 2536 4902 etiam
2568 4848 2649 4901 his
2676 4848 2764 4917 qui
2790 4861 2915 4901 eum
2947 4846 3173 4902 sollicite
3202 4846 3414 4912 colunt,
3445 4855 3499 4900 et
3527 4844 3578 4899 in
3611 4859 3734 4900 eum
3769 4846 3828 4898 fi-

2242 4940 2432 4995 deliter
2454 4939 2710 5007 credunt,
2735 4939 2874 4993 hanc
2893 4938 3042 4995 dedit
3065 4947 3381 5009 potestatem
3403 4977 3418 5003 ,
3444 4945 3503 4992 ut
3522 4935 3821 5004 daemones,

2244 5047 2379 5104 quos
2415 5033 2490 5087 illi
2522 5033 2653 5087 deos
2683 5046 2803 5088 esse
2825 5032 3173 5098 arbitrantur,
3201 5029 3515 5086 conculcent
3541 5039 3700 5096 atque
3728 5026 3829 5094 eji-

2247 5128 2426 5194 ciant,
2456 5126 2772 5195 deceptores
2818 5123 3025 5181 scilicet
3068 5122 3373 5190 hominum,
3403 5130 3458 5178 et
3493 5120 3658 5176 totius
3703 5132 3830 5174 cor-

568 5205 753 5263 tritum
799 5209 1014 5278 pallium
1045 5223 1166 5266 cum
1207 5208 1400 5265 melote
1445 5209 1667 5278 imperio
1705 5209 1821 5280 ejus
1870 5223 2141 5268 meruerat
2251 5218 2512 5287 ruptionis
2542 5217 2791 5274 artifices.

1617 5403 1914 5448 EPILOGUS
1961 5406 2225 5452 EVACBII
2272 5409 2715 5458 INTERPRETIS.

634 5547 824 5618 Itaque
853 5549 1166 5621 prudentes,
1202 5555 1290 5625 qui
1319 5556 1497 5624 legere
1524 5556 1792 5613 voluerint
1821 5559 1959 5615 hanc
1986 5563 2301 5633 scripturam
2322 5606 2338 5631 ,
2367 5563 2712 5620 obsecramus
2741 5574 2801 5622 ut
2842 5566 2972 5623 dent
3004 5568 3256 5634 veniam,
3285 5568 3331 5624 si
3361 5566 3534 5624 Graeci
3563 5571 3828 5628 sermonis

567 5642 680 5700 vim
707 5642 1013 5710 exprimere
1043 5660 1148 5700 non
1176 5647 1462 5715 potuimus,
1492 5648 1876 5705 transferentes
1906 5665 2029 5706 eum
2059 5653 2114 5707 in
2146 5652 2389 5710 Latinam
2418 5655 2680 5725 linguam,
2713 5657 2839 5712 licet
2862 5666 3046 5712 contra
3079 5666 3324 5712 nostrum
3353 5659 3684 5728 propositum
3716 5661 3829 5718 hee

562 5732 876 5791 fecerimus.
909 5733 1014 5788 Sed
1043 5749 1146 5788 non
1176 5737 1324 5804 quasi
1353 5739 1648 5795 invidentes
1676 5739 1988 5796 nolebamus
2013 5740 2212 5810 facere,
2237 5745 2333 5799 sed
2371 5744 2696 5800 sufficienter
2717 5747 2892 5804 sciens
2917 5757 3170 5818 quantam
3203 5749 3565 5805 infirmitatem
3596 5754 3828 5809 sustinet

571 5825 794 5884 Graecus
823 5837 1005 5879 sermo
1031 5825 1316 5881 translatus
1338 5829 1392 5882 in
1422 5827 1795 5895 Latinitatem;
1825 5841 2002 5890 tamen
2030 5833 2316 5893 maluimus
2346 5834 2589 5894 Graecum
2621 5853 2928 5898 sermonem
2954 5843 3056 5897 hoc
3078 5842 3365 5909 sustinere,
3395 5857 3557 5914 quam
3585 5845 3827 5902 fraudem
