4142 6350
584 300 689 364 sui

1620 306 1707 365 DE
1751 308 1929 367 Vl’l‘lS
1969 307 2087 364 ΡΑῚ
2104 305 2251 365 RUM
2290 300 2498 362 LIBER
2536 294 2807 358 PRIMUS.

3765 277 3872 344 208

662 429 762 495 Qui
793 424 963 480 navali
991 423 1212 495 pra’lio.]
1245 417 1576 488 Ambrosius,
1608 424 1744 479 libro
1771 440 1785 478 ι
1817 424 1999 485 Ofﬁc.,
2043 439 2163 492 cap.
2194 430 2243 489 Α
2270 420 3104 495 Christianorumimparaturum
3128 418 3371 495 tempore
3398 407 3871 495 exalta‘tamretu-

588 500 700 556 10:
737 518 754 551 ι
793 499 893 565 Qui
924 512 1110 551 navem
1144 498 1195 549 in
1239 496 1369 549 mari
1401 509 1587 563 regere
1629 497 2004 561 gubernaculis
2053 505 2167 549 stu-

587 572 709 635 det,
757 574 840 623 vel
872 569 1033 623 remis
1062 569 1287 626 ducere.
1325 567 1474 635 prius
1522 568 1573 621 in
1625 569 1782 622 fluvio
1834 568 2102 636 praeludit.
2141 586 2160 620 ι

587 643 811 698 Labitur
834 641 1106 702 Erasmus,
1138 641 1226 707 qui
1253 655 1314 691 ex
1342 640 1440 691 hac
1466 639 1811 694 similitudine
1839 640 2169 693 existimavit

587 713 977 783 Hieronymum
1008 710 1407 783 subsigniﬁcare
1432 753 1475 783 ,Δ
1498 722 1870 781 argumentum
1918 712 2020 765 hoc
2062 726 2167 765 non

586 801 711 842 esse
760 779 994 845 serium,
1026 782 1117 835 sed
1150 779 1476 836 exercitandi
1513 779 1634 854 styli
1675 798 1831 838 causa
1864 794 2166 854 sumptum.

586 859 751 926 Quasi
778 871 903 912 vero
926 863 1182 921 repugnet
1200 855 1397 908 serium
1421 853 1547 923 quid
1566 852 1711 922 esse,
1742 863 1797 908 et
1826 852 1964 908 idem
1992 864 2168 907 tamen

587 925 788 985 assumi
840 929 903 980 ad
961 927 1361 983 exercitantlum
1422 925 1640 995 stylum.
1701 925 1855 981 Serio
1905 926 2173 994 cogitabat

492 1032 493 1035 η
586 1002 946 1069 Hieronymus
976 998 1040 1051 de
1072 996 1305 1051 historia:
1330 997 1719 1051 Ecclesiastica:
1742 999 2167 1069 compositione;

588 1088 747 1143 quam
777 1068 833 1124 ut
856 1085 950 1143 pro
979 1069 1236 1143 dignitate
1267 1078 1497 1123 tractare
1528 1078 1728 1143 posset,
1756 1070 2090 1143 maluitante
2116 1068 2170 1119 in

585 1140 762 1214 parvo,
808 1153 863 1195 ut
909 1140 1078 1210 inquit
1098 1181 1124 1214 ,_
1145 1156 1293 1209 apere
1338 1141 1612 1214 exerceri,
1650 1157 1808 1211 quam
1841 1140 1908 1214 ad
1940 1140 2173 1193 latiorent

585 1212 853 1267 historiam
911 1212 1241 1280 perveniret;
1294 1214 1436 1268 serio
1486 1213 1668 1281 utique
1725 1212 2008 1277 utrobique
2055 1225 2171 1265 rem

585 1296 822 1340 acturus.

661 1358 758 1411 Ms.
796 1355 1233 1418 Audomarensis,
1264 1354 1416 1408 initio
1448 1353 1606 1423 hujus
1638 1354 1847 1424 capitis,
1887 1352 2175 1422 praemitte-

584 1428 675 1485 hat
708 1428 821 1481 hate
850 1427 1009 1480 verba
1040 1443 1052 1479 :
1088 1426 1189 1489 Qui
1220 1425 1365 1496 legis,
1400 1427 1601 1478 imitare
1629 1426 1767 1494 quod
1795 1426 1940 1495 legis.
1966 1448 1979 1461 -

662 1498 1107 1553 Persecutionibus
1152 1493 1403 1568 creverit.j
1436 1493 1856 1568 Hieronymus,—
1882 1498 2041 1563 epist.
2077 1493 2168 1568 62,

587 1573 655 1625 ad
686 1570 1043 1637 Theophilum
1084 1569 1341 1622 adversus
1386 1566 1606 1623 errores
1632 1567 1853 1623 Joannis
1892 1566 2126 1621 Jerosol.
2159 1584 2170 1616 :

592 1662 612 1694 ι
648 1640 942 1696 Fundendo
972 1641 1305 1709 sanguinem,
1336 1648 1389 1693 et
1421 1639 1670 1706 patiendo
1699 1641 1865 1708 magis
1898 1652 2058 1704 quam
2090 1639 2176 1689 fa-

584 1714 778 1768 ciendo
824 1712 1197 1773 contumelias,
1242 1710 1436 1763 Christi
1495 1709 1714 1764 fundata
1765 1720 1850 1765 est
1898 1709 2172 1773 Ecclesia;

582 1781 1043 1854 persecutionibus
1073 1782 1263 1854 crevit,
1296 1783 1565 1854 martyriis
1588 1790 1843 1854 coronata
1868 1792 1981 1854 est._
1994 1798 2030 1854 _i

658 1855 724 1907 Et
759 1864 1020 1923 postquam
1050 1854 1116 1904 ad
1140 1851 1455 1906 Christianos
1484 1853 1739 1921 principes
1761 1851 2177 1923 venerit(Eccle-

583 1925 686 1997 sia)
716 1921 940 1995 potentia
972 1924 1184 1997 quidem
1229 1933 1275 1978 et
1306 1924 1491 1997 divitiis
1538 1926 1739 1997 major,
1771 1926 1859 1997 sed
1906 1921 2176 1997 virtutibus

584 1994 753 2050 minor
781 1997 917 2065 facta
938 1994 1045 2065 sit.]
1074 1995 1323 2049 Haeretici
1353 1995 1594 2049 tnoderni
1617 1994 1777 2048 avide
1806 1996 1921 2048 haec
1951 2005 2002 2048 et
2023 1994 2175 2048 simi-

584 2069 654 2122 lia
684 2066 994 2136 Hieronymi
1021 2066 1359 2135 aliorumque
1384 2066 1600 2120 Patrum
1635 2068 1749 2119 loca
1782 2067 2071 2132 arripiunt.

658 2140 858 2203 Primo,
891 2147 948 2190 ut
981 2138 1239 2192 Ecclesia:
1268 2148 1515 2191 ornatum
1545 2147 1599 2192 et
1630 2152 1756 2191 vasa
1785 2152 1935 2191 sacra
1971 2136 2175 2204 pretio-

588 2211 731 2267 siora
758 2208 1080 2278 improbent.
1096 2210 1243 2277 Quos
1262 2209 1475 2278 egregie
1500 2210 1793 2276 repercutit
1819 2208 2175 2263 Bellat‘tninus

584 2292 791 2343 noster,
827 2292 971 2335 tomo
1001 2281 1068 2347 ll,
1102 2291 1348 2335 controv.
1378 2280 1618 2349 general.
1673 2295 1748 2346 IV,
1788 2280 1926 2335 libro
1955 2296 2043 2347 ιιι,
2086 2280 2177 2349 qui

582 2364 666 2408 est
699 2354 772 2408 De
801 2354 948 2407 cultu
976 2362 1311 2417 sanctorum,
1346 2366 1465 2416 cap.
1503 2352 1567 2413 ti,
1612 2352 1704 2405 ubi
1737 2352 1846 2419 agit
1885 2353 1951 2404 de
1976 2360 2177 2405 ornatu

583 2425 689 2495 97
717 2424 1060 2492 templorum.
1093 2423 1160 2478 Et
1199 2421 1453 2495 tomoﬂlll
1496 2432 1743 2495 controv.
1784 2422 2025 2491 generali
2078 2438 2174 2489 ιιι,

583 2494 702 2561 qua:
733 2506 814 2550 est
839 2495 905 2549 de
934 2495 1269 2549 Eucharistia
1290 2537 1304 2563 ,
1332 2494 1468 2549 libro
1494 2510 1557 2560 ιι,
1590 2494 1658 2549 de
1694 2494 1885 2559 Missa,
1921 2508 2040 2561 cap.
2075 2496 2172 2560 14,

589 2567 680 2622 ubi
710 2566 818 2636 agit
859 2565 925 2621 de
955 2568 1096 2621 vasis
1125 2567 1315 2621 sacris.
1348 2568 1463 2631 Quo
1492 2566 1651 2619 etiam
1686 2564 1815 2619 facit
1850 2565 1902 2619 in
1936 2575 2178 2634 tempore

588 2638 789 2692 dictum
819 2638 1211 2707 apophthegma
1242 2636 1414 2693 sancti
1444 2636 1705 2691 Bonifacii
1731 2677 1745 2700 ,
1778 2636 1847 2707 de
1880 2652 1984 2705 quo
2015 2638 2178 2692 habes

586 2709 652 2764 de
682 2706 939 2764 consecr.’
962 2706 1142 2764 distJt
1168 2753 1183 2777 ,
1212 2723 1330 2778 cap.
1360 2708 1428 2762 44
1455 2725 1470 2762 :
1507 2726 1525 2759 ι
1560 2706 1868 2762 Bonifacius
1894 2717 2094 2777 martyr
2124 2718 2178 2763 et

587 2782 876 2849 episcopus
905 2781 1263 2849 interrogatus
1288 2819 1303 2845 ,
1335 2780 1379 2833 si
1411 2779 1600 2833 liceret
1634 2780 1687 2833 in
1724 2779 1959 2834 vasculis
1989 2780 2178 2847 ligneis

588 2852 939 2907 Sacramenta
982 2852 1266 2917 conﬁcere,
1322 2850 1597 2919 respondit
1628 2868 1642 2902 :
1672 2850 1953 2917 Quondam
2000 2865 2178 2906 sacer-

585 2926 746 2977 dotes
772 2924 920 2978 aurei
950 2922 1142 2993 ligneis
1188 2920 1445 2976 calicibus
1476 2924 1791 2989 utebantur;
1819 2936 1959 2976 nunc
1988 2936 2019 2975 e
2044 2937 2176 2977 con-

585 2996 783 3062 trario,
808 2994 966 3064 lignei
1002 2993 1311 3050 sacerdotes
1343 2993 1521 3048 aureis
1566 3002 1790 3048 utuntur
1832 2993 2111 3047 calicibus.
2153 3012 2169 3044 ι

587 3066 741 3134 Quod
764 3067 1101 3131 desumptum
1126 3074 1287 3120 estex
1314 3064 1542 3121 concilio
1566 3065 1920 3131 Triburiensi,
1944 3080 2063 3132 cap.
2084 3065 2173 3118 18.

584 3138 802 3193 Monere
849 3136 1091 3192 videlicet
1120 3138 1285 3192 voluit
1312 3138 1394 3191 vir
1432 3145 1646 3192 sanctus
1687 3148 1744 3191 ut
1787 3150 1973 3191 aureas
2018 3139 2173 3190 simul

587 3184 802 3265 tuentes
851 3210 917 3263 ad
965 3210 1134 3263 altare
1186 3209 1494 3264 sacerdotes
1533 3184 1801 3264 valferaut.
1856 3184 2174 3262 'tinnaiiiiifé
2204 3184 2251 3250 ο

588 3281 817 3349 quadam
860 3279 1132 3348 expressit
1173 3281 1274 3335 hoc
1320 3281 1714 3349 apophthegma
1744 3278 2073 3334 Trithemius
2120 3279 2177 3334 in

587 3351 854 3407 Chronico
885 3366 980 3404 suo
1005 3351 1366 3420 liirsaugiensi
1402 3370 1416 3407 :
1454 3370 1471 3402 ι
1516 3351 1736 3406 Veteres
1769 3352 1897 3405 olim
1926 3353 2176 3405 monachi

589 3423 754 3477 cellas
782 3420 1018 3488 quidem,
1048 3422 1301 3476 ecclesias
1348 3432 1403 3477 et
1431 3422 1562 3476 alias
1580 3423 1888 3477 mansiones
1911 3422 2178 3477 habebant

586 3494 933 3557 tenebrosas;
965 3490 1060 3546 sed
1091 3507 1274 3546 eorum
1306 3493 1465 3547 corda
1506 3502 1662 3547 erant
1710 3493 1880 3548 lucida
1925 3492 2078 3547 valde
2123 3495 2175 3548 in

587 3579 771 3619 amore
804 3562 901 3618 Dei
928 3563 1344 3630 omnipotentis,
1397 3575 1451 3619 et
1495 3565 1548 3619 in
1599 3565 1823 3620 scientia
1871 3564 2176 3620 divinarum

587 3634 1004 3701 Scripturarum.
1045 3633 1228 3689 Nostri
1278 3645 1457 3690 autem
1517 3636 1807 3702 ecclesias,
1860 3637 2049 3701 cellas,
2080 3636 2177 3690 do-

586 3722 831 3776 mosque,
864 3716 918 3761 et
945 3720 1134 3761 omnes
1164 3707 1469 3763 mansiones
1492 3708 1601 3776 jam
1633 3707 1991 3762 lucidissimas
2014 3706 2179 3762 fabri-

587 3786 738 3843 cant;
771 3778 864 3833 sed
895 3776 1058 3833 corda
1085 3792 1271 3833 eorum
1302 3778 1443 3834 vitiis
1486 3789 1539 3834 et
1568 3779 1776 3834 desidia
1806 3781 1986 3849 plena,
2022 3789 2175 3834 tene-

586 3850 748 3903 brosa
789 3858 951 3903 sunt:
985 3852 1239 3918 quoniam
1292 3864 1391 3905 nec
1422 3851 1610 3917 Deum,
1658 3851 1799 3906 sicut
1841 3852 2175 3918 debuerant,

587 3921 847 3989 diligunt,
892 3935 992 3975 nec
1032 3920 1349 3976 lectionibus
1379 3922 1780 3991 Scripturarum
1824 3922 2065 3976 animum
2098 3924 2178 3975 in-

590 3994 833 4046 tendunt.
856 3992 928 4045 Ita
958 4006 1315 4060 quoquecum
1341 3993 1539 4048 calices
1566 4003 1743 4047 essent
1768 3993 1973 4061 cuprei,
2000 4009 2179 4051 sacer-

590 4062 745 4116 dotes
772 4062 923 4133 aurei
953 4063 1189 4118 fuerunt.
1219 4062 1395 4120 Hodie
1420 4074 1599 4121 autem
1630 4066 1826 4120 calices
1854 4073 1979 4119 sunt
2004 4068 2174 4133 aurei,

594 4144 648 4187 et
677 4132 864 4203 cuprei
894 4133 1221 4189 sacerdotes.
1258 4152 1277 4185 ι

661 4204 930 4269 Secundo,
962 4214 1021 4260 ut
1044 4206 1364 4261 clericorum
1393 4206 1608 4264 divitias
1635 4208 1964 4264 insectentur
1989 4218 2044 4264 et
2074 4210 2177 4265 im-

586 4278 835 4345 probent.
868 4276 985 4343 Qua
1014 4276 1066 4330 in
1114 4291 1171 4331 re
1196 4290 1492 4347 sequuntur
1524 4287 1736 4335 veteres
1771 4280 2085 4347 haereticos,
2118 4291 2177 4337 ut

584 4347 879 4403 Arnaldutu
909 4348 978 4402 de
1005 4347 1208 4417 Brixia,
1234 4351 1323 4418 qui
1356 4351 1486 4405 vixit
1510 4366 1597 4406 an.
1628 4352 1824 4407 christi
1852 4352 2010 4418 1159,
2042 4362 2176 4408 tem-

587 4435 720 4495 pore
761 4420 991 4495 conradi
1036 4419 1622 4495 regis___l{omanorum,
1652 4425 1742 4493 qui
1771 4423 1981 4479 dicebat
2015 4428 2177 4495 (teste

585 4492 783 4564 Ottone
806 4490 1318 4564 Frisingensi,glibro
1340 4508 1397 4562 ιι,
1422 4508 1540 4564 cap.
1568 4490 1760 4561 20,'de
1782 4494 1959 4551 Gestis
1984 4490 2174 4552 Fride-

2272 496 2415 559 ierit,
2446 511 2550 550 non
2578 479 3099 548 omnino-ah'errabit
3126 502 3140 538 :
3173 479 3281 537 Pro
3310 497 3367 563 eo
3397 481 3533 550 quod
3561 479 3703 563 fuisti
3724 481 3871 563 dere-

2277 557 2422 632 licta,
2452 575 2497 622 et
2526 568 2643 619 odio
2676 564 2867 626 habita,
2896 572 2943 614 et
2974 575 3077 612 non
3101 568 3217 632 erat
3250 557 3337 625 qui
3382 568 3471 632 per
3500 562 3548 605 te
3585 557 3831 632 transiret
3852 597 3868 622 ,

2274 656 2375 708 pon
2397 624 2463 691 im
2493 648 2539 693 te
2564 640 2615 691 in
2645 624 2934 702 superbiam
2954 630 3275 708 swculorum,
3301 625 3547 708 gaudium
3579 624 3629 708 in
3652 640 3873 708 genere-

2276 695 2465 764 lienem
2486 720 2531 763 et
2555 695 2947 779 generationem,
2966 714 3012 757 et
3034 718 3178 779 auges
3196 700 3274 753 lac
3297 697 3542 779 gentium,
3564 704 3613 749 et
3630 695 3874 779 mamilla

2274 799 2449 853 regum
2483 769 2768 841 laetaberis,
2800 787 2846 830 et
2874 778 2999 829 scies
3025 769 3143 843 quia
3168 788 3258 895 ego
3289 770 3537 821 Dominus
3561 769 3769 848 salvans
3801 778 3872 835 te,

2275 865 2320 895 pl
2348 855 2640 895 rnrlpmnlnr
2668 862 2781 895 tuus
2815 849 2960 895 fartis
2983 845 3146 895 Iacob
3175 850 3187 895 ί
3231 860 3308 895 8(1.
3335 838 3447 895 ωε).
3475 842 3540 893 ΕΙ.
3571 839 3699 893 “illd
3723 839 3872 895 CillS‘

2275 838 2640 917 etiedemptor
2668 838 2781 904 tuus
2813 849 2960 919 {ortis
2983 838 3308 923 Jacobtisa.
3335 838 3447 923 ut).
3475 842 3540 922 Et
3571 839 3699 893 illud
3723 839 3874 923 ejus-

2276 926 2397 980 dem
2431 943 2441 977 :
2476 916 2542 977 Et
2587 932 2736 977 erunt
2784 916 2925 992 reges
2952 917 3167 992 Anutritii
3213 916 3288 992 tui
3310 954 3324 975 ,
3348 922 3402 992 et
3430 916 3618 983 regina:
3647 916 3875 992 nutrices

2276 1006 2420 1050 tute:
2453 1000 2596 1049 vultu
2620 999 2673 1048 in
2706 984 2894 1047 terrain
2925 990 3143 1043 demisso
3174 984 3462 1040 adorabunt
3494 994 3573 1046 te,
3615 993 3661 1035 et
3689 985 3875 1052 pulve-

2276 1085 2384 1122 rem
2410 1069 2596 1139 pedum
2620 1078 2824 1119 tuorum
2847 1057 3201 1139 liitg‘entllsa.
3226 1054 3562 1139 xuskVide
3588 1056 3877 1139 epistolam

2278 1126 2467 1196 A'Jne'le
2497 1139 2648 1193 Silvii
2681 1147 2790 1190 tum
2820 1126 3126 1194 cardinalis,
3160 1141 3344 1195 postea
3376 1126 3454 1180 Pri
3483 1126 3525 1181 ll
3559 1126 3832 1195 pontiﬁcis
3852 1167 3871 1193 ,

2277 1227 2397 1281 quae
2430 1211 2737 1265 inscribitur
2764 1206 2845 1281 De
2884 1206 3104 1281 moribus
3135 1200 3426 1281 Germania:
3455 1241 3467 1260 .
3521 1213 3622 1281 (ηιμ
3674 1197 3878 1281 refutat

2282 1269 2455 1338 varias
2500 1281 2709 1337 Martini
2761 1280 2912 1343 Meir,
2963 1276 3052 1341 qui
3099 1274 3508 1341 archlepiscopo
3546 1269 3877 1343 illoguutino

2278 1353 2629 1408 cancellarius
2650 1350 2768 1417 fuit,
2789 1340 3084 1403 calumnias
3104 1340 3299 1400 contra,
3319 1343 3521 1399 curiam
3546 1340 3877 1417 Romanam,

2282 1426 2575 1494 probatque
2598 1412 2765 1476 variis
2787 1418 3083 1476 rationibus
3108 1419 3377 1494 Romanos
3405 1412 3662 1494 praesules
3686 1413 3875 1494 divites

2280 1484 2324 1550 et
2352 1484 2583 1567 potentes
2611 1509 2731 1550 esse
2761 1501 3042 1567 Oportere,
3073 1505 3135 1542 ac
3160 1490 3494 1567 potissimum
3536 1484 3602 1567 ad
3639 1485 3881 1567 tria-fdi:

2282 1556 2438 1621 vilias
2471 1567 2692 1636 requirit
2725 1584 2736 1619 :
2775 1556 2811 1617 ι’
2834 1566 2889 1618 l"
2911 1562 2975 1616 ad
3003 1556 3199 1636 statum
3214 1562 3508 1636 _lto_ncstutn
3540 1566 3594 1611 et
3622 1556 3879 1625 dignitati

2280 1631 2697 1695 convenientem
2726 1636 3050 1697 tenendum;
3081 1631 3138 1684 2'
3163 1632 3228 1685 ad
3259 1631 3479 1686 alendus
3502 1642 3789 1697 pauperes,
3819 1637 3878 1682 et

2282 1712 2541 1766 ecclesias
2586 1724 2748 1763 Illanll
2794 1706 3086 1771 tenendas;
3116 1702 3172 1755 5°
3203 1702 3268 1758 ad
3300 1701 3626 1758 coercendos
3659 1700 3881 1755 malefa-

2281 1792 2480 1847 etores,
2506 1782 2596 1851 qui
2624 1779 2747 1835 ﬁdei
2776 1777 3070 1851 sinceritati
3100 1774 3363 1833 ofﬁciunt.
3404 1795 3420 1827 ι

2354 1844 2670 1923 Maronias.]
2700 1851 2772 1905 lta
2806 1848 3150 1923 manuscripti
3180 1856 3235 1901 et
3261 1858 3431 1923 vetus
3481 1845 3667 1923 editio.
3704 1844 3881 1923 Vulgo

2280 1923 2540 1979 Maronia.
2575 1916 2866 1994 Ptoleuneo
2894 1930 3016 1974 nota
3034 1916 3206 1994 Syria;
3226 1919 3416 1975 civitas
3436 1921 3755 1994 Μαρωνείας.
3780 1916 3883 1973 Hic

2280 1996 2488 2052 viculus
2518 1997 2735 2051 dicitur.
2768 1991 2901 2046 Vide
2931 1991 3334 2046 Unontasticon.
3404 2036 3409 2039 _

2351 2070 2431 2121 Ad
2476 2083 2622 2139 papte
2668 2063 3254 2139 Evagrii.]_Antioc!ti:e
3281 2062 3572 2139 episcopus
3601 2062 3698 2116 fuit
3734 2061 3879 2139 Eva-

2278 2140 2442 2208 grius,
2476 2133 2805 2209 Hieronymo
2833 2133 3236 2205 perfamiliaris,
3262 2134 3329 2209 de
3355 2137 3598 2209 quoipse
3625 2133 3878 2209 catalogo

2280 2204 2448 2265 illust.
2484 2204 2739 2266 Ecclesia:
2770 2204 3125 2276 Scriptorum,
3154 2221 3273 2275 cap.
3308 2204 3434 2260 125.
3468 2205 3597 2276 Vide
3625 2205 3769 2260 dicta
3799 2204 3870 2259 ad

2279 2283 2549 2338 Prteludia
2582 2283 2634 2336 in
2666 2281 2839 2337 Vitam
2891 2274 3059 2333 sancti
3110 2276 3367 2345 Antonii,
3418 2293 3471 2331 n.
3526 2274 3579 2330 4.
3627 2277 3701 2332 De
3725 2290 3883 2346 papa:

2280 2356 2497 2410 nomine
2528 2354 2579 2407 in
2612 2350 2977 2407 Onomastico.

2357 2425 2423 2480 Ut
2453 2442 2624 2481 revera
2645 2427 2872 2497 ejusdem
2888 2423 2985 2476 loci
3008 2419 3293 2497 indigeam]
3322 2421 3654 2492 Rosweydus
3679 2419 3874 2474 habet:

2280 2507 2350 2565 et,
2381 2508 2435 2551 ut
2464 2500 2635 2565 rebar,
2664 2494 2766 2565 pro
2800 2515 2811 2548 :
2848 2504 2901 2549 ut
2934 2510 3141 2557 revera,
3176 2494 3570 2565 lectionemque
3596 2508 3747 2547 suam
3780 2507 3875 2565 se-

2281 2563 2566 2639 quentibus
2606 2563 2852 2639 anfnotat.
2905 2566 3057 2621 Ευιτ.
3082 2595 3153 2605 -
3184 2563 3305 2639 Et,
3332 2578 3385 2621 ut
3433 2567 3601 2630 rebar,
3647 2563 3883 2633 ejusdem

2282 2638 2383 2712 loci
2405 2638 2689 2712 indigeam]
2714 2640 2788 2693 lta
2815 2638 2910 2693 Ms.
2931 2646 2986 2712 et
3009 2647 3161 2692 vetus
3183 2638 3367 2712 editio.
3389 2639 3727 2712 Colonicn_sis
3750 2650 3881 2690 cum

2283 2707 2532 2779 Erasmo,
2556 2722 2610 2767 et
2630 2707 2811 2765 revera
2837 2710 3131 2779 αὐτόχθων,
3165 2709 3307 2779 quod
3331 2711 3512 2764 nescio
3533 2723 3600 2761 an
3623 2707 3900 2764 Erasmus

2284 2798 2350 2839 ex
2377 2785 2593 2853 ingenio
2615 2825 2628 2846 ,
2660 2799 2727 2837 an
2757 2800 2821 2838 ex
2858 2786 2956 2837 Ms.
2984 2781 3346 2853 substituerit.
3374 2781 3459 2853 Β.
3490 2780 3718 2853 Gravius
3749 2779 3885 2834 dicit

2283 2851 2455 2910 etiam“
2478 2856 2530 2909 in
2562 2855 2878 2922 quibusdam
2913 2853 3068 2924 libris
3098 2852 3223 2924 legi,
3246 2851 3583 2906 Thebastonis
3608 2852 3881 2920 indigena.

2283 2924 2511 2993 Quidam
2543 2927 2642 2983 Ms.
2674 2942 2769 2994 pro
2793 2926 2940 2979 rebar
2972 2923 3129 2979 habet
3155 2923 3281 2979 erat.
3308 2924 3413 2980 Sed
3447 2939 3579 2994 vera
3598 2924 3763 2994 lectio
3791 2930 3883 2976 est

2284 3013 2441 3067 quam
2472 2998 2614 3052 dedi.
2650 2992 2875 3053 Putabat
2904 2996 3116 3066 quidem
3149 2996 3539 3067 Hieronymus,
3563 2992 3834 3050 Malchum
3857 3034 3878 3060 ,

2284 3066 2373 3138 qui
2406 3071 2658 3125 Maronite
2686 3069 3017 3133 versabatur,
3051 3068 3290 3136 ejusdem
3338 3066 3502 3122 fuisse
3531 3066 3635 3121 loci
3666 3066 3879 3137 indige-

2285 3158 2433 3207 nam,
2459 3142 2551 3196 sed
2581 3157 2703 3195 mox
2736 3158 2765 3195 a
2798 3142 3004 3195 Malcbo
3034 3141 3255 3194 docetur
3292 3139 3601 3194 Nisibenum
3635 3154 3695 3192 se
3726 3154 3874 3195 esse.

2286 3211 2564 3268 Labuntur
2596 3228 2716 3269 cum
2744 3214 2969 3267 Erasmo
3013 3212 3415 3266 Centuriatores
3451 3208 3881 3280 Magdeburgen-

2285 3300 2394 3353 ses,
2425 3293 2567 3340 cent.
2594 3288 2626 3339 4
2648 3326 2662 3351 ,
2690 3300 2812 3354 cap.
2847 3281 2933 3350 10,
2965 3284 3053 3353 qui
3099 3282 3248 3338 aiunt
3277 3283 3541 3338 Malchum
3584 3283 3878 3338 oriundum

2284 3370 2349 3410 ex
2376 3359 2496 3411 vico
2524 3357 2784 3411 Maronia.
3876 3406 3879 3407 ,

2358 3428 2434 3482 Mi
2462 3437 2599 3495 nate,
2631 3427 2869 3481 Nisibeni
2886 3424 3040 3495 agelli
3059 3424 3318 3497 colonus.]
3343 3425 3442 3481 Ms.
3468 3426 3639 3481 sancti
3669 3426 3883 3481 Floria-

2288 3498 2341 3554 ni
2366 3500 2483 3567 εξεΜὶ
2507 3508 2648 3566 nate,
2680 3498 2923 3553 Nisivelli
2944 3498 3097 3567 agelli
3118 3499 3348 3553 colonus.
3374 3497 3474 3552 Ms.
3506 3498 3884 3552 Audomaren-

2283 3572 2397 3627 sis:
2432 3570 2665 3625 Matheni
2695 3572 2859 3625 sibeui
2887 3571 3054 3641 agello
3084 3569 3318 3636 colonus,
3368 3570 3510 3639 quod
3544 3570 3768 3641 coaluit
3812 3585 3881 3625 ex

2282 3643 2353 3695 mi
2384 3654 2501 3696 nate
2526 3642 2785 3696 Misibeni.
2808 3639 2935 3697 Erit
2951 3642 3089 3697 forte
3109 3642 3396 3710 quispiam,
3428 3640 3517 3710 qui
3542 3640 3668 3694 hinc
3698 3639 3882 3695 Mittite

2285 3712 2524 3769 Nisibeni
2551 3715 2849 3783 exsculpat,
2884 3723 2937 3769 et
2962 3715 3136 3768 locum
3168 3714 3239 3767 ita
3267 3713 3467 3767 dictum
3496 3714 3546 3766 in
3576 3728 3713 3783 agro
3737 3711 3879 3783 Nisi-

2281 3785 2421 3842 bcuo
2452 3781 2935 3855 arioleturIVulgo
2965 3788 3082 3840 loco
3126 3784 3362 3838 Nisibeni
3414 3781 3643 3838 habetur
3690 3781 3879 3838 Maro-

2284 3859 2437 3912 niaci.
2473 3859 2629 3925 Apud
2661 3858 3053 3927 Metaphrasten
3084 3858 3310 3911 habetur
3334 3855 3611 3910 Sevennia.

2355 3932 2435 3983 Ad
2464 3945 2689 3983 eremum
2713 3926 3032 3999 Cltalcidos.]
3063 3928 3157 3981 Est
3188 3927 3401 3983 Chalcis
3436 3927 3563 3999 urbs
3590 3926 3789 3999 Syriae,
3821 3927 3872 3981 in

2284 4003 2505 4073 regione
2526 4000 2857 4073 Chalcidice:
2887 3996 3039 4073 Apud
3078 4000 3423 4073 Ammianum
3447 3996 3871 4073 _lll_arcellintrr_n,

2284 4068 2420 4128 lib'ro
2451 4088 2596 4133 xxxv,
2625 4074 2789 4128 habes
2819 4071 3068 4126 Chalcida
3097 4071 3371 4141 Syriacam
3413 4069 3710 4125 civitatem.
3744 4068 3878 4125 Vide

2281 4146 2687 4200 Onomasticon.

2355 4218 2484 4283 Qua:
2526 4219 2661 4270 inter
2692 4215 2888 4269 lmmas
2932 4225 2977 4270 et
3020 4213 3253 4270 Berazam
3278 4212 3342 4284 ³.]
3371 4213 3445 4268 lta
3476 4212 3766 4284 legendum
3814 4228 3880 4268 ex

2281 4288 2674 4357 Mauuscriptis.
2700 4287 2929 4355 Quidam
2953 4285 3301 4355 Manuscripti
3326 4283 3592 4341 habebant
3620 4283 3878 4357 Veratrum,

2279 4361 2506 4417 solemni
2552 4356 2904 4431 quorumdam
2956 4369 3191 4413 veterum
3251 4372 3421 4425 more,
3469 4358 3797 4431 ponentium
3834 4356 3871 4407 V

2279 4433 2400 4489 loco
2427 4434 2485 4485 Β.
2518 4426 2937 4485 [deditionibus
2970 4432 3247 4485 veteribus
3276 4438 3415 4493 erat,
3446 4443 3561 4497 qua:
3605 4428 3741 4481 inter
3772 4426 3879 4481 Int-

2279 4522 2387 4561 mas
2410 4513 2459 4557 et
2473 4501 2682 4557 Beroas.
2703 4502 2759 4556 In
2774 4500 3076 4557 Coloniensi
3092 4502 3348 4567 editione,
3372 4515 3486 4569 quis
3505 4502 3639 4551 inter
3658 4498 3879 4552 [nimam

585 4562 685 4616 rici
715 4563 872 4643 imp..)_
904 4580 916 4616 :
950 4580 968 4612 ι
1001 4565 1109 4617 Nec
1132 4562 1360 4643 clericos
1389 4562 1796 4643 proprietatem,
1823 4584 1920 4643 nec
1941 4570 2168 4643 ‘episco-
2202 4582 2256 4643 ι)
2279 4588 2326 4630 et
2368 4576 2572 4629 Essam.
2606 4575 2810 4629 Abutar
2857 4575 2966 4629 otio
2987 4615 3000 4641 ,
3046 4579 3090 4627 si
3136 4562 3469 4628 monstrosius
3499 4571 3875 4643 quorumdam

587 4647 685 4707 pos
714 4635 941 4707 regalia,
989 4648 1088 4688 nec
1124 4638 1418 4691 monachos
1465 4635 1835 4707 possessiones
1868 4635 2128 4694 habentes
2154 4678 2172 4705 ,

588 4705 1179 4785 aliquanrationeiposse
1204 4708 1422 4785 salvari.
1450 4705 1803 4785 {Sequuntur
1828 4719 1884 4785 et
1912 4710 2174 4785 Joannem

589 4774 899 4843 Wiclefum,
931 4775 1085 4845 cujus
1115 4778 1165 4829 in
1214 4779 1442 4834 concilio
1471 4774 1883 4845 Constantiensi,
1927 4782 2175 4837 sessione

588 4846 644 4913 8,
674 4849 911 4901 danmati
938 4847 993 4901 hi
1020 4858 1144 4901 sunt
1172 4850 1381 4904 articuli
1414 4868 1581 4907 xxxii.
1616 4853 1793 4908 Ditare
1836 4854 2039 4907 clerum
2090 4864 2177 4908 est

586 4928 774 5000 contra
802 4922 1039 4989 regulam
1061 4917 1281 5000 Ehristi.
1315 4938 1503 5000 xxsrn.
1535 4924 1792 5000 silvester
1820 4924 2171 5000 et_COnstan-

586 4991 729 5046 tinus
771 5000 1019 5064 errarunt
1060 4991 1351 5046 Ecclesiam
1393 4996 1629 5049 ditando.
1663 5011 1844 5049 χχχιιι.
1878 4996 2176 5064 Imperator

587 5071 645 5116 et
692 5063 979 5116 saaculares
1025 5072 1149 5116 sunt
1191 5064 1399 5119 seducti
1442 5082 1470 5118 a
1516 5066 1759 5132 diabolo,
1793 5077 1850 5122 ut
1878 5063 2176 5121 EcClesiam

587 5133 821 5205 ditarent
850 5134 1007 5189 bonis
1039 5136 1438 5203 temporalibus.
1470 5153 1489 5187 ι
1522 5137 1627 5191 Sed
1659 5148 1805 5191 recte
1828 5137 2172 5205 Ambrosius,

588 5202 728 5258 libro
755 5219 845 5259 vut
875 5205 931 5257 in
959 5209 1131 5275 capite
1153 5202 1245 5259 iux
1270 5205 1427 5261 Lucae
1445 5247 1460 5272 ,
1496 5222 1601 5261 non
1633 5208 1685 5260 in
1708 5207 1909 5262 divitiis
1937 5202 2172 5275 crimen,

586 5275 697 5346 sed,
714 5276 766 5329 in
799 5276 935 5330 male
963 5278 1235 5332 utentibus
1275 5279 1463 5346 ponit:
1505 5296 1521 5328 ι
1566 5279 1781 5332 Discant
1824 5279 2019 5332 divites
2068 5294 2177 5334 non

590 5346 645 5399 in
676 5345 1011 5402 facultatibus
1041 5351 1242 5403 crimen
1274 5345 1500 5413 haerere,
1532 5350 1624 5402 sed
1654 5352 1704 5403 in
1736 5351 1799 5404 iis
1853 5349 1945 5418 qui
1975 5348 2049 5403 uti
2081 5365 2177 5406 ne-

590 5418 761 5471 sciant
792 5419 1152 5474 facultatibus.
1186 5418 1317 5473 Nam
1342 5419 1538 5473 divitiae
1562 5430 1617 5473 ut
1644 5420 2027 5489 impedimenta
2053 5430 2179 5477 sunt

591 5490 866 5558 improbis,
899 5491 972 5544 ita
1002 5491 1159 5545 bonis
1186 5502 1313 5545 sunt
1341 5491 1648 5561 adjutnenta
1679 5492 1908 5545 virtutis.
1948 5510 1967 5542 ι

660 5562 813 5628 Quod
844 5563 889 5617 si
918 5562 1036 5630 quis
1070 5561 1222 5616 Isaiae
1249 5562 1553 5618 vaticinium
1579 5603 1595 5629 ,
1626 5562 1691 5617 ad
1721 5562 2019 5617 Ecclesiam
2045 5565 2173 5621 olim

589 5631 689 5687 sub
734 5632 965 5689 ethnicis
1009 5633 1423 5701 imperatoribus
1469 5635 1627 5706 quasi
1675 5634 2025 5704 derelictam,
2060 5644 2183 5707 post

668 5780 703 5860 ξ.
726 5776 974 5860 δίριρβίι
998 5778 1332 5851 Rosweydus
1358 5794 1455 5851 pro
1482 5779 1728 5854 Beroam,
1756 5800 1878 5856 quae
1908 5794 1989 5843 est
2018 5783 2181 5841 lectio

592 5842 856 5905 Vallarssi.
886 5842 1041 5906 Enn.

2286 4647 2774 4715 manuscriptorum
2803 4653 2857 4699 et
2887 4646 3153 4699 editorum
3187 4645 3447 4699 librorum
3496 4641 3763 4715 lectiones
3797 4656 3881 4696 re-

2287 4713 2627 4789 praesentem.
2656 4718 2721 4771 Et
2750 4714 2879 4769 lmte
2900 4728 2954 4771 et
2976 4715 3156 4789 Berth
3183 4718 3235 4771 in
3253 4716 3426 4784 Syria,
3452 4729 3570 4784 qua:
3602 4713 3727 4768 huic
3759 4714 3878 4769 loco

2286 4788 2569 4861 quadraut.
2603 4789 2733 4844 Vide
2755 4788 3156 4861 Onomasticon.

2360 4863 2426 4917 Ut
2458 4864 2580 4915 dum
2607 4861 2854 4932 adviveret
2878 4861 2896 4890 ³
2929 4860 3135 4932 mutem]
3166 4861 3241 4915 [ta
3273 4856 3874 4932 manuscriptus_sancti

2283 4933 2517 4988 Floriani
2548 4933 2707 4997 editi,
2742 4930 2808 4984 Et
2856 4932 2981 4985 dum
3012 4927 3183 4984 adhuc
3212 4931 3398 4984 viveret
3444 4943 3626 4983 mater.
3659 4927 3878 4982 Tertul-

2286 5006 2479 5071 lianus,
2512 5004 2578 5058 de
2602 5005 2813 5058 Corona
2837 5004 3014 5068 milit.,
3048 5018 3167 5073 cap.
3200 5004 3229 5056 7
3257 5020 3267 5057 :
3300 5021 3318 5053 ‹
3351 5001 3517 5056 Porro
3538 5000 3586 5056 si
3608 5015 3729 5069 qua:
3760 5002 3880 5073 alue

2284 5076 2440 5130 idolis
2469 5074 2705 5139 faciant,
2740 5074 2807 5128 ad
2831 5072 3439 5143 dtetnonespertinent,
3472 5082 3674 5137 quanto
3706 5072 3878 5143 magis

2284 5148 2426 5217 quod
2458 5148 2570 5216 ipsa
2594 5146 2705 5201 'sibi
2738 5145 2880 5201 idola
2911 5141 3174 5213 feccruui,
3202 5161 3325 5201 cum
3352 5145 3683 5217 adviverent.
3731 5159 3750 5193 ι
3788 5141 3883 5196 Ubi

2282 5215 2389 5272 non
2422 5215 2567 5273 reste
2594 5217 2854 5282 Latinius,
2888 5233 3001 5270 cum
3023 5217 3193 5270 adhuc
3225 5219 3463 5277 viverent,
3501 5215 3730 5283 reponit.

2358 5290 2433 5343 De
2455 5288 2634 5343 Beroea
2652 5288 2901 5342 Edessam
2931 5286 3307 5358 pergentibus.]
3332 5288 3404 5341 lla
3429 5282 3573 5341 recte
3596 5287 3723 5339 Mss.
3747 5282 3887 5340 Maii.-

2283 5356 2617 5417 Coloniensis
2643 5360 2808 5415 editio
2842 5377 2857 5413 :
2887 5358 2966 5415 De
2990 5356 3147 5415 Beria
3193 5361 3261 5413 ad
3298 5356 3490 5412 Essem
3534 5358 3884 5428 pergentibus.

2286 5432 2381 5487 Est
2411 5435 2600 5488 Beroza
2627 5434 2713 5487 hic
2738 5433 2912 5501 Syriae
2942 5432 3150 5499 civitas,
3185 5432 3237 5486 in
3262 5432 3604 5502 Cyrrhestica
3635 5430 3880 5496 regione.

2290 5504 2493 5560 Edessa
2525 5520 2735 5575 quoque
2765 5506 2851 5558 hic
2881 5502 3051 5570 Syria:
3078 5519 3159 5558 est
3184 5504 3395 5559 civitas.

2367 5568 2558 5631 Vicina'
2571 5568 2771 5647 publica
2794 5568 2967 5629 itineri
2988 5575 3239 5641 solitudo,
3254 5592 3342 5645 per
3370 5590 3525 5644 quam
3552 5570 3854 5647 Sarraceni.
3866 5568 3884 5641 j

2289 5648 2547 5705 Tenditur
2571 5643 2692 5704 haec
2717 5647 2975 5703 latissima
3006 5661 3222 5703 eremus
3251 5643 3320 5701 ab
3347 5643 3493 5702 ludia
3522 5644 3591 5699 ad
3617 5643 3883 5699 Maurita-

2360 5788 2382 5821 ²
2424 5786 2566 5843 Loco
2594 5785 2763 5844 adhuc
2785 5784 2991 5856 viveret,
3013 5784 3158 5857 quod
3184 5782 3347 5843 habet
3369 5780 3687 5841 Vallarsius.
3718 5776 3881 5832 Ευιτ.
