4142 6350
268 410 372 467 209

1028 410 1187 468 VITA
1226 409 1471 469 SANCTl
1514 407 1792 477 MALCHI,
1818 407 2094 469 CAPTIVI
2135 414 2464 473 MONACHI.
2505 410 2826 470 NOTATIO.

3449 420 3553 476 210

271 530 413 585 niam
444 543 617 613 usque
647 538 696 585 et
728 528 1092 617 Atltlanticttm
1124 530 1415 595 Oceanum,
1448 538 1503 584 ut
1529 528 1855 586 scribitllie-
1884 531 1936 590 Α
1964 529 2127 617 goria
2150 534 2201 590 in
2232 534 2455 617 lupanar
2482 535 2698 617 detrusa
2735 550 2777 617 a'
2798 534 2950 589 leone
2992 540 3323 617 propugnata
3353 536 3556 617 est_..Et

270 616 528 672 ronymus
558 602 609 656 in
640 611 799 671 caput
823 618 909 656 xxt
940 602 1109 659 Isaiae.

348 672 625 747 Ismaelitte
652 675 851 727 irruunt
874 673 1069 727 crinitis
1097 675 1383 743 vittatisque
1413 674 1708 747 capitibus.]
1746 676 1856 731 Ve-

274 754 415 801 teres
436 746 704 801 editiones
731 787 746 808 ,
778 747 1085 816 nudatisque
1130 747 1398 813 capitibus.
1435 746 1539 803 Sed
1582 746 1718 803 bene
1750 750 1852 803 Ms.

270 832 392 872 cum
444 817 680 872 editione
726 816 1064 885 Coloniensi,
1111 819 1318 871 vittatis.
1375 817 1567 873 Varius
1617 822 1857 887 gentium

272 888 506 943 habitus.
541 889 934 953 Tertullianus,
972 890 1109 943 libro
1152 890 1218 943 de
1256 889 1499 945 velandis
1526 890 1853 957 Virginibus,

270 963 447 1030 capite
480 960 547 1015 10
573 979 583 1013 :
614 980 633 1012 ι
662 960 941 1014 Debebunt
964 970 1015 1015 et
1046 960 1145 1027 ipsi
1176 961 1353 1029 aliqua
1376 961 1477 1015 sibi
1508 962 1731 1025 insignia
1762 965 1860 1019 de-

271 1032 517 1105 fendere,
547 1044 637 1086 aut
669 1046 870 1105 pennas
894 1032 1295 1105 Garamantum,
1328 1043 1415 1087 aut
1446 1034 1693 1105 crobylos
1725 1035 1858 1089 Bar-

272 1102 551 1167 liarorum,
576 1110 667 1158 ant
689 1104 900 1157 cicadas
924 1103 1333 1158 Atheniensium
1356 1148 1369 1168 ,
1405 1113 1497 1159 aut
1526 1102 1696 1159 cirros
1719 1106 1856 1161 Ger-

274 1190 589 1241 manorum,
622 1185 711 1227 aut
746 1176 993 1243 stigmata
1023 1175 1321 1229 Britonum.
1363 1194 1382 1228 ι
1420 1176 1679 1239 Isidorus,
1717 1179 1859 1233 libro

275 1262 366 1318 xtx
401 1247 575 1314 Orig.,
607 1248 717 1318 98
742 1261 859 1314 cap.
883 1246 982 1301 25:
1007 1265 1027 1298 ι
1051 1246 1329 1301 Nonnulla:
1347 1256 1534 1315 gentes
1557 1264 1662 1303 non
1684 1250 1858 1306 solum

273 1317 324 1391 in
356 1317 731 1391 vestibus,’sed
767 1318 815 1370 in
848 1333 1074 1391 corpore
1113 1318 1288 1387 aliqua
1329 1320 1671 1391 sibikpropria
1703 1323 1858 1391 quasi

274 1389 504 1457 insignia
529 1391 833 1453 vindicant,
869 1400 925 1443 ut
958 1389 1199 1443 videmus
1224 1390 1397 1444 cirros
1427 1388 1817 1447 Germanorum
1841 1433 1857 1460 ,

271 1475 468 1529 granos
514 1471 569 1514 et
610 1460 863 1514 cinnabar
893 1461 1222 1525 Gothmum,
1265 1462 1511 1532 stigmata
1556 1462 1856 1519 Britonnm.

275 1532 677 1586 Circumcidnnt
721 1547 931 1601 quoque
977 1531 1146 1585 Judsni
1202 1531 1486 1601 prazp’utia;
1532 1536 1859 1601 pertundunt

271 1602 480 1656 Arabes
510 1619 699 1668 aures;
725 1603 922 1657 ﬂavent
945 1603 1205 1672 capitibus
1229 1604 1446 1659 intextis
1479 1604 1625 1659 Getae
1650 1625 1664 1671 ;
1691 1608 1861 1661 nitent

278 1673 473 1728 Albani
506 1675 805 1730 albentibus
836 1675 1109 1741 crinibus;
1146 1676 1356 1729 Mauros
1386 1676 1545 1732 habet
1585 1686 1719 1731 tetra
1754 1693 1857 1732 nox

271 1759 583 1818 corporum.
614 1744 791 1800 Gallos
821 1747 1045 1818 candida
1096 1748 1263 1813 cutis;
1299 1748 1415 1801 sine
1463 1748 1614 1818 equis
1659 1749 1860 1804 inertes

271 1825 490 1870 exsmat
530 1817 721 1883 Alani;
754 1831 851 1873 nec
894 1817 1047 1872 abest
1083 1819 1224 1884 genti
1270 1817 1539 1873 Pictorum
1592 1834 1787 1873 nomen
1830 1835 1859 1873 a

278 1901 536 1981 corpore,
569 1890 710 1971 quod
740 1888 957 1943 minutis
971 1888 1161 1981 .opil‘e‘x
1183 1890 1546 1981 acus‘punetis
1574 1905 1860 1974 expressos
1892 1920 1943 1981 Β

274 1959 441 2012 nativi
471 1960 725 2027 graminis
756 1974 943 2033 succos
969 1960 1219 2033 includit,
1265 1970 1323 2033 ut
1352 1962 1449 2015 bas
1478 1962 1542 2015 ad
1572 1959 1661 2015 sui
1686 1964 1863 2033 speci-

272 2044 398 2156 lmen
430 2034 709 2087 Cicatrices
757 2032 890 2086 lerat
938 2032 1090 2100 pictis
1137 2032 1358 2087 artubus
1400 2034 1667 2089 maculosa
1709 2034 1866 2090 nobi-

294 2110 417 2156 ttas.
720 2114 731 2124 '

294 2110 417 2157 itas.
720 2114 731 2124 °

344 2172 521 2227 Pallia
544 2185 589 2228 et
616 2175 747 2229 latas
774 2176 1038 2230 catliculas
1069 2175 1082 2205 ¹
1118 2174 1420 2247 trahentes.]
1454 2176 1523 2230 Ita
1557 2177 1656 2231 Ms.
1693 2178 1865 2233 sancti

274 2242 534 2318 Floriani.
568 2247 782 2302 Veteres
830 2249 1098 2302 editioaes
1126 2288 1139 2311 ,
1186 2242 1481 2318 calligulas.
1522 2247 1867 2304 Coloniensis

275 2316 459 2377 editio.
483 2319 695 2388 caligas.
718 2319 967 2383 Isidorus,
998 2319 1133 2372 libro
1161 2334 1252 2372 χιχ
1277 2316 1445 2387 Orig,
1472 2333 1521 2377 c.
1546 2318 1615 2373 54
1641 2337 1655 2375 :
1682 2340 1698 2372 ‹
1728 2321 1870 2375 Cali-

274 2388 413 2463 gulae
436 2389 567 2463 liga:
588 2391 667 2443 vel
701 2392 897 2463 aicailo
918 2390 1111 2459 pedum
1135 2388 1324 2454 dicite,
1353 2390 1435 2463 vel
1460 2391 1582 2459 quia
1610 2392 1867 2463 ligantur.

274 2458 406 2531 Nam
429 2462 571 2515 socci
601 2477 705 2516 non
732 2458 979 2531 ligantur,
1004 2463 1097 2516 sed
1132 2471 1334 2514 tantum
1362 2458 1809 2518 intromittuntur.
1843 2482 1862 2516 ι

276 2528 682 2603 Notum,quam
711 2528 1014 2603 frequenter
1042 2532 1168 2587 olim
1193 2548 1225 2602 g
1246 2540 1299 2586 et
1328 2549 1352 2585 c
1385 2534 1521 2587 inter
1549 2548 1609 2588 se
1628 2550 1869 2589 commu-

277 2602 461 2655 urittl.
496 2602 627 2658 Vide
658 2602 939 2660 Ottnmasl.

350 2672 929 2749 Longo__posttiminio.]
973 2676 1162 2731 Festus
1184 2690 1259 2749 at
1294 2675 1687 2749 Postliminium
1724 2692 1874 2733 rece-

277 2752 425 2814 ptum
456 2745 639 2801 Gallus
664 2748 856 2811 Atilius,
894 2745 945 2801 iii
978 2750 1111 2803 libro
1136 2764 1151 2801 t
1175 2745 1636 2816 Signilicationum
1666 2765 1783 2815 qua:
1806 2751 1873 2805 ad

278 2818 367 2884 jus
396 2820 691 2886 pertinent,
722 2822 795 2874 ait
824 2834 944 2874 esse
971 2834 1093 2874 eum
1126 2822 1212 2887 qui
1247 2819 1383 2873 liber
1428 2834 1493 2873 ex
1525 2835 1629 2886 qua
1658 2822 1876 2877 civitate

282 2887 338 2941 in
369 2891 526 2961 aliam
562 2890 786 2959 abierat,
820 2893 873 2945 in
897 2892 1140 2945 eamdem
1173 2892 1445 2944 civitatem
1480 2891 1618 2945 redit
1640 2906 1704 2945 eo
1728 2892 1870 2961 jure,

279 2960 429 3032 quod
448 2962 790 3032 constitutum
822 2963 989 3017 estde
1013 2962 1379 3016 Postliminiis.
1412 2965 1539 3015 Item
1568 2963 1657 3032 qui
1688 2960 1876 3019 servus

278 3045 312 3083 a
342 3031 583 3085 nobisin
626 3031 857 3089 hostium
909 3043 1224 3102 potestatem
1268 3035 1546 3102 pervenit,
1582 3031 1763 3102 postea
1810 3036 1877 3089 ad

279 3116 378 3156 nos
407 3104 547 3175 redit
571 3102 623 3157 in
653 3107 771 3173 ejus
804 3114 1123 3175 potestatem
1145 3146 1161 3171 ,
1209 3108 1360 3171 cujus
1403 3114 1559 3159 antea
1592 3106 1726 3171 fuit,
1757 3106 1879 3175 jure

282 3174 618 3243 postliminii.
650 3195 669 3227 ι
706 3174 928 3245 Proprie
958 3176 1043 3231 hic
1074 3186 1363 3245 usurpatur
1400 3174 1775 3244 postliminium
1805 3178 1873 3232 ab

281 3245 629 3319 Hieronymo.
676 3248 830 3316 Saepe
870 3250 1003 3303 alias
1048 3248 1187 3304 idem
1232 3248 1599 3318 metaphorice
1631 3257 1875 3319 usurpat.

281 3313 414 3370 Vide
436 3313 837 3375 Unomasdcon.

281 3457 313 3513 ὁ
351 3386 419 3513 lit
449 3390 772 3459 pronubante
801 3392 940 3447 nobis
969 3390 1251 3462 mwstitia.]
1281 3390 1442 3446 Vetus
1471 3388 1656 3459 editio,
1687 3406 1880 3459 pronu-

315 3475 373 3512 en
398 3477 446 3513 e.

315 3469 446 3514 ente.

353 3530 584 3603 Corpora
605 3537 843 3607 defuncta
863 3535 1179 3608 portabant.]
1202 3533 1420 3608 Plinius,
1444 3534 1535 3608 lib.
1552 3550 1627 3608 x_t,
1642 3549 1762 3605 cap.
1786 3534 1876 3602 50,

280 3608 496 3673 egregie
529 3606 871 3663 formicarum
894 3606 1234 3662 sedulitatem
1269 3606 1548 3660 describit.
1580 3606 1725 3661 lnter
1769 3622 1875 3662 ca:-

281 3682 395 3750 tera
424 3695 436 3730 :
468 3697 487 3730 s
527 3680 876 3750 Sepeliuntur
905 3680 1047 3734 inter
1077 3693 1135 3734 se
1170 3678 1465 3732 viventium
1490 3679 1642 3744 sola),
1676 3688 1879 3749 praeter

281 3744 579 3806 hominem.
608 3744 630 3802 Β

354 3821 424 3873 Et
464 3824 586 3894 jugi
636 3822 895 3895 susurro.]
942 3822 1087 3878 Alias
1134 3823 1388 3878 susurrio.
1446 3821 1830 3895 ApudJobum
1860 3863 1876 3888 ,

282 3903 405 3974 cap.
438 3908 510 3974 tv,
546 3906 753 3950 veteres
786 3894 973 3949 Patres
1002 3896 1204 3974 legunt,
1240 3904 1293 3949 ct
1321 3895 1469 3964 quasi
1498 3894 1679 3963 furtive
1706 3909 1881 3946 susce-

283 3966 360 4032 pit
382 3966 524 4018 auris
555 3983 664 4018 mea
692 3983 845 4020 venas
870 3969 1087 4020 susurrii
1108 3969 1238 4032 ejus.

362 4034 505 4109 Duos
536 4040 756 4091 camelos
776 4041 1002 4091 sedentes
1025 4036 1092 4109 ’.]
1122 4034 1284 4093 Vetus
1311 4036 1476 4091 editio
1506 4053 1519 4090 :
1555 4034 1682 4087 duos
1707 4049 1878 4109 came:

286 4107 353 4161 lis
381 4108 628 4161 sedentes.
658 4110 1023 4172 Coloniensis,
1048 4104 1179 4164 duos
1211 4110 1417 4162 camelis
1450 4108 1741 4161 insidentes.
1775 4104 1881 4161 Sed

286 4178 451 4232 lectio
481 4195 638 4248 quam
680 4180 803 4234 dedi
864 4192 941 4235 est
975 4196 1037 4235 ex
1068 4182 1169 4236 Ms.
1203 4183 1371 4234 saneti
1418 4179 1652 4233 Floriani
1678 4218 1692 4243 ,
1718 4187 1771 4230 et
1800 4185 1884 4231 est

286 4249 489 4304 locutio
517 4250 766 4320 frequens
797 4252 989 4306 medire
1016 4254 1185 4307 relati.
1213 4252 1569 4320 Hieronymus
1614 4250 1730 4318 ipse
1753 4289 1766 4312 ,
1791 4262 1881 4301 su-

287 4335 411 4445 pra,
444 4320 498 4373 in
532 4322 647 4376 Vita
677 4324 848 4377 saneti
878 4322 1183 4389 Hilarionis,
1214 4339 1332 4390 cap.
1359 4322 1413 4384 9,
1442 4324 1642 4375 asinunt
1672 4322 1879 4375 sedens.

318 4401 367 4445 ta
401 4392 470 4445 ibi
504 4393 629 4445 Mss.
665 4394 842 4445 IEilﬂS
875 4397 1227 4445 Spartianus.
1273 4394 1329 4445 in
1385 4393 1654 4445 Hadriano
1683 4407 1695 4443 :
1734 4408 1753 4440 r
1784 4391 1879 4445 Se-

318 4401 367 4445 ta
401 4392 470 4445 ibi
504 4393 629 4447 Mss.
665 4394 842 4448 [Elius
875 4397 1227 4462 Spartianus,
1273 4394 1329 4447 in
1385 4393 1654 4447 Hadriano
1683 4407 1753 4462 τί(
1784 4391 1884 4445 Se-

285 4463 406 4517 deri
459 4479 627 4535 equos
672 4468 721 4519 in
778 4461 1079 4520 civitatibus
1130 4481 1234 4519 non
1285 4465 1434 4519 sivit.
1476 4482 1492 4513 ι
1530 4465 1619 4518 Sic
1677 4461 1880 4535 Marci,

288 4548 412 4601 cap.
446 4532 522 4599 tu,
546 4536 614 4591 de
642 4538 787 4606 pullo
815 4538 979 4590 asina:
1005 4552 1020 4589 :
1051 4553 1199 4606 quem
1243 4553 1391 4590 nemo
1420 4535 1587 4587 all/mc
1618 4533 1745 4606 sedit
1790 4532 1884 4585 Ito-

287 4608 506 4660 m‘num.
536 4606 609 4661 Ita
635 4604 765 4661 citat
787 4604 1119 4667 Ambrosius,
1154 4609 1247 4664 lib.
1275 4624 1347 4673 tx,
1378 4608 1429 4660 in
1461 4621 1578 4675 cap.
1608 4621 1673 4659 xx
1704 4604 1881 4666 Luem,

1966 603 2180 660 Thecla:
2232 606 2521 678 Martyrum
2576 607 2883 661 fortissimae
2945 603 3286 678 maximeque
3342 606 3553 674 pudica:

1967 690 2110 730 nunc
2142 678 2245 742 leo,
2274 676 2414 732 nunc
2445 678 2610 733 lezena
2642 693 2748 733 non
2780 686 2985 731 tantum
3016 693 3119 732 non
3151 676 3341 739 obluit,
3373 678 3466 731 sed
3496 685 3554 731 et
3610 706 3623 743 ς

1961 747 2201 803 subsidio
2244 749 2360 803 luit.
2407 749 2539 804 Vide
2582 755 2710 804 Acta
2736 748 2853 818 ejus
2902 749 2972 802 25
3021 748 3370 816 Septembris.
3426 748 3557 803 Fre-

1962 833 2131 887 quens
2162 820 2487 890 Hieronymo
2518 822 2748 890 phrasis,
2799 837 2890 891 pro
2932 836 3075 873 muro
3104 834 3244 886 esse,
3278 819 3550 889 proverbii

1962 891 2165 959 specie.
2202 892 2332 945 Vide
2362 892 2769 947 Onomasticon.

2033 962 2424 1030 Apprehensum
2454 965 2710 1018 mordicus
2734 962 2984 1017 catulum.
3011 960 3028 1033 1
3059 962 3131 1016 Ita
3165 970 3317 1015 vetus
3346 961 3514 1016 editio
3538 1002 3553 1027 ,

1960 1041 2017 1087 et
2055 1036 2420 1104 manuscripti.
2454 1036 2792 1091 Coloniensis
2821 1034 3007 1099 editio,
3039 1034 3383 1102 apprehensus
3414 1049 3554 1086 mor-

1963 1105 2106 1158 dicus
2129 1107 2345 1161 catulos.
2380 1106 2560 1161 Videri
2585 1107 2740 1161 alicui
2776 1107 2947 1176 possit
2969 1120 3071 1159 non
3105 1116 3559 1176 temerenumero

1963 1175 2217 1243 singulari
2266 1178 2492 1233 catulum
2545 1172 2796 1246 positum.
2842 1179 2978 1233 Sunt
3018 1176 3184 1238 enim,
3233 1172 3322 1243 qui
3381 1174 3554 1246 semel

1965 1255 2168 1318 tantum
2198 1264 2229 1303 a
2261 1248 2424 1304 leaena
2457 1245 2665 1318 partum
2699 1250 2780 1303 edi
2814 1250 3017 1312 velint,
3050 1248 3208 1301 etiam
3239 1247 3447 1299 ratione
3474 1245 3555 1318 al:

1965 1316 2091 1372 lata.
2121 1318 2343 1386 Plinius,
2379 1315 2517 1375 libro
2546 1336 2671 1383 VIII,
2706 1336 2823 1390 cap.
2856 1322 2921 1376 Ili
2949 1336 2961 1373 :
3002 1338 3019 1370 ι
3060 1317 3235 1390 Semel
3267 1326 3443 1390 autem
3468 1315 3560 1390 edi

1966 1401 2199 1457 partum,
2234 1396 2487 1471 lacerato
2509 1388 2905 1471 tittguittttnacie
2930 1398 3089 1471 utero
3115 1388 3171 1471 in
3204 1388 3405 1471 enixa,
3440 1388 3561 1471 vul-

1966 1475 2091 1529 gum
2122 1462 2418 1518 credidisse
2441 1458 2614 1517 videri.
2643 1484 2661 1515 ι
2680 1462 2782 1518 Sed
2812 1462 2992 1517 subdit
3021 1460 3217 1514 ibidem
3248 1458 3452 1512 Plinius
3474 1458 3559 1512 di-

1966 1545 2178 1585 versam
2208 1536 2431 1587 aliorum
2482 1536 2849 1589 sententiam:
2900 1554 2916 1585 ι
2973 1530 3288 1585 Aristoteles
3336 1529 3555 1583 diversa

1967 1604 2149 1675 tradit,
2181 1617 2285 1659 etc.
2312 1605 2358 1660 ls
2390 1621 2515 1675 ergo
2548 1606 2707 1660 tradit
2737 1609 2956 1660 leaenam
3001 1606 3174 1675 primo
3218 1601 3329 1654 fetu
3364 1615 3556 1675 parere

1966 1674 2203 1748 quinque
2233 1673 2472 1743 catulos,
2492 1691 2553 1731 ac
2588 1692 2692 1748 pe_r_
2718 1691 2886 1748 annos
2914 1674 3153 1748 singulos
3200 1687 3307 1726 uno
3332 1673 3557 1748 minus,

1967 1744 2034 1797 ab
2069 1743 2175 1800 uno
2205 1749 2562 1803 sterilescere.
2590 1743 2619 1800 ⁷)
2652 1746 2803 1803 Unde
2821 1750 2863 1800 si
2890 1748 3056 1802 Ιϐίῐέηἷὶ
3087 1745 3171 1798 hic
3202 1743 3433 1796 catulum
3454 1757 3562 1797 non

1967 1819 2164 1870 catulos
2195 1820 2404 1882 extulit,
2440 1819 2601 1873 fuerit
2634 1819 2719 1873 hic
2748 1820 2967 1872 ultimus
3000 1818 3183 1870 learnas
3212 1825 3416 1883 partus.

2042 1888 2306 1960 Camelos,
2354 1907 2481 1960 quos
2511 1891 2570 1943 ob
2610 1891 2822 1943 nimiam
2851 1888 3169 1960 velocitatem
3210 1884 3561 1960 dromedarios

1971 1959 2197 2032 vocant.]
2235 1956 2492 2031 Vopiscus
2518 1963 2841 2016 Aureliano:
2879 1979 2897 2011 (
2930 1959 3085 2032 Victa
3128 1958 3289 2027 igitur
3320 1956 3559 2011 Zenobia

1972 2046 2092 2086 cum
2114 2030 2325 2100 fugeret
2346 2034 2565 2087 camelis
2593 2049 2725 2102 qum
2754 2030 3039 2102 dromadas
3064 2032 3317 2082 vocitant.
3346 2046 3375 2102 Δι

2045 2101 2114 2155 Et
2142 2098 2271 2157 nova
2294 2105 2503 2158 sitarcia
2533 2098 2808 2173 refocillati
2834 2100 2901 2173 ⁸.]
2930 2102 3053 2173 "ch
3093 2115 3217 2155 vera
3256 2098 3481 2173 scriptio
3504 2104 3561 2152 et

1974 2175 2157 2229 lectio.
2183 2175 2409 2240 Quidam
2441 2176 2559 2229 libri
2592 2168 2722 2229 editi
2773 2168 2951 2228 addita
2993 2168 3438 2239 interpretatione
3468 2168 3567 2224 Ita-

1972 2245 2105 2300 bent
2139 2264 2149 2298 :
2186 2245 2252 2299 Et
2283 2262 2411 2300 nova
2442 2247 2669 2311 sitarcia,
2700 2246 2755 2298 id
2784 2255 2878 2309 est,
2896 2260 3106 2297 annona
3132 2242 3440 2311 refeciltati.
3466 2240 3570 2295 Oc-

1979 2318 2149 2371 currit
2178 2318 2291 2372 ltmc
2322 2334 2423 2371 vox
2453 2319 2502 2372 in
2540 2318 2740 2381 liibliis,
2773 2316 2867 2370 sed
2891 2314 3037 2368 varie
3082 2330 3112 2367 a
3150 2313 3311 2367 variis
3348 2313 3567 2380 scripta.

1974 2387 2150 2459 liteg.
2177 2404 2229 2442 Ix
2265 2405 2278 2441 :
2313 2388 2483 2442 Panes
2506 2390 2799 2459 defecerunt
2848 2387 2911 2459 de
2957 2383 3403 2459 sitarciisnostris
3431 2423 3445 2446 ,
3479 2382 3569 2459 ubi

1974 2454 2121 2533 LXX
2167 2460 2374 2533 habent
2424 2454 2605 2533 mea.
2632 2502 2647 2525 ,
2697 2458 3039 2533 vasa._Regia
3079 2456 3269 2533 editio,
3295 2454 3533 2533 sistartiis
3549 2468 3569 2533 ξ

1977 2531 2358 2597 Lovaniensis,
2392 2524 2677 2596 cisiarciis;
2731 2530 3085 2591 Parisiensis,
3133 2524 3409 2580 sitarcltiis.
3463 2524 3574 2581 Sed

1976 2602 2117 2659 bene
2164 2602 2429 2664 Romana,
2477 2603 2699 2656 sitarciis
2726 2642 2741 2667 ,
2773 2616 2801 2654 a
2832 2612 2977 2659 σῖτος
3008 2606 3064 2654 et
3091 2600 3277 2671 ὀςρκέωΔ
3308 2611 3571 2671 annonam

1976 2674 2225 2743 stt/ﬁcere.
2257 2672 2370 2727 Vox
2396 2674 2512 2727 huic
2541 2665 2735 2728 Latine
2783 2680 3034 2741 usurpata
3088 2665 3338 2743 Apuleio,
3370 2665 3572 2722 Milesia

1977 2739 2404 2814 2;"Augustino,
2438 2753 2569 2799 tom.
2604 2746 2694 2807 lx,
2730 2747 2783 2803 in
2816 2739 3045 2797 tractatu
3075 2747 3141 2795 de
3163 2739 3388 2793 Cantico
3412 2750 3573 2803 novo;

1981 2814 2211 2879 Isidoro,
2247 2817 2385 2870 libro
2418 2833 2509 2881 xx,
2540 2816 2715 2882 capite
2749 2818 2801 2876 9,
2849 2815 2996 2881 Urig.
3030 2814 3270 2867 Sitarcice
3300 2815 3576 2862 nautarum

1978 2898 2117 2954 sunt,
2150 2887 2212 2940 ab
2238 2903 2296 2941 eo
2325 2891 2461 2954 quod
2503 2897 2633 2943 suta:
2660 2896 2778 2942 sunt
2810 2926 2827 2951 ,
2874 2886 2969 2940 sed
3019 2899 3205 2939 verum
3255 2892 3472 2953 etymon
3504 2894 3574 2934 ex

1980 2958 2172 3015 Graeco
2214 2959 2481 3013 dedimus.
2816 2958 2821 2961 ’

2054 3031 2398 3105 Sabinianum
2428 3029 2816 3105 Mesopotamiae
2843 3025 3072 3105 duritiem]
3105 3022 3340 3105 lta_Mss_.
3391 3030 3445 3076 et
3476 3037 3574 3105 ve-

1980 3111 2125 3157 teres
2148 3102 2433 3157 editiones.
2466 3095 2825 3165 Culoniensis,
2854 3095 3146 3160 Sabinum;
3180 3095 3576 3162 Lugdunensis,

1984 3173 2401 3227 Sabaudianum.
2436 3173 2541 3228 Sed
2571 3182 2779 3227 rectum
2826 3169 3162 3225 Sabinianus.
3194 3165 3364 3231 Quem
3395 3171 3577 3217 tamen

1986 3248 2303 3299 Ammianus
2331 3286 2345 3309 ,
2382 3244 2518 3298 libro
2544 3259 2709 3306 XVIII,
2756 3256 2860 3294 non
2915 3236 3317 3309 MesOpotatuia:
3346 3234 3538 3309 ducent
3564 3274 3580 3297 ,

1907 3300 1956 3363 (ἶ
1986 3315 2082 3370 sed
2128 3300 2434 3385 Magistrum
2478 3300 2779 3369 militiazrin
2819 3312 3039 3385 Oriente
3067 3300 3147 3385 :et
3176 3306 3579 3385 Mesopotamia

1984 3387 2157 3459 ponit.
2188 3378 2423 3441 (Rebus
2455 3402 2550 3457 per
2584 3383 3023 3459 Mesopotamiam
3055 3380 3138 3459 in.
3168 3378 3315 3459 hunc
3376 3384 3579 3459 statum

1983 3450 2247 3523 deductis,
2289 3466 2394 3512 etc.
2420 3499 2436 3525 ,
2456 3450 2622 3530 'stetit
2649 3450 2914 3511 sententia
2966 3463 3023 3505 ut
3054 3450 3375 3530 Sabinianus
3407 3450 3580 3530 victus

1986 3532 2201 3602 quidem
2235 3518 2433 3585 'senex'
2456 3542 2508 3584 et
2566 3528 2701 3583 bene
2747 3533 3049 3602 nummatus
3081 3562 3097 3587 ,
3130 3518 3493 3602 seditubellis
3525 3524 3582 3571 et

1987 3592 2232 3667 ignavus,
2284 3613 2341 3656 et
2381 3602 2447 3655 ab
2497 3598 2830 3669 impetranda
2871 3592 3166 3671 magisterii
3193 3592 3456 3671 dignitate
3485 3604 3583 3655 per

1986 3661 2373 3727 obscuritatem
2400 3674 2556 3741 longe
2576 3661 2867 3737 discretus,
2902 3661 3275 3737 praeﬁciendus
3304 3661 3428 3715 Eois
3455 3676 3578 3730 par-

1986 3744 2129 3798 tibus
2161 3749 2478 3799 mitteretur.
2494 3768 2510 3794 ι

2060 3814 2181 3867 Non
2214 3826 2381 3867 tamen
2422 3830 2500 3867 me
2518 3817 2563 3867 ei
2590 3813 2797 3865 credens
2828 3818 2881 3863 ut
2909 3809 3096 3864 sorori.
3124 3806 3143 3878 ]
3176 3804 3533 3873 Hieronymus
3560 3843 3575 3867 ,

1988 3885 2212 3955 epistola
2242 3887 2296 3950 2,
2321 3885 2387 3939 ad
2413 3885 2767 3952 Nepotianum
2800 3900 2812 3933 :
2848 3900 2866 3933 ι
2904 3878 3259 3955 Hospitiolum
3302 3885 3447 3955 tuum
3492 3883 3585 3928 aut

1988 3945 2113 4010 raro
2142 3968 2234 4011 aut
2274 3945 2542 4023 nunquam
2595 3956 2879 4027 mulierum
2931 3945 3123 4027 pedes__
3150 3954 3347 4027 terant.
3381 3945 3583 4027 Omnes

1989 4028 2197 4097 puellas
2227 4040 2280 4084 et
2313 4020 2547 4097 virgines
2577 4025 2781 4082 Christi
2812 4030 2905 4097 aut
2935 4020 3211 4089 aequaliter
3242 4020 3448 4095 ignora,
3488 4022 3583 4068 aut

1988 4095 2267 4168 aequaliter
2315 4095 2510 4169 dilige,
2546 4114 2611 4152 nc
2642 4097 2744 4150 sub
2766 4095 2969 4169 eodem
2992 4100 3137 4169 tecto
3167 4096 3584 4169 mansuemnec

1988 4158 2342 4240 iit-praeterita
2375 4158 2619 4225 ciistitate
2647 4166 2904 4240 conﬁdas.
2927 4164 3035 4219 Nec
3048 4164 3347 4227 Sampsone
3366 4158 3583 4225 l‘ortior,

1987 4236 2089 4297 nec
2119 4244 2321 4297 Davide
2352 4243 2589 4295 sanctior
2616 4281 2631 4306 ,
2674 4253 2771 4292 nec
2802 4236 3090 4311 Salomone
3125 4240 3450 4311 potes_esse
3500 4242 3590 4311 sa-

1988 4314 2241 4384 pientior.
2273 4314 2539 4367 Memento
2567 4298 2948 4384 sempecquod
2977 4298 3207 4384 paradisi
3234 4301 3481 4384 colonum
3513 4298 3584 4353 de

1989 4373 2333 4456 bOSSessione
2381 4399 2476 4439 sua
2520 4373 2713 4437 mulier
2744 4373 2992 4456 cjecerit.
3028 4397 3045 4428 ι
3095 4373 3250 4443 Apud
3276 4377 3541 4456 eumdem
3573 4413 3588 4437 ,

1990 4442 2119 4512 iam.
2180 4456 2271 4521 IX,
2331 4458 2383 4510 in
2437 4458 2623 4525 rugula
2676 4442 3056 4525 monacliarum
3117 4442 3237 4525 qua:
3276 4442 3590 4525 inscribitur

1988 4516 2281 4584 Eustochio
2310 4538 2365 4581 et
2395 4516 2613 4597 reliquis
2644 4522 2956 4597 virginibus,
2996 4519 3121 4597 licio
3156 4516 3467 4597 Iiieronymi
3499 4524 3592 4564 no-

1993 4604 2156 4665 mine,
2190 4615 2314 4668 cap.
2349 4600 2416 4653 l8
2449 4615 2461 4650 :
2493 4590 2526 4648 ι’
2553 4594 2692 4650 Nihil
2736 4590 3106 4668 periculosius
3135 4590 3251 4668 viro
3278 4598 3439 4668 quam
3476 4597 3593 4668 muf-

292 4657 765 4757 assesasses
788 4657 1347 4757 "agas'asér‘saa‘;
1367 4657 1679 4757 senes,
1710 4675 1804 4727 lib.
1833 4657 1885 4728 ii
1916 4689 1971 4752 ι)
1996 4673 2099 4757 tier
2118 4657 2276 4757 ;'ne_c'_
2296 4669 2508 4757 mulieri
2538 4681 2697 4738 quam
2728 4657 2861 4757 “5,;
2894 4657 3326 4757 :L‘"ft1‘_‘f,£’f'f3",'
3346 4667 3591 4757 ,Ξίῖἶῖίίᾶθ

289 4747 347 4802 in
378 4748 573 4803 Lucam
604 4747 751 4803 initio
774 4765 789 4803 :
824 4748 891 4803 Et
916 4751 1033 4803 ideo
1056 4747 1227 4818 pullus
1250 4751 1452 4802 sedetur
1472 4750 1652 4802 asince.

367 4818 643 4874 Pudicitiae
674 4830 872 4873 tantum
899 4814 1206 4875 conscientia
1242 4838 1334 4888 pro
1363 4836 1510 4873 muro
1532 4815 1709 4889 septi_.]
1748 4814 1888 4889 Vere

291 4892 565 4962 pudicitia:
593 4904 907 4947 reverentes
932 4905 1052 4946 sunt
1080 4892 1282 4946 bestiae.
1315 4890 1426 4945 Non
1452 4888 1890 4957 tantum'pudicis

291 4978 445 5032 saepe
473 4979 578 5018 non
610 4966 827 5030 obsunt,
863 4964 956 5019 sed
987 4974 1040 5018 et
1069 4979 1163 5018 eos
1196 4972 1430 5018 tuentur.
1465 4962 1675 5015 lllustre
1705 4973 1891 5032 exem-_

292 5029 447 5105 plum
478 5036 531 5090 in
564 5034 680 5090 Vita
726 5029 1052 5109 Chrysantbi
1084 5044 1139 5089 et
1171 5035 1345 5090 Daria:
1370 5034 1441 5089 25
1480 5032 1728 5088 Octobris
1801 5029 1892 5085 ubi

371 5202 389 5236 ⁸
433 5201 729 5273 Vallarsius
757 5201 885 5273 legit
909 5201 1135 5273 Caligas.
1157 5201 1289 5259 Eutr

371 5274 395 5309 ³
436 5272 753 5341 Vallarsius,
790 5272 917 5331 duos
946 5272 1152 5329 camelis
1181 5273 1477 5331 insidentes.
1514 5272 1667 5328 Eot'r.

1995 4722 2569 4813 ignisfiibernarilus,‘
2598 4751 2762 4791 serm.
2795 4722 2864 4785 65
2894 4732 2946 4785 in
2986 4722 3205 4784 Cantica
3238 4746 3250 4781 :
3280 4745 3309 4813 ﬁt
3346 4725 3478 4808 Gum
3502 4722 3593 4813 le-

1997 4798 2143 4869 mma
2175 4826 2387 4881 semper
2432 4798 2601 4873 esse,
2642 4818 2697 4861 et
2748 4819 2851 4859 non
2894 4816 3221 4881 cognoscere
3277 4798 3586 4881 ferit-iitum,

1998 4864 2484 4952 iibiiﬁe'piﬁs'iesi
2542 4864 2703 4950 quam
2756 4864 3026 4952 mortuuvm
3081 4874 3346 4952 suscitare
3369 4864 3586 4952 {Quod

1997 4958 2175 5012 minus
2220 4945 2304 5010 est
2328 4998 2343 5024 ,
2394 4968 2500 5009 non
2533 4945 2719 5022 potes;
2753 4957 2807 5004 et
2835 4946 2977 5019 quod
3008 4945 3183 5015 majus
3213 4952 3327 4999 est.
3362 4945 3440 4991 vis
3468 4948 3592 4989 cre-

1997 5030 2119 5085 dam
2151 5025 2286 5082 tibi?
2324 5045 2343 5079 ι

2071 5197 2090 5229 ³
2130 5193 2266 5251 Vide
2293 5188 2515 5256 Patrol.,
2557 5195 2688 5244 tom.
2718 5179 2914 5245 XXIII,
2949 5177 3053 5235 col.
3087 5173 3177 5237 59,
3208 5177 3323 5227 not.
3358 5168 3400 5239 Γ.
3425 5165 3592 5223 Eois.
