4142 6350
580 441 3863 480 Ἥ

2448 473 2835 484 H——/——————

2140 479 2439 486 .___.——————

1886 481 2127 489 ~——.——v

2060 572 2230 613 JL'NH
2278 571 2396 612 XII.

911 712 1385 868 VITA
1488 710 2209 862 SANCTI
2308 613 3518 867 ONUPHRIIm.

1938 970 2463 1051 EREMIT/E
2503 1014 2532 1054 ς

1028 1158 1397 1223 AUCTORE
1443 1132 1898 1221 PAPHNUTIO
1944 1156 2032 1241 (2)
2086 1158 2420 1229 ABBATE,
2469 1154 2971 1217 INTERPRETE
3018 1156 3419 1219 ANONYMO

1150 1414 1823 1592 ἦβτοιοᾳιιβ
1896 1400 2184 1551 inte:

2288 1396 2626 1557 iretis
2696 1414 3343 1584 aucupari.

651 1677 768 1749 99
799 1676 944 1732 Beati
973 1674 1237 1743 Onupbrii
1268 1675 1439 1729 Vitam
1475 1676 1610 1729 inter
1640 1676 1951 1730 Graecorum
1982 1684 2286 1731 commenta
2315 1677 2567 1746 scriptam
2601 1674 2771 1745 nuper
2798 1678 2997 1747 reperi,
3026 1686 3083 1730 ut
3124 1678 3391 1745 quondam
3424 1678 3454 1733 ἁ
3484 1683 3783 1740 venerabili
3814 1700 3878 1755 ac

578 1764 998 1845 lprudentissimo
1029 1776 1169 1838 viro,
1199 1773 1404 1826 scilicet
1433 1770 1689 1841 Gregorio
1720 1771 1821 1843 (3),
1857 1774 2025 1842 ipsius
2053 1782 2202 1840 gesta
2232 1783 2510 1838 narrante,
2562 1771 2810 1841 cognovi.
2845 1772 2993 1827 Hauc
3022 1771 3375 1841 Paphnutius,
3405 1776 3489 1831 vir
3516 1792 3733 1848 quoque
3753 1794 3883 1835 san-

586 1870 871 1932 ctissimus,
908 1866 1095 1921 Graeco
1122 1880 1372 1920 sermone
1425 1868 1616 1919 retexit
1646 1866 1715 1920 ab
1740 1867 1984 1921 exordio.
2013 1868 2181 1934 Quem
2220 1883 2317 1939 ego
2366 1877 2611 1933 secutus,
2644 1882 2674 1922 e
2704 1866 2895 1921 Graeco
2925 1867 3168 1921 transtuli
3203 1866 3258 1920 in
3294 1868 3563 1937 Latinum,
3616 1872 3883 1943 largiente

586 1960 832 2025 Demino,
864 1968 920 2013 ut
948 1959 1065 2026 ejus
1094 1958 1389 2027 probabilis
1418 1958 1525 2012 vita
1554 1959 1849 2014 secundum
1882 1960 2025 2015 vires
2052 1976 2205 2017 meas
2232 1954 2591 2026 manifestata,
2629 1958 3038 2015 admirationem
3082 1960 3383 2029 legentibus
3416 1964 3653 2029 praebeat
3678 1978 3733 2022 et
3762 1970 3884 2024 inti-

588 2054 858 2108 tationem.
890 2052 1004 2105 Non
1039 2051 1371 2120 perpendite,
1402 2066 1605 2121 quasso,
1642 2051 1745 2105 mei
1780 2054 2043 2107 sermonis
2070 2052 2446 2117 rusticitatem,
2478 2048 2571 2108 sed
2603 2053 2734 2107 tanti
2765 2050 2963 2106 laboris
3002 2052 3183 2106 animo
3212 2053 3471 2107 revolvite
3502 2053 3884 2124 longanimita-

588 2134 695 2206 tem
726 2164 928 2219 :.quam
959 2148 1039 2207 vir
1071 2149 1182 2204 Deo
1210 2150 1402 2219 plenus
1453 2149 1716 2216 patienter
1744 2151 2019 2217 sustinuit,
2044 2151 2179 2206 dum
2210 2151 2496 2208 mundana:
2529 2150 2782 2206 vanitatis
2805 2151 3030 2221 gloriam
3074 2149 3297 2221 sprevit,
3330 2162 3384 2206 et
3412 2151 3632 2207 cmleste
3656 2167 3884 2222 regnum

585 2239 825 2295 districte
853 2238 1082 2293 vivendo
1110 2239 1322 2294 sibimet
1348 2238 1703 2293 hareditavit.

1991 2480 2460 2623 VITA.

656 2701 832 2757 Beata:
884 2700 1158 2756 memerite
1219 2698 1548 2770 Paphnutius
1598 2696 1842 2769 quaedam
1895 2700 2179 2771 eogitatio-
2209 2707 2263 2767 Α
2286 2713 2503 2769 geretur
2535 2700 2637 2773 (5).
2672 2680 2775 2757 Pro
2806 2696 3128 2759 vestimento
3154 2720 3366 2777 quoque
3415 2708 3553 2764 foliis
3590 2710 3889 2781 herbisque

580 2814 713 2856 num
740 2809 793 2852 et
821 2802 1034 2853 actuum
1065 2810 1285 2851 suorum
1316 2790 1521 2850 secreta
1566 2796 1745 2851 taliter
1777 2798 2059 2865 reseravit,
2091 2797 2176 2850 di-

584 2892 713 2946 cens
740 2904 755 2947 :

655 3003 785 3059 Cn.
819 3003 859 3057 Ι.
890 3034 961 3043 -
987 3001 1229 3071 Quodam
1255 3001 1374 3069 die,
1399 3004 1525 3058 dum
1555 3018 1654 3075 ego
1684 3004 2011 3073 Paphnutius
2035 3005 2179 3058 solus

588 3099 885 3169 tacitusque
913 3097 1180 3163 sederem,
1217 3098 1452 3167 cogitavi
1484 3099 1535 3152 in
1568 3099 1733 3153 corde
1766 3113 1885 3153 meo
1913 3100 2053 3167 quod
2080 3099 2176 3152 de-

587 3199 728 3246 serta
775 3199 1034 3259 peterem,
1068 3200 1120 3243 et
1168 3188 1419 3244 universa
1468 3191 1583 3244 loca
1632 3196 1940 3245 sanctorum
1994 3208 2179 3245 mona-

587 3285 831 3351 chorum,
866 3285 1072 3355 piaeque
1102 3286 1527 3340 conversationis
1578 3286 1819 3342 habitum
1870 3288 2175 3353 lustrarem,

587 3390 649 3433 ac
680 3380 908 3448 qualiter
937 3378 1047 3433 Deo
1099 3378 1498 3445 ministrarent,
1548 3380 1971 3435 considerarem.
2029 3378 2179 3435 Unde

584 3466 895 3527 factum'est
924 3468 979 3526 iit
1010 3474 1200 3527 tacitus
1246 3474 1346 3527 iter
1390 3473 1706 3543 arriperem,
1756 3475 1888 3528 etin
1934 3470 2176 3530 eremum

589 3579 745 3619 cursu
791 3564 1131 3618 desiderabili
1183 3580 1547 3634 prolierarem.
1608 3565 1781 3621 Panes
1823 3566 2004 3636 itaque
2053 3583 2177 3622 cum

589 3669 726 3725 aqua
758 3654 951 3725 exigua
997 3669 1204 3711 mecum
1234 3657 1461 3725 portavi,
1518 3671 1585 3711 ne
1614 3656 1901 3711 deﬁcerem
1927 3671 1955 3710 a
1996 3658 2180 3714 labore

592 3745 800 3801 itineris
840 3747 1024 3815 empti.
1061 3746 1261 3812 Quarto
1304 3756 1479 3800 autem
1524 3746 1612 3802 die
1641 3756 1883 3817 peracto,
1928 3748 2179 3803 alimenta

582 3844 711 3908 ‘qua:
754 3852 964 3893 mecum
1012 3837 1211 3905 sumpsi
1263 3836 1620 3905 defecerunt,
1663 3852 1887 3907 meaque
1938 3839 2181 3893 membra

590 3930 739 3984 nullo
769 3930 916 3985 victu
944 3928 1240 3983 refoeillata
1266 3929 1411 3984 vires
1443 3930 1813 3999 perdiderunt.
1849 3930 2079 4000 Moxque
2100 3929 2181 3985 di-

592 4022 713 4074 vina
764 4021 1064 4074 illustrante
1101 4021 1304 4090 gratia,
1348 4034 1495 4074 mors
1524 4020 1810 4075 imminens
1842 4020 2016 4074 ablata
2062 4031 2176 4085 est;

2286 2793 2556 2860 utebatur,
2584 2794 2777 2861 quibus
2822 2797 3125 2851 subteriora
3164 2813 3353 2852 renum
3386 2799 3467 2871 (6)
3511 2804 3889 2859 tantummodo

2282 2885 2553 2954 cingebat.
2588 2885 2704 2940 Tali
2738 2889 2857 2940 viso
2902 2886 3145 2955 homine,
3201 2890 3366 2946 nimio
3398 2890 3710 2959 perterritus
3758 2892 3888 2952 sui

2280 2978 2509 3044 terrore,
2563 2979 2808 3035 anxiatns
2857 2980 2994 3034 ultra
3022 2996 3181 3051 quam
3213 2985 3360 3038 credi
3402 2994 3579 3054 potest
3603 2988 3796 3044 timore
3828 2999 3891 3045 et

2284 3069 2673 3137 admiratione,
2714 3072 2965 3142 quoniam
3013 3082 3120 3127 tam
3163 3074 3297 3128 mira
3347 3074 3518 3131 forma
3548 3077 3682 3132 meis
3709 3080 3892 3136 oculis

2282 3177 2555 3231 nunquam
2587 3162 2685 3218 fuit
2713 3171 2927 3219 ostensa
2960 3165 3012 3219 in
3061 3165 3294 3222 hutnana
3339 3169 3536 3237 specie.
3567 3169 3704 3237 Quid
3738 3172 3892 3228 face-

2285 3269 2399 3311 rem
2455 3257 2726 3326 ignoravi;
2778 3252 2873 3313 sed
2929 3269 3185 3328 quantum
3243 3262 3417 3327 valui,
3479 3263 3655 3333 fugam
3708 3266 3888 3334 petii,

2286 3358 2629 3416 montemque
2659 3349 3011 3419 propinquum
3040 3351 3255 3407 concito
3299 3368 3459 3409 cursu
3489 3356 3710 3410 ascendi
3734 3372 3751 3422 ;
3776 3357 3887 3412 ibi-

2285 3459 2388 3513 que
2420 3445 2762 3499 tremefactus
2788 3446 2988 3513 corrui,
3022 3455 3181 3516 atque
3208 3463 3297 3503 me
3321 3448 3422 3503 sub
3452 3448 3722 3505 frondium
3745 3450 3890 3505 den-

2283 3540 2482 3591 sitatea
2506 3538 2639 3593 facie
2660 3537 2801 3593 illius
2816 3538 3094 3607 abscondi,
3110 3532 3276 3596 multa
3298 3542 3431 3597 dans
3451 3542 3701 3614 suspiria.
3724 3546 3891 3618 100

2284 3620 2466 3686 Defeci
2498 3628 2632 3689 pene
2675 3642 2832 3687 aetate
2880 3640 2936 3689 et
2979 3632 3160 3689 labore
3200 3632 3563 3693 abstinentiae.
3612 3634 3712 3692 Hic
3752 3653 3888 3694 vero

2288 3717 2415 3771 dum
2458 3732 2547 3772 me
2587 3718 2846 3773 cernebat
2892 3722 2945 3774 in
2988 3732 3171 3777 monte
3217 3722 3515 3791 jacentem,
3551 3739 3685 3779 voce
3716 3725 3887 3782 nimia

2285 3812 2561 3881 clamavit,
2588 3821 2642 3867 et
2672 3813 2839 3868 dixit:
2872 3814 2966 3869 Vir
2993 3815 3111 3881 Dei,
3136 3815 3403 3871 descende
3425 3818 3492 3872 de
3523 3824 3727 3872 monte.
3759 3812 3886 3873 Noli

2285 3902 2514 3971 timere;
2552 3918 2652 3973 ego
2671 3902 2821 3959 enim
2864 3920 2982 3961 sum
3013 3908 3176 3963 homo
3207 3908 3496 3978 passibilis,
3529 3909 3622 3965 tibi
3665 3909 3884 3966 similis.

2282 3994 2379 4053 His
2407 3998 2589 4067 itaque
2620 3999 2932 4057 consolatus
2986 4002 3181 4069 verbis,
3216 4011 3452 4059 mentem
3484 4003 3684 4074 recipi,
3727 4019 3888 4060 mox-

594 4112 988 4181 assumptisque
1033 4111 1236 4165 viribus
1284 4111 1386 4166 iter
1427 4113 1650 4182 arripui,
1705 4124 1863 4181 atque
1893 4112 2009 4165 dies
2052 4113 2183 4166 alios
2217 4102 2387 4163 Bque
2415 4090 2694 4159 descendi:
2726 4100 2782 4146 ει
2822 4093 2889 4148 δά
2944 4094 3119 4149 Virum
3149 4104 3393 4150 sanetum
3424 4096 3676 4165 Perveni»
3717 4098 3887 4168 atque

593 4214 818 4274 quatuor
846 4203 978 4259 nihil
1006 4203 1270 4272 gnstando
1300 4204 1499 4275 peregi.
1534 4206 1625 4259 llis
1671 4205 1849 4274 itaque
1876 4205 2176 4274 completis,

592 4297 817 4351 nimium
848 4296 1042 4363 fessus,
1068 4295 1232 4351 humo
1254 4306 1556 4367 prostratus
1573 4297 1717 4367 jaeui
1746 4296 1892 4351 velut
1914 4306 2178 4351 mortuus.

594 4388 881 4462 Extemplo
911 4406 1123 4461 quoque
1152 4390 1364 4446 caelesti
1390 4391 1591 4446 solatus
1617 4391 1903 4461 adjutorio,
1931 4391 2185 4446 assistere

593 4488 725 4542 mihi
751 4487 857 4542 vidi
885 4488 1082 4552 virum,
1113 4488 1280 4557 gloria
1328 4485 1655 4549 mirabilem,
1689 4482 1980 4553 Splendore
2024 4482 2184 4536 terri-

596 4579 776 4645 bilem,
810 4582 1203 4650 pulchritudine
1227 4580 1573 4650 laudabilem,
1600 4578 1970 4649 magnitudine
1998 4592 2188 4647 proce-

597 4690 737 4745 rum,
763 4685 977 4745 aspectu
1014 4675 1346 4743 praeclarum.
1382 4672 1551 4742 Quem
1576 4684 1633 4726 ut
1662 4672 1867 4742 aspexi,
1898 4670 2189 4726 vehemen-

598 4779 681 4824 ter
700 4769 985 4839 obstupui;
1020 4769 1111 4824 sed
1148 4761 1323 4823 tamen
1359 4768 1445 4823 ille
1488 4768 1632 4822 vultu
1665 4766 1871 4836 placido
1902 4766 2185 4831 accedens,

596 4876 741 4918 nunc
772 4876 980 4929 manus,
1016 4877 1155 4916 nunc
1206 4861 1341 4914 labia
1377 4875 1491 4914 mea
1543 4860 1739 4928 tetigit,
1776 4857 2013 4927 mihique
2046 4857 2188 4911 vires

598 4960 845 5023 potenter
874 4953 1192 5009 reStauravit
1222 4950 1687 5020 (Joannes,libello
1718 4963 1798 5017 tn,
1831 4966 1885 5002 η.
1913 4946 2024 5016 12).
2051 4945 2191 5002 Con-

598 5047 747 5102 tinuo
776 5046 928 5100 laetus
958 5046 1187 5110 surrexi,
1213 5044 1431 5113 Deoque
1455 5043 1687 5111 favente,
1720 5056 1815 5111 per
1843 5038 2189 5096 solitudinem

596 5138 790 5193 exinde
819 5137 1003 5191 decem
1025 5147 1079 5191 et
1127 5148 1331 5205 septem
1355 5136 1564 5191 dierum
1598 5147 1813 5187 cursum
1841 5133 2031 5197 direxi,
2059 5148 2193 5200 quo-

596 5243 769 5299 usque
796 5230 862 5284 ad
892 5230 1064 5285 locum
1096 5246 1252 5299 quem
1304 5229 1559 5283 Dominus
1590 5226 1721 5281 mihi
1749 5225 1951 5280 famulo
1985 5214 2085 5283 suo
2114 5227 2191 5279 iu-

600 5320 761 5390 digno
791 5322 1105 5391 providebat
1134 5323 1441 5379 ostendere.
1477 5320 1729 5385 perveni;
1761 5318 1871 5373 illic
1893 5317 1960 5371 ab
1988 5318 2193 5371 itineris

600 5412 787 5469 labore
814 5416 1037 5470 cessavi.

2281 4182 2506 4255 pedibus
2535 4184 2653 4255 ejus
2696 4200 2782 4241 me
2816 4186 3033 4243 timidus
3061 4190 3344 4257 prostravi.
3376 4187 3470 4243 llle
3525 4202 3749 4260 quoque
3794 4205 3885 4245 me

2279 4278 2571 4348 prohibens
2618 4288 2743 4335 ante
2770 4296 2831 4336 se
2871 4279 3073 4350 jacere,
3105 4280 3303 4352 Surge,
3336 4281 3529 4349 inquit,
3581 4293 3780 4350 surge;
3823 4292 3883 4336 tu

2289 4375 2432 4429 enim
2461 4389 2521 4428 es
2568 4374 2661 4429 Dei
2706 4387 2915 4439 servus,
2947 4382 3002 4429 et
3040 4373 3249 4429 vocaris
3282 4373 3637 4444 Paphnutius,
3671 4382 3893 4428 sancto-

2290 4480 2409 4520 rum
2443 4466 2666 4520 amicus.
2700 4465 2889 4520 Statim
2920 4462 3164 4531 surrexi;
3194 4477 3248 4521 et
3278 4466 3521 4536 quamvis
3561 4466 3761 4529 fessus,
3816 4476 3893 4518 Ia-

2292 4573 2415 4612 men
2445 4557 2600 4611 laetus
2650 4564 2775 4610 ante
2805 4570 2927 4610 eum
2975 4555 3111 4621 sedi,
3153 4556 3264 4626 jam
3298 4554 3526 4611 ferventi
3577 4554 3888 4625 desiderio,

2290 4649 2408 4719 quis
2434 4646 2570 4717 ipse,
2603 4656 2657 4702 et
2703 4646 2874 4715 qualis
2908 4646 3027 4716 ejus
3057 4654 3203 4702 esset
3230 4648 3374 4713 vita,
3426 4646 3651 4716 cupiens
3701 4645 3893 4717 digno.

2290 4756 2465 4811 scere,
2497 4741 2684 4796 dicens
2715 4757 2730 4794 :
2763 4739 2903 4797 Ecce
2953 4753 3134 4794 vontm
3181 4741 3513 4811 adimplevit,
3545 4740 3637 4810 qui
3677 4755 3766 4795 me
3798 4754 3893 4811 per

2290 4824 2431 4890 hanc
2472 4847 2713 4889 eremum
2743 4824 2957 4888 direxit.
2990 4830 3069 4887 En
3098 4841 3246 4888 artus
3294 4832 3397 4889 mei
3437 4828 3747 4889 fatiscentes
3790 4834 3888 4889 ali-

2293 4926 2435 4995 quod
2479 4926 2719 4979 sentiunt
2769 4923 3041 4991 solatium,
3091 4924 3187 4979 sed
3247 4940 3399 4980 mens
3451 4924 3724 4980 sitibuuda
3776 4940 3883 4979 non

2294 5018 2467 5072 adhuc
2493 5016 2702 5072 invenit
2726 5016 3086 5087 refrigerium.
3134 5016 3339 5072 ideirco
3372 5024 3446 5083 te,
3491 5020 3690 5084 senior,
3725 5018 3893 5073 cerde

2294 5113 2488 5166 devoto
2518 5111 2797 5177 deprecor,
2832 5121 2992 5180 atque
3023 5126 3115 5179 per
3143 5111 3311 5177 illum,
3358 5113 3428 5168 ob
3456 5112 3610 5183 cujus
3641 5130 3887 5170 amorem

2297 5206 2453 5275 hujus
2501 5206 2803 5261 solitudinis
2847 5204 3062 5261 deserta
3112 5206 3340 5274 habitas,
3391 5217 3443 5263 te
3488 5196 3786 5272 centest’or,
3838 5219 3892 5263 ut

2296 5302 2439 5355 unde
2468 5300 2540 5356 sis
2579 5310 2671 5354 aut
2699 5300 2965 5369 quomodo
2999 5301 3239 5367 voceris,
3286 5317 3380 5356 seu
3421 5304 3636 5372 quando
3669 5304 3774 5356 huc
3799 5305 3889 5357 ad-

2298 5395 2527 5460 veneris,
2571 5396 2771 5463 apertis
2813 5395 2938 5448 mihi
2984 5397 3158 5450 verbis
3189 5395 3499 5454 denunties.
3548 5397 3614 5453 Et
3665 5399 3747 5453 vir
3800 5396 3892 5453 Dei

674 5506 803 5561 οη,
850 5506 913 5561 ιι,
956 5535 1025 5545 ...
1059 5505 1223 5575 Isim
1271 5505 1396 5559 dum
1449 5504 1621 5561 fessus
1674 5506 2089 5575 “quiescerem,
2140 5483 2266 5561 ac
2300 5501 2688 5555 recognoscens
2715 5501 2877 5556 quam
2910 5487 3097 5541 libenti
3127 5489 3307 5543 animo
3340 5488 3663 5544 sententiam
3707 5490 3791 5544 sui
3817 5490 3891 5543 la-

601 5614 761 5670 quam
812 5614 951 5670 aegre
1001 5598 1080 5668 (4)
1134 5598 1401 5667 profectus
1448 5613 1622 5654 essem
1660 5599 1973 5669 cogitarem,
2021 5597 2192 5654 virum

600 5694 787 5763 procul
816 5702 1035 5764 aspectu
1064 5692 1357 5748 terribilem
1387 5691 1515 5759 vidi,
1541 5693 1595 5747 in
1625 5690 1840 5747 modum
1870 5692 2053 5748 bestiae
2076 5695 2197 5765 pilis

603 5788 839 5857 undique
865 5788 1280 5856 circumseptum
1304 5803 1317 5850 ;
1350 5788 1432 5840 cui
1470 5795 1617 5841 tanta
1642 5787 1853 5843 scilicet
1882 5788 2195 5856 capillorum

605 5880 889 5948 prolixitas
915 5889 1050 5951 erat,
1076 5888 1134 5934 ut
1154 5892 1354 5949 corpus
1383 5879 1520 5935 illius
1549 5879 1786 5950 ipsorum
1818 5878 2105 5939 diﬂusione
2125 5892 2197 5939 te-

2300 5579 2445 5634 boris
2473 5578 2735 5645 audirem,
2764 5577 2900 5637 dixit
2929 5579 3059 5633 mihi
3087 5597 3100 5633 :

2370 5696 2498 5751 Car.
2566 5695 2651 5750 Ill.
2704 5725 2775 5736 —
2820 5695 3084 5762 Quoniam
3138 5706 3211 5761 te,
3264 5695 3432 5752 frater
3475 5696 3695 5764 dilecte,
3738 5698 3889 5753 avida

2302 5801 2480 5847 mente
2509 5792 2631 5846 vitae
2662 5806 2796 5847 mea:
2842 5790 3026 5862 longas
3068 5805 3358 5854 aerumnas.
3379 5790 3513 5846 velle
3542 5791 3681 5846 scire
3711 5792 3886 5855 video,

2303 5896 2545 5957 repetere
2588 5899 2674 5941 me
2705 5884 2798 5941 tibi
2830 5899 2935 5943 non
2983 5883 3195 5942 dubites
3227 5881 3322 5940 has
3353 5884 3420 5941 ab
3466 5882 3711 5939 exordio.
3760 5884 3887 5954 Ego,
