4142 6350
290 402 401 463 253

1325 366 1483 451 Vii‘lt
1522 368 1767 450 sltNCTt
1808 364 2157 457 onb'bnutt,
2200 364 2550 447 summa.

3483 384 3594 445 2M

292 502 419 574 licet
444 506 762 576 immeritus,
816 501 980 563 vectit-
1006 496 1337 577 Onuphr'ius.
1374 498 1440 562 Et
1470 521 1597 562 ecce
1644 504 1753 559 non
1785 502 1887 559 mi-
1912 504 1968 565 -Α
1997 502 2153 568 tium,
2175 506 2385 560 constat
2418 519 2513 561 eos
2534 500 2732 561 habere
2756 505 2993 561 divinum
3016 505 3118 576 (9).
3157 503 3224 560 Et
3244 502 3289 559 si
3319 502 3589 572 esuriunt,

298 624 396 665 nus
465 616 590 660 sunt
643 617 801 674 quam
860 601 1194 669 septuaginta
1262 599 1385 653 anni
1446 598 1568 669 (7),
1643 592 1786 665 qubd
1834 594 1891 649 in

292 706 401 758 hoc
445 700 667 756 lleserto
699 695 963 752 laboriose
1010 688 1139 747 visi.
1189 691 1321 747 Cum
1360 689 1487 745 feris
1534 697 1892 743 conversatus

292 780 416 848 sum
472 790 743 853 crebrius,
776 792 873 855 pro
921 798 1059 854 pane
1103 781 1313 837 comedi
1359 782 1557 852 iugiter
1602 778 1892 834 herbarum

294 886 522 949 fructus,
560 880 611 937 i‘n
662 878 933 935 montibus
964 886 1015 931 et
1056 874 1115 930 in
1147 874 1414 944 SpelunCis
1462 874 1515 928 e't
1564 874 1615 927 in
1662 868 1893 926 vallibus

296 989 476 1031 meum
526 969 783 1026 reclinavi
832 965 1136 1022 miserabile
1178 976 1399 1034 'corpus.
1444 960 1543 1018 'l‘ot
1593 965 1746 1017 annis
1794 968 1893 1017 n‘e-

296 1072 499 1125 r'ninem
531 1066 633 1121 nisi
675 1074 726 1119 te
770 1064 941 1118 solum
999 1060 1241 1129 adspexi,
1296 1060 1609 1114 alimentum
1658 1072 1686 1111 a
1746 1057 1895 1112 nullo

296 1165 575 1221 hominum
621 1156 847 1227 sumpsi,
880 1156 935 1210 in
982 1152 1312 1209 m‘oItasterio
1340 1150 1708 1221 Hermupolim
1751 1151 1896 1204 dicto

298 1255 576 1317 nutritus,
647 1253 701 1306 in
768 1248 1036 1318 provincia
1105 1242 1379 1301 Thebaida
1435 1243 1514 1316 (8)
1576 1244 1891 1308 nominata,

297 1350 391 1405 ubi
440 1344 599 1402 simul
647 1356 781 1413 pene
820 1346 1046 1396 ‘centum
1084 1337 1336 1393 monachi
1388 1336 1675 1408 degebant.
1729 1335 1896 1389 Porro

300 1446 412 1499 vita
444 1442 661 1497 illorum
690 1435 811 1493 talis
838 1435 1063 1501 exstitit,
1096 1443 1157 1489 ut
1188 1447 1337 1487 more
1378 1441 1432 1487 et
1460 1429 1672 1486 actione
1714 1440 1895 1499 aequa-

296 1538 516 1592 nimiter
544 1545 733 1588 omnes
764 1529 1024 1592 viverent,
1050 1536 1103 1583 et
1133 1541 1240 1581 uno
1269 1522 1433 1582 corde
1460 1535 1511 1581 et
1543 1538 1649 1579 uno
1680 1518 1895 1593 spiritu,

300 1623 423 1697 iugo
449 1639 510 1679 ac
544 1622 840 1691 disciplina:
867 1627 1067 1672 sancta.-
1094 1617 1296 1686 regulae
1327 1616 1463 1671 colla
1490 1615 1897 1681 submitterent,

299 1727 459 1788 atque
504 1716 698 1771 tinctus
728 1712 891 1783 hujus
918 1711 1104 1765 saeculi
1134 1711 1354 1764 omnino
1384 1724 1491 1763 non
1523 1706 1893 1763 formidarent.

299 1808 569 1880 Quidquid
632 1806 723 1860 uni
772 1802 1061 1873 placebat,
1135 1801 1340 1858 cunctis
1399 1800 1663 1871 placebat.
1726 1792 1902 1854 Mente

2000 595 2119 663 quis
2148 594 2225 652 eis
2255 612 2445 667 panem
2474 597 2657 654 dabit?
2685 599 2741 654 Si
2769 599 2971 665 sitiunt,
3006 601 3123 670 quis
3154 601 3231 655 eis
3256 612 3448 667 aquam
3497 599 3593 652 tri-

2001 690 2137 759 buit,
2168 692 2255 747 ubi
2306 694 2456 763 panis
2487 702 2541 750 et
2569 711 2705 766 aqua
2750 690 2854 751 non
2886 697 3000 751 est?
3045 697 3307 752 Maximus
3351 696 3501 750 labor
3531 695 3589 750 itt

2001 778 2227 840 desertis
2260 786 2392 841 locis
2435 794 2555 845 e‘sSe
2582 804 2686 843 non
2732 790 3024 858 dubitatur,
3052 790 3143 844 ubi
3175 788 3305 844 nihil
3336 802 3591 843 necessa-

2001 877 2137 931 rium
2172 879 2452 948 reperitur.
2506 876 2738 935 Primum
2770 898 2916 951 ergo,
2960 883 3169 951 quando
3202 884 3252 935 in
3298 880 3590 936 solitudine

2002 969 2259 1026 definiunt
2313 974 2574 1043 habitare,
2634 975 2684 1028 in
2732 966 2828 1029 Dei
2875 974 3065 1029 timore
3115 980 3324 1029 certant
3368 974 3591 1027 firmiter

2001 1077 2165 1121 Stare.
2200 1063 2254 1119 ln
2284 1065 2422 1123 fame
2452 1075 2506 1122 et
2530 1067 2645 1133 ‘siti,
2696 1064 2745 1122 in
2796 1068 2976 1123 labore
3007 1078 3058 1123 et
3092 1068 3340 1137 passione
3364 1064 3594 1135 corpora

2003 1174 2097 1214 sua
2128 1160 2398 1223 cruciant;
2430 1170 2615 1216 contra
2658 1160 2956 1216 ’diabolieas
3001 1161 3221 1216 insidias
3250 1161 3474 1215 viriliter
3509 1160 3594 1214 di-

2006 1242 2231 1318 micant;
2266 1262 2317 1309 et
2350 1260 2405 1306 ut
2451 1254 2693 1319 vincant,
2725 1258 2913 1308 contra
2947 1250 3047 1308 tela
3090 1251 3397 1323 nequissimi
3440 1254 3593 1321 ignea

2004 1344 2195 1413 gladiis
2239 1342 2611 1413 Spiritualibus
2643 1356 2896 1415 pugnant.
2949 1347 3214 1416 Antiquus
3259 1346 3457 1400 etenim
3505 1344 3599 1400 ille

2006 1437 2197 1502 hostis,
2230 1430 2389 1491 tutius
2415 1439 2661 1493 inventor
2688 1439 3007 1507 iniquitatis,
3041 1438 3217 1493 studet
3246 1455 3340 1493 eos
3362 1438 3594 1494 subver-

2006 1539 2140 1596 tere,
2173 1540 2225 1585 et
2256 1531 2308 1585 in
2340 1534 2666 1587 Consortium
2702 1526 2916 1587 malitia:
2948 1549 3057 1589 suae
3110 1534 3405 1602 implicare,
3439 1541 3601 1601 atque

2007 1623 2073 1678 de
2104 1623 2241 1678 bona
2271 1628 2561 1693 voluntate,
2595 1642 2754 1696 quam
2802 1624 3144 1692 inchoabant,
3194 1622 3499 1689 retrahere;
3545 1632 3602 1681 et

2009 1724 2215 1770 mentes
2234 1714 2422 1770 eorum
2455 1718 2739 1771 mundanis
2760 1717 3122 1787 voluptatibus
3147 1719 3341 1773 iterum
3362 1718 3599 1783 irretire,

2010 1818 2069 1863 ut
2097 1810 2148 1863 in
2180 1818 2342 1879 opere
2377 1788 2530 1883 iol
2558 1822 2735 1880 cucpto
2776 1798 3361 1894 fa'tiscant'persistere.
3405 1811 3598 1865 Omni-

302 1878 508 1985 “qui.
565 1898 666 1953 "de
717 1901 879 1966 Pura»
937 1896 1202 1949 οὶιθτὶῑθῑθ
1261 1888 1501 1962 Ferrecm
1546 1901 1672 1981 3M0
1730 1878 1897 1945 θευιῆ
1928 1888 1980 1960 Β
2010 1913 2198 1969 potens
2229 1910 2355 1972 ergo
2379 1878 2552 1969 Deus,
2586 1878 2674 1970 qui
2702 1917 2806 1957 non
2848 1878 3176 1973 derelinquit
3223 1912 3503 1979 sperantes
3546 1902 3606 1959 in

302 1978 645 2047 incedebant.
701 1990 787 2042 cui
838 1988 925 2042 die
979 1997 1246 2055 noctuque
1303 1984 1449 2038 omni
1494 1978 1907 2038 mansuetudine

304 2096 361 2146 ct
426 2087 688 2156 patientia
736 2084 1047 2138 ministrare
1100 2094 1204 2136 non
1260 2080 1559 2136 cessabant.
1602 2078 1769 2132 Tanta
1825 2070 1907 2132 his

303 2193 422 2238 erat
453 2179 793 2236 taciturnitas
824 2190 943 2231 cum
995 2172 1337 2238 abStinentia,
1377 2180 1437 2226 ut
1483 2170 1661 2225 nullos
1687 2168 1911 2224 auderet

306 2278 412 2333 nisi
455 2284 578 2330 cum
621 2272 765 2344 justa
813 2268 1258 2338 interrogatione,
1304 2262 1391 2323 vel
1432 2275 1579 2321 recto
1622 2262 1907 2334 ‘reSpOnso,

308 2370 540 2426 reddere
560 2367 803 2422 verbum.
825 2365 897 2419 lbi
922 2378 1135 2434 quoque
1153 2361 1404 2432 pabulum
1428 2358 1627 2415 san'ctre
1651 2358 1912 2414 doctrinae

311 2463 382 2516 ab
411 2458 773 2516 adolescentia
822 2452 1072 2524 suscepi;
1100 2455 1170 2510 ibi
1212 2451 1480 2523 regularis
1507 2453 1629 2506 vita:
1666 2446 1911 2505 normam

308 2570 335 2607 τι
371 2552 627 2608 fratribus
674 2550 857 2617 didici,
890 2563 920 2602 a
948 2547 1145 2619 quibus
1188 2542 1492 2601 amabiliter
1518 2540 1813 2614 dilige‘bar;
1847 2544 1913 2599 ab

311 2647 419 2713 nis,
451 2644 679 2715 qualiter
711 2645 949 2697 instituta
979 2639 1354 2696 mandatorum
1380 2638 1477 2695 Dei
1504 2630 1725 2694 Servare
1747 2636 1915 2693 debe—

310 2754 450 2800 rem,
478 2738 770 2807 diligenter
795 2731 1118 2790 instruebar.

384 2832 515 2887 CAP.
564 2830 659 2885 iV.
713 2859 783 2870 --
830 2827 1081 2883 Profecto
1119 2823 1284 2882 vitam
1319 2823 1477 2881 .heati
1520 2814 1699 2881 'Patris
1740 2814 1918 2880 nostri

314 2925 449 2979 tiliae
500 2923 831 2978 venerabiles
859 2920 1052 2975 fratres
1080 2918 1230 2975 meos
1257 2916 1437 2973 audivi
1466 2910 1777 2987 ﬁeqde’n‘tér
1801 2912 1917 2971 lau-

310 3019 467 3081 dare,
493 3016 581 3085 qui
607 3029 667 3070 se
698 3016 748 3068 in
778 3027 961 3068 eremo
986 3014 1041 3066 in
1070 3010 1221 3066 tanta
1244 3002 1568 3068 abstinentia
1592 3004 1649 3066 ‘et
1673 3004 1920 3066 oratione
1964 3012 1969 3015 ’

318 3111 527 3165 Studuit
578 3108 837 3176 affligere,
893 3108 950 3161 ut
996 3102 1284 3159 m’akimam
1334 3094 1585 3159 virtutem
1616 3096 1646 3157 a
1686 3090 1920 3159 Domino

319 3204 606 3259 meruisset
636 3200 910 3271 accipere;
941 3207 995 3253 ct
1024 3196 1187 3269 igneo
1224 3194 1381 3253 curru
1407 3190 1778 3262 transvectus,
1802 3182 1921 3266 spi-

2014 2006 2093 2059 se,
2127 1992 2421 2047 circumdat
2451 2006 2546 2049 eos
2574 1996 2737 2047 armis
2764 2002 2875 2048 suae
2909 1996 3182 2066 potentiae,
3219 2004 3272 2047 ut
3304 1990 3403 2047 hos
3431 1992 3607 2047 incur-

2013 2082 2095 2137 sio
2145 2084 2357 2139 Satanae
2402 2099 2507 2139 non
2560 2080 2735 2140 ’valeat
2786 2072 3145 2155 prosternere,
3199 2101 3335 2156 quos
3374 2083 3608 2156 protegit

2014 2172 2278 2232 eelsitudo
2327 2166 2545 2232 divinze
2576 2172 2979 2235 misericordia).
3033 2181 3370 2249 Quapropter
3397 2179 3463 2233 ad
3507 2195 3606 2234 eos

2016 2271 2193 2340 angeli
2228 2270 2317 2326 Dei
2346 2270 2544 2340 iugiter
2572 2268 2875 2338 mittuntur,
2910 2288 2972 2327 ac
3023 2264 3116 2340 per
3162 2288 3349 2326 manus
3392 2271 3610 2327 illorum

2017 2376 2350 2432 quaecunque
2380 2365 2683 2418 necessaria
2728 2364 2970 2420 crebrius
3019 2356 3098 2419 eis
3144 2364 3608 2419 adminiSIrantur.

2018 2446 2224 2525 Aquam
2252 2448 2325 2509 ’de
2352 2456 2499 2524 petra
2529 2442 2796 2523 hauriunt,
2840 2446 2980 2525 quod
3026 2456 3411 2526 interpretatur
3455 2456 3610 2512 Chri«

2020 2546 2156 2602 stus.
2185 2536 2455 2617 Setiptum
2489 2558 2570 2605 est
2592 2544 2739 2604 enim
2772 2567 2784 2603 :
2820 2544 3000 2605 Sancti
3033 2552 3121 2619 qui
3152 2544 3370 2616 Sperant
3403 2548 3456 2602 in
3505 2549 3609 2603 Du-

2021 2642 2188 2706 mino,
2220 2642 2492 2696 habebunt
2541 2626 2935 2710 fortitudinem,
2984 2653 3258 2697 assument
3306 2656 3510 2711 pennas
3557 2648 3613 2699 ut

2021 2734 2241 2804 aquilae;
2278 2732 2555 2797 volabunt,
2584 2742 2639 2788 et
2669 2749 2773 2788 non
2802 2732 3085 2801 deficient;
3116 2742 3355 2798 current,
3387 2744 3439 2787 et
3461 2748 3612 2802 gres-

2022 2830 2113 2882 sus
2175 2824 2358 2883 eurum
2417 2842 2525 2881 non
2570 2824 2815 2882 labentur
2876 2825 3027 2899 (Ira.
3091 2820 3221 2897 XL).
3298 2827 3363 2880 Et
3415 2824 3543 2880 alibi
3595 2840 3614 2878 :

2016 2919 2122 2987 Qui
2170 2912 2377 2985 sitiunt,
2430 2919 2498 2975 de
2545 2918 2779 2990 superno
2823 2919 2969 2975 fonte
3016 2916 3337 2973 condiuntur
3369 2916 3513 2990 (10),
3562 2922 3617 2972 et

2026 3002 2307 3068 herbarum
2354 3012 2482 3068 folia
2510 3012 2564 3068 in
2600 3014 2695 3069 ore
2736 3028 2921 3068 eorum
2954 3004 3203 3082 tanquam
3246 3012 3395 3065 favus
3440 3009 3620 3068 mellil

2027 3106 2359 3163 dulcescunt.
2393 3104 2449 3163 Si
2502 3117 2681 3163 autem
2731 3104 3016 3178 aliquando
3067 3105 3311 3160 diabolus
3359 3114 3618 3159 adversus

2028 3202 2121 3255 eos
2151 3202 2489 3265 colluctatur,
2541 3194 2782 3270 protinus
2834 3194 3105 3269 Surgunt:
3160 3213 3349 3252 manus
3398 3212 3521 3251 suas
3552 3196 3620 3255 ad

318 3302 460 3355 ritus
504 3297 676 3351 sancti
707 3297 842 3349 dum
866 3304 986 3364 qua:
1018 3292 1304 3358 habuerat,
1336 3288 1600 3360 discipulo
1626 3288 1915 3361 impertiri,
1941 3285 1991 3348 C
2024 3276 2308 3349 Deminum
2336 3294 2672 3367 expendunt,
2706 3308 2895 3364 preces
2923 3302 3047 3347 ante
3091 3290 3323 3345 divinam
3366 3278 3621 3359 majesta-

322 3400 390 3448 ac
418 3393 591 3446 adhuc
620 3390 887 3459 longaevus
915 3388 1089 3451 senio,
1118 3378 1308 3441 mortis
1331 3378 1547 3456 positam
1574 3380 1682 3440 non
1710 3378 1921 3442 'videre.

322 3488 554 3553 Insuper
585 3482 648 3535 ad
682 3476 1008 3549 exemplum,
1058 3479 1272 3534 beatum
1320 3470 1619 3546 ‘Baptistam
1665 3468 1927 3535 Joannem

328 3576 696 3648 pretulerunt,
731 3572 818 3640 qui
854 3572 907 3624 in
953 3570 1073 3624 novi
1120 3567 1454 3623 Testamenti
1507 3569 1646 3623 s’erie
1695 3567 1930 3623 clarissi-

324 3685 454 3727 mus
479 3665 698 3730 effulsit,
747 3674 947 3735 perque
974 3660 1205 3733 plurima
1252 3666 1513 3717 annorum
1546 3664 1718 3733 Spatia
1747 3660 1931 3719 divino

332 3768 669 3832 mancipatus
692 3760 892 3827 officio,
925 3772 1121 3829 corpus
1152 3773 1305 3813 suum
1334 3752 1649 3825 maceravit,
1681 3757 1853 3814 donec
1878 3760 1934 3814 in

334 3858 588 3915 Iordanis
617 3855 755 3910 unda
784 3853 1196 3921 Rcdemptdrcm
1223 3848 1405 3906 mundi
1424 3840 1705 3921 baptiz-are
1738 3848 1934 3922 dignus

336 3952 617 4013 existeret,
663 3950 823 4015 atque
868 3945 1045 4015 ipsum
1099 3944 1191 3999 Dei
1226 3946 1435 4014 Agnurn
1471 3936 1590 3999 esse
1634 3942 1798 4013 digito
1836 3958 1935 4000 suo

340 4044 758 4099 demonstraret.

412 4133 542 4189 CAP.
577 4122 642 4187 γ.
694 4162 763 4173 -—
786 4131 902 4201 ego
924 4132 1057 4185 "vero
1088 4142 1213 4185 cum
1246 4122 1375 4184 talia
1407 4143 1501 4187 eos
1528 4124 1816 4185 recitantes
1845 4146 1939 4186 au-

339 4226 539 4292 direm,
566 4214 811 4279 dicebam
838 4222 949 4276 illis
982 4238 994 4273 :
1025 4219 1232 4288 Quare,
1261 4221 1504 4276 seniOres
1537 4223 1664 4287 mei,
1693 4218 1854 4276 vitam
1885 4228 1940 4278 et

345 4318 603 4374 miracula
636 4314 822 4373 eorum
851 4310 1269 4384 obstupesciti's?
1298 4308 1387 4369 aut
1418 4328 1515 4368 cur
1544 4314 1761 4370 illorum
1800 4315 1942 4372 facta

340 4420 454 4467 tam
482 4409 697 4465 assidue
725 4404 1196 4465 commemoratis?
1218 4390 1301 4463 Άιι
1330 4417 1458 4475 sunt
1486 4404 1636 4463 Vobis
1666 4402 1938 4477 fortiores,

342 4504 436 4573 qui
464 4503 743 4559 desertum
791 4499 1059 4566 habitant,
1093 4514 1159 4554 an
1208 4499 1475 4556 leviores?
1501 4501 1571 4555 At
1606 4498 1685 4554 illi
1719 4494 1943 4569 respuu-

342 4594 559 4659 dentes,
590 4593 842 4649 dixerunt
886 4610 900 4646 :
952 4590 1078 4658 Fili,
1131 4590 1378 4646 fortiores
1424 4589 1579 4646 nobis
1616 4590 1767 4657 sunt,
1816 4584 1943 4661 'quia

2036 3403 2139 3449 tem
2173 3391 2399 3448 fideliter
2430 3384 2683 3454 fundunt;
2718 3378 2846 3443 mox
2878 3387 3077 3444 auxilio
3107 3386 3311 3441 caelesti
3335 3385 3620 3440 sublevan-

2037 3494 2141 3552 tur,
2166 3493 2220 3539 et
2240 3483 2423 3539 dolosa
2441 3484 2619 3553 jacula
2646 3480 2851 3553 inimici
2882 3481 3095 3550 penitus
3116 3479 3484 3535 destruuntur.
3506 3474 3622 3535 Non

2038 3577 2308 3647 intelligis,
2340 3573 2434 3637 fili.
2468 3576 2695 3647 qualiter
2725 3575 2777 3629 in
2808 3573 3020 3629 Psalmu
3068 3564 3258 3643 legitur
3300 3588 3314 3624 :
3362 3571 3622 3638 Quoniam

2039 3666 2143 3727 non
2174 3674 2226 3726 in
2254 3670 2419 3725 finem
2449 3668 2649 3724 oblivio
2678 3668 2780 3723 erit
2812 3668 3082 3737 pauperis,
3132 3664 3379 3733 patientia
3426 3678 3623 3732 paupc.

2036 3778 2156 3818 rum
2204 3778 2306 3815 non
2332 3761 2527 3831 peribit
2556 3760 2607 3814 in
2626 3770 2889 3814 aeternum
2935 3758 3110 3831 (Psal.
3141 3757 3263 3825 tx)?
3290 3756 3358 3810 Et
3388 3756 3580 3809 iterum
3608 3770 3625 3809 :

2036 3852 2325 3909 Exaudivit
2366 3868 2459 3907 eos
2502 3850 2759 3906 Dominus
2808 3849 2860 3903 in
2908 3832 2995 3923 die
3028 3847 3407 3914 tribulationis,
3461 3857 3516 3902 et
3561 3848 3629 3903 du

2040 3947 2185 4003 omni
2228 3942 2471 4015 angustia
2513 3943 2762 3998 liberavit
2809 3957 2901 3997 eos
2952 3939 3125 4012 (Psat.
3172 3940 3300 4009 cu).
3346 3941 3631 3995 Enimvero

2043 4037 2406 4110 unusquisque
2454 4034 2728 4107 propriam
2779 4035 3083 4091 mercedem
3124 4036 3380 4103 accipiet,
3438 4050 3631 4090 secun-

2041 4130 2166 4192 dum
2212 4150 2365 4190 suum
2414 4128 2653 4189 laborem
2683 4129 2739 4204 (I
2786 4130 2907 4185 Cor.
2964 4133 3066 4202 ιιι).
3120 4130 3319 4187 Beatus
3354 4139 3437 4186 est
3489 4130 3636 4186 enim

2044 4228 2123 4284 vir
2176 4226 2263 4299 qui
2316 4224 2530 4296 semper
2592 4235 2675 4279 est
2731 4220 2995 4293 pavidus,
3048 4232 3103 4278 et
3148 4214 3478 4277 voluntatem
3538 4220 3635 4276 Dei

2046 4324 2099 4378 in
2164 4321 2265 4376 hac
2348 4318 2599 4389 praesenti
2667 4317 2775 4372 vita
2838 4326 2892 4371 et
2951 4316 3124 4387 fragili
3181 4317 3453 4372 smdiosus
3528 4313 3635 4377 agit

2047 4404 2231 4490 (Prov.
2275 4412 2485 4487 mm).
2514 4412 2826 4470 Certissime
2856 4411 3016 4476 scias,
3050 4426 3083 4465 ο
3115 4412 3208 4475 fili,
3242 4410 3493 4481 quoniam
3536 4424 3636 4463 an-

2042 4498 2149 4583 geli
2182 4506 2273 4563 D'ei
2301 4502 2502 4562 sanctis
2540 4519 2603 4560 ac
2644 4498 2806 4574 justis
2843 4502 2975 4557 viris
3001 4500 3241 4571 quotidie
3290 4501 3638 4567 famulantur,

2049 4590 2206 4670 atque
2232 4596 2426 4653 virtute
2453 4610 2683 4666 superna
2713 4609 2937 4663 corpora
2958 4601 3013 4648 et
3041 4594 3235 4648 animat
3263 4592 3477 4653 illorum
3498 4594 3639 4665 iugi-

344 4688 467 4743 sine
496 4686 765 4757 adiutorio
804 4686 1041 4741 humano
1069 4674 1277 4740 vtv’unt.
1308 4678 1418 4740 Nos
1464 4687 1647 4755 itaque
1696 4687 1833 4742 alter
1872 4678 1941 4741 ab
2046 4690 2131 4748 ‘t'er
2159 4691 2546 4746 illuminantur.

344 4781 519 4835 altero
549 4778 949 4849 conspicimur,
1002 4776 1307 4848 pariterque
1357 4776 1599 4832 divinum
1642 4768 1878 4833 efﬁCium
1916 4793 1949 4834 a

348 4872 508 4926 nobis
538 4870 859 4926 celebratur.
905 4869 1203 4940 Siquando
1247 4869 1425 4925 cibum
1472 4869 1740 4937 cupimus,
1792 4872 1950 4939 para-

346 4972 462 5018 tum
492 4964 824 5033 repurimus;
853 4960 902 5019 si
930 4960 1141 5032 quando
1170 4960 1454 5017 infirmitas
1483 4964 1577 5016 aut
1603 4962 1779 5032 aliqua
1821 4978 1945 5019 cor-

352 5058 499 5126 poris
526 5050 868 5112 imbecillitas
885 5054 1185 5125 irrepserit,
1206 5051 1395 5111 statim
1418 5046 1542 5111 cura
1576 5054 1798 5110 fratrum
1824 5072 1947 5111 cum

296 5148 307 5157 "
350 5150 496 5203 omni
536 5147 899 5203 sollicﬁudine
940 5152 1040 5201 nos
1086 5146 1324 5218 adjuvat.
1380 5144 1439 5202 in
1483 5147 1723 5203 mditiciis
1772 5148 1949 5203 lucide

351 5242 673 5296 constructis
728 5240 1046 5307 habitamus,
1098 5241 1154 5295 in
1200 5240 1394 5311 quibus
1441 5251 1497 5296 et
1538 5242 1606 5297 ab
1651 5240 1787 5295 testu
1818 5243 1949 5297 solis

352 5333 592 5402 cooperti
622 5336 836 5399 sumus,
871 5343 924 5388 et
969 5332 1038 5389 ab
1068 5333 1416 5390 inundatione
1457 5334 1671 5405 pluviae,
1702 5345 1755 5389 et
1776 5349 1805 5388 a
1838 5344 1953 5389 tur-

353 5426 479 5483 bino
508 5428 654 5482 venti
680 5436 746 5482 ac
768 5422 1090 5497 tempestate
1132 5438 1412 5483 manemus
1442 5428 1674 5485 defensi.
1701 5429 1953 5486 Monachi

356 5536 508 5592 vero,
530 5523 629 5593 nui
678 5522 980 5578 in'deserto
1011 5531 1155 5590 sunt,
1191 5523 1321 5577 nihil
1357 5524 1744 5579 consolationis
1778 5526 1875 5579 nisi
1922 5538 1951 5579 ο

357 5616 777 5687 Deor'ecipiunt.
807 5616 862 5672 Si
890 5614 1106 5687 quando
1154 5619 1426 5688 angustias
1455 5628 1545 5671 aut
1577 5610 1951 5675 tribulationes

358 5708 596 5779 perpessi
635 5706 869 5772 fuerint,
918 5709 1003 5763 vel
1044 5710 1169 5763 ‘c’um
1201 5709 1411 5764 diabolo
1461 5709 1683 5779 antiquo
1732 5709 1950 5765 humani

354 5805 573 5874 generis
600 5801 823 5858 inimico
853 5814 1092 5872 pugnare
1120 5802 1401 5872 coeperint,
1437 5802 1559 5872 quis
1589 5801 1671 5856 eis
1713 5802 1889 5855 astat?
1919 5817 1948 5856 a

361 5911 466 5964 quo
494 5893 853 5966 adjuvantur?
898 5892 1009 5951 Sed
1037 5892 1229 5964 quibus
1264 5896 1559 5952 humanum
1608 5892 1761 5950 deest
1809 5894 1951 5949 sola~

2120 4784 2250 4843 'Cnp.
2297 4787 2379 4842 Vl.
2408 4815 2481 4829 —-
2506 4785 2624 4842 Tali
2653 4784 2881 4865 denique
2900 4785 3119 4859 {ratione
3143 4799 3244 4856 ego
3266 4800 3472 4856 pauper
3498 4785 3641 4842 Onu-

2056 4880 2240 4951 phrius
2282 4896 2311 4933 a
2353 4878 2705 4935 sanctissimis
2754 4877 2999 4935 Patribus
3056 4880 3107 4934 in
3152 4894 3274 4935 meo
3317 4880 3643 4935 monasterio

2054 4971 2320 5027 subtiliter
2370 4973 2693 5034 instructus,
2752 4972 2891 5049 εωρί
2960 4972 3113 5026 tacita
3174 4980 3354 5025 mente
3413 4979 3644 5025 tractare

2055 5080 2212 5133 quam
2259 5064 2491 5135 gloriosa
2548 5063 2797 5120 felicitate
2853 5062 3207 5135 perfruuntur
3260 5061 3311 5113 in
3362 5059 3512 5114 cmlis
3552 5060 3645 5129 qui

2056 5154 2348 5209 certamina
2392 5150 2655 5211 laboriOsa
2684 5164 2903 5226 propter
2930 5168 3169 5210 amorem
3200 5151 3407 5205 Domini
3451 5154 3645 5208 tolera-

2060 5256 2185 5302 runt
2222 5248 2273 5301 in
2302 5234 2461 5301 terris
2503 5266 2517 5301 :
2558 5262 2652 5303 cor
2678 5263 2854 5303 meum
2886 5246 3124 5309 ardebat,
3161 5258 3312 5297 mens
3352 5258 3468 5299 mea
3505 5246 3645 5300 desi-

2061 5334 2367 5393 derabiliter
2393 5335 2639 5393 fervebat
2682 5338 2863 5392 mundi
2891 5335 3080 5403 gaudia
3115 5334 3324 5403 penitus
3362 5350 3641 5403 spernere.

2059 5430 2243 5504 patria:
2293 5424 2498 5487 cmlesti
2565 5431 2688 5486 totis
2734 5429 2935 5483 viribus
2992 5428 3451 5499 appropinquare,
3502 5432 3647 5489 sicut

2059 5521 2337 5578 Psalmista
2388 5522 2607 5588 edocet,
2660 5521 2845 5575 dicens
2898 5536 2909 5571 :
2968 5518 3090 5574 Mihi
3142 5529 3319 5576 autem
3365 5520 3645 5578 adltwrere

2062 5604 2171 5673 Deo
2196 5618 2394 5671 bonum
2423 5624 2526 5683 est,
2572 5626 2771 5683 ponere
2796 5613 2848 5666 in
2874 5612 3103 5669 Domino
3140 5614 3249 5671 Deo
3288 5630 3437 5685 spem
3468 5631 3644 5671 meam

2060 5708 2231 5779 (Psaf.
2267 5705 2452 5786 ωωειι).

2131 5801 2258 5855 Car.
2303 5794 2415 5852 νιι.
2448 5828 2509 5839 —-
2538 5797 2777 5868 Dumque
2808 5799 2923 5855 bare
2957 5802 3217 5857 sollicitus
3260 5803 3639 5871 excogitarem,

2064 5906 2219 5950 nocte
2303 5892 2487 5949 silenti
2552 5894 2793 5952 concitus
2854 5896 3095 5964 surrexi,
3172 5909 3391 5965 parvum
3454 5910 3646 5964 panem
