4142 6350
544 352 647 409 215

1532 421 1536 425 ⁴
1573 346 1662 401 DE
1698 341 1879 399 VlTlS
1919 333 2205 396 PATRUH
2246 332 2446 390 LIBER
2488 332 2773 393 PRIMUS.

3716 335 3821 393 910

547 482 754 525 mecum
819 466 987 523 detuli
1047 479 1168 521 cum
1240 462 1443 533 exiguis
1487 459 1843 531 leguminibus
1867 499 1883 523 ,
1946 462 2003 509 ut
2046 455 2132 508 vix
2160 451 2489 513 Adeberem
2520 453 2733 518 vivere,
2774 450 2970 509 divinis
3008 450 3261 526 alloquiis
3296 466 3403 510 non
3436 452 3685 511 cessabat
3721 453 3821 514 διι-

549 577 717 634 usque
758 562 808 615 in
837 568 1079 631 quartam
1111 559 1248 613 diem
1281 556 1589 621 sufficeret;
1629 554 1810 623 sicque
1840 549 2131 606 secundum

547 653 641 709 Dei
674 652 1121 720 dispensationem
1162 657 1216 702 et
1246 646 1361 716 ejus
1397 645 1648 716 pietatem
1680 643 1951 715 profectus
1991 657 2127 708 sum,

548 753 607 799 ut
646 744 776 797 mihi
824 742 1131 797 ostenderet
1174 754 1307 793 mea:
1347 737 1691 792 habitationis
1730 736 1925 789 locum.
1971 734 2136 803 Egre-

548 839 730 894 diente
758 846 935 893 autem
968 851 1053 890 me
1078 836 1145 889 de
1179 833 1504 889 monasterio
1539 833 1590 887 in
1629 840 1904 898 montana,
1931 831 2050 885 veni
2081 831 2133 884 in

546 929 856 994 desertum;
906 926 1257 996 cogitansque
1304 932 1362 979 ut
1405 938 1679 979 manerem
1727 922 1838 988 ibi,
1882 921 2136 978 continuo

546 1017 723 1074 lumen
773 1016 1111 1086 splendidum
1157 1024 1281 1070 ante
1330 1030 1452 1081 me,
1511 1014 1664 1084 quasi
1707 1013 1932 1068 obvians
1980 1013 2135 1076 mihi,

548 1111 679 1165 vidi.
716 1108 833 1175 Quo
872 1111 1013 1175 viso,
1064 1108 1216 1163 valde
1257 1108 1432 1162 timui.
1475 1106 1679 1161 Idcirco
1717 1120 1929 1177 quoque
1961 1105 2137 1174 putavi

546 1218 635 1259 me
678 1202 876 1257 debere
922 1203 986 1256 ad
1040 1202 1424 1258 monasterium
1481 1200 1729 1270 regredi,
1786 1200 1926 1255 unde
1971 1199 2129 1254 exivi.

546 1295 832 1366 Extemplo
859 1305 1036 1349 autem
1060 1295 1127 1350 de
1159 1294 1307 1349 radio
1336 1294 1579 1364 praeclari
1626 1293 1840 1348 luminis
1870 1292 1951 1347 vir
1982 1306 2130 1361 aspe-

547 1397 634 1445 ctu
684 1389 1073 1458 pulcherrimus
1122 1390 1349 1443 acceSsit
1396 1388 1463 1442 ad
1513 1402 1640 1453 me,
1696 1398 1749 1442 et
1796 1387 1930 1442 dixit
1977 1386 2136 1441 mihi:

547 1482 670 1538 Noli
726 1497 1033 1552 pavescere,
1069 1497 1166 1551 ego
1197 1482 1338 1535 enim
1367 1495 1484 1536 sum
1529 1480 1622 1535 Dei
1654 1481 1898 1550 angelus,
1938 1479 2031 1534 tibi
2073 1478 2139 1533 ad

550 1572 953 1629 custodiendum
999 1573 1065 1627 ab
1111 1582 1231 1627 ortu
1278 1583 1370 1627 tuo
1418 1572 1533 1645 (11)
1576 1572 1915 1643 providentia
1961 1572 2139 1626 divina

550 1664 875 1733 destinatus,
910 1674 965 1718 ut
990 1663 1215 1733 jubente
1242 1663 1353 1719 Deo
1383 1675 1559 1719 tecum
1593 1680 1899 1731 manerem,
1930 1674 1983 1719 et
2011 1675 2062 1719 te
2090 1665 2140 1719 in

553 1756 692 1811 hanc
731 1770 971 1810 eremum
1002 1756 1276 1811 ducerem.
1324 1754 1599 1812 Perfectus
1626 1766 1765 1821 esto,
1799 1756 2019 1810 humilis
2062 1756 2164 1821 in-_

2237 562 2478 603 monere.

2308 642 2435 697 CAP.
2461 641 2552 697 IX.
2571 673 2643 687 —-
2660 643 2900 709 Quodam
2926 649 3105 699 autem
3136 651 3394 715 tempore,
3413 642 3564 714 juxta
3590 658 3819 702 consue-

2235 733 2473 789 tudinem
2521 735 2585 790 ad
2638 750 2723 791 me
2768 740 3036 803 veniens,
3087 736 3226 790 inter
3272 737 3432 790 verba
3487 736 3823 794 salutationis

2239 833 2540 895 prostratus
2581 826 2631 879 in
2674 834 2869 881 terram
2911 825 3152 881 corruit:
3182 825 3514 893 Dominoque
3541 828 3823 883 remittens

2238 918 2493 986 animam,
2526 918 2866 974 obdormivit.
2897 919 3049 987 Quod
3082 935 3201 974 eum
3223 918 3480 984 viderem,
3514 920 3673 975 nimis
3702 937 3823 978 sum

2192 1068 2197 1075 ,
2240 1012 2618 1078 contristatus;
2667 1021 2722 1067 et
2769 1012 3055 1067 devolutus
3101 1013 3268 1077 humi,
3322 1013 3573 1084 laerymis
3618 1013 3825 1071 obortis

2240 1104 2507 1158 uberrime
2553 1103 2694 1158 flevi.
2736 1100 2940 1172 Corpus
2985 1103 3103 1174 ejus
3153 1118 3274 1159 mox
3317 1104 3535 1175 accepi,
3583 1115 3636 1161 et
3665 1121 3826 1162 secus

2242 1193 2621 1250 Calidiomeatn
2654 1204 2808 1250 terrm
2840 1196 3212 1251 commendavi

2313 1286 2443 1342 Car.
2484 1287 2550 1342 Χ.
2598 1318 2666 1328 ——
2714 1288 2848 1342 Dum
2893 1298 3069 1344 autem
3116 1303 3215 1359 ego
3254 1287 3588 1359 Paphnutius
3635 1305 3663 1343 a
3709 1291 3831 1348 viro

2243 1379 2580 1434 sanctissimo
2608 1379 2906 1449 Onuphrio,
2942 1380 3162 1434 rationis
3194 1379 3350 1449 hujus
3379 1380 3643 1451 loquelam
3675 1382 3831 1438 audi-

2244 1486 2378 1538 rem,
2424 1471 2636 1541 inquam
2685 1471 2751 1526 ad
2784 1487 2943 1527 eum:
2977 1472 3134 1528 Pater
3175 1482 3385 1540 sancte,
3429 1474 3663 1530 laborem
3710 1491 3835 1533 esse

2245 1579 2351 1619 non
2384 1566 2648 1620 modicum
2686 1565 2795 1635 jam
2841 1567 3043 1627 sentio,
3074 1581 3229 1635 quem
3259 1580 3357 1636 pro
3388 1568 3604 1622 nomine
3629 1567 3834 1626 Christi

2247 1655 2485 1712 tolerasti
2531 1658 2580 1711 in
2615 1657 2711 1712 hac
2740 1673 2944 1714 eremo.
2973 1658 3067 1712 Vir
3095 1669 3311 1714 sanctus
3340 1662 3614 1731 reSpoudit
3638 1679 3652 1715 :
3676 1662 3831 1733 Mihi,

2248 1746 2431 1811 frater,
2482 1750 2643 1803 crede
2691 1750 3038 1804 dilectissime
3081 1767 3093 1804 :
3138 1751 3193 1805 in
3239 1753 3452 1809 deserto
3491 1756 3741 1823 sustinui,
3772 1766 3839 1813 ut

553 1852 683 1904 cede
705 1864 883 1904 coram
909 1848 1155 1913 Domino,
1188 1863 1307 1903 cum
1337 1848 1531 1919 gaudio
1560 1850 1766 1919 labora,
1789 1864 1883 1904 cur
1914 1858 2059 1903 tuum
2094 1848 2144 1902 in
2174 1842 2225 1904 B
2251 1840 2445 1909 saepius
2490 1851 2732 1909 Putarem
2786 1858 2869 1895 me
2909 1851 3076 1898 ηιοῐῑθ
3120 1844 3380 1912 superari.
3426 1847 3628 1917 Αιιερεε
3670 1851 3838 1907 etiam

557 1943 702 1997 omni
735 1941 977 1997 custodia
1011 1955 1307 2011 conserva,
1340 1942 1459 1996 vive
1486 1941 1604 1997 sine
1632 1942 1873 2012 querela,
1906 1941 1959 1995 in
2000 1941 2140 1995 bono

554 2048 715 2103 opere
752 2047 1058 2103 persevera.
1110 2034 1222 2103 Ego
1251 2047 1379 2090 vero
1410 2042 1463 2090 te
1490 2050 1596 2090 non
1625 2034 2013 2105 derelinquam,
2038 2034 2141 2089 do-

556 2137 655 2181 hec
679 2126 912 2180 animam
945 2134 1088 2179 tuam
1130 2126 1185 2180 in
1218 2109 1559 2193 prazsentiam
1602 2141 1825 2183 summa:
1852 2127 2142 2197 tnajestatis

558 2222 800 2278 offeram.
827 2222 1185 2277 Haeclocutus
1208 2228 1290 2277 est
1313 2219 1444 2277 mihi
1468 2219 1711 2290 angelus,
1742 2220 1843 2275 iter
1873 2219 2141 2289 inceptum

557 2326 766 2370 mecum
800 2314 1104 2369 comitatus.

628 2407 754 2462 CAP.
800 2406 936 2461 VIII.
961 2404 1412 2475 —Pergebamus
1454 2404 1523 2459 ita
1563 2403 1722 2459 simul
1765 2417 1859 2460 sex
1899 2402 2145 2460 milliaria

560 2498 643 2553 vel
672 2505 899 2566 septem,
930 2505 986 2551 et
1017 2493 1086 2550 ad
1109 2495 1394 2566 quamdam
1435 2495 1677 2551 venimus
1717 2496 2023 2565 speluncam
2058 2497 2144 2551 ni-

559 2591 664 2645 mis
685 2588 957 2645 deeoram.
1006 2589 1352 2659 Appropiavi,
1384 2589 1567 2643 volens
1610 2590 1897 2658 sciscitari,
1930 2591 1975 2645 si
2008 2590 2144 2645 forte

560 2682 820 2753 quispiam
862 2682 1004 2737 intus
1037 2691 1301 2736 maneret.
1344 2680 1650 2737 Secundum
1697 2681 2147 2738 consuetudinem

561 2774 950 2830 monachorum
986 2774 1222 2829 clamare
1263 2774 1434 2843 cmpi,
1482 2773 1906 2829 benedictionem
1950 2773 2147 2829 humil-

564 2864 691 2923 lime
722 2866 848 2936 petii
878 2864 1014 2937 (η).
1056 2864 1182 2920 Inde
1219 2865 1390 2919 virum
1419 2865 1811 2920 sanctissimum
1844 2864 1994 2921 exire
2015 2864 2145 2931 vidi,

562 2976 717 3030 quem
748 2969 1044 3029 prostratus
1081 2958 1245 3013 humo
1294 2968 1450 3014 tenus
1486 2959 1722 3014 adoravi.
1757 2958 1851 3013 llle
1878 2972 2008 3014 vero
2033 2973 2150 3014 ma-

563 3066 665 3108 nus
695 3066 820 3108 suas
853 3051 983 3107 mihi
1012 3051 1281 3121 porrexit,
1314 3052 1381 3106 de
1410 3060 1551 3105 terra
1583 3065 1669 3105 me
1696 3051 1955 3117 elevavit,
1990 3066 2150 3108 oscu-

564 3146 674 3201 lum
703 3146 834 3201 mihi
862 3146 1014 3216 pacis
1042 3145 1227 3201 tribuit
1253 3143 1391 3218 (15),
1421 3153 1579 3215 atque
1609 3144 1743 3199 dixit
1768 3160 1782 3199 :
1816 3146 1895 3199 Tu
1923 3158 1981 3201 es
2010 3146 2153 3201 enim

2250 1932 2364 2003 (16)
2388 1931 2658 1986 multoties
2682 1932 2821 1998 vitm,
2863 1941 2922 1987 ut
2950 1934 3039 1987 vix
3077 1934 3298 1989 halitum
3330 1937 3383 1991 in
3409 1952 3636 2008 corpore
3662 1938 3836 1997 senti-

2245 2038 2358 2079 rem
2387 2038 2683 2079 remanere.
2720 2024 2821 2078 Per
2845 2025 2983 2079 diem
3024 2035 3160 2080 testu
3188 2038 3244 2081 et
3281 2029 3400 2096 igne
3430 2030 3558 2085 solis
3586 2032 3832 2089 ardentis

2249 2116 2464 2182 urebar,
2495 2131 2589 2184 per
2619 2125 2829 2171 noctem
2868 2132 2989 2172 rore
3019 2127 3072 2173 et
3106 2121 3291 2188 pruina
3330 2123 3577 2192 infectus,
3611 2130 3751 2181 tame
3778 2135 3840 2183 et

2247 2209 2337 2264 siti
2378 2207 2639 2265 defectus.
2685 2209 2729 2264 0
2765 2218 2957 2279 quanta
3002 2218 3057 2265 et
3084 2212 3259 2280 qualia
3292 2228 3484 2283 passus
3520 2218 3673 2271 sum!
3716 2218 3838 2275 Non

2248 2302 2485 2371 sufficit,
2530 2317 2702 2373 neque
2745 2304 3044 2373 quempiam
3090 2305 3243 2362 decet
3282 2308 3463 2378 plagas
3518 2325 3581 2365 ac
3622 2310 3840 2369 labores

2248 2412 2537 2464 enarrare,
2590 2411 2724 2467 quos
2772 2396 2933 2452 homo
2982 2400 3270 2455 moriturus
3322 2416 3416 2467 pro
3474 2402 3566 2456 Dei
3606 2406 3840 2461 viventis

2249 2504 2433 2546 amore
2474 2489 2633 2545 debet
2675 2489 2922 2546 tolerare.
2975 2490 3182 2547 Reddet
3224 2492 3480 2550 Dominus
3527 2499 3840 2555 mercedem

2249 2583 2493 2639 laborum
2531 2592 2838 2639 sanctorum
2881 2598 3098 2640 suorum
3125 2585 3279 2656 (Sap.
3308 2587 3385 2658 x).
3438 2587 3601 2658 Cujus
3640 2591 3841 2649 divitia:

2252 2677 2390 2732 sicut
2424 2691 2528 2730 non
2558 2686 2841 2748 augentur,
2888 2678 2958 2732 ita
2995 2693 3330 2750 nequaquam
3370 2683 3700 2739 minuentur.
3736 2687 3843 2743 Per

2252 2783 2411 2840 quem
2448 2768 2591 2824 enim
2628 2770 2844 2838 famem,
2894 2772 3061 2840 sitim,
3112 2773 3279 2844 frigus
3318 2781 3373 2830 et
3416 2786 3630 2843 aestum,
3674 2792 3843 2849 atque

2254 2864 2662 2935 multigenarum
2686 2866 3043 2922 cruciamenta
3075 2868 3441 2924 molestiarum
3472 2871 3719 2938 sustinui,
3746 2888 3845 2942 po-

2256 2965 2375 3013 tens
2400 2966 2484 3013 est
2504 2972 2623 3013 cum
2653 2956 2853 3013 divitiis
2880 2960 3191 3015 cmlestibus
3220 2960 3361 3016 inter
3391 2963 3701 3032 angelorum
3738 2979 3847 3019 cac-

2255 3058 2436 3106 tervas
2461 3065 2548 3106 me
2580 3051 2846 3106 consolari
2880 3069 2892 3104 :
2930 3051 3185 3107 alimenta
3221 3068 3352 3109 vero
3378 3056 3552 3123 sprevi
3589 3070 3848 3124 corpora-

2257 3143 2352 3209 lia,
2398 3152 2455 3198 ut
2492 3142 2686 3215 dignus
2726 3144 3026 3215 acciperem
3067 3147 3344 3215 spiritalia.
3403 3147 3637 3205 Sanctus
3702 3152 3852 3211 enim

565 3237 733 3293 frater
771 3230 953 3303 metis,
988 3236 1279 3293 eremitieaa
1307 3242 1628 3305 cooperator
1666 3236 1818 3303 vitae,
1849 3250 1882 3290 ο
1929 3236 2024 3303 fili,
2072 3238 2155 3293 in-
2190 3230 2235 3294 C
2266 3235 2488 3307 angelus
2534 3236 2771 3305 quotidie
2821 3251 3013 3307 panem
3062 3239 3189 3294 mihi
3234 3240 3510 3311 offerebat,
3559 3252 3614 3298 et
3654 3259 3854 3315 aquam

565 3329 811 3400 gredere.
842 3330 982 3384 Deus
1013 3329 1105 3384 tibi
1136 3327 1417 3395 concedat,
1443 3338 1502 3381 ut
1532 3327 1690 3382 timor
1714 3328 1830 3397 ejus
1859 3328 1910 3383 in
1946 3338 1998 3382 te
2034 3344 2157 3399 per-

567 3437 803 3492 maneat,
846 3442 977 3496 opus
1013 3436 1160 3482 tuum
1203 3429 1253 3482 in
1296 3428 1437 3482 illius
1468 3435 1757 3497 conspectu
1798 3426 2152 3496 complaceat.

568 3515 761 3572 Statim
790 3530 908 3570 eum
941 3531 1006 3571 eo
1035 3531 1250 3585 specum
1284 3518 1522 3583 introivi,
1555 3518 1776 3585 diesque
1806 3518 1983 3585 plures
2015 3517 2157 3584 apud

569 3609 719 3664 illum
748 3610 987 3679 pausavi,
1024 3624 1185 3679 opera
1221 3610 1337 3680 ejus
1377 3612 1597 3680 cupiens
1637 3611 1865 3676 discere,
1898 3622 1950 3666 et
1980 3611 2156 3666 solita-

570 3700 705 3755 riam
726 3701 1104 3756 habitationem
1134 3703 1396 3758 curiosius
1421 3704 1768 3774 investigare;
1804 3703 1917 3773 ipse
1946 3719 2160 3775 quoque

571 3802 632 3849 ut
671 3809 851 3849 meum
875 3793 1200 3850 desiderium
1233 3798 1480 3866 agnovit,
1530 3798 1814 3853 consilium
1848 3798 2159 3855 honorabile

569 3883 699 3940 mihi
723 3885 978 3954 praebuit;
1003 3900 1063 3941 ac
1085 3887 1311 3958 qualiter
1339 3888 1559 3945 insidias
1581 3889 1779 3945 diaboli
1800 3905 2055 3959 superare
2076 3890 2161 3946 de

569 3976 775 4042 berem,
804 3978 979 4033 verbis
1001 3980 1329 4034 eharitativis
1357 3988 1629 4049 gratanter
1654 3981 1924 4049 patefecit.
1955 3983 2156 4037 Trans-

575 4067 715 4121 actis
777 4068 957 4137 itaque
1001 4069 1320 4138 quibusdam
1368 4071 1591 4138 diebus,
1634 4073 1831 4128 talibus
1880 4075 2159 4131 admonuit

572 4177 659 4219 me
688 4162 889 4227 verbis,
927 4162 1112 4219 dicens
1139 4183 1152 4217 :
1178 4165 1299 4232 Fili,
1343 4180 1520 4237 surge,
1548 4181 1755 4223 mecum
1787 4181 1980 4239 perge;
2025 4170 2162 4225 inte-

572 4257 711 4312 riora
743 4256 943 4311 deserti
964 4257 1129 4313 debes
1159 4258 1383 4321 intrare.
1417 4270 1472 4315 et
1502 4260 1555 4315 in
1588 4261 1690 4315 alia
1727 4263 1983 4332 spelunca
2012 4264 2161 4320 solus

574 4346 817 4404 habitare
849 4368 861 4403 :
895 4350 965 4406 ibi
1004 4349 1051 4406 si
1088 4351 1313 4407 viriliter
1348 4352 1606 4420 dimicas,
1650 4358 1830 4411 omnia
1867 4356 2163 4415 daemonio-

574 4451 692 4495 rum
730 4450 1059 4498 tentamenta
1102 4457 1344 4513 superas.
1385 4444 1587 4502 Idcirco
1616 4462 1744 4503 vero
1784 4448 1928 4505 Deus
1965 4449 2019 4505 in
2059 4451 2162 4508 hoc

574 4528 789 4585 deserto
828 4532 944 4586 vult
985 4542 1037 4586 te
1077 4532 1339 4601 probare,
1375 4535 1419 4587 si
1463 4536 1731 4593 mandatis
1776 4538 1895 4609 ejus
1931 4540 2160 4598 fideliter

2264 3342 2360 3396 pro
2390 3341 2642 3383 mensura
2677 3328 3034 3395 ministrabat,
3061 3341 3118 3387 ut
3146 3346 3342 3402 corpus
3366 3348 3541 3390 meum
3572 3337 3855 3393 conforta-

2262 3428 2430 3488 retur,
2460 3436 2529 3477 ne
2557 3420 2827 3490 deficeret,
2860 3432 2914 3477 et
2943 3423 3145 3495 jugiter
3176 3426 3228 3479 in
3268 3426 3424 3482 laude
3454 3428 3545 3482 Dei
3593 3443 3855 3498 perseve~

2262 3522 2430 3567 raret.
2464 3514 2701 3569 Arbores
2747 3515 3043 3583 palmarum
3093 3517 3290 3573 ibidem
3333 3522 3634 3576 constituta:
3674 3532 3854 3590 erant,

2263 3619 2383 3675 quae
2409 3603 2696 3660 duodecies
2732 3606 2787 3660 in
2815 3621 2956 3663 anno
2987 3608 3318 3682 dactylorum
3352 3612 3553 3667 fructus
3580 3616 3857 3684 germina-

2263 3695 2393 3751 bant
2421 3696 2562 3768 (17).
2594 3697 2740 3766 Quos
2768 3715 2863 3770 per
2886 3703 3122 3775 singulos
3144 3705 3258 3761 dies
3278 3705 3556 3778 colligens,
3589 3723 3687 3776 pro
3715 3725 3860 3777 pane

2266 3787 2514 3859 edebam,
2565 3790 2766 3847 mixtos
2815 3793 3099 3850 herbarum
3147 3796 3307 3860 foliis,
3369 3807 3423 3854 et
3470 3810 3621 3853 erant
3664 3815 3715 3855 tn
3758 3816 3859 3860 ore

2266 3894 2388 3936 meo
2428 3890 2679 3952 tanquam
2721 3883 2873 3940 favus
2908 3888 3108 3943 mellis.
3140 3890 3273 3945 Nam
3312 3891 3365 3945 in
3397 3890 3685 3963 Evangelio
3715 3895 3858 3965 legi-

2267 3981 2355 4030 tur
2377 3992 2392 4031 :
2414 3976 2528 4032 Non
2562 3976 2614 4032 in
2641 3978 2755 4034 solo
2776 3994 2912 4048 pane
2942 3982 3075 4037 vivit
3102 3984 3281 4048 homo,
3316 3985 3410 4040 sed
3442 3987 3493 4041 in
3517 3987 3661 4042 omni
3682 3990 3861 4045 verbo

2267 4067 2409 4136 quod
2455 4070 2696 4139 procedit
2736 4071 2804 4125 de
2844 4087 2940 4127 ore
2980 4074 3074 4130 Dei
3126 4075 3340 4144 (Matth.
3376 4076 3473 4148 tv).
3528 4077 3715 4135 Frater
3749 4081 3859 4135 Pa-

2268 4160 2479 4230 phnuti,
2501 4162 2548 4216 si
2580 4163 2801 4234 implere
2829 4166 3012 4222 studes
3050 4167 3379 4226 voluntatem
3403 4171 3519 4237 Dei,
3552 4187 3728 4229 omnia
3756 4175 3858 4230 tibi

2268 4255 2573 4309 necessaria
2617 4270 2991 4326 praeparantur
3036 4261 3104 4316 ab
3144 4276 3230 4317 eo.
3280 4262 3432 4320 Unde
3480 4266 3593 4333 ipsa
3640 4266 3861 4324 Veritas

2266 4348 2550 4417 admonet,
2596 4349 2781 4408 dicens
2821 4370 2835 4409 :
2878 4354 2953 4410 Ne
2998 4356 3211 4412 solliciti
3259 4359 3375 4412 sitis
3423 4359 3614 4415 anima:
3657 4372 3857 4417 vestra:

2266 4440 2394 4509 quid
2443 4442 2802 4509 manducetis,
2849 4455 2941 4501 aut
2983 4448 3110 4518 quid
3157 4449 3373 4514 bibatis.
3421 4466 3595 4522 neque
3638 4458 3860 4524 corpori

2263 4539 2444 4587 vestro
2482 4533 2609 4603 quid
2656 4535 2976 4606 induamini,
3018 4540 3118 4595 scit
3144 4542 3287 4598 enim
3326 4542 3484 4598 Pater
3524 4555 3700 4602 vester
3729 4550 3860 4617 quia

576 4621 707 4675 velis
736 4622 974 4677 obedire.
1010 4622 1210 4679 Fidelia
1250 4625 1428 4680 omnia
1472 4627 1719 4683 mandata
1764 4631 1919 4700 ejus,
1964 4633 2151 4688 conﬁr-

2268 4622 2353 4679 his
2379 4625 2629 4681 omnibus
2656 4628 2926 4701 indigetis.
2959 4632 3193 4700 Quaerite
3222 4636 3451 4703 primum
3484 4652 3705 4703 regnum
3734 4640 3856 4706 Dei,

575 4721 719 4767 mata
758 4714 811 4767 in
851 4714 1104 4769 saeculum
1141 4717 1348 4782 saeculi,
1382 4718 1519 4774 facta
1567 4720 1619 4774 in
1653 4721 1881 4778 veritate
1911 4733 1966 4779 et
1999 4726 2165 4792 aequi-

576 4811 684 4858 tate
713 4801 887 4872 (Psal.
918 4805 1029 4875 cx).
1062 4806 1155 4860 Vir
1183 4816 1361 4863 autem
1409 4822 1622 4865 sanctus
1672 4812 1786 4866 ha:c
1813 4813 2014 4879 dicens,
2053 4827 2166 4869 sur-

574 4894 748 4960 rexit,
798 4904 853 4949 et
890 4910 1102 4951 mecum
1153 4899 1206 4952 in
1249 4898 1503 4955 interiora
1550 4902 1745 4957 deserti
1794 4904 1894 4958 iter
1937 4914 2164 4974 quatuor

576 4983 784 5040 dierum
820 4988 1079 5055 perrexit.
1123 4989 1317 5057 Quinta
1353 5006 1480 5046 vero
1509 4992 1598 5048 die
1638 4994 1951 5051 devenimus
1986 4997 2039 5051 in
2082 4999 2164 5051 lo-

492 5092 497 5111 π
574 5092 697 5134 cum
727 5079 817 5150 qui
847 5078 963 5152 (ﬂ)
990 5081 1315 5138 Calidiomea
1357 5084 1571 5153 dicitur,
1606 5088 1677 5142 ibi
1717 5088 1906 5157 palma:
1945 5090 2158 5160 pr0pin-

490 5186 499 5192 ·
574 5187 697 5241 quae
720 5183 894 5229 erant.
925 5174 1075 5230 Tunc
1100 5177 1179 5231 vir
1206 5177 1301 5239 Dei
1340 5178 1551 5249 inquit:
1588 5180 1745 5245 Ecce,
1782 5180 1878 5245 fili,
1918 5182 2037 5237 vide
2082 5183 2162 5237 lo-

494 5276 503 5285 ‘
575 5280 697 5321 cum
736 5282 894 5336 quem
928 5269 1021 5324 tibi
1050 5269 1307 5328 Dominus
1348 5274 1669 5343 prmparavit
1709 5274 1775 5328 ad
1812 5276 2158 5332 manendum.

577 5356 703 5412 Fuit
738 5367 915 5414 autem
945 5360 1037 5417 ille
1065 5378 1274 5420 mecum
1315 5365 1487 5433 spatio
1527 5364 1740 5435 triginta
1772 5364 2004 5432 dierum,
2035 5368 2164 5423 edo-

576 5462 705 5502 cens
740 5462 829 5504 me
849 5464 1066 5508 servare
1094 5463 1247 5509 cauta
1286 5454 1557 5524 diligentia
1594 5454 1709 5525 (15)
1740 5454 2038 5513 doctrinam
2069 5459 2164 5515 Dei

577 5542 971 5602 mandatorum.
998 5546 1201 5614 Quibus
1228 5549 1297 5602 ita
1322 5548 1573 5617 peractis,
1601 5548 1844 5605 oratione
1864 5564 1959 5605 sua
1981 5560 2164 5607 sancta

498 5641 505 5651 '
583 5636 809 5692 Domino
842 5638 997 5710 102
1030 5654 1113 5694 me
1146 5639 1567 5706 commendavit;
1600 5649 1654 5694 et
1679 5651 1955 5710 separatus
1997 5658 2028 5697 a
2054 5658 2161 5709 me,
2192 5634 2193 5637 “

575 5730 643 5785 ad
667 5732 882 5803 propria
912 5734 1186 5789 remeavit.
1222 5732 1323 5789 Per
1352 5734 1590 5805 singulos
1618 5750 1748 5791 vero
1773 5750 1944 5791 annos
1973 5736 2165 5791 solitus

574 5832 692 5878 erat
732 5839 819 5880 me
855 5824 1097 5889 visitare,
1139 5840 1200 5880 ac
1244 5825 1386 5897 quali
1426 5826 1685 5887 industria
1729 5834 1783 5883 et
1819 5826 2165 5909 simplicitate

2268 4723 2321 4770 et
2353 4716 2612 4785 justitiam
2655 4720 2797 4790 ejus,
2841 4730 2896 4777 et
2942 4725 3057 4781 lucc
3094 4727 3271 4782 omnia
3321 4727 3639 4798 adjicientur
3692 4734 3854 4788 vobis

2268 4807 2482 4882 (Matth.
2503 4811 2603 4882 vi).

2340 4901 2468 4956 Car.
2512 4902 2960 4977 XL—Cumque
3000 4908 3103 4964 hoc
3155 4924 3184 4965 a
3231 4910 3388 4967 beato
3429 4913 3545 4969 viro
3574 4915 3860 4984 Onupltrio

2267 5000 2526 5054 intentius
2556 4998 2933 5067 auseultarem,
2962 5000 3160 5055 mirans
3194 5001 3244 5056 in
3278 5006 3614 5060 sermonibus
3647 5017 3703 5063 et
3727 5010 3862 5065 acti-

2270 5091 2368 5144 bus
2411 5105 2475 5144 ac
2515 5090 2788 5146 laboribus
2831 5091 3010 5160 illius,
3053 5093 3162 5149 dixi
3212 5112 3225 5149 :
3269 5095 3428 5151 Pater
3474 5097 3728 5170 benigne,
3772 5103 3861 5157 die

2268 5183 2547 5239 Dominico
2593 5184 2676 5237 vel
2723 5184 2959 5241 Sabbato
3024 5191 3457 5244 communionem
3522 5190 3860 5261 percipiebas

2269 5274 2385 5343 (18)
2421 5274 2488 5329 ab
2516 5274 2733 5344 aliquo?
2773 5279 2840 5331 At
2884 5276 2974 5332 ille
3019 5279 3368 5350 respondens,
3417 5282 3539 5337 ait:
3571 5283 3726 5341 Omni
3769 5286 3861 5342 die

2270 5364 2550 5421 Dominico
2584 5368 2668 5423 vel
2698 5368 2932 5425 Sabbato
2971 5373 3218 5441 angelum
3250 5372 3463 5430 Domini
3492 5384 3735 5446 paratum
3769 5378 3858 5433 in-

2269 5458 2451 5525 venio,
2497 5470 2898 5517 sacrosanctum
2949 5477 3143 5534 corpus
3189 5473 3245 5521 et
3294 5467 3609 5538 sanguinem
3643 5470 3858 5528 Domini

2271 5553 2440 5608 nostri
2488 5552 2615 5609 Jesu
2662 5553 2859 5611 Christi
2909 5570 3091 5613 secum
3144 5558 3473 5617 deferentem
3518 5578 3533 5617 :
3591 5562 3658 5619 de
3704 5564 3858 5633 cujus

2272 5658 2432 5700 manu
2464 5644 2594 5699 mihi
2623 5645 3005 5715 pretiosissima
3047 5648 3314 5706 donantur
3341 5667 3585 5723 munera,
3625 5656 3856 5727 vitatque

2273 5751 2409 5792 meae
2446 5738 2589 5794 salus
2621 5748 2894 5809 perpetua.
2926 5741 3125 5798 Verum
3161 5745 3326 5802 etiam
3358 5762 3546 5805 omnes
3574 5751 3664 5821 qui
3692 5751 3854 5808 vitam

2270 5829 2565 5905 spiritalem
2596 5831 2797 5918 ducunt
2823 5833 2876 5888 in
2909 5848 3091 5901 eremo
3122 5839 3372 5897 monachi
3403 5840 3499 5899 tali
3528 5843 3849 5909 participan-
