4142 6350
281 348 386 409 217
1328 349 1478 409 VITA
1521 351 1763 408 SANCTI
1803 351 1917 409 ONI

1929 351 2154 422 lPHRlI,
2195 352 2550 416 ΕΒΕΜΙΤᾸΞ.
3459 365 3565 424 218

282 473 370 521 tur
405 462 616 533 gaudio.
652 461 713 519 Hi
743 476 870 518 vero
895 464 1064 520 sancti
1100 465 1363 532 eremitae,
1388 464 1479 535 qui
1514 466 1650 520 hanc
1675 466 1867 522 solitu-
1897 470 1948 528 Α
1975 483 2137 537 regno
2183 471 2439 528 caelorum
2489 481 2705 529 :eternte
2759 472 3091 532 htereditatis
3137 489 3307 548 capax
3347 478 3458 535 fiet.
3503 476 3565 538 Si

281 559 462 614 dinem
500 557 772 622 habitant,
815 558 858 611 si
903 557 1130 613 fortasse
1170 558 1459 628 aliquando
1489 558 1671 614 videre
1699 558 1872 612 homi-
1976 566 2093 635 quis
2121 581 2248 620 vero
2276 567 2595 623 oblationem
2625 585 2725 622 non
2762 569 2906 624 valet
2929 570 3143 637 offerre,
3178 572 3263 626 vel
3296 587 3406 642 pne
3441 574 3560 629 ino-

283 664 408 706 nem
448 649 778 715 desiderant,
829 643 972 703 illico
1021 651 1070 704 in
1120 651 1312 706 C(Billm
1359 654 1426 707 ab
1456 652 1648 724 angelo
1674 652 1869 722 depor-
1976 655 2061 724 pia
2108 657 2391 723 redimere,
2425 659 2469 712 is
2497 657 2548 713 in
2596 659 2812 715 nomine
2853 660 3061 716 Domini
3087 673 3141 716 et
3186 663 3250 717 ad
3300 662 3558 721 honorem

283 751 464 798 tantur
507 758 517 792 :
560 740 821 795 visionem
857 741 964 794 illic
995 742 1188 794 anima:
1211 743 1474 812 justorum
1497 784 1513 810 ,
1560 744 1868 813 fulgentium
1974 748 2117 802 illius
2138 750 2530 822 eleemosynam
2558 752 2673 823 ('22)
2699 756 2915 824 pauperi
2943 755 3160 822 tribuat,
3183 765 3238 812 et
3266 773 3363 827 ego
3393 758 3560 814 orabo

280 836 418 890 sicut
462 833 543 886 sol
582 833 633 886 in
674 848 837 903 regno
885 833 1053 887 Patris
1093 848 1278 888 eorum
1303 876 1318 902 ,
1359 835 1429 890 ibi
1477 836 1869 892 multitudinem
1974 855 2069 911 pro
2095 856 2159 896 eo
2189 843 2239 896 in
2271 855 2559 913 conSpectu
2589 845 2699 912 Dei,
2734 855 2790 900 ut
2818 847 3009 917 dignus
3033 847 3084 901 in
3115 849 3422 905 caelestibus
3451 852 3557 906 vita

279 926 714 994 contemplantur
752 926 1084 994 angelorum,
1121 940 1350 998 suasque
1394 929 1599 984 animas
1644 929 1870 985 coetibus
1972 947 2202 1003 superna
2249 935 2446 1006 perfrui
2499 939 2689 993 valeat.
2737 940 2794 995 Si
2825 943 2942 1010 quis
2975 957 3146 1012 nequc
3185 942 3508 1001 oblationem
3535 988 3551 1011 ,

282 1024 476 1076 mixtas
537 1021 834 1074 beatorum.
877 1020 1053 1088 Quare
1093 1035 1283 1075 omnes
1334 1023 1423 1090 qui
1468 1023 1520 1076 in
1553 1037 1720 1092 agone
1745 1039 1874 1076 con-
1974 1041 2072 1081 nec
2100 1027 2492 1101 eleemosynam
2523 1041 2697 1101 potest
2738 1032 2964 1101 offerre,
2995 1049 3090 1104 pro
3135 1035 3395 1090 charitate
3440 1053 3560 1092 mea

282 1113 531 1177 tendunt,
581 1120 686 1166 tota
739 1122 937 1178 mente,
991 1121 1103 1166 toto
1154 1114 1336 1179 corde,
1393 1115 1515 1167 totis
1567 1115 1768 1169 viribus
1818 1116 1870 1170 in
1974 1117 2248 1175 incensum
2300 1121 2526 1176 Domino
2560 1125 2668 1178 Deo
2714 1136 2898 1180 nostro
2950 1127 3003 1180 in
3033 1127 3254 1183 odorem
3287 1129 3564 1183 suavitatis

279 1207 425 1262 bono
456 1222 619 1276 opere
657 1205 887 1271 fervent,
933 1217 1194 1273 quatenus
1232 1208 1461 1276 gloriam
1503 1209 1737 1262 caelestis
1779 1223 1873 1279 pa-
1971 1213 2260 1280 accendat,
2311 1222 2486 1285 etego
2516 1230 2644 1285 rogo
2674 1232 2768 1285 pro
2815 1232 2904 1284 eo,
2953 1227 3009 1272 ut
3049 1220 3295 1290 gaudium
3328 1235 3564 1289 perenne

281 1302 400 1356 tria:
445 1316 565 1355 (unt
595 1300 808 1354 Christo
848 1311 901 1354 et
930 1316 1050 1355 cum
1101 1303 1297 1357 sanctis
1348 1314 1656 1357 mereantur
1699 1304 1868 1371 possi-
1975 1305 2262 1372 possideat.
2297 1305 2389 1360 Cui
2421 1307 2672 1377 inquam:
2705 1309 2862 1364 Pater
2891 1310 2996 1376 mi,
3027 1326 3094 1365 ne
3125 1311 3370 1366 irascaris
3412 1314 3454 1366 si
3487 1313 3562 1367 l0-

282 1396 432 1448 dere.
479 1393 580 1447 Ista
608 1393 837 1463 denique
875 1394 1078 1461 omnia,
1111 1399 1416 1448 venerando
1444 1396 1719 1463 Onnphrio
1750 1411 1872 1449 nar-
1974 1411 2105 1464 quar
2140 1413 2151 1448 :
2184 1396 2240 1451 Si
2286 1398 2563 1453 incensum
2615 1415 2714 1457 nec
2758 1403 2878 1472 quis
2909 1403 3105 1468 habet,
3149 1419 3246 1459 nec
3298 1403 3564 1462 facultatis

281 1497 458 1554 rante,
492 1488 717 1556 cognovi
761 1487 909 1555 juxta
957 1488 1318 1541 summitatem
1370 1489 1536 1557 ipsius
1581 1490 1895 1544 monticelli-
1972 1485 2199 1556 aliquid,
2253 1489 2392 1544 unde
2425 1491 2588 1544 Deum
2641 1493 2854 1560 placare
2885 1503 3060 1562 potest
3090 1493 3232 1563 (25),
3282 1504 3340 1550 ut
3387 1507 3562 1553 tamen

283 1579 420 1646 (I9),
453 1579 538 1632 ubi
570 1578 808 1633 obviavit
845 1578 994 1632 mihi.
1038 1579 1110 1633 Ita
1140 1579 1388 1634 videlicet
1417 1581 1667 1650 gaudium
1695 1596 1869 1636 meum
1975 1587 2061 1632 tua
2103 1579 2474 1635 benedictione
2524 1597 2630 1635 non
2671 1592 2872 1648 careat,
2904 1585 2958 1638 in
2988 1601 3306 1656 quacunque
3335 1587 3562 1642 tribula—

281 1670 561 1740 impletum
593 1679 704 1735 est,
731 1679 788 1724 ut
809 1686 1022 1724 onmem
1050 1671 1450 1741 adversitatem,
1481 1689 1638 1743 quam
1683 1674 1734 1728 in
1780 1675 1869 1728 iti-
1975 1671 2117 1724 tione
2146 1680 2196 1726 te
2228 1672 2472 1726 invocat?
2499 1672 2647 1728 Tunc
2675 1674 2763 1729 ille
2793 1676 3100 1743 respondit:
3126 1676 3180 1730 Si
3206 1679 3325 1746 quis
3353 1693 3556 1748 pauper

280 1777 411 1818 nere
441 1763 687 1829 tuleram,
717 1763 980 1818 traderem
1021 1763 1299 1817 oblivioni.
1975 1761 2026 1815 in
2075 1762 2285 1817 deserto
2311 1804 2326 1828 ,
2374 1765 2456 1818 vel
2509 1764 2563 1817 in
2604 1765 2779 1835 aliquo
2810 1767 2915 1820 alio
2956 1767 3074 1821 loco
3104 1769 3427 1825 oblationem
3468 1779 3560 1826 aut

353 1855 481 1910 CAP.
528 1854 959 1920 IUL—Credo,
1005 1855 1240 1923 inquam,
1276 1855 1455 1920 Pater,
1506 1857 1642 1912 inter
1687 1857 1870 1914 felices
1900 1853 2394 1924 Beleemosynam,
2443 1870 2537 1909 seu
2582 1856 2857 1911 incensum
2909 1872 3012 1912 non
3047 1858 3241 1913 habeat
3268 1859 3336 1913 ad
3374 1860 3564 1916 immo-

279 1961 369 2003 me
409 1946 674 2016 deputari,
728 1948 846 2015 quia
883 1947 1064 2002 videre
1114 1955 1165 2000 te
1212 1956 1266 2001 et
1312 1962 1473 2016 opera
1522 1959 1609 2003 tua
1656 1953 1867 2021 egregia
1974 1947 2221 2012 landum,
2253 1956 2454 2015 surgat,
2488 1959 2541 2002 et
2571 1964 2758 2002 manus
2801 1965 2922 2004 suas
2952 1951 3016 2005 ad
3050 1951 3334 2007 Dominum
3381 1964 3564 2009 exten-

280 2044 579 2112 promerui.
613 2042 788 2096 Verba
819 2051 902 2096 tua
937 2043 1098 2098 nimis
1136 2043 1378 2112 pulchra,
1412 2045 1557 2098 omni
1586 2044 1868 2101 dulcedine
1971 2039 2081 2104 dat,
2113 2050 2193 2094 ter
2235 2041 2562 2095 Dominicam
2594 2043 2914 2108 orationem,
2951 2044 2999 2096 id
3031 2053 3132 2111 est,
3165 2045 3324 2100 Pater
3353 2057 3560 2114 noster,

279 2137 519 2201 mellita,
555 2137 626 2189 ita
669 2136 774 2190 mei
810 2145 1091 2204 penetrant
1116 2137 1297 2190 cordis
1338 2136 1541 2203 intima,
1585 2147 1640 2192 ut
1668 2140 1864 2205 possim
1973 2147 2069 2202 ιπο
2114 2148 2198 2188 me
2241 2148 2362 2187 cum
2408 2133 2612 2188 Ῑηιθηιῖι
2656 2145 2863 2201 meme:
2911 2145 2961 2190 ει
2989 2137 3040 2191 in
3098 2139 3313 2192 nomine
3363 2150 3562 2195 saneta!

279 2228 459 2282 dicere
487 2241 608 2281 cum
647 2226 924 2281 Psalmista
956 2245 968 2279 :
999 2227 1167 2294 Quam
1213 2227 1386 2282 dulcia
1439 2228 1686 2283 faucibus
1737 2232 1868 2285 meis
1971 2229 2246 2284 Trinitatis
2295 2230 2504 2299 psallat.
2553 2231 2665 2302 Ego
2693 2247 2819 2286 vero
2869 2248 2966 2302 pro
3016 2235 3130 2302 ipso
3182 2236 3246 2290 ad
3279 2237 3560 2294 Dominum

275 2321 485 2390 eloquia
537 2330 654 2387 tua,
709 2337 872 2390 super
921 2322 1027 2376 mel
1079 2329 1134 2377 et
1180 2321 1356 2377 favum
1401 2324 1481 2378 ori
1525 2340 1644 2378 meo
1693 2323 1864 2394 (Psal.
1970 2321 2264 2388 intercedo,
2299 2331 2356 2376 ttt
2402 2325 2524 2377 vitae
2570 2325 2804 2380 caelestis
2831 2337 3099 2382 mereatur
3133 2331 3394 2400 particeps
3444 2331 3561 2387 fieri

277 2412 506 2482 cxvttt)!
553 2414 652 2478 Qui
703 2414 773 2466 ait
819 2436 831 2468 :
869 2413 991 2480 Fili,
1044 2429 1252 2469 mecum
1300 2415 1469 2482 vade;
1513 2417 1685 2472 locum
1736 2433 1870 2472 mete
1971 2431 2089 2471 cum
2121 2417 2366 2472 omnibus
2395 2419 2597 2473 sanctis
2627 2420 2742 2474 Dei.

276 2503 620 2559 habitationis
663 2506 952 2574 conspice,
1007 2520 1289 2575 parcamus
1340 2508 1615 2577 paululum
1664 2511 1864 2565 verbis.
2042 2506 2170 2561 Car.
2201 2508 2338 2564 XIV.
2369 2539 2438 2552 --
2462 2511 2658 2566 Iterum
2689 2513 2796 2566 dixi
2829 2512 2893 2566 ad
2924 2529 3044 2567 cum
3073 2533 3085 2568 :
3119 2514 3361 2579 Domine,
3404 2517 3447 2569 si
3478 2517 3561 2573 di-

275 2595 543 2650 Coiitinuo
584 2599 835 2662 surrexit,
871 2598 1109 2667 prmivit,
1153 2609 1370 2656 secutus
1405 2616 1548 2656 sum.
1595 2602 1753 2656 Duxit
1782 2619 1868 2658 me
1968 2617 2104 2673 gnus
2150 2617 2356 2669 essem,
2405 2613 2500 2657 aut
2547 2605 2591 2656 si
2639 2603 2794 2658 donis
2838 2607 3022 2675 gratia:
3055 2613 3157 2659 tuae
3188 2608 3316 2660 mihi
3351 2608 3555 2678 liceret,

275 2703 458 2745 secum
490 2690 640 2758 quasi
674 2691 833 2745 trium
869 2693 1236 2748 milliariorum
1275 2695 1378 2750 iter
1404 2713 1415 2747 :
1441 2695 1688 2750 venimus
1720 2697 1866 2750 Cali-
1970 2705 2093 2765 post
2133 2695 2335 2749 obitum
2384 2703 2530 2748 tuum
2579 2696 2752 2749 locum
2785 2695 2941 2750 istum
2974 2697 3325 2751 libentissime
3354 2698 3561 2754 obtine-

275 2781 544 2836 diomeam
575 2781 628 2836 in
661 2783 956 2853 spiritalem
1001 2785 1172 2840 locum
1193 2828 1208 2852 ,
1261 2787 1542 2842 arboribus
1573 2788 1866 2858 palmarum
1969 2801 2103 2842 rem.
2152 2789 2220 2841 At
2262 2787 2352 2841 ille
2382 2788 2454 2842 ait
2483 2805 2496 2840 :
2530 2787 2872 2858 Nequaquam
2909 2789 3030 2854 tibi,
3065 2788 3136 2842 fili
3157 2829 3173 2856 ,
3202 2790 3514 2844 conceditur
3537 2831 3554 2857 ,

275 2885 551 2946 gratanter
615 2887 885 2932 ornatum.
947 2879 1021 2933 Ibi
1081 2894 1270 2950 preces
1323 2881 1546 2935 Domino
1607 2881 1866 2948 fudimus;
1971 2895 2071 2934 nec
2104 2879 2304 2934 idcirco
2350 2881 2491 2934 misit
2525 2891 2574 2934 te
2604 2881 2740 2935 Deus
2785 2883 2837 2935 in
2889 2883 3372 2951 peregrinationem
3407 2884 3559 2938 istius

273 2972 460 3040 eisque
492 2971 772 3039 completis
801 2973 854 3026 in
887 2980 1082 3028 terram
1122 2973 1379 3040 sedimus,
1416 2974 1469 3027 in
1491 2973 1684 3028 divinis
1710 2975 1869 3029 alter-
1969 2972 2292 3037 solitudinis,
2342 2981 2399 3026 ut
2427 2973 2512 3026 hic
2539 2972 2809 3028 obtineres
2853 2974 3025 3028 locum
3055 2975 3431 3042 habitationis;
3462 2975 3558 3030 sed

274 3073 459 3117 cantes
488 3063 736 3132 eloquils.
787 3063 913 3119 Sole
945 3063 1277 3134 jatnjamque
1320 3066 1373 3118 in
1409 3078 1657 3119 occasum
1691 3079 1866 3129 verso,
1971 3076 2028 3118 ut
2057 3081 2174 3118 cum
2205 3064 2360 3134 justis
2400 3065 2488 3133 qui
2521 3066 2572 3118 in
2605 3065 2816 3120 deserto
2846 3074 2970 3120 sunt
3000 3068 3315 3134 gratularis;
3347 3079 3400 3122 et
3429 3069 3558 3122 inti-

274 3158 386 3212 vidi
423 3172 611 3222 panem
659 3158 887 3227 positum
929 3173 1050 3213 cum
1101 3174 1237 3227 aqua
1281 3160 1491 3229 exigua.
1540 3158 1631 3213 Vir
1668 3162 1866 3214 etenim
1974 3174 2122 3212 mare
2173 3174 2231 3212 ea
2274 3158 2491 3212 Studeas
2521 3158 2749 3223 mundo,
2781 3173 2900 3228 qua:
2939 3160 3232 3228 cognovisti
3267 3163 3316 3213 in
3349 3175 3551 3214 eremo.

271 3250 370 3306 Dei
401 3255 640 3305 sentiens
683 3266 766 3305 me
803 3251 1034 3322 fatigari,
1086 3253 1218 3307 dixit
1253 3253 1383 3306 mihi
1416 3268 1431 3307 :
1465 3251 1732 3318 ProfeCto,
1768 3252 1861 3315 fili,
1893 3239 1939 3303 C
1970 3254 2028 3305 In
2077 3251 2367 3321 Egyptum
2418 3265 2616 3320 perge:
2649 3250 2720 3304 ibi
2768 3261 2885 3304 esto
2934 3267 3102 3320 usque
3130 3253 3195 3305 ad
3240 3254 3396 3307 finem
3437 3255 3558 3309 vita:

273 3357 436 3398 cerno
472 3353 520 3398 te
565 3344 877 3413 periclitari,
916 3343 1019 3398 nisi
1055 3344 1232 3398 cibum
1275 3346 1476 3414 capias.
1521 3345 1691 3414 Surge
1734 3359 1861 3414 ergo
1971 3357 2104 3412 tum;
2135 3360 2271 3415 opus
2299 3346 2498 3399 bonum
2548 3343 2762 3413 perﬁce,
2793 3353 2845 3398 et
2887 3345 3119 3414 accipies
3151 3360 3398 3402 coronam
3432 3362 3557 3417 per.

271 3444 326 3492 et
367 3440 613 3492 comede.
655 3437 753 3490 Cui
794 3437 1009 3506 inquam
1055 3453 1068 3488 :
1121 3434 1266 3506 Vivit
1295 3435 1552 3490 Dominus
1583 3436 1702 3505 (III
1733 3437 1861 3507 lleg.
1968 3450 2139 3510 petum
2175 3440 2376 3511 gloriae.

271 3528 433 3600 xvii),
469 3539 523 3583 et
561 3527 873 3583 benedictus
915 3529 1172 3583 Dominus
1213 3528 1355 3584 Deus
1399 3544 1571 3595 meus,
1616 3531 1669 3585 in
1713 3531 1864 3601 cujus
2037 3535 2168 3588 CAP.
2201 3531 2316 3586 XV.
2347 3560 2417 3571 —
2444 3531 2569 3586 Ilaec
2597 3545 2718 3585 cum
2769 3530 2930 3586 homo
2962 3531 3052 3585 Dei
3104 3531 3430 3601 loqueretur,
3458 3533 3524 3586 ad

271 3632 562 3694 conspectu
592 3623 827 3690 erimus;
862 3637 966 3677 non
996 3624 1281 3689 manduco,
1312 3639 1484 3694 neque
1516 3625 1661 3689 bibo,
1691 3625 1866 3681 donec
1965 3627 2178 3681 volutus
2218 3640 2333 3679 sum
2365 3625 2588 3694 pedibus
2613 3624 2750 3694 ejus,
2777 3623 2958 3679 dicens
2984 3639 2997 3677 :
3030 3623 3185 3677 Pater
3214 3625 3393 3687 chare,
3441 3625 3554 3679 scio

269 3718 529 3772 charitate
576 3730 707 3785 pura
754 3720 954 3786 pariter
1005 3717 1180 3771 cibum
1241 3717 1520 3772 sumimus.
1577 3719 1737 3787 Igitur
1777 3721 1863 3774 vix
1968 3723 2108 3776 enim
2139 3721 2260 3789 quia
2291 3719 2545 3789 quidquid
2580 3720 2796 3786 petieris
2835 3733 2864 3772 a
2899 3719 3026 3783 Deo,
3061 3718 3206 3771 dabit
3251 3718 3344 3771 tibi
3378 3718 3558 3772 Domi-

269 3823 395 3863 eum
437 3807 588 3876 0083i
638 3815 698 3860 ιη
738 3810 940 3861 ίίιεθΐθι
981 3807 1123 3876 quod
1175 3809 1344 3863 VOIUi-
1399 3809 1780 3865 Verumtamen
1810 3821 1867 3866 In
1969 3833 2068 3871 nus
2108 3825 2327 3885 propter
2359 3815 2678 3868 immensum
2733 3814 2966 3866 laborem
3019 3811 3327 3866 certaminis
3361 3812 3558 3880 longis-

269 3916 449 3957 meum
507 3898 722 3969 agnovit
770 3898 1139 3968 desiderium,
1189 3917 1386 3972 panem
1431 3902 1624 3972 fregit,
1677 3904 1866 3959 tribuit
1969 3910 2126 3973 simi,
2175 3923 2282 3977 quo
2312 3921 2507 3974 corpus
2555 3914 2699 3958 tuum
2745 3904 2978 3958 afﬂixisti
3028 3903 3362 3972 septuaginta
3403 3904 3556 3957 anuis

269 3993 435 4058 mihi;
469 3994 928 4059 manducavimus,
955 4002 1010 4049 et
1037 3996 1260 4049 saturati
1285 4010 1471 4050 sumus
1502 3998 1655 4068 103
1685 3999 1866 4054 nobis-
1970 4015 2066 4070 pro
2111 3999 2327 4052 nomine
2373 3996 2616 4061 Domini;
2662 3996 2840 4067 przebe
2870 4011 2997 4066 ergo
3029 3996 3158 4048 mihi
3203 4011 3421 4050 munera
3453 4005 3556 4051 tote

269 4101 374 4155 que
405 4085 701 4155 fragmenta
733 4085 1111 4156 superfuerunt
1139 4086 1443 4142 edentibus.
1469 4088 1689 4144 Noctem
1723 4090 1862 4146 illam
1968 4098 2166 4144 sancta:
2196 4087 2607 4151 benedictionis,
2638 4096 2900 4156 quatenus
2926 4086 3016 4140 tibi
3050 4086 3102 4139 in
3133 4085 3324 4139 virtute
3353 4087 3556 4141 efficiar

269 4181 572 4236 insomnem
603 4193 740 4249 pene
764 4179 1038 4244 duximus,
1075 4179 1374 4250 divinisque
1399 4181 1645 4237 laudibus
1675 4183 1866 4238 imtuo-
1969 4181 2178 4244 similis,
2212 4188 2266 4233 et
2295 4187 2383 4233 tua
2425 4177 2818 4232 interventione
2846 4176 3062 4243 spiritus
3092 4190 3240 4230 meus
3268 4175 3553 4246 dirigatur,

269 4273 373 4328 rati
404 4286 610 4324 SIIlIllIS.
1969 4281 2024 4328 et
2066 4273 2118 4326 in
2178 4271 2351 4324 futuro
2408 4279 2582 4324 tecum
2636 4269 2946 4338 participari
2997 4283 3224 4323 merear.
3274 4268 3372 4336 Qui
3432 4284 3554 4324 mox

340 4366 472 4421 Car.
507 4364 638 4419 XIII.
660 4394 732 4406 —
759 4363 911 4419 Mane
962 4367 1129 4433 facto,
1178 4375 1300 4436 post
1338 4367 1524 4421 horam
1568 4369 1826 4424 orationis
1847 4411 1862 4436 ,
1971 4372 2186 4420 econtra
2216 4362 2564 4432 respondens,
2595 4362 2813 4431 protulit
2841 4363 2939 4416 ista
2967 4378 2978 4414 :
3007 4362 3288 4430 Paplmuti,
3325 4379 3390 4415 ne
3419 4378 3554 4417 cou-

267 4457 516 4512 videbam
547 4458 755 4512 vultum
787 4457 903 4528 ejus
946 4458 1150 4527 pallore
1201 4460 1271 4513 ita
1319 4468 1608 4526 mutatum,
1661 4470 1714 4516 et
1739 4463 1866 4531 quid
1974 4459 2197 4513 tristeris
2231 4476 2244 4512 :
2272 4457 2453 4526 petitio
2483 4464 2592 4525 tua,
2629 4455 2892 4509 tribuente
2926 4455 3168 4519 Domino,
3193 4456 3294 4508 erit
3319 4456 3548 4514 stabilis.

266 4552 527 4608 acciderit
577 4551 796 4622 quaesivi
849 4552 916 4606 ab
947 4566 1032 4608 eo.
1065 4551 1165 4618 Qui
1208 4554 1284 4606 ait
1311 4569 1325 4606 :
1358 4553 1470 4607 Non
1502 4569 1824 4624 expavescas
1846 4596 1860 4620 ,
1974 4549 2066 4603 Sta
2088 4549 2137 4601 in
2169 4547 2293 4612 fide,
2320 4546 2544 4600 viriliter
2569 4560 2688 4614 age,
2721 4545 2903 4599 oculos
2923 4559 3042 4597 cum
3072 4553 3250 4598 mente
3280 4545 3345 4598 ad
3381 4546 3546 4600 Deum

269 4647 437 4700 frater
489 4643 750 4714 Paphnuti
772 4683 788 4710 ,
832 4645 1082 4712 quoniam
1134 4645 1476 4714 omnipotens
1527 4648 1665 4701 Deus
1714 4657 1861 4702 recto
1889 4626 1938 4685 Ῑ)
1965 4644 2130 4712 erige,
2156 4642 2206 4693 in
2232 4639 2494 4694 mandatis
2510 4639 2883 4702 corroborare,
2909 4637 3103 4692 bonum
3132 4641 3305 4693 facere
3329 4640 3554 4711 impiger

267 4741 464 4794 itinere
496 4738 549 4792 in
585 4738 722 4791 hanc
749 4736 1088 4792 solitudinem
1121 4737 1320 4792 direxit
1349 4747 1428 4805 te,
1481 4747 1537 4790 ut
1569 4738 1861 4794 honoriﬁce
1965 4732 2247 4798 contende,
2271 4738 2326 4784 et
2352 4731 2510 4783 vitam
2533 4737 2784 4782 aeternam
2815 4728 3154 4797 apprehende
3186 4727 3238 4800 (Ι
3265 4728 3384 4786 Cor.
3413 4734 3550 4800 xvr).

267 4829 502 4900 scpelias
531 4843 636 4896 me,
670 4836 828 4897 atque
854 4843 1050 4897 corpus
1089 4843 1266 4882 meum
1299 4829 1645 4883 commendes
1681 4838 1858 4886 terrae.
1966 4826 2254 4892 Protegant
2303 4830 2354 4874 te
2386 4821 2559 4891 angeli
2618 4820 2734 4888 Dei,
2765 4829 2816 4873 et
2846 4833 3161 4876 conservent
3213 4832 3262 4877 te
3300 4826 3367 4877 ab
3411 4826 3553 4878 omni

267 4921 382 4977 Hac
425 4918 624 4975 etenim
679 4918 809 4973 hora
837 4919 1010 4973 anima
1051 4919 1229 4973 carnis
1278 4917 1508 4972 vinculis
1538 4919 1860 4987 absolvitur,-
1967 4915 2193 4972 consilio
2237 4912 2534 4983 pravitatis,
2567 4919 2624 4966 ut
2669 4927 2833 4980 purus
2860 4921 2982 4966 ante
3015 4913 3177 4967 Deum
3220 4925 3272 4968 et
3300 4916 3554 4967 immacu-

264 5023 426 5084 atque
456 5013 523 5066 ad
557 5020 854 5067 creatorem
883 5027 1039 5065 suum
1087 5012 1136 5065 in
1169 5011 1388 5066 cteleste
1418 5026 1638 5080 regnum
1668 5012 1861 5081 depor-
1967 5012 2106 5067 latus
2150 5013 2200 5064 in
2233 5009 2320 5065 die
2368 5010 2449 5063 sui
2481 5009 2739 5064 examinis
2791 5011 3097 5066 invenieris.
3122 5011 3246 5066 Post
3284 5011 3399 5064 haec
3438 5025 3556 5063 sur-

265 5115 428 5160 tatur.
464 5103 653 5158 Frater
679 5105 1065 5170 amantissime,
1094 5103 1227 5173 (scio
1259 5117 1487 5172 namque
1528 5103 1858 5159 desiderium
1971 5105 2127 5168 rexit,
2157 5113 2211 5158 et
2234 5103 2299 5156 ad
2328 5102 2608 5157 Dominum
2639 5104 2941 5174 lacrymans
2965 5105 3156 5169 oravit,
3185 5117 3353 5173 genua
3383 5102 3551 5169 flexit,

266 5195 444 5268 tuum)
472 5195 685 5266 quando
725 5195 948 5250 redieris
976 5194 1030 5248 in
1060 5193 1348 5265 ngyptum
1369 5239 1382 5262 ,
1429 5210 1727 5251 memorare
1759 5197 1861 5251 mei
1970 5207 2128 5265 atque
2153 5196 2329 5251 subito
2357 5195 2528 5249 dixit:
2559 5197 2613 5250 In
2647 5210 2834 5251 manus
2866 5208 3000 5264 tuas,
3034 5197 3192 5262 Deus,
3236 5195 3554 5249 commendo

267 5292 325 5346 in
346 5287 634 5359 praesentia
659 5287 879 5341 fratrum
905 5297 1135 5353 tuorum,
1161 5295 1216 5342 et
1241 5288 1291 5341 in
1314 5299 1601 5357 conspectu
1626 5290 1860 5343 omnium
1969 5288 2214 5356 spiritum
2241 5302 2438 5344 meum.
2466 5288 2704 5358 Cumque
2733 5289 2844 5343 haec
2890 5289 3131 5352 dixisset,
3163 5287 3340 5340 lumen
3369 5289 3552 5356 splen-

268 5381 542 5438 Cbristum
591 5378 904 5434 colentium.
943 5379 1063 5435 Ilaec
1114 5387 1196 5434 est
1225 5381 1510 5448 postulatio
1559 5393 1674 5434 mea
1705 5378 1822 5450 (20)
1845 5423 1860 5447 ,
1971 5383 2150 5436 didum
2181 5397 2376 5453 corpus
2405 5382 2523 5446 ejus
2553 5380 2908 5444 obumbravit,
2940 5391 2995 5432 et
3025 5379 3075 5432 in
3106 5378 3271 5448 ipsius
3307 5381 3554 5438 claritate

266 5486 427 5543 quam
471 5469 757 5540 impetravi
782 5483 812 5522 a
857 5468 1082 5523 Domino
1111 5469 1239 5524 Deo.
1271 5469 1326 5525 Si
1374 5470 1493 5539 quis
1534 5469 1860 5526 oblationem
1970 5476 2184 5532 luminis
2213 5478 2386 5531 anima
2415 5486 2594 5530 sancta
2638 5490 2798 5530 carne
2829 5474 2996 5528 soluta
3025 5483 3126 5528 est.

265 5563 338 5619 ob
377 5576 618 5618 amorem
671 5559 904 5615 nominis
950 5561 1056 5616 mei
1095 5569 1220 5614 ante
1259 5570 1603 5630 conspectum
1651 5561 1860 5616 Domini
2023 5567 2152 5617 Cxp.
2184 5558 2665 5627 XVI.—Repente
2697 5570 2825 5612 vero
2856 5569 3046 5609 vocem
3067 5554 3379 5624 angelorum
3411 5555 3548 5609 mul-

266 5657 440 5714 nostri
460 5655 590 5712 Jesu
619 5654 842 5721 Christi,
872 5664 925 5710 et
951 5655 1016 5709 ad
1047 5654 1256 5710 laudem
1284 5654 1402 5724 ejus
1435 5653 1550 5724 (2t)
1595 5655 1856 5722 immolat,
1951 5666 2130 5715 torum
2151 5655 2350 5722 audivi,
2383 5651 2711 5708 laudantium
2745 5651 2932 5716 Deum,
2982 5657 3037 5706 et
3065 5650 3118 5706 in
3159 5650 3396 5706 discessu
3423 5666 3547 5706 san-

264 5749 336 5803 ah
383 5748 530 5804 omni
559 5751 857 5805 tentatione
905 5749 1140 5815 diaboli,
1173 5761 1281 5804 eta
1322 5749 1536 5804 vinculo
1584 5751 1859 5820 pravitatis
1949 5753 2199 5809 ctissimae
2250 5748 2441 5802 animae
2499 5743 2672 5799 sancti
2736 5741 3026 5816 Onuphrii,
3085 5746 3287 5802 :etbera
3342 5746 3546 5802 scilicet

269 5841 520 5899 humanae
548 5843 685 5900 liber
712 5842 914 5912 existit,
965 5851 1124 5912 atque
1152 5858 1272 5899 cum
1325 5843 1527 5900 sanctis
1569 5845 1772 5918 angelis
1802 5845 1856 5902 in
1954 5844 2206 5921 angelicis
2231 5839 2453 5899 canticis
2482 5841 2790 5896 resonantia
2825 5837 2960 5913 (ξι),
2993 5840 3243 5912 gaudium
3275 5838 3543 5896 ineﬂabile
