4142 6350
578 366 685 423 223

1245 554 1489 610 PRETE.

872 671 1225 737 Cassiodorus,
1255 669 1432 726 Instit.
1463 669 1622 724 divin.
1657 684 1771 736 cap.
1798 665 1888 721 25.

659 790 939 862 Dionysius
970 789 1287 857 monachus,
1319 788 1516 861 Scytha
1545 788 1761 842 natione
1791 786 1885 841 sed
1928 785 2164 841 moribus

580 884 798 941 omnino
825 884 1114 947 Romanus,
1143 885 1197 938 in
1227 894 1449 953 utraque
1480 882 1659 951 lingua
1709 880 1866 936 valde
1915 878 2165 935 doetissi-

581 995 723 1044 mus,
753 978 981 1034 reddens
1012 978 1310 1034 actionibus
1341 979 1471 1045 suis,
1506 992 1663 1048 quam
1693 978 1744 1031 in
1774 977 1923 1032 libris
1954 976 2165 1031 Domini

580 1072 780 1141 legerat
809 1074 1146 1141 aequitatem;
1180 1072 1270 1143 qui
1300 1072 1607 1140 Scripturas
1637 1070 1846 1125 divinas
1894 1078 2039 1124 tanta
2066 1083 2163 1125 cu—

579 1164 819 1219 riositate
847 1163 1174 1219 discusserat
1205 1172 1364 1234 atque
1395 1164 1753 1230 intellexerat,
1787 1172 1845 1217 ttt
1888 1163 2168 1219 undecun-

578 1269 685 1325 que
717 1256 1075 1328 interrogatus
1098 1255 1309 1323 fuisset,
1335 1264 1579 1325 paratum
1605 1254 1829 1310 haberet
1856 1264 2168 1325 competens

576 1350 692 1406 sine
720 1350 895 1420 aliqua
925 1350 1183 1405 dilatione
1207 1364 1557 1419 responsum;
1581 1349 1668 1418 qui
1695 1364 1901 1403 mecum
1924 1348 2169 1403 dialecti-

580 1457 699 1498 cam
733 1442 877 1512 legit,
905 1451 959 1498 et
983 1444 1034 1497 in
1061 1443 1308 1510 exemplo
1334 1440 1555 1512 gloriosi
1585 1438 1872 1509 magisterii
1907 1439 2170 1508 plurimos

580 1549 746 1590 annos
760 1535 920 1589 vitam
949 1549 1122 1599 suam,
1148 1544 1434 1604 praestante
1457 1533 1705 1598 Domino,
1731 1533 1965 1601 gloriose
1993 1541 2170 1587 trans-

579 1627 704 1698 egit.
739 1626 905 1681 Pudet
954 1643 1040 1683 me
1083 1627 1149 1683 de
1184 1635 1436 1683 consorte
1483 1625 1663 1681 dicere
1692 1624 1833 1695 quod
1865 1627 1915 1681 in
1960 1641 2047 1682 me
2078 1640 2171 1681 ne-

579 1732 715 1786 queo
746 1717 1003 1785 reperire.

654 1809 776 1863 Fuit
800 1809 941 1864 enim
975 1808 1025 1863 in
1050 1809 1139 1863 illo
1166 1822 1286 1864 cum
1318 1809 1580 1880 sapientia
1604 1826 1794 1880 magna
1821 1809 2166 1879 simplicitas,

582 1916 700 1956 cum
734 1901 975 1955 doetrina
1008 1900 1302 1965 humilitas,
1330 1916 1449 1956 cum
1485 1902 1732 1958 facundia
1773 1904 2020 1974 loquendi
2052 1918 2172 1974 par-

582 1995 750 2060 citas;
784 2002 839 2049 ut
865 1994 915 2047 in
950 1993 1098 2047 nullo
1128 2008 1187 2047 se
1214 1992 1296 2047 vel
1328 1994 1581 2048 extremis
1610 1995 1820 2050 famulis
1850 1996 2169 2061 anteferret,

582 2102 702 2140 cum
734 2087 923 2155 dignus
949 2095 1095 2141 esset
1132 2101 1313 2155 regum
1343 2086 1462 2141 sine
1507 2085 1840 2143 dubitatione
1865 2088 2169 2158 colloquiis.

580 2179 906 2235 interveniat
935 2195 1031 2248 pro
1058 2180 1230 2243 nobis,
1257 2183 1349 2250 qui
1380 2181 1660 2236 nobiscum
1692 2197 1849 2237 orare
1876 2197 2187 2238 consueve--

580 2283 691 2341 rat;
725 2282 779 2329 ut
804 2272 955 2343 cujus
987 2274 1073 2328 hic
1099 2289 1284 2328 sumus
1315 2274 1562 2330 oratione
1586 2274 1814 2342 sulfulti,
1855 2276 1972 2345 ejus
2002 2276 2174 2346 possi-

580 2382 699 2422 mus
722 2382 863 2421 nunc
895 2366 1102 2421 meritis
1132 2366 1395 2436 adjuvari.

652 2459 750 2526 Qui
796 2459 989 2528 petitus
1034 2473 1064 2511 a
1109 2458 1383 2529 Stephano
1428 2458 1684 2527 episcopo
1723 2458 2056 2524 Salonitano,
2108 2472 2176 2513 ex

582 2550 788 2605 Graecis
808 2549 1206 2617 exemplaribus
1227 2549 1459 2603 Canones
1487 2549 1875 2604 Ecclesiasticos
1902 2549 1984 2621 (ά)
2014 2549 2178 2604 mori-

584 2642 683 2696 bus
711 2642 843 2707 suis,
877 2651 933 2696 ut
962 2652 1078 2696 erat
1105 2642 1295 2710 planus
1337 2650 1499 2710 atque
1528 2643 1785 2707 disertus,
1819 2656 2027 2711 magnas
2056 2643 2176 2698 elo-

581 2734 813 2805 quentiae
842 2735 959 2791 luce
989 2735 1312 2805 composuit,
1345 2749 1482 2805 quos
1512 2734 1673 2791 hodie
1699 2750 1797 2791 usu
1825 2734 2177 2790 celeberrimo

583 2829 823 2885 Ecclesia
855 2829 1094 2883 Romana
1144 2828 1538 2897 complectitur.
1594 2829 1704 2884 Hos
1756 2831 1918 2884 etiam
1964 2837 2178 2898 oportet

583 2935 679 2976 vos
707 2921 923 2977 assidue
954 2922 1153 2989 legere,
1188 2936 1255 2976 ne
1283 2919 1573 2975 videamini
1614 2930 1722 2974 tam
1769 2920 2037 2975 salutares
2069 2918 2175 2976 Eoo

584 3016 907 3073 clesinsticas
938 3017 1147 3085 regulas
1178 3013 1514 3085 culpabiliter
1541 3014 1810 3083 ignorare.

656 3109 774 3164 Alia
824 3123 1035 3179 quoque
1095 3107 1258 3161 multa
1312 3122 1375 3161 ea:
1419 3104 1602 3161 erco
1645 3106 1908 3160 transtulit
1954 3104 2007 3159 in
2041 3102 2184 3158 Lati-

585 3221 705 3261 num
726 3204 819 3275 (e),
838 3219 957 3272 qua:
983 3202 1195 3257 utilitati
1219 3210 1441 3272 possunt
1465 3200 1722 3256 Ecclesia.-
1746 3200 2057 3255 convenire.
2075 3199 2177 3267 Qui

589 3308 731 3354 tanta
762 3299 1065 3353 Latinitatis
1092 3308 1145 3352 et
1174 3296 1475 3353 Graecitatis
1509 3296 1697 3365 peritia
1744 3294 2085 3365 fungebatur,
2120 3305 2177 3349 ut

587 3407 933 3463 quoscunque
960 3391 1131 3446 libros
1164 3391 1378 3446 Graecos
1404 3390 1459 3444 in
1488 3389 1731 3444 manibus
1762 3390 2052 3459 acciperet,
2079 3389 2179 3443 La-

588 3486 698 3540 tine
725 3485 842 3539 sine
869 3483 1166 3539 offensione
1194 3490 1606 3546 transcurreret,
1633 3481 1938 3551 iterumque
1960 3480 2180 3536 Latinos

588 3578 764 3635 Attico
793 3591 1042 3630 sermone
1068 3575 1350 3644 relegeret,
1383 3583 1442 3629 ut
1467 3574 1717 3628 crederes
1750 3574 1850 3626 hoc
1890 3587 2010 3626 esse
2050 3587 2182 3626 con-

589 3671 869 3740 scriptum,
895 3669 1034 3738 quod
1066 3682 1127 3724 os
1150 3667 1268 3737 ejus
1295 3666 1557 3721 inoffensa
1589 3664 1873 3720 velocitate
1901 3664 2177 3719 fundebat.

664 3762 905 3832 Longum
934 3770 1016 3817 est
1040 3760 1107 3816 de
1137 3759 1229 3815 illo
1256 3761 1373 3814 viro
1402 3767 1595 3814 cuncta
1626 3766 1895 3824 retexere,
1925 3757 2013 3827 qui
2046 3756 2184 3810 inter

590 3857 825 3927 reliquas
880 3857 1107 3910 virtutes
1137 3852 1239 3907 hoc
1262 3852 1511 3908 habuisse
1536 3851 1791 3921 probatur
1816 3850 2092 3913 eximium,
2126 3856 2185 3903 ut

590 3966 711 4006 cum
741 3964 800 4005 se
828 3956 997 4004 totum
1031 3948 1142 4003 Deo
1174 3947 1499 4011 tradidisset,
1533 3960 1639 4000 non
1670 3953 2051 4014 aspernaretur
2082 3956 2183 3997 sa:-

590 4042 849 4097 culariutn
881 4039 1382 4096 conversationihus
1404 4039 1689 4093 interesse.
1715 4036 1908 4091 Castus
1932 4035 2179 4103 nimium,

588 4150 708 4192 cum
734 4133 1202 4203 alienas-quotidie
1232 4132 1438 4187 videret
1462 4146 1688 4195 uxores;
1722 4130 1889 4195 mitis,
1921 4144 2039 4184 cum
2072 4128 2183 4183 fere

586 4228 823 4299 gentium
840 4240 1036 4281 vesano
1050 4224 1261 4280 turbine
1275 4226 1593 4293 pulsaretur.
1611 4224 1889 4279 Fundehat
1916 4223 2180 4292 lacrymas

591 4331 767 4378 mutus
794 4320 1229 4391 compunctione,
1261 4335 1383 4374 cum
1416 4318 1629 4373 audiret
1658 4316 1868 4386 garrula
1896 4316 2062 4370 verba
2091 4314 2181 4369 lte-

590 4416 738 4473 tilias.
770 4414 1050 4485 Jejunabat
1078 4416 1194 4468 sine
1237 4410 1653 4482 exprobratione
1680 4407 2095 4479 prandentium,
2128 4413 2185 4462 et

592 4510 712 4567 ideo
756 4509 1017 4564 conviviis
1050 4514 1324 4578 gratanter
1356 4505 1631 4569 intererat,
1668 4510 1722 4556 ut
1762 4502 1899 4557 inter
1930 4502 2187 4570 corpora-'

592 4602 667 4657 les
690 4603 874 4672 epulas
897 4600 1201 4670 inquisitos,
1222 4599 1491 4669 spiritales
1518 4597 1700 4668 copias
1728 4610 1940 4664 semper
1963 4594 2181 4649 exhibe-

593 4705 694 4753 ret.
726 4695 876 4761 Quod
909 4695 952 4747 si
983 4704 1160 4749 tamen
1186 4693 1472 4762 aliquando
1503 4690 1842 4755 cometleret,
1875 4702 2040 4758 parvo
2070 4686 2184 4757 qui-

592 4792 713 4847 dem
727 4791 870 4857 cibo,
890 4789 984 4843 sed
1002 4799 1177 4843 tamen
1196 4787 1334 4842 escis
1350 4786 1724 4842 communibus
1747 4782 2185 4854 utebatuer

596 4882 746 4940 Unde
777 4895 1045 4936 summum
1082 4892 1250 4950 genus
1273 4878 1481 4933 aestimo
1512 4877 1804 4948 patientiae,
1835 4876 1973 4931 inter
1997 4877 2185 4928 huma-

593 4992 689 5034 nas
710 4990 829 5031 esse
849 4974 1091 5043 delicias,
1118 4981 1171 5027 et
1192 4972 1530 5027 abstinentia!
1555 4968 1824 5025 custodire
1852 4982 2185 5023 mensuram.

593 5070 721 5135 Sed,
753 5078 809 5123 ut
839 5068 976 5123 bona
1007 5065 1201 5121 mentis
1230 5065 1345 5135 ejus
1385 5063 1619 5118 infucata
1666 5062 1820 5117 laude
1864 5061 2184 5124 referamus,

593 5174 706 5221 erat
739 5170 881 5218 totus
909 5158 1238 5226 Catholicus,
1270 5166 1411 5213 totus
1438 5156 1676 5227 paternis
1704 5154 1905 5226 regulis
1933 5169 2181 5225 perseve-

593 5267 773 5314 ranter
812 5257 1079 5324 addictus,
1133 5263 1187 5311 et
1232 5251 1487 5325 quidquid
1534 5260 1757 5323 possunt
1799 5252 2037 5321 legentes
2087 5264 2184 5320 per

592 5352 833 5408 diversos
879 5366 1142 5424 quaerere,
1183 5349 1235 5406 in
1286 5348 1430 5406 illius
1482 5345 1704 5403 scientia
1760 5342 2182 5416 cognoscebatur

596 5458 756 5516 posse
778 5441 1001 5513 fulgere.
1049 5441 1213 5516 Cujus
1260 5439 1462 5497 nomini
1510 5438 1688 5510 aliqua
1740 5435 1890 5507 pravi
1938 5434 2183 5492 homines

592 5538 924 5595 calumniose
975 5536 1215 5593 nituntur
1259 5536 1526 5607 ingerere,
1567 5533 1707 5589 unde
1759 5545 1853 5587 sua
1900 5529 2180 5587 videantur

594 5640 769 5689 errata
801 5632 1134 5703 aliquatenus
1162 5646 1440 5687 excusare.
1467 5628 1573 5685 Sed
1605 5627 1695 5683 ille
1717 5625 1827 5694 jam
1856 5623 2038 5682 saeculi
2063 5640 2182 5693 per-

595 5728 851 5783 versitate
890 5725 1166 5791 derelicta,
1200 5733 1487 5795 praastante
1537 5723 1784 5787 Domino,
1820 5720 1873 5776 in
1926 5718 2181 5775 Ecclesiae.

594 5836 727 5893 pace
753 5817 1010 5888 sepultus,
1037 5816 1175 5873 inter
1197 5816 1288 5874 Dei
1315 5816 1541 5873 famulos
1561 5812 1861 5873 credendus
1880 5820 1963 5870 est
1984 5810 2183 5869 habere

593 5911 941 5970 consortium.

1616 361 1706 417 DE
1747 358 1923 418 VlTlS
1960 351 2245 415 PATRUM
2285 342 2491 411 LlBER
2528 351 2807 412 PRIMUS.

581 487 671 547 DE
728 483 1042 544 DlONYSlO
1099 481 1360 540 EXICUO
1412 479 1626 537 HUIUS
1684 477 1866 537 νιΤΑε
1930 470 2245 534 lNTER-A

3754 356 3862 415 224

2548 469 2615 526 V.
2642 469 2805 539 Beda,
2834 470 2898 525 de
2922 469 3120 525 ratione
3146 468 3349 543 Temp.,
3375 487 3489 541 cap.
3524 471 3612 527 45.

2343 562 2508 619 Primi
2557 563 3065 620 decemnovennalis
3116 564 3299 619 circuli
3354 574 3511 621 versu
3560 576 3865 636 temporum

2271 654 2404 711 ordo
2429 646 2743 727 prae'figitur,
2776 669 2934 726 quem
2966 654 3139 710 Graeci
3170 654 3519 711 calculatores
3569 671 3598 710 a
3654 655 3866 714 Diocle-

2271 748 2396 805 tiani
2430 753 2686 821 principis
2710 753 2864 807 annis
2896 753 3291 819 observavere;
3317 754 3413 808 sed
3446 754 3755 827 Dionysius,
3782 771 3869 813 ve-

2272 844 2524 901 nerabilis
2553 846 2718 901 abbas
2748 846 3005 901 Romanas
3035 846 3204 911 urbis,
3230 857 3283 902 et
3314 848 3588 919 utriusque
3634 850 3866 921 linguae,

2272 938 2473 993 Grieca:
2510 937 2761 994 videlicet
2801 947 2854 993 et
2902 938 3126 1006 Latinas,
3179 954 3284 996 non
3332 941 3550 1010 ignobili
3607 944 3871 1013 prmdilus

2271 1032 2516 1097 scientia,
2552 1031 2831 1089 Paschalcs
2853 1035 3077 1089 scribens
3102 1035 3337 1098 circulos,
3380 1037 3550 1092 noluit
3594 1039 3674 1094 eis
3704 1041 3872 1111 (sicut

2274 1122 2389 1193 ipse
2420 1125 2665 1195 testatur)
2699 1127 3012 1182 memoriam
3041 1128 3192 1198 impii
3225 1132 3582 1196 persecutoris
3626 1133 3870 1189 innecte-

2272 1232 2354 1282 re,
2388 1219 2481 1273 sed
2512 1221 2681 1290 magis
2722 1220 2869 1291 eligit
2909 1222 2975 1276 ab
3020 1222 3389 1279 incarnatione
3434 1224 3643 1279 Domini
3697 1227 3871 1283 nostri

2272 1307 2401 1365 Jesu
2430 1307 2629 1366 Christi
2661 1321 2902 1381 tempora
2937 1323 3257 1383 praenotare,
3291 1325 3553 1384 quatenus
3582 1319 3869 1376 exordium

2274 1403 2392 1471 spei
2422 1413 2617 1459 nostras
2650 1405 2826 1460 notius
2852 1405 3006 1461 nobis
3033 1406 3311 1470 existeret,
3343 1416 3397 1462 et
3442 1423 3601 1463 causa
3651 1426 3875 1480 repara-

2279 1494 2441 1550 tionis
2486 1495 2754 1565 humanm,
2791 1497 2842 1552 id
2892 1507 2998 1568 est,
3048 1500 3227 1569 passio
3271 1499 3647 1571 Redemptoris
3700 1502 3875 1560 nostri

2276 1590 2574 1645 evidentius
2606 1591 2860 1648 eluceret.
2929 1574 2935 1579 ’

2278 1682 2605 1755 Sigebertus,
2637 1686 2871 1757 catalogo
2898 1684 3091 1741 illustr.
3136 1684 3336 1740 Eccles.
3368 1686 3596 1756 Script.,
3629 1705 3747 1760 cap.
3778 1689 3875 1746 27.

2352 1776 2637 1847 Dionysius
2666 1778 2832 1833 abbas
2883 1779 3176 1847 Romanus,
3208 1792 3564 1850 cognomento
3610 1783 3875 1853 Exiguus,

2202 1870 2249 1932 B
2275 1870 2487 1940 gemina
2518 1870 2740 1929 scientia
2774 1868 2959 1926 Graece
2987 1880 3041 1925 et
3070 1870 3259 1926 Latine
3285 1872 3481 1937 clarus,
3509 1876 3782 1930 transtulit
3803 1876 3877 1933 de

2276 1959 2467 2016 Grmco
2508 1961 2559 2014 in
2592 1961 2836 2015 Latinum
2892 1961 3112 2016 Proterii
3152 1962 3223 2043 (fl
3267 1963 3604 2019 Alexandrini
3647 1967 3880 2037 episcopi

2277 2054 2468 2123 scripta
2514 2052 2578 2106 ad
2607 2052 2840 2107 Leonem
2879 2068 3066 2122 papam
3110 2055 3174 2109 de
3210 2056 3513 2109 celebrando
3567 2057 3767 2112 Pascha
3819 2059 3880 2114 in

2276 2157 2418 2197 anno
2448 2142 2657 2197 Domini
2684 2142 2808 2198 455.
2843 2142 3139 2200 Transtulit
3166 2147 3324 2201 etiam
3354 2148 3419 2202 de
3458 2146 3645 2203 Graeco
3673 2152 3725 2203 in
3771 2151 3878 2205 La-

2278 2236 2446 2291 tinum
2478 2237 2665 2290 librum
2715 2236 2947 2308 Gregorii
2982 2239 3204 2309 Nysseni
3250 2240 3314 2295 de
3352 2244 3643 2298 conditione
3698 2244 3881 2300 ltonui--

2277 2330 2357 2383 nis
2383 2329 2481 2401 (9),
2507 2342 2562 2385 et
2592 2330 2764 2384 Vitam
2790 2330 3057 2385 Pachumii
3074 2334 3270 2389 abbatis
3294 2336 3396 2407 (It).
3418 2336 3640 2406 Scripsit
3661 2349 3708 2394 et
3737 2340 3877 2409 ipse,

2278 2428 2397 2489 post
2427 2419 2708 2491 Cyrillum,
2753 2421 2966 2492 Cyclum
3011 2425 3229 2494 quinque
3274 2427 3558 2496 cyclorum,
3610 2427 3877 2498 incipiens

2279 2514 2349 2569 ab
2377 2529 2521 2569 anno
2550 2515 2660 2569 nati
2690 2512 2820 2570 Jesu
2851 2515 3047 2570 Christi
3075 2515 3180 2572 552
3224 2518 3313 2589 qui
3344 2527 3426 2573 est
3456 2519 3672 2575 ultimus
3699 2537 3881 2580 annus

2283 2606 2458 2677 magni
2488 2608 2647 2679 eycli,
2695 2607 2896 2678 quiest
2942 2624 3206 2664 annorum
3254 2628 3434 2667 nxxxtt
3480 2616 3644 2670 semel
3699 2620 3883 2675 exacti

2280 2715 2312 2756 a
2339 2700 2622 2756 nativitate
2648 2699 2872 2770 Christi,
2903 2713 3006 2757 etc.

2553 2791 2886 2859 Tritltemius,
2917 2795 3044 2849 libro
3072 2795 3133 2849 de
3166 2796 3365 2867 Script.
3395 2796 3597 2854 Eccles.

2356 2883 2663 2955 Dionysius,
2691 2885 2855 2941 abbas
2879 2886 3172 2953 Romanus,
3205 2900 3560 2958 cognomento
3581 2894 3666 2962 (ut
3687 2894 3887 2968 fertur)

2285 2978 2544 3049 Exiguus,
2586 2981 2669 3036 vir
2692 2990 2839 3037 certe
2871 2983 3085 3053 ingenio
3115 2993 3170 3039 et
3210 2985 3431 3042 scientia
3464 3004 3689 3059 magnus
3718 3000 3888 3061 atque

2285 3075 2638 3144 clarissimus,
2664 3076 2716 3130 in
2740 3076 3031 3146 Scripturis
3058 3080 3257 3136 sanetis
3278 3080 3538 3149 eruditus,
3565 3092 3620 3137 et
3642 3083 3699 3138 in
3720 3084 3887 3140 disci-

2289 3168 2432 3235 plina
2465 3167 2799 3222 saacularium
2831 3168 3131 3225 litterarum
3163 3171 3412 3227 nobiliter
3441 3173 3653 3237 doctus,
3689 3177 3887 3234 Graeco

2209 3258 2253 3321 C
2285 3271 2337 3316 et
2369 3262 2559 3317 Latino
2608 3262 2823 3334 eloquio
2870 3264 3066 3326 clarus.
3117 3267 3436 3335 computista
3484 3278 3540 3324 et
3587 3270 3887 3330 calculator

2284 3365 2593 3425 temporum
2619 3358 2887 3428 egregius.
2932 3358 3163 3426 Scripsit
3208 3359 3399 3416 Latino
3448 3376 3699 3419 sermone
3745 3381 3886 3423 non-

2284 3448 2427 3503 nulla
2457 3450 2734 3517 opuscula,
2757 3449 2823 3503 de
2846 3450 3038 3519 quibus
3061 3465 3160 3520 ego
3179 3460 3382 3506 tantum
3402 3454 3577 3524 reperi
3600 3455 3883 3525 subjecta:

2356 3540 2569 3610 Cyclum
2591 3539 2899 3595 Pass/talem
2924 3559 3167 3615 magnum
3190 3560 3445 3600 annorum
3470 3563 3675 3611 oxxxtt.
3704 3550 3797 3605 lib.
3831 3568 3885 3621 t;

2286 3704 2326 3758 ι.
2361 3631 2436 3686 De
2456 3633 2652 3688 ratione
2681 3637 2796 3705 festi
2818 3634 3112 3698 Paschatis,
3146 3637 3238 3692 lib.
3265 3653 3317 3699 ις
3350 3637 3622 3696 Paschatis
3651 3645 3770 3715 festi
3792 3663 3887 3701 ra-

2308 3721 2494 3758 tonem.

2308 3721 2494 3759 tonent.

2362 3799 2435 3853 De
2464 3799 2674 3853 cmteris
2704 3797 2768 3870 (ἰ)
2814 3799 2943 3854 nihil
2976 3802 3209 3871 repperi.
3253 3800 3548 3860 Transtulit
3589 3815 3767 3863 autem
3812 3808 3887 3865 de

2288 3888 2475 3944 Crteco
2501 3891 2551 3945 in
2583 3890 2826 3946 Latinum
2862 3910 2875 3945 :
2914 3892 3084 3947 Vitam
3124 3896 3308 3949 sancti:
3332 3896 3601 3952 Pachomii
3640 3902 3887 3970 abbatis;

2288 3985 2477 4039 librum
2503 4002 2703 4056 quoque
2726 3984 2964 4059 Gregorii
2990 3986 3248 4043 Emisseni
3268 4030 3282 4057 ,
3316 3990 3379 4045 de
3402 3993 3692 4047 conditione
3715 3994 3889 4050 Itami-

2287 4080 2369 4133 nis
2384 4096 2402 4143 ;
2429 4088 2475 4133 et
2502 4080 2695 4148 scripta
2722 4079 2969 4145 Proterii,
2998 4081 3340 4137 Alexandrini
3369 4085 3611 4155 episcopi,
3639 4088 3711 4141 ad
3751 4086 3889 4142 Leo-

2287 4187 2400 4225 nem
2430 4188 2616 4239 papam
2638 4171 2730 4244 (j).
2759 4170 2828 4224 Et
2849 4172 3083 4243 quedam
3112 4173 3216 4226 alia
3238 4172 3340 4244 (k).

2360 4263 2639 4319 luchoavit
2669 4272 2848 4319 autem
2879 4262 3105 4336 Cyelum
3133 4280 3287 4321 suum
3334 4280 3474 4322 anno
3504 4266 3713 4323 Domini
3739 4269 3846 4323 55:2
3867 4312 3885 4337 ,

2288 4354 2377 4426 qui
2405 4355 2503 4411 fuit
2531 4355 2750 4412 ultimus
2772 4370 2947 4411 annus
2970 4354 3145 4426 magni
3176 4357 3315 4427 cycli
3345 4358 3637 4428 paschalis,
3681 4364 3771 4430 qui
3804 4376 3887 4417 se-

2289 4450 2393 4505 mel
2423 4458 2644 4504 exactus
2675 4450 2726 4504 in
2762 4449 3009 4505 eumdem
3043 4464 3256 4520 semper
3288 4451 3595 4506 revertitur.

2360 4540 2563 4596 Claruit
2585 4554 2713 4609 ergo
2734 4541 2834 4595 sub
2862 4541 3167 4597 Justiniano
3196 4542 3327 4612 imp.
3357 4556 3572 4614 magno,
3608 4558 3752 4601 anno
3780 4545 3886 4601 Do-

2206 4649 2262 4710 ι)
2287 4636 2418 4693 mini
2448 4635 2552 4689 sto

2288 4753 2435 4810 Idem
2458 4754 2521 4808 de
2550 4753 2684 4809 Viris
2711 4753 2876 4809 illast.
2893 4752 3007 4807 ard.
3031 4753 3194 4809 sancti
3210 4751 3495 4818 Benedicti,
3511 4754 3601 4809 lib.
3617 4769 3676 4823 tt,
3691 4771 3809 4827 cap.
3826 4760 3882 4813 4.

2363 4873 2668 4945 Dionysius,
2697 4873 2863 4928 abbas
2908 4873 3203 4941 Romanus,
3253 4879 3611 4945 cognomento
3662 4872 3883 4945 Exigui,

2289 4966 2369 5021 vir
2393 4966 2445 5022 in
2471 4966 2666 5021 divinis
2696 4966 2989 5037 Scripturis
3015 4966 3168 5020 valde
3198 4967 3459 5035 eruditus,
3493 4977 3547 5022 et
3574 4966 3626 5021 in
3656 4968 3886 5021 s'ccula-

2291 5060 2441 5115 ribus
2484 5059 2680 5115 litteris
2731 5059 3085 5129 peritissimus
3115 5102 3130 5127 ,
3177 5058 3470 5115 calculator
3515 5068 3566 5115 et
3606 5071 3890 5129 geometer

2292 5152 2536 5224 insignis,
2583 5153 2771 5209 Graeco
2818 5160 2875 5208 et
2918 5151 3106 5209 Latino
3154 5151 3459 5207 instructus
3495 5151 3708 5221 eloquio
3742 5166 3758 5207 :
3794 5152 3887 5221 qui

2291 5246 2552 5301 doctrina:
2598 5259 2709 5302 suae
2758 5259 3007 5317 magnam
3056 5243 3199 5316 apud
3247 5253 3459 5301 veteres
3504 5243 3884 5299 auctoritatem

2291 5349 2633 5407 consecutus,
2663 5338 2828 5395 edidit
2859 5353 2967 5394 non
3010 5337 3312 5409 spernenda
3343 5334 3623 5406 opuscula.
3651 5335 3721 5391 de
3766 5336 3888 5405 qui-

2291 5434 2392 5491 bus
2418 5447 2583 5505 pauca
2614 5433 2681 5489 ad
2711 5446 2884 5490 meam
2916 5432 3160 5487 notitiam
3191 5437 3551 5502 pervenerunt
3585 5446 3597 5482 :

2363 5527 2441 5582 De
2474 5530 2672 5582 ratione
2708 5524 2924 5581 Pascha;
2971 5524 3177 5581 librant.
3231 5524 3387 5595 109
3424 5519 3638 5594 Cyclum
3677 5538 3885 5595 quoque

2288 5637 2534 5693 magnum
2597 5621 2989 5692 quingentorum
3044 5617 3253 5688 triginta
3314 5616 3535 5671 duorum
3600 5631 3883 5670 annorum.

2290 5713 2557 5784 Epistolas
2603 5713 2755 5768 etiam
2807 5710 3079 5765 nonnullas
3104 5708 3407 5779 composuit.

2365 5807 2439 5862 De
2466 5807 2656 5863 Crteco
2679 5807 2730 5861 iu
2763 5806 3008 5860 Latinum
3041 5802 3313 5859 transtulit
3343 5818 3357 5856 :
3391 5800 3601 5870 Scripta
3654 5795 3885 5855 Protcrii

2293 5901 2632 5959 Alexandrini
2659 5903 2727 5956 ad
2754 5900 2973 5955 Leonem
3003 5912 3191 5973 papam
3220 5896 3284 5950 de
3315 5894 3518 5950 Pascha
3540 5892 3883 5959 celebrando;
