4142 6350
265 335 366 393 229
1093 331 1247 388 VITA
1287 333 1530 391 SANCTI
1569 334 1895 394 PACHOMII
1933 337 2221 396 ABBATIS
2261 335 2749 395 TABENNENSIS.
3428 339 3531 397 250

267 452 485 514 cietate,
521 465 625 505 non
657 460 763 505 tam
793 447 1034 506 iocorum
1065 466 1223 520 quam
1248 467 1453 506 morum
1483 451 1918 510 dissimilitudine
1940 456 2261 515 dividamur.
2318 458 2428 514 Nec
2457 459 2702 514 videatur
2725 457 2958 528 cuipiam
2987 458 3212 522 mirum.
3265 458 3409 527 t1qu
3436 460 3533 520 htt-

259 544 498 615 jusmodi
544 556 722 613 pestes
754 545 834 615 (2)
861 546 1020 614 justis
1051 545 1356 600 hominibus
1383 547 1754 616 adversentur,
1811 552 2023 636 quando
2055 551 2195 620 pleni
2220 552 2378 617 dolis,
2422 553 2566 622 pleni
2600 552 2820 608 fallaciis
2848 553 2946 606 sibi
3000 567 3210 622 quoque
3252 567 3359 606 non
3398 567 3530 622 par-

264 649 407 704 cant,
436 648 488 694 et
515 654 697 693 secum
729 641 828 708 ipsi
854 642 1167 710 plerumque
1190 640 1526 695 dissentiant.
1583 642 1742 722 Tales
1763 654 2018 722 expertus
2049 646 2130 701 vir
2153 645 2338 700 beatus
2359 655 2518 716 atque
2556 647 2822 716 gloriosus
2863 648 3073 715 genitor
3105 656 3279 702 vester
3314 642 3394 718 (3)
3424 645 3531 701 Do-

261 737 435 789 minus
465 749 638 800 mens,
672 749 776 788 non
807 736 977 789 solum
1019 737 1278 804 patienter
1316 750 1378 789 ac
1409 735 1617 791 fortiter
1664 719 2041 795 insectationes
2071 756 2254 796 eorum
2300 757 2513 812 semper
2545 743 2859 811 projustitia
2916 742 3162 812 pertulit,
3217 743 3309 798 sed
3358 745 3522 797 etiam

258 829 423 884 felice
456 827 562 883 ﬁne
591 843 690 896 pro
726 831 953 883 veritate
982 832 1121 898 (quae
1151 830 1398 886 Christus
1426 834 1530 902 est)
1558 844 1867 889 constanter
1895 846 2058 905 atque
2090 837 2393 890 sublimiter
2419 840 2582 892 tatius
2614 838 2796 893 mundi
2826 838 3048 892 adversa
3081 842 3373 909 superavit.
3429 840 3531 894 Cu-

255 922 347 992 jus
378 922 666 992 perfectam
701 924 822 977 vitae
862 924 1097 993 regulam
1121 934 1427 980 sanctorum
1460 929 1666 982 meritis
1693 929 2076 998 propemodum
2119 940 2506 984 consonantem
2556 933 2713 984 nimis
2744 942 2938 1000 exopto
2998 934 3352 1001 pet-femorum
3385 933 3531 985 viro-

261 1009 384 1069 rum
420 1016 576 1070 docta
606 1023 764 1083 atque
789 1016 1010 1069 facunda
1043 1018 1286 1070 oratione
1313 1018 1592 1086 perscribi,
1649 1027 1706 1073 ut
1756 1028 1902 1074 tanta
1948 1020 2211 1074 claritudo
2237 1021 2399 1075 vestri
2434 1020 2665 1090 generis,
2713 1031 3022 1091 tantumque
3050 1024 3215 1078 decus
3243 1041 3306 1078 ex
3353 1025 3528 1094 aliqua

262 1118 522 1164 noscatur
555 1118 724 1176 parte,
756 1121 809 1161 et
839 1107 1007 1162 virtus
1034 1108 1342 1162 admiranda
1376 1109 1477 1164 viri.
1503 1111 1593 1164 vix
1621 1112 1856 1180 antiquis
1885 1110 2134 1175 effabilis,
2179 1127 2296 1180 quae
2322 1109 2534 1165 favente
2558 1111 2770 1166 Christo
2810 1126 2839 1165 a
2872 1114 3022 1168 vobis
3052 1113 3534 1184 Increditariojure

261 1203 561 1270 perficitur,
595 1200 839 1255 lectionis
863 1199 1041 1254 officio
1073 1204 1304 1268 posteris
1335 1202 1631 1257 intimetur.

256 1305 343 1321 ’-
1207 1362 1861 1550 imminutis

329 1589 591 1644 Dominus
615 1601 797 1644 noster
834 1588 992 1643 Jesus
1024 1588 1288 1651 Chrisms,
1315 1589 1590 1656 sapientiae
1613 1588 1750 1652 fons,
1793 1597 1846 1642 et
1872 1587 2110 1644 scientiae
2143 1603 2323 1642 verum
2367 1591 2578 1656 lumen,
2632 1608 2922 1662 verumque
2948 1594 3042 1649 Dei
3076 1597 3240 1663 patris
3273 1597 3524 1662 Verbum,

260 1695 362 1749 per
393 1681 534 1750 quod
569 1665 702 1736 facta
733 1688 857 1735 sunt
888 1681 1086 1745 omnia,
1109 1681 1286 1735 sciens
1306 1681 1671 1735 infirmitati-tn
1702 1689 1939 1736 nostram
1965 1683 2029 1736 ad
2054 1693 2266 1750 peccata
2291 1698 2511 1751 pronam
2531 1695 2689 1754 atque
2713 1689 3058 1756 praecipitem,
3094 1690 3244 1758 plura
3268 1691 3404 1745 circa
3433 1706 3527 1744 nos

254 1776 496 1831 remedia
531 1789 641 1827 sua:
673 1773 882 1830 pietatis
911 1774 1164 1827 ostendit.
1195 1774 1462 1826 Abraham
1505 1788 1734 1843 namque
1767 1781 1915 1841 pater
1941 1782 2143 1837 noster,
2199 1788 2317 1828 cum
2347 1775 2543 1828 divinis
2569 1775 2734 1846 jussis
2761 1779 3155 1846 obtemperans,
3185 1781 3347 1834 lilium
3373 1795 3529 1834 suum

253 1872 477 1926 offerret
508 1873 557 1924 in
591 1871 878 1934 sacriﬁcio,
909 1870 1106 1940 placuit
1126 1869 1257 1932 Deo,
1285 1879 1337 1922 et
1367 1869 1558 1924 merito
1582 1869 1703 1925 fidei
1730 1883 1853 1924 mox
1876 1875 1932 1923 et
1953 1868 2220 1923 haeredem
2251 1869 2449 1937 recepit
2472 1881 2526 1923 et
2555 1870 2831 1938 prmmium
2871 1871 3024 1942 (Gen.
3058 1873 3208 1941 χχιι).
3241 1872 3338 1926 Cui
3369 1875 3531 1928 etiam

254 1975 349 2032 per
372 1963 718 2030 semetipsum
754 1962 892 2016 Deus
917 1959 1141 2031 juravit,
1171 1962 1391 2016 dicens:
1423 1960 1533 2015 Nisi
1562 1960 1885 2016 benedicens
1911 1960 2317 2018 benedixerote
2340 2005 2353 2027 ,
2404 1973 2456 2020 et
2486 1964 2842 2033 multiplicans
2881 1966 3244 2035 multiplicabo
3304 1975 3355 2021 te
3397 1968 3534 2023 sicut

251 2056 437 2108 stellas
470 2055 587 2108 ςαξιί
613 2056 662 2106 in
687 2053 1098 2124 multitudinem,
1131 2061 1184 2106 et
1212 2053 1348 2106 sicut
1379 2068 1592 2107 arenam
1626 2067 1746 2122 quae
1776 2061 1863 2108 est
1894 2053 1961 2108 ad
1984 2069 2129 2108 oram
2162 2056 2323 2108 maris
2351 2049 2777 2134 innumerabilis.
2839 2056 2907 2110 Et
2949 2057 3140 2111 iterum
3173 2074 3185 2111 :
3246 2057 3298 2110 ln
3331 2059 3534 2112 semine

253 2157 352 2200 tuo
381 2147 767 2201 benedicentur
792 2159 978 2200 omnes
998 2155 1182 2214 gentes
1203 2155 1357 2200 terrae
1385 2144 1600 2218 (Ibid.).
1664 2145 1739 2200 De
1782 2160 1886 2216 quo
1906 2147 2113 2201 semine
2141 2146 2422 2202 manifeste
2451 2163 2548 2201 nos
2579 2148 2767 2203 edocet
2796 2149 3104 2218 Apostolus,
3139 2151 3322 2204 dicens
3349 2165 3364 2204 :
3415 2150 3530 2204 Non

253 2240 390 2294 dicit
433 2248 486 2292 et
515 2239 828 2306 seminibus,
855 2240 1004 2308 quasi
1027 2239 1078 2293 in
1108 2239 1310 2304 multis,
1363 2239 1454 2294 sed
1483 2240 1633 2309 quasi
1684 2240 1735 2294 in
1769 2253 1896 2306 uno,
1919 2247 1977 2294 et
2021 2241 2212 2294 semini
2266 2249 2376 2303 tuo,
2426 2242 2565 2309 quod
2593 2253 2674 2295 est
2717 2243 2960 2298 Christus
2994 2241 3137 2314 (Gal.
3171 2244 3274 2302 ιιι).
3331 2243 3533 2298 Omnes

255 2350 284 2386 e
315 2334 420 2385 iam
465 2332 633 2384 sancti
671 2325 963 2399 prophetae,
1029 2340 1189 2386 tantae
1216 2332 1405 2386 salutis
1457 2346 1706 2386 arcanum
1740 2332 2012 2388 revelante
2043 2333 2242 2402 Spiritu
2267 2346 2474 2401 sancto,
2522 2335 2914 2405 praevidentes,
2979 2338 3316 2407 scientesque
3364 2337 3530 2392 Deum

249 2424 408 2480 nullo
437 2423 598 2478 modo
631 2436 788 2492 posse
815 2423 1051 2488 mentiri,
1079 2424 1143 2477 ad
1183 2422 1453 2478 sanandos
1483 2425 1765 2494 languores
1796 2435 2010 2482 nostros
2051 2427 2324 2481 caelestem
2377 2429 2638 2484 medicum
2685 2431 3000 2487 nuntiabant
3049 2445 3169 2486 esse
3221 2439 3528 2497 venturum,

248 2527 419 2585 atque
445 2522 504 2567 ut
533 2511 696 2592 celeri
728 2514 1009 2580 praesentia
1032 2528 1125 2566 sua
1159 2514 1488 2583 prospiceret
1518 2515 1751 2570 humano
1782 2518 1987 2585 generi,
2014 2520 2264 2573 continua
2308 2520 2696 2590 supplicatione
2740 2525 3047 2592 poscebant.
3092 2525 3160 2578 At
3209 2524 3521 2580 misericors

245 2609 415 2672 Deus,
449 2605 535 2677 qui
563 2607 644 2676 pia
671 2615 789 2659 vota
815 2621 1029 2674 semper
1051 2599 1343 2674 antevenit,
1380 2622 1478 2662 nec
1507 2622 1739 2678 unquam
1769 2608 1970 2664 deserit
1991 2624 2085 2665 eos
2118 2610 2207 2679 qui
2234 2624 2292 2665 se
2314 2619 2426 2666 toto
2455 2613 2615 2666 corde
2636 2611 2965 2684 quaesierint,
2991 2616 3375 2684 promissiones
3399 2631 3524 2670 suas

241 2699 565 2755 novissimis
595 2699 784 2754 diebus
809 2697 1070 2768 implevit,
1106 2698 1320 2752 mittens
1349 2697 1541 2753 Filium
1573 2713 1726 2754 suum
1755 2711 1938 2754 natum
1970 2715 2037 2755 ex
2060 2702 2320 2767 muliere,
2365 2689 2560 2758 factum
2588 2703 2687 2759 sub
2711 2705 2847 2774 lege,
2900 2704 3054 2775 113
3085 2705 3170 2774 qui
3203 2720 3298 2774 pro
3327 2691 3522 2760 simili?

241 2794 434 2848 tudine
467 2776 822 2848 mortalitatis
842 2802 1041 2848 nostrae
1072 2807 1235 2849 carne
1284 2802 1583 2863 pateretur,
1641 2808 1875 2865 eumque
1904 2797 1991 2864 qui
2046 2797 2276 2853 habebat
2319 2798 2505 2853 mortis
2553 2798 2836 2868 imperimn
2890 2814 2983 2853 sua
3028 2808 3201 2854 morte
3228 2799 3531 2856 destrueret

244 2889 441 2956 (Hebr.
472 2890 551 2960 ιι).
578 2890 815 2958 Denique
848 2890 1121 2944 divinitate
1150 2907 1244 2944 sua
1275 2905 1497 2944 manens
1522 2889 1898 2961 impassibilis,
1923 2908 1953 2946 a
1976 2894 2320 2963 corruptione
2342 2901 2502 2963 atque
2529 2894 2748 2949 interitu
2781 2908 2879 2949 nos
2909 2893 3160 2958 redemit,
3209 2904 3263 2948 et
3285 2910 3311 2947 a
3341 2894 3530 2948 vincu-

247 2980 314 3033 lis
350 2981 584 3035 absolvit
613 2981 986 3037 insolubilibus
1009 2982 1302 3037 inferorum
1333 3001 1346 3050 ;
1384 2984 1724 3056 perfectaque
1765 2985 2168 3057 dispensatione
2197 2998 2392 3042 nostra:
2423 2988 2833 3059 redemptionis,
2884 2988 3132 3043 omnibus
3159 2989 3406 3058 gentibus
3437 3002 3531 3057 per

239 3088 520 3128 lavacrum
555 3073 977 3143 regenerationis
1007 3059 1347 3144 peccatorum
1380 3077 1764 3148 indulgentiam
1795 3081 2041 3145 contulit,
2072 3089 2403 3150 cunctosque
2429 3081 2494 3135 ad
2527 3095 2707 3136 veram
2739 3083 2894 3136 fidem
2947 3098 3041 3151 per
3068 3085 3368 3137 doctrinam
3401 3097 3529 3150 apo-

236 3167 495 3221 stulicam
519 3165 873 3231 confluentes,
899 3167 1050 3235 juxta
1079 3167 1209 3223 illud
1236 3170 1375 3238 quod
1400 3170 1450 3223 in
1478 3169 1766 3241 Evangelia
1788 3174 1881 3237 ait,
1906 3172 2108 3228 Euntes
2139 3173 2329 3240 docete
2354 3186 2542 3227 omnes
2594 3183 2780 3244 gentes
2800 3218 2813 3240 ,
2869 3175 3202 3242 baptizantes
3227 3190 3321 3229 eos
3350 3177 3401 3228 in
3430 3189 3529 3230 no—

237 3261 391 3315 mine
420 3260 614 3324 Patris,
648 3269 702 3315 et
735 3259 876 3325 Filii,
903 3271 955 3316 et
984 3262 1213 3331 Spiritus
1237 3264 1405 3318 sancti
1439 3263 1654 3332 (Matth.
1689 3265 1904 3336 xxvm),
1937 3266 2152 3336 gremiis
2188 3265 2410 3320 infinita
2437 3266 2648 3335 pietatis
2671 3282 2779 3320 sure
2810 3266 3087 3334 amplexus
3117 3275 3218 3320 est.

320 3356 490 3426 Igitur
532 3370 656 3409 cum
701 3369 796 3424 per
837 3356 1136 3411 universam
1180 3365 1377 3411 terram
1411 3357 1686 3427 Evangelii
1744 3353 2010 3442 praeconia
2070 3369 2433 3426 coruscarent,
2478 3369 2532 3413 et
2574 3359 2748 3428 plures
2799 3361 2850 3413 in
2895 3358 3232 3426 adaptionem
3285 3358 3518 3414 filiorum

234 3469 336 3524 per
397 3455 624 3524 gratiam
684 3455 884 3510 Christi
931 3465 1330 3519 concurrerent,
1383 3455 1633 3510 inimicus
1677 3455 1892 3511 humani
1941 3458 2152 3528 generis
2183 3457 2527 3513 vehementer
2553 3458 2780 3522 exarsit;
2807 3455 3077 3524 multoque
3103 3457 3371 3511 severiora
3405 3465 3526 3511 ten-

236 3547 506 3598 tationum
544 3545 746 3616 praelia,
779 3561 938 3615 quam
992 3547 1140 3616 prius
1168 3545 1339 3600 servis
1370 3544 1464 3600 Dei
1510 3547 1854 3612 excitaverat,
1885 3549 2033 3603 nisus
2082 3557 2163 3603 est
2206 3533 2568 3613 commovere;
2603 3550 2902 3618 suspicatus
2933 3545 3120 3604 infelix
3176 3548 3314 3618 quod
3346 3563 3502 3618 posse

235 3637 401 3691 nobis
457 3637 559 3692 iter
617 3637 962 3709 indulgentiae
1008 3629 1254 3693 caelestis
1292 3637 1596 3694 obstruere.
1630 3639 1733 3694 Sed
1788 3641 1888 3696 hac
1917 3640 2031 3712 ipsa
2065 3642 2361 3697 intentione
2403 3659 2497 3698 sua
2540 3639 2791 3712 deceptus
2823 3652 2902 3697 est
2950 3651 3005 3697 et
3032 3641 3214 3697 elisus.
3249 3642 3528 3711 Adjutorio

234 3747 473 3800 namque
521 3732 688 3787 divini
747 3733 1004 3798 muneris,
1037 3749 1066 3787 a
1100 3733 1342 3789 ﬁdelibus
1389 3743 1442 3790 et
1487 3733 1827 3805 vigilantibus
1855 3735 2046 3792 virium
2078 3737 2194 3806 ejus
2249 3745 2589 3806 proteruntur
2621 3737 2844 3805 insidiae,
2878 3744 2935 3789 ut
2984 3735 3084 3804 ipsi
3136 3735 3348 3804 quidem
3400 3751 3530 3790 con-

233 3826 408 3893 fusio,
459 3823 673 3882 famulis
731 3808 905 3893 antem
956 3829 1157 3898 Christi
1213 3830 1464 3898 perennis
1520 3830 1685 3899 gloria
1758 3837 2117 3900 comparetur.
2177 3829 2302 3882 Nam
2349 3830 2497 3899 juxta
2549 3830 2758 3882 Domini
2807 3829 3235 3898 permissionem,
3293 3843 3410 3883 cum
3467 3830 3530 3888 ad

231 3933 472 3974 examen
529 3923 800 3990 patientia:
850 3937 911 3976 ac
967 3921 1084 3974 fidei
1142 3921 1324 3974 eorum
1395 3921 1482 3990 qui
1538 3920 1834 3991 spiritualia
1860 3920 1996 3976 bella
2041 3919 2333 3990 prudenter
2369 3929 2644 3985 exercent,
2694 3920 2881 3990 pagani
2940 3920 3292 3988 imperatores
3330 3920 3530 3975 existe-

232 4022 394 4075 rent,
448 4021 499 4067 et
553 4013 748 4081 ubique
779 3991 984 4067 “contra
1052 4011 1385 4068 Christianos
1441 4013 1825 4082 persecutionis
1869 4010 2104 4082 procella
2142 4010 2450 4074 desaeviret;
2500 4007 2651 4064 multi
2695 4009 2832 4079 apud
2906 4007 3195 4080 Egyptum
3266 4019 3529 4080 martyres

233 4103 417 4156 sancti
451 4119 545 4173 per
574 4103 719 4157 varia
770 4103 1025 4172 supplicia
1065 4117 1232 4172 usque
1287 4101 1353 4156 ad
1389 4111 1612 4156 mortem
1669 4101 1720 4155 in
1776 4100 1973 4157 Christi
2008 4101 2224 4156 nomine
2253 4100 2616 4170 perstiterunt,
2649 4108 2702 4155 et
2758 4100 2913 4154 simul
2945 4115 3066 4155 cum
3101 4100 3258 4156 Petro
3286 4102 3516 4157 Alexan-

231 4195 411 4249 drinte
460 4194 688 4249 civitatis
720 4196 994 4265 episcOpo,
1029 4203 1313 4264 perpetuas
1360 4207 1587 4248 coronas
1614 4199 1670 4247 et
1708 4193 2032 4250 immortalia
2065 4185 2282 4264 praemia
2325 4201 2447 4247 sunt
2475 4189 2673 4261 adepti.

307 4286 605 4341 Crescebat
633 4300 809 4341 autem
842 4289 892 4342 in
918 4289 1033 4343 dies
1063 4289 1294 4343 fidelium
1339 4283 1641 4364 multitudo,
1677 4295 1732 4339 et
1762 4301 1859 4355 per
1881 4286 2059 4341 omnia
2089 4286 2204 4340 loca
2263 4283 2579 4341 mirabiliter
2634 4285 2960 4355 augebatur;
2995 4299 3091 4340 nec
3131 4301 3235 4340 non
3283 4289 3531 4345 ecclesia:

233 4395 402 4448 quam
482 4380 722 4456 plurima;
796 4390 849 4434 et
908 4393 1200 4452 martyrum
1258 4384 1534 4437 memoriae
1591 4381 2038 4436 construebantur
2084 4381 2412 4450 impensius;
2470 4378 2791 4434 monasteria
2840 4394 3049 4449 quoque
3105 4381 3529 4452 frequentissima

232 4485 428 4538 eorum
479 4470 566 4540 qui
622 4471 961 4525 continentia:
1030 4472 1337 4539 studentes,
1386 4476 1826 4530 renuntiaverunt
1878 4474 2116 4539 saeculo,
2185 4471 2487 4528 solitudinis
2552 4474 2719 4541 ipsius
2792 4481 2996 4528 secreta
3063 4473 3409 4530 decorabant.
3465 4479 3528 4532 lli

241 4578 483 4633 namque
522 4564 613 4628 qui
659 4564 725 4618 de
771 4563 1016 4633 gentibus
1065 4565 1114 4620 in
1161 4565 1370 4621 Christo
1421 4568 1779 4630 crediderant,
1841 4568 2240 4623 considerantes
2271 4563 2895 4636 martyrum'passiones,
2927 4582 3219 4638 eorumque
3258 4569 3526 4629 sincermn

239 4659 388 4709 circa
436 4657 701 4710 Christum
753 4658 1108 4714 confessionis
1158 4659 1427 4726 affectum,
1481 4671 1756 4730 receperunt
1801 4669 1856 4714 et
1886 4660 1985 4730 ipsi
2037 4675 2131 4728 per
2177 4658 2398 4728 gratiam
2447 4657 2653 4711 Domini
2689 4667 2994 4713 sanctorum
3021 4661 3179 4714 vitam
3231 4677 3523 4720 conversa-

243 4755 561 4819 tionemque
607 4753 818 4816 sectari,
871 4762 923 4804 et
975 4752 1130 4821 hujus
1187 4753 1533 4808 institutionis
1587 4768 1727 4818 esse,
1785 4761 1841 4806 ut
1869 4751 2028 4806 etiam
2073 4751 2155 4804 his
2183 4750 2312 4804 illud
2343 4757 2616 4818 aptaretur
2638 4749 2874 4818 Apostoli
2903 4768 2916 4803 :
2949 4751 3282 4808 Circuierunt
3324 4753 3377 4808 in
3410 4768 3524 4808 me-

237 4840 391 4906 lutis,
441 4842 495 4896 in
538 4843 766 4912 pellibus
793 4843 1041 4911 caprinis,
1078 4852 1319 4916 egentes,
1367 4845 1670 4913 angustiati,
1703 4843 1906 4910 afflicti,
1957 4844 2147 4910 quibus
2199 4857 2305 4895 non
2354 4851 2470 4895 erat
2519 4842 2712 4910 dignus
2768 4844 3016 4914 mundus,
3049 4846 3101 4900 in
3141 4847 3520 4902 solitudinibus

232 4944 485 4988 errantes
514 4945 568 4986 et
618 4934 903 5000 montibus,
940 4935 991 4989 in
1024 4937 1298 5006 speluncis
1342 4946 1396 4991 et
1441 4937 1686 4991 cavernis
1721 4946 1879 5018 terra?
1930 4937 2115 5008 (Hebr.
2152 4937 2247 5005 xi).
2299 4936 2541 5004 Quietem
2600 4937 2825 5008 denique
2853 4940 3153 4996 solitudinis
3182 4950 3517 5011 appetentes,

230 5024 430 5094 gaudia
463 5025 686 5094 propria}
727 5028 912 5081 salutis
944 5042 1006 5081 ac
1037 5028 1155 5082 fidei
1208 5029 1390 5083 divino
1439 5045 1658 5084 munere
1690 5041 1815 5087 sunt
1838 5013 2154 5094 'consecuti,
2188 5031 2504 5100 caeterisque
2531 5045 2654 5086 mox
2702 5035 2947 5104 exempla
3007 5035 3332 5090 sublimioris
3386 5034 3508 5087 vita:

233 5117 654 5185 sacratiorisque
685 5119 1046 5187 praebuerunt.
1078 5119 1341 5174 Omnibus
1372 5123 1512 5175 enim
1565 5123 1792 5178 terrenis
1836 5123 1979 5179 exuti
2031 5122 2278 5192 negotiis,
2325 5123 2500 5178 adhuc
2527 5127 2874 5181 morantesin
2923 5141 3169 5198 corpore,
3209 5127 3519 5197 angelorum

236 5210 478 5263 annulati
507 5221 626 5264 sunt
655 5207 989 5267 sanctitatem
1025 5231 1037 5264 :
1079 5229 1170 5279 per
1192 5231 1346 5283 quam
1388 5215 1592 5284 fastigia
1631 5215 1957 5270 scandentes
1991 5217 2134 5271 celsa
2180 5218 2455 5286 virtutum,
2490 5218 2628 5274 ultra
2652 5220 3059 5277 admirationem
3087 5222 3330 5276 enituere
3376 5238 3519 5278 mor-

233 5303 447 5364 talium,
485 5300 557 5355 ita
589 5302 729 5356 utin
783 5303 930 5358 nullo
984 5318 1203 5372 prorsus
1243 5306 1626 5376 antiquissimis
1680 5307 1923 5363 Patribus
1973 5307 2250 5363 inferiores
2280 5307 2624 5366 existerent:
2677 5311 3067 5388 tequiparantes
3099 5312 3258 5365 etiam
3307 5312 3520 5369 illorum

233 5392 426 5444 merita
458 5390 549 5460 qui
579 5405 673 5458 pro
702 5396 916 5447 nomine
942 5391 1138 5448 Christi
1170 5396 1295 5450 Jesu
1327 5396 1538 5451 Domini
1585 5398 1752 5452 nostri
1797 5408 2136 5456 certaverunt
2185 5416 2352 5470 usque
2401 5401 2465 5455 ad
2499 5402 2833 5473 sanguinem,
2883 5401 3228 5459 invisibilium
3288 5407 3520 5464 hostium

240 5479 518 5534 nmiimina
545 5484 852 5548 destruens,
891 5483 957 5537 de
989 5482 1178 5565 quibus
1211 5485 1285 5539 ait
1315 5488 1604 5554 Apostolus
1642 5505 1654 5542 :
1691 5491 1804 5543 Non
1836 5501 1919 5546 est
1941 5493 2093 5546 nobis
2115 5492 2421 5548 colluctatio
2441 5479 2698 5549 adversus
2720 5508 2935 5548 carnem
2967 5504 3019 5550 et
3049 5499 3384 5568 sanguinem,
3425 5506 3516 5558 sed

231 5577 491 5629 adversus
518 5577 845 5646 principatus
876 5589 930 5631 et
953 5587 1267 5646 potestates,
1299 5591 1485 5636 contra
1520 5586 1698 5638 mundi
1733 5596 1968 5641 rectores
2011 5589 2350 5644 tenebrarum
2402 5592 2613 5654 harum,
2644 5598 2831 5643 contra
2861 5591 3122 5658 spiritalia
3156 5597 3410 5667 nequitiae
3461 5600 3513 5654 in

232 5669 547 5724 coelestibus
585 5667 803 5740 (Ephes.
837 5672 934 5739 Vl).
963 5672 1200 5750 Quorum
1232 5673 1586 5733 multiformes
1617 5690 1976 5748 praecaventes
2015 5681 2282 5746 incursus,
2316 5692 2370 5737 et
2397 5691 2557 5753 caput
2599 5685 2864 5752 serpentis
2906 5688 3108 5758 antiqui
3140 5689 3347 5746 fortiter
3384 5704 3517 5745 con-

232 5770 490 5826 tercutes,
525 5763 867 5830 sempiternis
900 5767 1138 5832 praemiis
1166 5777 1289 5822 sunt
1318 5769 1496 5838 potiti,
1528 5772 1594 5826 de
1636 5772 1829 5840 quibus
1869 5773 2123 5842 scriptum
2152 5785 2232 5829 est
2263 5793 2273 5828 :
2303 5773 2455 5840 Quod
2489 5775 2673 5829 oculus
2719 5792 2822 5833 non
2859 5780 3007 5847 vidit,
3039 5795 3135 5846 nec
3167 5782 3310 5838 auris
3360 5780 3516 5835 audi-

230 5855 324 5914 vit,
352 5870 449 5910 nec
478 5855 531 5908 in
563 5869 657 5910 cor
684 5856 918 5932 hominis
950 5860 1192 5915 ascendit
1230 5876 1348 5929 quae
1381 5865 1704 5931 praeparavit
1737 5865 1878 5921 Deus
1912 5865 2256 5936 diligentibus
2281 5883 2339 5920 se
2365 5867 2495 5936 (Isa.
2529 5884 2683 5935 wa;
2717 5873 2740 5926 1
2778 5873 2894 5928 (.‘nr.
2931 5881 3012 5946 ιι).
3280 5886 3285 5891 ’
