4142 6350
1859 469 2083 488 ﬂ

624 469 1853 496 ψ*-

2028 584 2501 717 VITA.

695 812 821 869 Car.
859 822 1081 864 PRIIUI.
1110 836 1181 847 —
1212 804 1339 860 Erat
1365 819 1459 873 per
1482 804 1536 861 id
1567 812 1778 876 tempus
1811 804 1950 861 beati
1982 801 2201 858 Antonii
2227 802 2285 865 Α
2310 818 2571 874 responsa
2606 820 2712 863 non
2764 807 3088 865 redderent:
3124 808 3444 878 tandemque
3487 803 3767 861 imtnnndo
3795 803 3905 876 splc

628 903 745 957 Vita
770 902 974 958 cunctis
1004 898 1071 953 ad
1124 898 1439 954 imitandum
1485 898 1739 969 praeclare
1780 897 2070 969 proposita,
2122 895 2212 966 qui

622 997 797 1065 magni
844 994 974 1049 Elite
1019 1000 1176 1063 atque
1206 992 1409 1060 Elisaei,
1441 1008 1648 1049 necnon
1701 1002 1753 1048 et
1784 991 1951 1049 sancti
1996 990 2214 1046 Joannis

621 1086 877 1154 Baptistae
901 1084 1180 1139 aemulator
1223 1086 1479 1151 existens,
1520 1091 1724 1140 secreta
1748 1082 2020 1139 interioris
2047 1081 2215 1139 eremi

619 1177 799 1232 studio
846 1185 1081 1232 sectatus
1136 1186 1218 1232 est
1261 1176 1539 1247 singulari,
1591 1178 1861 1247 vitamque
1916 1174 2212 1232 caelestium

618 1271 676 1329 in
706 1272 861 1329 terris
895 1274 1059 1343 gessit
1093 1286 1276 1326 amore
1308 1272 1541 1326 virtutis.
1577 1270 1673 1325 Cui
1710 1280 1929 1325 sanctus
1978 1268 2216 1324 Athana-

618 1367 754 1432 sius,
788 1365 1166 1421 Alexandrinae
1194 1363 1431 1419 civitatis
1456 1364 1700 1431 antistes,
1735 1362 1947 1432 proprio
1969 1363 2108 1432 ston
2138 1369 2217 1417 te.

619 1460 927 1521 stimoninm
955 1459 1180 1529 praebuit
1210 1476 1224 1511 :
1256 1458 1449 1529 dignus
1472 1471 1600 1513 sane
1619 1456 1821 1511 relator
1841 1454 2213 1511 conversatio-

619 1556 705 1608 nis
734 1553 972 1616 Antonii,
1002 1554 1089 1623 qui
1114 1551 1269 1622 juxta
1293 1550 1737 1621 supplicationem
1768 1549 2015 1614 fratrum,
2049 1548 2215 1606 vitam

621 1644 737 1713 ejus
805 1659 899 1712 pro
939 1643 1230 1699 multorum
1300 1641 1681 1699 commoditate
1734 1640 2111 1721 perscriberet,
2163 1646 2218 1695 et

619 1733 979 1788 mitiulandum
1013 1750 1135 1790 eum
1167 1734 1295 1789 viris
1333 1732 1662 1802 Spiritalibus
1691 1730 1991 1787 exhiberet.
2027 1729 2081 1783 In
2112 1744 2217 1799 quo

620 1841 782 1894 opere
810 1826 979 1881 sancti
1009 1840 1219 1896 quoque
1271 1824 1442 1879 Patris
1486 1826 1717 1878 Ammon
1747 1822 1830 1893 (4)
1873 1818 2137 1887 meminit,
2186 1834 2216 1873 a

622 1932 727 1987 quo
755 1933 847 1985 per
874 1918 967 1971 Dei
1010 1918 1237 1987 gratiam
1266 1919 1498 1986 primum
1525 1916 1670 1986 jacta
1722 1922 1846 1969 sunt
1876 1912 2216 1967 fundamenta

622 2010 1054 2064 conversationis
1107 2023 1294 2064 eorum
1326 2008 1550 2063 fratrum
1600 2006 1692 2077 qui
1741 2019 1883 2061 nunc
1937 2004 1990 2058 in
2036 2012 2217 2058 monte

621 2100 806 2157 Nitriae
854 2088 1277 2168 commorantur,
1328 2114 1535 2156 necnon
1588 2107 1643 2154 et
1670 2096 2036 2162 Theodorum,
2094 2109 2217 2149 san-

2319 899 2735 969 ritnrevelante,
2780 902 3030 972 cognovit
3061 902 3209 971 pueri
3256 899 3529 955 Pachumii
3558 912 3717 954 causa
3755 896 3904 954 inso-

2318 987 2410 1045 lita
2435 991 2745 1061 provenisse
2783 993 3017 1059 silentia,
3053 1003 3213 1062 atque
3243 990 3296 1045 in
3329 994 3443 1046 haec
3469 989 3627 1046 verba
3660 988 3909 1058 prorupit

2317 1084 2574 1140 attonitus
2603 1101 2617 1137 ς
2648 1084 2790 1152 Quid
2821 1086 3067 1141 initnicus
3096 1085 3317 1140 deorum
3363 1082 3466 1138 huc
3511 1081 3685 1138 venit?
3715 1080 3905 1150 procul

2319 1174 2443 1231 hinc
2494 1192 2614 1233 eum
2674 1178 2862 1247 procul
2914 1178 3113 1248 pellite,
3163 1187 3216 1232 et
3270 1175 3593 1247 quantocius
3640 1181 3907 1229 amovete.

2319 1264 2470 1332 Quod
2495 1281 2615 1323 cum
2640 1276 2888 1338 parentes
2917 1268 3036 1336 ejus
3072 1266 3365 1333 audissent,
3398 1279 3626 1333 eumque
3653 1276 3755 1319 suo
3783 1278 3913 1317 con-

2318 1361 2877 1431 spexissentseparari
2913 1360 3205 1428 consortio,
3246 1374 3479 1415 niterore
3500 1372 3692 1429 magno
3725 1356 3915 1425 repleti

2320 1459 2443 1505 sunt
2476 1468 2492 1506 :
2522 1468 2586 1507 eo
2614 1452 2906 1522 praecipue,
2937 1452 3077 1523 quod
3110 1452 3360 1507 inimicus
3384 1451 3607 1507 deorum
3639 1449 3731 1504 tali
3778 1447 3914 1502 fuis-

2320 1554 2397 1598 set
2428 1544 2823 1600 contestatione
2867 1546 3187 1601 declaratus.
3243 1544 3601 1613 Ambigebant
3646 1556 3776 1611 ergo
3826 1554 3921 1609 pa-

2321 1648 2501 1695 rentes
2527 1639 2664 1709 ejus,
2694 1639 2820 1709 quid
2844 1639 2911 1695 de
2940 1655 3005 1695 eo
3030 1640 3201 1706 fieret,
3225 1638 3347 1707 quia
3374 1645 3429 1692 et
3455 1645 3608 1691 antea
3634 1648 3755 1689 cum
3786 1646 3921 1702 pau-

2321 1730 2483 1785 lulum
2510 1730 2852 1801 degustasset
2875 1732 2941 1787 de
2972 1732 3095 1786 vino
3129 1732 3401 1787 libationis
3424 1728 3751 1791 daamonum,
3795 1742 3921 1793 pri:-

2324 1822 2465 1876 tinns
2494 1832 2802 1878 evomuerat
2830 1821 2978 1878 illud.
3015 1824 3136 1879 llzec
3175 1824 3353 1893 itaque
3399 1837 3521 1876 cum
3563 1835 3623 1875 se
3666 1818 3921 1872 viderent

2322 1932 2425 1970 non
2458 1932 2617 1985 posse
2644 1916 2972 1984 discernere,
3024 1918 3366 1987 quieverunt.
3425 1914 3696 1971 lnstabant
3740 1924 3921 1967 autem

2324 2014 2381 2061 ut
2428 2006 2768 2079 Egyptiacis
2819 2009 3154 2067 imbueretur
3209 2009 3421 2073 litteris,
3476 2016 3531 2063 et
3577 2006 3923 2075 antiquorum

2322 2100 2515 2155 studiis
2562 2100 2941 2157 informaretur

622 2203 763 2249 clum
800 2192 1088 2248 admodum
1119 2193 1311 2256 virum,
1340 2193 1430 2261 qui
1460 2205 1580 2245 cum
1611 2204 1742 2245 sene
1766 2186 1988 2259 praefato
2017 2187 2213 2251 fuerat,
2248 2197 2295 2257 Β
2393 2192 2524 2247 Car.
2580 2191 2669 2248 ιν.
2719 2223 2791 2233 -
2834 2193 3036 2249 Eodem
3100 2203 3341 2263 tempore
3385 2190 3745 2247 Constantino
3802 2198 3925 2259 post

622 2286 763 2345 idem
806 2286 960 2341 nobis
1007 2285 1240 2355 pontifex
1297 2283 1582 2349 indicavit;
1629 2296 1787 2352 quem
1835 2280 2091 2350 singulari
2153 2292 2217 2333 ac

622 2382 858 2452 perfecto
877 2378 1149 2450 proposito
1169 2387 1222 2433 et
1245 2376 1349 2432 fide
1370 2391 1476 2431 non
1502 2378 1623 2431 ficta
1644 2375 1754 2429 Deo
1776 2372 2047 2427 subditum
2073 2372 2213 2425 mul-

622 2472 821 2541 tiplicia
852 2471 1034 2528 retulit
1074 2471 1274 2525 diaboli
1302 2468 1733 2525 machinamenta
1772 2480 2078 2536 superasse.
2113 2464 2217 2537 lgi-

626 2572 712 2619 tur
735 2565 929 2635 ubique
967 2565 1145 2620 divina
1195 2563 1366 2635 gratia
1396 2563 1615 2634 copiose
1636 2560 1849 2626 diffusa,
1902 2560 2033 2615 illud
2077 2558 2219 2629 quod

624 2655 679 2711 in
708 2655 939 2712 Psalmis
984 2657 1238 2728 scriptum
1288 2656 1517 2723 canitur,
1567 2653 1859 2710 declaravit
1905 2652 2216 2722 expletum:

624 2746 861 2805 Visitasti
889 2758 1110 2816 terram,
1152 2757 1209 2804 et
1245 2747 1522 2803 inebriasti
1548 2761 1690 2813 eam,
1743 2744 2106 2812 multiplicasti
2138 2744 2219 2798 lo-

621 2839 897 2910 cupletare
936 2856 1053 2896 eam
1083 2838 1257 2910 (1)δαί.
1291 2839 1459 2909 LXIV).
1493 2838 1624 2894 Nam
1674 2853 1771 2908 pro
1799 2837 2015 2892 tristitia
2055 2846 2110 2892 et
2130 2852 2222 2907 ge-

623 2933 780 3000 inito,
838 2932 1090 3004 gaudium
1148 2932 1393 3003 provenit
1440 2939 1498 2987 et
1554 2930 1778 2997 laetitia;
1819 2940 1873 2985 et
1925 2943 2024 3000 pro
2068 2928 2219 2983 solli-

624 3026 862 3083 citndine
904 3033 1063 3098 atque
1112 3026 1354 3096 miseria,
1406 3024 1633 3081 felicitas
1677 3020 2044 3095 securitasque
2097 3038 2219 3079 suc-

623 3117 802 3174 cessit.

701 3211 835 3265 liinc
874 3209 1055 3281 itaque
1100 3209 1284 3266 Patres
1314 3208 1724 3277 monachorum,
1770 3208 1871 3264 viri
1920 3205 2217 3274 mirabiles,

628 3305 681 3360 in
724 3304 987 3359 universis
1032 3304 1413 3374 propemodum
1459 3302 1769 3373 regionibus
1804 3300 1963 3374 114
1996 3302 2220 3358 exstite-

625 3390 768 3463 ru'nt,
800 3411 1025 3466 quorum
1067 3397 1283 3452 nomina
1315 3397 1369 3451 in
1415 3395 1557 3451 libro
1578 3395 1874 3451 viventium
1924 3395 2218 3465 probantur

626 3489 878 3558 ascripta.
910 3488 1228 3545 Paucissimi
1258 3505 1388 3545 sane
1419 3498 1547 3545 tunc
1593 3489 1767 3545 adhuc
1801 3505 1897 3561 per
1926 3489 2218 3562 Egyptum

2322 2285 2745 2353 persecutionem
2793 2285 2846 2338 in
2877 2284 3101 2353 imperio
3134 2284 3457 2354 perdurante
3487 2281 3598 2354 (ὅ),
3630 2290 3686 2336 et
3733 2293 3926 2334 contra

2321 2386 2605 2449 tyrannum
2653 2377 2981 2433 Maxentium
3016 2377 3094 2449 (6)
3144 2386 3367 2448 gerente
3414 2375 3680 2445 praelium,
3714 2388 3927 2443 prtere-

2321 2479 2408 2539 pta
2458 2470 2654 2541 regalia
2713 2478 3068 2525 cucurrerunt
3125 2468 3227 2539 (7),
3281 2477 3340 2524 ut
3407 2466 3681 2524 lectissimi
3729 2470 3927 2535 quiquo

2318 2562 2578 2632 juvenum
2607 2561 2672 2615 ad
2708 2560 2937 2627 tirocinii
2966 2560 3208 2615 militiam
3238 2559 3433 2630 ubique
3456 2566 3768 2613 tenerentur
3792 2556 3877 2626 (8)
3908 2572 3919 2606 :
3938 2548 3993 2628 λη’

2323 2657 2464 2712 inter
2489 2672 2621 2727 quos
2647 2664 2702 2711 et
2721 2655 3043 2710 Pachomins
3072 2668 3241 2709 annos
3266 2661 3424 2708 natus
3458 2652 3642 2722 viginti
3672 2650 3929 2705 detentus

2323 2758 2425 2817 est,
2449 2760 2504 2802 ut
2535 2750 2651 2819 ipse
2684 2756 2869 2818 postea
2898 2746 3104 2803 retulit.
3134 2746 3377 2816 Cumque
3408 2745 3527 2799 navi
3574 2743 3764 2797 fuisset
3791 2743 3930 2796 inter

2324 2841 2460 2897 alios
2503 2842 2569 2896 ad
2619 2841 2897 2911 peregrina
2940 2848 3296 2907 transvectus,
3331 2838 3396 2894 ad
3428 2838 3699 2893 civitatem
3742 2852 3931 2905 quain-

2325 2935 2446 2991 dam
2470 2935 2547 3007 (9)
2580 2949 2799 3005 vespera
2826 2944 3053 3005 urgente
3080 2934 3245 2989 delati
3275 2940 3419 2988 sunt.
3464 2932 3622 2988 Cives
3650 2945 3781 2999 ergo
3829 2929 3932 2984 loci

2323 3028 2485 3095 illius,
2516 3028 2755 3084 videntes
2778 3028 2980 3083 tirones
3008 3026 3208 3083 arctius
3250 3024 3506 3083 custodiri
3534 3023 3673 3098 (ill),
3706 3033 3761 3079 et
3801 3023 3933 3093 quid

2324 3121 2429 3177 illis
2468 3122 2755 3180 accidisset
2795 3122 2997 3188 edocti,
3054 3122 3252 3193 pietate
3301 3120 3434 3177 moti
3468 3128 3613 3185 sunt,
3662 3128 3737 3187 et,
3780 3119 3935 3189 juxta

2325 3214 2636 3271 mandatum
2666 3214 2890 3281 Christi,
2932 3214 3123 3269 solatia
3175 3216 3228 3269 in
3258 3214 3495 3270 maximo
3526 3228 3759 3269 maerore
3790 3214 3935 3283 posi-

2327 3308 2417 3374 tis,
2460 3315 2514 3361 et
2544 3307 2844 3362 necessaria
2896 3307 3138 3377 corporis
3181 3306 3498 3363 attulerunt.
3530 3306 3679 3362 Tunc
3722 3306 3935 3362 Pacho-

2328 3403 2466 3457 niius
2494 3400 2923 3458 animadvertens
2944 3400 3085 3471 quod
3116 3401 3184 3456 ab
3223 3401 3301 3456 eis
3326 3404 3521 3456 factum
3548 3409 3652 3467 est,
3686 3409 3740 3456 et
3770 3399 3936 3455 nimis

2327 3494 2621 3561 admirans,
2652 3494 2720 3549 ab
2752 3492 2837 3549 his
2867 3493 2955 3563 qui
2985 3492 3143 3549 simul
3184 3492 3407 3548 aderant
3447 3492 3668 3563 inquirit
3695 3492 3787 3563 qui
3821 3493 3937 3549 sint

626 3590 681 3635 et
708 3579 1035 3635 Thebaidam
1065 3581 1313 3635 monachi
1353 3594 1475 3636 esse
1515 3580 1844 3635 ferebantur.
1876 3581 2003 3635 Post
2029 3595 2215 3650 perse-
2250 3583 2298 3649 C
2331 3587 2434 3644 viri
2484 3588 2596 3657 isti,
2624 3590 2701 3644 sic
2744 3604 2868 3659 erga
2910 3587 3331 3644 misericordiam
3376 3595 3537 3658 atque
3577 3585 3936 3643 humilitatem

627 3674 897 3731 cntionem
922 3690 1150 3745 namque
1172 3674 1487 3731 Diocletiani
1514 3684 1570 3731 et
1595 3674 1900 3731 Maximiani
1926 3673 2224 3732 crudelium

629 3766 953 3839 principum,
1009 3768 1295 3825 multitudo
1340 3768 1577 3838 gentium
1630 3769 1850 3824 intravit
1894 3767 2074 3841 (Rom.
2120 3770 2224 3840 xi),

626 3862 769 3918 sicut
807 3862 1063 3917 divinitus
1099 3864 1514 3933 przeordinatum
1548 3870 1652 3931 est,
1697 3869 1753 3917 et
1786 3860 2088 3917 fecunditas
2122 3844 2227 3917 Ec-

626 3955 810 4011 clesia:
856 3955 1061 4010 fructus
1091 3956 1453 4025 amplissimos
1496 3958 1663 4026 coepit
1712 3953 1998 4023 exhibere,
2028 3952 2225 4010 sanctis

627 4046 897 4117 episc0pis
931 4047 1081 4116 juxta
1110 4047 1411 4101 doctrinam
1446 4057 1570 4101 tunc
1617 4046 1992 4117 apostolicam,
2037 4046 2139 4101 iter
2164 4046 2227 4101 ﬁ-

628 4138 718 4197 dei
742 4139 955 4195 sincera
983 4155 1194 4210 quoque
1223 4138 1634 4197 conversatione
1670 4141 2112 4197 monstrantibus.

698 4231 831 4288 CAP.
862 4232 925 4289 ll.
949 4263 1019 4272 --
1048 4233 1152 4288 l’er
1196 4233 1337 4289 idem
1380 4244 1588 4304 tempus
1636 4234 1958 4290 Pachomius
1986 4234 2223 4306 quidam,

626 4327 925 4384 secundum
954 4325 1113 4382 ritum
1153 4343 1217 4383 ac
1262 4327 1599 4385 traditionem
1650 4340 1927 4399 parentum
1979 4331 2223 4401 gentilis,

628 4422 772 4493 apud
802 4420 1133 4477 Thebaidam
1179 4437 1549 4490 commanens,
1595 4422 1773 4479 divina
1814 4424 1981 4495 gratia
2026 4424 2222 4495 guber-

627 4522 813 4581 nante,
842 4512 1179 4569 Christianus
1221 4514 1444 4570 effectus
1492 4525 1594 4571 est.
1625 4515 1722 4571 Hic
1768 4516 1838 4570 ab
1867 4516 2224 4572 adolescentia

629 4624 726 4662 sna
766 4610 1087 4678 praecipuam
1118 4607 1442 4681 frugalitatis
1490 4609 1685 4665 dicitur
1729 4610 2019 4681 arripuisse
2060 4611 2226 4666 virtu-

629 4711 759 4758 tem.
790 4703 988 4758 Idcirco
1014 4712 1192 4761 autem
1233 4720 1332 4776 pro
1386 4704 1558 4776 gloria
1604 4704 1826 4773 Christi,
1879 4706 1969 4776 qui
2014 4721 2115 4762 nos
2152 4708 2220 4763 de

631 4796 868 4851 tenebris
899 4798 1111 4852 vocavit
1150 4799 1215 4852 ad
1262 4799 1463 4864 lucem,
1514 4809 1569 4854 et
1622 4814 1715 4868 pro
1767 4800 1995 4855 utilitate
2032 4815 2218 4857 eorum

632 4888 724 4955 qui
759 4886 860 4940 ista
906 4886 1097 4942 lecturi
1147 4897 1293 4955 sunt,
1340 4887 1564 4943 strictim
1596 4892 2059 4949 conversationem
2109 4892 2226 4963 ejus

2334 3682 2567 3752 prompti
2612 3695 2680 3737 ac
2702 3680 2923 3748 faciles;
2961 3680 3267 3753 audivitque
3296 3679 3629 3738 Christianos
3658 3696 3803 3748 esse,
3850 3683 3938 3753 qui

2330 3775 2474 3830 circa
2508 3790 2717 3838 omnes.
2751 3784 2805 3830 et
2842 3775 3074 3831 maxime
3100 3775 3525 3845 peregrinantes,
3559 3774 3938 3844 impenderent

2331 3884 2501 3940 prona
2544 3868 2880 3927 liberalitatis
2908 3868 3106 3927 officia.
3148 3868 3537 3925 Sciscitabatur
3584 3877 3766 3923 autem
3808 3868 3937 3939 quid

2330 3962 2447 4033 ipsa
2476 3963 2576 4020 sibi
2610 3964 2736 4021 velit
2764 3962 3050 4034 appellatio
3088 3963 3325 4018 nominis
3352 3961 3673 4027 Christiani;
3708 3962 3939 4018 dictum-

2331 4074 2437 4129 que
2482 4069 2563 4115 est
2610 4060 2660 4116 ei
2707 4068 2760 4115 et
2791 4059 3035 4115 homines
3061 4074 3183 4115 esse
3213 4060 3361 4133 pios,
3410 4067 3466 4116 et
3510 4073 3652 4115 vera:
3696 4060 3938 4116 cultores

2337 4152 2625 4223 religionis,
2655 4154 2939 4211 credentes
2980 4155 3033 4209 in
3061 4155 3278 4211 nomine
3317 4154 3445 4211 Jesu
3472 4152 3671 4209 Christi
3702 4154 3801 4209 lilii
3841 4156 3937 4211 Dei

2331 4244 2621 4313 unigeniti,
2655 4245 2973 4316 cunctisque
3020 4260 3117 4315 pro
3164 4246 3368 4301 viribus
3417 4244 3851 4313 benefacicntcs,
3887 4254 3937 4302 et

2332 4346 2615 4405 sperantes
2654 4351 2684 4391 a
2718 4335 2830 4393 Deo
2872 4337 3284 4393 retributionem
3315 4337 3575 4392 bonorum
3616 4351 3845 4407 Operum
3882 4339 3932 4392 in
3978 4388 3979 4391 η

2329 4424 2507 4483 futura
2537 4428 2651 4482 vita
2683 4428 2980 4498 percipere.
3007 4428 3131 4483 Haec
3152 4428 3378 4484 audiens
3403 4426 3745 4493 Pachomius,
3771 4427 3937 4483 corde

2331 4527 2682 4590 compunctus
2710 4529 2828 4586 est;
2859 4529 2915 4576 et
2950 4520 3245 4576 illustratus
3292 4520 3471 4575 divino
3520 4519 3741 4586 lumine,
3775 4519 3935 4575 Chri-

2332 4611 2625 4666 stianorum
2676 4614 2897 4667 mizatus
2945 4620 3028 4667 est
3056 4612 3250 4678 fidem;
3300 4620 3462 4682 atque
3515 4610 3681 4668 divini
3723 4612 3935 4667 timoris

2333 4703 2455 4772 igne
2484 4718 2793 4770 succensus,
2841 4704 3113 4774 paululum
3156 4703 3503 4774 praesentium
3552 4706 3935 4775 conspectibus

2332 4808 2454 4850 sese
2484 4796 2771 4862 subtraxit;
2828 4804 2882 4851 et
2912 4798 2979 4851 ad
3026 4796 3223 4852 etelum
3278 4812 3469 4853 manus
3521 4797 3763 4866 elevans,
3816 4798 3931 4853 ait:

2332 4886 2687 4958 Omnipotens
2719 4888 2883 4954 Deus,
2916 4888 3007 4958 qui
3052 4888 3226 4944 fecisti
3277 4889 3471 4945 cmlum
3518 4898 3572 4944 et
3620 4899 3843 4954 terram,
3890 4889 3933 4944 si

628 4992 749 5047 quae
786 4977 944 5032 fuerit
978 4994 1029 5050 'a
1080 4980 1322 5048 parvulo,
1373 4980 1571 5047 refero,
1618 4982 1739 5051 quia
1781 4998 1810 5036 a
1869 4992 2014 5039 tanta
2050 4982 2224 5055 perfe-
2250 4976 2307 5042 D
2331 4980 2625 5049 re8piciens
2656 4980 2958 5050 respexeris
2985 4980 3050 5034 ad
3084 4995 3298 5051 precem
3326 4995 3522 5048 meam,
3560 4989 3614 5036 et
3650 4980 3822 5036 sancti
3858 4979 3934 5035 tui

625 5065 803 5121 ctione
827 5065 944 5136 ejus
970 5067 1117 5122 initia
1151 5083 1362 5139 quoque
1390 5071 1506 5138 ipsa
1537 5086 1643 5126 non
1670 5072 2000 5146 discrepant.

699 5160 827 5214 Car.
864 5160 948 5215 Ill.
992 5191 1063 5201 ——
1111 5160 1211 5215 llic
1260 5164 1458 5219 etenim
1496 5180 1618 5220 cum
1664 5167 1838 5222 adhuc
1864 5183 2003 5238 puer
2040 5177 2218 5245 esset,

625 5268 747 5308 cum
776 5256 1085 5324 parentibus
1115 5259 1227 5311 suis
1256 5256 1322 5311 ad
1345 5257 1691 5314 simulacrum
1724 5260 1992 5329 quoddam
2019 5260 2221 5317 daemo-

628 5346 713 5400 nis
739 5362 900 5415 super
940 5349 1108 5415 ripam
1153 5348 1256 5405 Nili
1298 5350 1536 5406 fluminis
1576 5352 1918 5419 collocatum,
1970 5362 2218 5422 tanquam

626 5441 871 5497 victimas
893 5444 1169 5502 oblaturus
1198 5446 1434 5503 advenit.
1477 5446 1724 5515 Cumque
1752 5446 2007 5503 sacerdos
2047 5448 2222 5520 impu-

627 5531 869 5589 rissimus
912 5550 1059 5591 sacra
1112 5539 1371 5609 sacrilega
1409 5538 1570 5594 solito
1618 5538 1895 5595 celebrare
1939 5540 2217 5609 voluisset,

624 5628 908 5693 praesentia
936 5628 1213 5685 Pachomii
1234 5630 1493 5687 daemonis
1520 5646 1738 5702 prorsus
1766 5646 2034 5688 evanuere
2076 5648 2217 5703 pra:-

628 5719 801 5791 ttigia.
828 5720 961 5776 Tum
992 5722 1080 5775 diu
1108 5723 1444 5794 multumque
1484 5725 1627 5785 idem
1654 5724 1909 5781 sacerdos
1939 5726 2219 5796 haesitans,

645 5830 677 5866 n
711 5816 925 5869 modum
962 5814 1256 5879 simulacri,
1288 5817 1430 5886 quod
1459 5818 1693 5885 colebat,
1724 5819 1920 5874 mansit
1964 5819 2226 5878 immobi-

626 5902 728 5971 lis;
769 5904 1116 5963 vehementer
1160 5906 1435 5966 admirans
1478 5923 1574 5966 cur
1623 5911 1886 5970 solemnia
1937 5913 2216 5975 daemones

2228 6007 2255 6019 σι

2332 5070 2564 5125 nominis
2595 5068 2727 5125 mihi
2757 5084 2938 5125 veram
2989 5070 3281 5125 contuleris
3323 5070 3721 5141 perfectamque
3768 5085 3932 5142 regu-

2334 5163 2463 5230 lam,
2495 5169 2654 5232 atque
2683 5161 2750 5216 ab
2780 5162 2879 5216 hac
2927 5175 3015 5217 me
3056 5162 3319 5233 compede
3360 5162 3607 5219 maeroris
3637 5160 3931 5225 exemeris,

2334 5255 2553 5309 servitio
2584 5265 2673 5309 tuo
2713 5270 2799 5309 me
2832 5255 3037 5310 tradam
3068 5255 3278 5310 cunctis
3307 5254 3498 5311 diebus
3530 5254 3652 5309 vitae
3691 5269 3849 5319 mese,
3877 5260 3933 5309 et

2334 5358 2515 5417 spreto
2544 5347 2740 5403 saeculo
2760 5347 2961 5419 jugiter
2989 5348 3085 5405 tibi
3115 5349 3428 5406 adhaerebo.
3456 5349 3589 5417 Quae
3630 5364 3749 5403 cum
3781 5362 3934 5403 oras-

2333 5451 2446 5508 set,
2490 5441 2554 5496 ad
2600 5456 2725 5496 suos
2755 5456 3003 5497 reversus
3040 5452 3124 5498 est
3166 5442 3427 5509 comites;
3459 5451 3512 5498 et
3556 5440 3643 5497 die
3688 5438 3932 5511 sequenti

2333 5535 2403 5592 de
2440 5535 2659 5591 civitate
2693 5534 2783 5590 illa
2832 5535 3057 5605 profecti
3090 5544 3234 5590 sunt.
3282 5535 3523 5607 Cumque
3564 5534 3773 5591 diversa
3814 5534 3930 5588 loca

2332 5633 2550 5705 navigio
2579 5632 2908 5701 circuirent,
2956 5632 3001 5688 si
3045 5633 3259 5702 quando
3306 5633 3653 5688 Pachominm
3687 5633 3933 5701 voluptas

2336 5729 2580 5797 corporis
2610 5736 2664 5784 et
2693 5727 2961 5783 mundana
2995 5727 3265 5783 titillasset
3290 5726 3566 5797 illecebra,
3592 5726 3752 5782 nimis
3779 5739 3933 5781 aver-

2333 5825 2570 5890 sabatur,
2603 5822 2907 5893 sponsionis
2936 5836 3047 5876 suae
3078 5835 3305 5887 memor,
3337 5836 3442 5890 qua
3474 5835 3532 5875 se
3561 5828 3790 5874 Dututuo
3818 5832 3934 5872 ser.

2332 5919 2567 5977 viturum
2615 5932 2735 5975 esse
2778 5915 3089 5976 devoverat.
3132 5914 3265 5973 Nam
3295 5911 3479 5972 divina
3529 5914 3700 5985 gratia
3740 5910 3933 5969 suffra-
