4142 6350
273 371 376 426 253

1058 372 1220 430 VITA
1257 374 1507 432 SANCTI
1546 371 1878 434 PACHOMII
1918 370 2213 434 ABBA'I‘IS
2251 378 2746 438 TABENNENSIS.

3438 387 3548 447 254

207 483 234 586 ⁸,
273 497 459 563 gaute,
507 483 622 558 jam
679 484 749 542 ab
792 485 948 541 annis
993 487 1286 556 puerilibus
1333 499 1540 546 amator
1588 493 1868 550 exstiterat
1894 493 2142 560 Acravit
2173 493 2312 564 (14).
2344 494 2688 551 Morabantur
2708 510 2836 566 ergo
2867 496 3053 563 simul,
3086 499 3426 559 abstinentia
3472 516 3556 562 at-

227 579 235 604 ⁵
270 579 550 639 castitatis.

338 675 471 732 Car.
503 673 570 730 ν.
602 703 672 715 —-
701 672 868 744 Igitur
913 675 1295 732 Constantinus
1326 677 1622 749 imperator
1669 681 1865 749 pietate

267 787 330 830 ac
355 773 484 839 fide,
529 786 634 842 qua
661 768 879 827 Christo
906 772 1157 839 credidit,
1194 774 1476 829 victoriam
1508 776 1576 831 de
1621 775 1866 831 hostibus

187 910 246 948 If,
264 872 622 930 consecutus,
674 861 876 917 tirones
915 861 1075 932 jussit
1122 862 1346 918 absolvi.
1396 865 1487 920 Sic
1539 865 1863 921 Pachomius

183 947 206 972 ⁸
263 964 450 1028 optata
479 955 582 1011 sibi
605 955 853 1010 libertate
888 969 1167 1022 concessa,
1197 959 1445 1027 protinus
1474 959 1541 1013 ad
1571 959 1868 1015 Thebaidis

265 1054 524 1109 ulteriora
556 1053 854 1126 regreditur
877 1095 890 1118 ,
919 1061 974 1108 et
1003 1054 1276 1122 ingressus
1298 1053 1605 1119 ecclesiam,
1637 1069 1757 1123 qua
1784 1062 1870 1108 est

263 1150 317 1204 in
367 1151 511 1216 vico,
561 1152 646 1206 cui
690 1167 986 1222 cognomen
1037 1159 1121 1206 est
1165 1148 1579 1205 Chinoboscium
1617 1147 1758 1217 (li),
1807 1148 1866 1201 fit

264 1241 409 1298 illico
434 1245 878 1310 catechumenos,
911 1252 966 1299 et
996 1252 1117 1313 post
1161 1242 1433 1313 paululum
1467 1241 1688 1309 gratiam
1723 1239 1871 1292 lava-

263 1337 342 1390 cri
373 1335 557 1391 vitalis
597 1335 931 1406 adipiscitur.
977 1336 1043 1391 Et
1072 1335 1190 1405 ipsa
1231 1343 1408 1399 nocte,
1447 1348 1549 1402 qua
1595 1328 1872 1401 mysteriis

264 1429 436 1483 sacris
471 1428 703 1485 imbutus
731 1439 835 1496 est,
864 1429 998 1484 vidit
1027 1429 1079 1483 in
1109 1429 1315 1483 somnis
1341 1427 1508 1481 veluti
1551 1439 1726 1480 rorem
1762 1433 1872 1478 ραν

263 1520 388 1578 litus
417 1522 682 1592 allapsum
730 1538 880 1579 suam
922 1523 1168 1591 teplesse
1198 1522 1502 1584 dexteram,
1537 1529 1592 1575 et
1632 1519 1685 1573 in
1726 1519 1871 1574 mel-

263 1613 328 1670 lis
355 1615 471 1684 (I2)
499 1615 743 1672 crevisse
774 1615 1186 1686 pinguedinem;
1217 1613 1418 1670 audivit
1443 1629 1654 1684 quoque
1677 1629 1868 1669 vocem

262 1707 533 1763 dicentem
573 1709 718 1764 sibi:
769 1707 1089 1774 Considera,
1119 1707 1401 1774 Pachomi,
1453 1705 1594 1777 quod
1643 1707 1869 1776 geritur.

261 1801 365 1857 Est
403 1801 547 1856 enim
584 1804 740 1874 115
769 1804 871 1858 hoc
896 1803 1106 1872 signum
1141 1800 1345 1872 gratia,
1373 1815 1491 1868 qua
1515 1799 1609 1854 tibi
1645 1813 1676 1853 a
1719 1797 1873 1852 Chri-

1967 602 2072 656 que
2099 587 2345 656 precibus
2365 603 2580 656 operam
2611 589 2821 646 dantes.
2874 591 3152 648 Texebant
3196 612 3409 667 quoque
3436 599 3556 655 cili—

1968 685 2071 746 cia,
2102 689 2155 735 et
2180 680 2493 736 laborabant
2532 683 2778 739 manibus
2812 684 2944 750 suis,
2972 685 3129 754 juxta
3156 687 3372 745 beatum
3405 696 3551 761 Apo-
3609 677 3654 716 ’ίῆ

1969 774 2187 839 stolam,
2218 789 2322 828 non
2349 783 2550 830 tantum
2573 791 2670 845 pro
2683 791 2776 831 sua
2801 779 3093 834 refectione
3109 783 3190 834 vel
3220 783 3426 853 requie,
3455 785 3554 840 sed

1971 877 2028 920 ut
2056 866 2313 921 haberent
2348 867 2488 922 unde
2540 868 2832 924 tribuerent
2885 871 3260 928 necessitatem
3307 875 3558 943 patienti-

1971 958 2072 1013 bus
2103 957 2322 1029 (Ephes.
2348 959 2445 1030 tv).
2479 958 2537 1014 In
2560 961 2753 1030 vigiliis
2776 963 2937 1016 etiam
2959 977 3080 1018 cum
3112 974 3403 1021 nocturnas
3430 982 3555 1021 ora-
3629 1021 3632 1024 .

1974 1052 2147 1106 tiones
2173 1051 2527 1118 celebrarent,
2552 1053 2597 1107 si
2629 1054 2842 1123 quando
2884 1061 3066 1111 senior
3091 1057 3313 1113 vidisset
3364 1075 3559 1115 somno
3622 1102 3626 1103 κ

1974 1142 2317 1198 Pachomium
2343 1145 2533 1214 premi,
2564 1146 2800 1202 educens
2830 1162 2950 1203 eum
2994 1149 3157 1212 foras,
3185 1165 3404 1205 arenam
3436 1169 3561 1221 por-

1976 1245 2090 1292 tare
2123 1237 2468 1306 praecipiebat
2497 1239 2565 1292 de
2595 1239 2712 1294 loco
2756 1239 2822 1294 ad
2849 1241 3075 1295 alterum
3125 1241 3332 1308 locum;
3357 1252 3412 1297 et
3467 1243 3559 1298 tali

1973 1333 2233 1388 exercitio
2257 1341 2492 1389 mentem
2524 1338 2642 1402 ejus
2678 1345 2952 1404 gravatam
2998 1336 3171 1390 somni
3221 1338 3454 1405 pondere
3478 1353 3560 1392 su-

1975 1423 2559 1492 blevabat,instituens
2607 1440 2670 1480 ac
2720 1425 2958 1482 formans
2996 1443 3141 1495 eum,
3192 1438 3248 1482 ut
3300 1428 3561 1484 sollicitus

1974 1524 2119 1570 esset
2146 1516 2198 1569 in
2235 1516 2504 1584 precibus,
2553 1516 2737 1572 dicens
2785 1519 2835 1572 ei
2869 1535 2883 1573 :
2916 1517 3145 1586 Labora,
3199 1519 3472 1588 Pachomi,
3508 1533 3563 1576 et

1973 1606 2149 1677 vigila,
2178 1623 2245 1663 ne
2269 1609 2483 1677 quando
2507 1608 2671 1681 (quod
2716 1611 2876 1678 absit)
2907 1610 2973 1664 ab
3000 1609 3102 1666 hoc
3153 1627 3294 1666 nunc
3348 1613 3563 1683 incepto

1977 1701 2252 1769 preposito
2275 1710 2583 1758 teamoveat
2604 1703 2650 1758 is
2673 1704 2762 1773 qui
2785 1711 2984 1772 tentat,
3010 1714 3066 1759 et
3087 1705 3260 1760 inanis
3283 1705 3375 1761 fiat
3410 1707 3561 1763 labor

1977 1803 2180 1850 noster.
2213 1794 2345 1862 Quae
2376 1808 2569 1851 cuncta
2596 1796 2918 1853 Pachomius
2961 1799 3272 1854 obedienter
3299 1815 3362 1856 ac
3409 1802 3562 1857 solli-

259 1903 347 1949 sto
374 1895 568 1949 collata
597 1905 697 1949 est.
743 1894 873 1948 Hinc
901 1894 1081 1963 itaque
1122 1893 1302 1947 divino
1333 1892 1692 1946 inflammatus
1723 1890 1856 1945 affe-
1887 1897 1936 1958 Β
1973 1886 2077 1939 cite
2096 1886 2414 1954 suscipiens,
2441 1901 2502 1942 ac
2528 1887 2594 1943 de
2621 1886 2706 1942 die
2732 1887 2788 1942 in
2819 1889 2962 1943 diem
2985 1899 3186 1945 sancta;
3214 1892 3561 1948 continentia;

259 1995 374 2053 ctu,
406 1996 462 2043 et
489 2004 551 2042 ex
590 1987 891 2044 dilectionis
915 1988 1096 2056 jaculo
1147 1987 1350 2042 salubri
1381 1987 1601 2042 vulnere
1649 1987 1860 2042 saucia-

261 2089 372 2142 tus,
398 2090 569 2135 totum
592 2095 651 2135 se
679 2079 978 2149 disciplinis
1006 2089 1165 2150 atque
1210 2080 1637 2135 institutionibus
1662 2077 1859 2134 divinis

259 2173 595 2244 subiugavit.

331 2264 468 2319 Car.
502 2262 588 2318 Vl.
610 2261 912 2317 ——Audivit
943 2271 1122 2317 autem
1142 2260 1424 2330 quemdam
1453 2261 1856 2326 anachoretam,

173 2358 250 2441 αἱ
261 2356 350 2410 cui
390 2370 586 2410 nomen
613 2365 729 2409 erat
756 2355 1024 2410 Palamon
1059 2354 1196 2426 (l5),
1259 2353 1394 2408 intra
1451 2353 1619 2407 eremi
1649 2361 1860 2408 secreta

269 2450 508 2505 Domino
552 2450 918 2514 servientem;
952 2448 1018 2502 ad
1067 2463 1226 2518 quem
1282 2446 1588 2512 confestim,
1646 2462 1765 2502 cum
1793 2460 1860 2502 eo

259 2542 495 2609 cupiens
530 2539 797 2608 habitare,
831 2539 1089 2609 perrexit,
1121 2548 1175 2594 et
1225 2539 1446 2608 pulsans
1493 2537 1690 2593 ostium
1748 2539 1860 2593 cel-

260 2632 392 2688 lula
414 2632 556 2702 ejus,
586 2632 906 2703 precabatur
926 2632 1250 2701 ingressum.
1284 2630 1383 2686 Cui
1425 2646 1590 2687 senex
1618 2629 1862 2701 aliquan-

260 2725 439 2779 tulum
473 2721 801 2792 patefaciens
823 2724 1050 2789 aditum,
1081 2724 1215 2778 dixit
1248 2741 1261 2776 :
1288 2722 1422 2791 Quid
1448 2723 1564 2778 vis?
1585 2731 1675 2778 aut
1699 2738 1860 2793 quem

258 2817 501 2888 quaris?
554 2817 685 2871 Erat
734 2814 875 2872 enim
919 2831 1107 2872 severo
1161 2825 1413 2884 aspectu,
1470 2825 1688 2885 propter
1717 2814 1861 2885 quod

259 2911 436 2966 multo
470 2919 717 2978 tempore
743 2907 1013 2962 solitarius
1041 2908 1202 2962 vitam
1228 2906 1412 2977 rigida
1435 2905 1863 2962 conversationis

257 3011 544 3072 exegerat.
579 2999 931 3069 Respondens
960 3009 1138 3054 autem
1170 2998 1512 3063 Pachomius,
1569 3001 1646 3052 ait
1675 3016 1687 3050 :
1724 2997 1863 3053 Deus

258 3112 350 3153 me
382 3094 527 3151 misit
555 3096 623 3150 ad
651 3106 720 3160 te,
747 3105 804 3148 ut
832 3094 1129 3148 monachus
1180 3093 1328 3149 fiam.
1359 3093 1458 3148 Cui
1495 3093 1675 3148 senior
1702 3109 1714 3146 :
1746 3091 1862 3147 Non

261 3201 426 3262 potes
460 3189 571 3255 hic,
603 3170 797 3259 inquit,
829 3187 1124 3243 utonachus
1153 3186 1302 3252 fieri;
1335 3201 1442 3242 non
1496 3185 1639 3240 enim
1701 3199 1861 3254 parva

1967 1978 2292 2047 profectibus
2319 1993 2570 2034 crescens
2589 2020 2603 2044 ,
2634 1980 2995 2036 venerabilem
3025 1995 3210 2037 senem
3256 1983 3417 2037 nimis
3444 1984 3558 2038 ala-

1965 2085 2115 2126 crem
2146 2071 2440 2144 latumque
2470 2073 2747 2141 reddebat,
2778 2075 2848 2128 ita
2883 2083 2941 2130 ut
2967 2074 3183 2130 Christo
3213 2091 3426 2147 semper
3454 2093 3551 2148 pro

1917 2210 1919 2212 .
1967 2167 2380 2222 conversatione
2407 2165 2527 2237 ejus
2547 2169 2746 2238 gratias
2777 2179 2979 2238 ageret.

2035 2258 2167 2312 Car.
2204 2258 2334 2314 VIII.
2358 2259 2549 2314 —-Per
2577 2259 2717 2315 idem
2758 2271 2968 2330 tempus
3013 2263 3407 2321 sacratissimus
3437 2265 3555 2321 dies

1973 2351 2255 2407 Paschalis
2294 2354 2604 2422 advenerat,
2644 2362 2698 2408 et
2728 2354 2802 2408 ait
2841 2354 2907 2409 ad
2947 2354 3290 2412 Pachomium
3332 2361 3560 2414 senior:

1975 2443 2238 2510 Quoniam
2284 2455 2598 2500 cunctorum
2637 2443 3066 2502 Christianorum
3111 2449 3426 2505 universalis
3469 2458 3554 2505 est

1969 2534 2071 2590 ista
2118 2536 2402 2605 festivitas,
2437 2537 2589 2592 nobis
2611 2552 2827 2608 quoque
2875 2552 3005 2607 para
3042 2554 3162 2609 quae
3208 2541 3324 2596 usui
3374 2550 3558 2596 nostro

1972 2637 2100 2683 sunt
2129 2644 2386 2701 congrua.
2419 2629 2571 2685 Tunc
2613 2629 2705 2685 ille
2759 2640 3036 2701 promptus
3063 2633 3130 2686 ad
3184 2632 3559 2702 obtemperam

1971 2720 2123 2788 dum,
2155 2720 2210 2775 id
2242 2721 2383 2791 quod
2410 2721 2512 2776 sibi
2553 2733 2877 2792 praeceptum
2922 2731 3006 2778 est
3049 2724 3322 2794 implevit;
3368 2736 3558 2795 prater

1976 2808 2192 2865 solitum
2222 2827 2457 2881 namque
2485 2827 2773 2883 parumper
2801 2814 3070 2883 accipiens
3113 2816 3238 2882 olei,
3273 2831 3394 2871 cum
3435 2818 3558 2873 sali-

1967 2901 2068 2957 bus
2091 2904 2232 2960 tritis
2257 2905 2565 2961 admiscuit.
2598 2906 2873 2977 Lapsanas
2895 2907 3060 2976 enim,
3097 2908 3149 2964 id
3197 2920 3300 2977 est,
3332 2913 3556 2981 agrestia

1971 2994 2117 3050 olera
2144 2995 2283 3067 (i5),
2309 3005 2363 3052 et
2382 2996 2576 3054 herbas
2606 2998 2738 3054 alias
2794 3010 2990 3068 prater
3039 3000 3215 3056 oleum
3270 3017 3561 3058 consueve-

1974 3094 2095 3140 rant
2125 3086 2309 3143 edere.
2342 3087 2477 3143 Cum
2527 3104 2655 3160 ergo
2682 3101 3058 3160 praparasset,
3103 3094 3178 3146 ait
3215 3094 3281 3147 ad
3330 3109 3513 3149 senem
3545 3113 3560 3148 :

1975 3176 2102 3234 Feci
2130 3180 2269 3247 quod
2325 3190 2411 3235 tua
2469 3182 2760 3251 paternitas
2807 3183 3107 3254 imperavit.
3147 3184 3388 3254 Cumque
3442 3195 3561 3255 post

260 3299 354 3338 res
384 3283 584 3353 agitur,
609 3281 657 3337 si
687 3280 802 3337 veri
828 3280 1080 3336 monachi
1107 3280 1445 3335 conversatio
1491 3286 1636 3332 casta
1669 3291 1859 3347 pense-
1891 3296 1939 3362 ρ
1969 3273 2241 3330 orationes
2283 3274 2470 3330 beatus
2517 3273 2784 3330 Palaemon
2844 3277 3162 3332 accessisset
3191 3278 3256 3332 ad
3298 3293 3558 3346 mensam,

260 3386 352 3433 tur
383 3391 548 3443 ;nam
579 3375 760 3445 plures
785 3373 889 3429 huc
911 3373 1110 3428 dudum
1145 3371 1445 3436 venientes,
1476 3368 1652 3425 affecti
1680 3370 1862 3437 tadio,

169 3451 203 3478 δ’
266 3467 698 3540 perseverantia
725 3482 830 3523 non
856 3474 1075 3522 tenuere
1100 3465 1373 3520 virtutem.
1407 3463 1474 3518 Et
1502 3462 1859 3518 Pachomius:

261 3560 390 3617 Non
423 3567 571 3625 sunt,
623 3559 816 3630 inquit,
873 3557 1107 3627 aquales
1156 3556 1396 3611 omnium
1427 3569 1625 3611 mores.
1658 3553 1864 3610 Idcirco

263 3669 471 3726 precor
503 3661 561 3708 ut
586 3668 674 3708 me
696 3649 933 3722 digneris
973 3649 1249 3720 excipere,
1276 3657 1330 3703 et
1377 3661 1632 3716 processu
1660 3655 1864 3716 tempo-

257 3749 337 3806 ris
376 3758 484 3803 tam
514 3746 843 3802 voluntatem
871 3757 1042 3800 meam
1089 3758 1246 3813 quam
1298 3741 1718 3813 possibilitatem
1751 3742 1861 3812 ple-

259 3841 392 3898 nius
425 3838 764 3910 approbabis.
799 3837 864 3892 Et
919 3837 1098 3891 senior
1134 3837 1209 3891 ait
1239 3853 1251 3890 :
1282 3834 1400 3890 Jam
1457 3835 1556 3890 tibi
1610 3833 1864 3904 prafatus

258 3949 388 3990 sum
415 3931 559 4002 quod
605 3931 692 3985 hic
753 3927 869 3986 fieri
925 3928 1216 3984 monachus
1261 3927 1408 3982 nullo
1451 3927 1612 3983 modo
1668 3928 1861 3995 possis.

263 4025 448 4095 Perge
478 4021 648 4093 magis
678 4020 742 4076 ad
773 4019 914 4076 aliud
941 4019 1347 4085 monasterium,
1375 4030 1430 4074 et
1458 4033 1577 4074 cum
1605 4019 1865 4087 tantisper

137 4140 190 4185 ea
259 4115 478 4174 ibidem
507 4115 854 4170 continentia
884 4129 1102 4184 operam
1135 4113 1346 4169 dederis
1401 4124 1528 4169 tunc
1564 4112 1629 4167 ad
1658 4128 1745 4168 me
1779 4129 1864 4169 re-

259 4209 520 4282 gredere,
546 4217 703 4278 teque
747 4207 864 4261 sine
914 4220 1064 4261 mora
1112 4206 1420 4275 suscipiam.
1480 4205 1862 4261 Verumtamen

264 4304 499 4358 adverte
525 4299 663 4369 quod
690 4300 834 4354 dico.
852 4295 964 4368 Ego
985 4297 1091 4365 hic,
1124 4296 1218 4362 liii,
1247 4297 1377 4351 satis
1407 4296 1684 4367 frugaliter
1713 4297 1861 4351 vivo.

261 4395 405 4453 Nam
440 4393 598 4448 nimis
619 4392 784 4447 ardua
814 4401 870 4447 et
895 4389 1179 4445 durissima
1205 4390 1610 4446 conversatione
1632 4405 1718 4444 me
1744 4404 1864 4445 cas-

266 4491 407 4559 tigo,
445 4485 641 4540 nullius
669 4486 746 4540 rei
776 4483 1019 4539 ciborum
1046 4493 1222 4551 utens,
1245 4482 1346 4538 nisi
1395 4490 1598 4537 tantum
1633 4481 1782 4548 panis
1809 4489 1865 4537 et

267 4579 430 4635 salis.
457 4578 591 4632 Uleo
619 4587 799 4632 autem
829 4585 882 4630 et
911 4577 1036 4630 vino
1067 4575 1120 4629 in
1152 4583 1318 4630 totum
1350 4589 1568 4643 prorsus
1593 4573 1857 4630 abStineo.

1979 3367 2314 3436 vidissetque
2336 3368 2442 3424 olei
2466 3379 2779 3440 apparatum
2806 3385 2929 3426 cum
2968 3372 3191 3434 salibus,
3221 3371 3418 3428 fricans
3449 3387 3560 3427 ma-

1970 3459 2124 3515 nibus
2166 3459 2422 3525 frontem,
2464 3470 2522 3516 et
2567 3461 2798 3518 ubertim
2853 3462 3081 3518 fundens
3127 3464 3411 3534 lacrymas,
3443 3464 3555 3520 ait:

1973 3551 2230 3607 Dominus
2261 3567 2413 3609 meus
2436 3553 2721 3609 crucifixus
2752 3565 2857 3623 est,
2888 3563 2942 3609 et
2967 3570 3066 3624 ego
3093 3569 3234 3610 nunc
3253 3557 3431 3611 oleum
3458 3571 3553 3611 co-

1969 3645 2220 3701 medam?
2241 3644 2480 3716 Cumque
2500 3656 2714 3716 rogaret
2734 3662 2855 3702 eum
2875 3646 3193 3703 Pachomius
3214 3648 3554 3703 utmodicum

1973 3741 2101 3809 quid
2127 3756 2192 3795 ex
2225 3755 2290 3796 eo
2320 3748 2578 3806 sumeret,
2609 3741 2913 3794 nullatenus
2947 3741 3230 3810 acquievit.
3282 3739 3434 3795 Tunc
3458 3756 3556 3810 pro

1978 3847 2129 3887 more
2159 3832 2270 3886 sale
2292 3839 2347 3886 et
2385 3845 2522 3900 pane
2551 3831 2714 3886 allato
2756 3831 2822 3886 ad
2872 3830 3300 3886 manducandum
3353 3832 3557 3900 pariter

1970 3925 2350 3980 consederunt.
2391 3925 2522 3991 Qua
2551 3939 2713 3980 senex
2743 3925 2918 3980 crucis
2965 3924 3164 3980 Christi
3216 3925 3390 3996 signo,
3422 3927 3559 3981 sicut

1969 4027 2343 4080 consueverat,
2397 4018 2766 4084 benedicens,
2810 4017 2986 4074 cibum
3035 4026 3257 4088 uterque
3309 4033 3558 4088 sumpse-

1970 4121 2116 4178 runt,
2146 4110 2375 4166 Domino
2404 4111 2604 4182 gratias
2635 4112 2715 4181 (ut
2743 4125 2840 4182 par
2867 4110 3063 4182 fuerat)
3097 4111 3371 4167 humiliter
3400 4111 3558 4167 exhi-

1969 4202 2180 4259 bentes.

2040 4294 2171 4350 Car.
2205 4293 2296 4350 IX.
2322 4323 2392 4337 -
2422 4294 2534 4351 Una
2562 4309 2690 4351 vero
2734 4295 2966 4364 dierum,
3019 4312 3138 4352 cum
3178 4295 3461 4367 vigilantes
3481 4298 3557 4356 si-

1969 4389 2080 4444 mul
2103 4389 2370 4444 Palamon
2395 4399 2449 4445 et
2477 4389 2797 4444 Pachomius
2826 4390 3180 4446 accenderent
3203 4391 3401 4459 ignem,
3431 4392 3548 4462 qui-

1968 4483 2091 4537 dam
2122 4483 2288 4538 frater
2309 4483 2716 4553 superveniens,
2753 4483 2894 4552 apud
2937 4497 3031 4538 eos
3088 4496 3308 4538 manere
3358 4484 3550 4541 voluit.

1968 4575 2069 4642 Qui
2099 4591 2220 4631 cum
2247 4584 2530 4645 susceptus
2558 4583 2728 4639 esset,
2762 4575 2901 4630 inter
2952 4573 3113 4630 verba
3145 4574 3227 4648 (ut
3248 4575 3363 4631 fieri
3393 4576 3555 4649 solet)

263 4670 449 4742 Vigilo
484 4668 765 4724 dimidium
798 4669 999 4736 noctis,
1032 4667 1172 4737 quod
1202 4668 1430 4738 Spatium
1459 4668 1543 4722 vel
1577 4667 1630 4721 in
1655 4668 1858 4722 oratio-
1888 4690 1945 4752 ι)
1970 4669 2168 4738 erupit,
2202 4677 2256 4723 et
2277 4668 2409 4723 dixit
2441 4684 2454 4720 :
2487 4667 2544 4723 Si
2576 4667 2697 4737 quis
2718 4666 2892 4722 fidelis
2924 4675 3007 4723 est
3032 4683 3101 4723 ex
3133 4669 3303 4736 vobis,
3333 4677 3441 4727 stet
3469 4687 3556 4728 su-

268 4778 343 4822 ne
373 4760 628 4826 solemni,
659 4761 742 4815 vel
775 4757 830 4813 in
877 4757 1226 4815 meditatione
1254 4757 1448 4812 divina
1505 4758 1749 4813 lectionis
1778 4758 1863 4813 in-

263 4845 430 4912 sinuo
456 4871 471 4919 ;
506 4851 776 4908 interdum
808 4865 1022 4921 quoque
1054 4858 1216 4905 totam
1247 4859 1458 4904 noctem
1513 4849 1650 4904 duco
1679 4850 1864 4918 pervi-

264 4948 457 5018 gilem.
491 4944 618 4999 I-Iac
645 4953 825 4998 autem
870 4942 1093 4998 audiens
1147 4940 1490 5004 Pachomius,
1540 4940 1773 5009 expavit,
1807 4947 1866 4994 ut

266 5041 451 5095 solent
495 5037 642 5107 pueri
699 5036 1071 5105 magistrorum
1126 5034 1297 5088 vereri
1345 5033 1718 5102 praesentiam;
1768 5033 1862 5088 sed

265 5132 446 5202 gratia
474 5128 681 5184 Domini
711 5127 1016 5194 roboratus,
1066 5141 1278 5180 omnem
1326 5124 1469 5179 hunc
1518 5124 1756 5179 laborem
1783 5133 1862 5180 to-

266 5223 447 5280 lerare
474 5219 781 5292 preposuit,
814 5219 1036 5288 senique
1086 5218 1360 5286 reSpondit
1391 5235 1405 5272 :
1438 5217 1610 5274 Credo
1660 5217 1713 5271 in
1754 5216 1860 5272 Do-

268 5319 421 5370 mino
450 5313 579 5368 Jesu
599 5310 834 5376 Christo,
858 5309 949 5380 qui
972 5309 1103 5364 mihi
1126 5309 1488 5365 fortitudinem
1523 5308 1862 5380 patientiam-

268 5421 379 5477 que
404 5404 702 5475 praestabit,
727 5411 786 5458 ut
809 5403 999 5472 dignus
1045 5401 1248 5456 efficiar
1280 5403 1384 5457 tnis
1432 5403 1645 5469 adjutus
1690 5399 1864 5471 preci-

267 5499 396 5565 bus,
424 5498 481 5553 in
503 5507 685 5552 sancta
716 5495 1122 5551 conversatione
1176 5510 1271 5565 per
1318 5497 1498 5550 omnia
1545 5496 1672 5550 vitae
1727 5511 1862 5551 mea

268 5592 539 5649 curricula
565 5604 898 5661 permanere.

347 5684 612 5744 erNll.
644 5683 883 5739 —-‘I’nnc
908 5691 1126 5738 sanctus
1171 5681 1444 5738 Palamon
1497 5681 1861 5747 Spiritualibus

269 5779 448 5835 oculis
517 5777 726 5832 intuens
776 5771 1048 5830 Pachomii
1095 5773 1252 5830 fidem
1281 5815 1296 5839 ,
1355 5772 1566 5829 tandem
1614 5773 1863 5843 patefecit

271 5873 515 5939 aditum;
538 5883 770 5941 euntque
799 5867 1119 5934 suscipiens,
1155 5869 1336 5925 habitu
1393 5868 1639 5926 monachi
1671 5883 1858 5926 consc-

481 5967 759 6028 Pa‘ﬂtOL.
807 5960 1095 6022 LXXIII.

1402 6054 1436 6071 θ

1977 4773 2071 4828 per
2121 4760 2218 4814 hos
2263 4757 2524 4814 carbones
2569 4758 2727 4826 ignis,
2776 4768 2832 4815 et
2876 4761 3174 4818 orationem
3228 4763 3556 4820 Dominicam

1975 4851 2175 4904 sensim
2204 4850 2452 4920 lenteque
2493 4851 2818 4918 pronuntiet.
2859 4852 3026 4921 Quem
3067 4855 3254 4911 beatus
3287 4857 3558 4912 Palarnon

1974 4941 2276 5012 intelligens
2321 4941 2588 5010 superbia
2628 4951 2836 4999 tumore
2877 4943 3181 5015 deceptum,
3228 4949 3559 5004 commonuit

1972 5035 2162 5090 dicens
2204 5051 2218 5088 :
2263 5033 2477 5099 Desine,
2537 5034 2721 5099 frater,
2757 5035 2825 5090 ab
2866 5034 2965 5090 ltac
3014 5038 3241 5103 insania,
3301 5053 3399 5093 nec
3452 5039 3557 5094 tale

1973 5127 2100 5199 quid
2131 5128 2353 5183 ulterius
2384 5127 2637 5197 loquaris.
2664 5128 2765 5194 Qui
2795 5130 3135 5199 correptione
3159 5129 3304 5184 senis
3335 5145 3436 5185 non
3466 5147 3554 5187 so-

1968 5222 2078 5277 lum
2111 5237 2215 5276 non
2259 5219 2487 5290 profecit
2512 5221 2565 5274 in
2590 5221 2797 5287 melius,
2823 5221 2917 5278 sed
2949 5222 3067 5291 plus
3100 5220 3333 5279 elatione
3358 5228 3556 5281 mentis

1966 5311 2207 5379 inflatus,
2240 5326 2404 5381 super
2456 5312 2632 5381 ignem
2685 5321 2830 5368 stare
2889 5311 3053 5381 capit
3099 5311 3372 5383 audacter,
3407 5318 3554 5372 nullo

1968 5404 2071 5460 sibi
2103 5404 2316 5474 penitus
2341 5405 2639 5473 imperante
2666 5420 2679 5469 ;
2705 5411 2925 5470 eratque
2952 5403 3288 5473 conspicere,
3323 5423 3551 5478 quomo.

1968 5497 2039 5552 do
2074 5507 2398 5567 cooperante
2449 5497 2665 5552 inimico
2714 5495 2930 5549 humani
2968 5497 3200 5566 generis,
3235 5509 3289 5555 et
3326 5500 3555 5556 Domino

1967 5590 2332 5659 permittente,
2348 5601 2682 5658 nequaquam
2711 5595 2958 5654 perustus
2981 5585 3140 5643 fuerit
3164 5589 3301 5660 ignis
3324 5603 3552 5648 attactu.

1969 5682 2081 5737 Hoc
2112 5681 2282 5750 ipsum
2317 5680 2474 5750 116
2512 5692 2640 5732 vero
2667 5677 2811 5747 quod
2856 5682 3025 5749 gessit
3055 5682 3291 5753 impune,
3322 5684 3390 5738 ad
3418 5700 3550 5754 aug-

1966 5785 2203 5832 mentum
2229 5773 2455 5842 profecit
2483 5771 2600 5840 ejus
2637 5772 2882 5842 insania,
2917 5776 3212 5831 secundum
3237 5777 3378 5843 quod
3407 5780 3556 5833 scri-

1967 5880 2113 5938 ptum
2142 5878 2264 5925 est:
2300 5865 2377 5922 Ad
2429 5880 2619 5936 pravos
2675 5883 2872 5937 pravas
2922 5873 3032 5926 vias
3076 5873 3238 5927 mittit
3295 5872 3552 5928 Dominus

3034 5965 3072 6024 8
