4142 6350
543 346 649 404 235

1584 345 1675 403 DE
1720 345 1892 403 VITIS
1930 343 2214 407 PATBUH
2252 345 2455 404 LIBER
2490 345 2767 405 PRIMUS.

3709 340 3818 398 236

548 458 735 531 (Prov.
765 472 977 527 xxvm;
1009 459 1179 517 Ειειὶ.
1212 458 1297 529 n).
1324 457 1435 514 Hoc
1470 456 1651 525 itaque
1691 472 1810 514 cum
1839 457 2027 513 fuisset
2054 457 2134 513 fa-
2160 457 2219 523 Α
2242 459 2439 541 tientia:
2468 475 2711 527 munere,
2752 467 2807 517 et
2835 471 2962 533 erga
2991 456 3156 515 Deum
3185 456 3597 529 proximumque
3638 455 3819 524 puris-

549 563 720 620 cutm,
738 559 953 625 postera
978 553 1069 610 die
1095 551 1236 608 idem
1253 551 1417 607 frater
1438 559 1644 606 mature
1670 550 2036 622 proﬁciscens,
2068 565 2130 606 ac

554 645 699 701 velut
742 644 1075 716 exprobrans
1121 646 1229 712 eis,
1259 644 1434 698 aiebat
1466 660 1479 696 :
1515 642 1612 700 Ubi
1640 653 1725 701 est
1751 643 1884 699 fides
1910 642 2130 701 veStra?

554 738 683 793 Post
720 752 827 794 non
856 737 1078 792 multum
1120 751 1247 793 vero
1281 738 1535 807 temporis
1591 752 1819 792 cernens
1865 736 2127 799 diabolus,

548 846 672 887 eum
703 831 803 887 sibi
849 846 947 901 per
994 830 1168 885 omnia
1219 830 1674 901 mancipatum,et
1702 829 1854 886 facile
1901 827 1966 884 ad
2012 846 2130 898 quc

548 920 711 977 vellet
740 922 970 976 facinora
1000 936 1119 974 eum
1164 936 1323 992 posse
1370 922 1716 991 compellere,
1738 917 2133 992 transfiguravit

546 1028 609 1069 se
636 1014 689 1068 in
719 1011 998 1067 mulierem
1031 1010 1312 1083 pulchram
1331 1052 1348 1079 ,
1384 1011 1677 1083 splendidis
1706 1011 1946 1067 vestibus
1976 1009 2133 1064 ador-

548 1115 749 1175 natam,
781 1112 834 1159 et
861 1105 1027 1176 coepit
1067 1105 1261 1161 ostium
1288 1105 1437 1160 cellae
1479 1105 1595 1177 ejus
1644 1105 1992 1160 vehementer
2040 1119 2134 1159 ex-

546 1195 796 1253 tundere.
820 1196 1061 1266 Quicum
1091 1198 1413 1269 aperuisset,
1446 1199 1519 1253 ait
1551 1200 1599 1257 ei
1628 1200 1872 1257 diabolus
1902 1200 1953 1255 in
1982 1199 2131 1255 babi-

546 1300 655 1343 tunt
688 1290 929 1347 mulieris
968 1291 1279 1347 immutatus
1315 1311 1326 1345 :
1354 1293 1592 1349 Obsecro
1645 1303 1718 1361 te,
1747 1295 1869 1365 quia
1918 1295 2079 1349 nimis
2102 1308 2132 1348 a

543 1379 901 1437 creditoribus
930 1397 1150 1452 urgeor,
1185 1394 1237 1437 et
1265 1393 1447 1439 metuo
1478 1398 1544 1437 ne
1576 1398 1662 1438 me
1690 1383 1868 1456 aliqua
1901 1385 2133 1453 pericula

543 1474 1038 1543 comprehendant,
1068 1476 1297 1545 recipias
1324 1492 1409 1532 me
1441 1477 1494 1531 in
1526 1486 1667 1533 tuam
1699 1478 1968 1544 cellulam,
2001 1493 2110 1548 quo

542 1565 685 1619 niam
717 1565 952 1621 debitum
982 1567 1197 1627 solvere
1226 1585 1455 1640 nequeo,
1489 1579 1753 1642 quatenus
1779 1586 1873 1641 per
1905 1581 1955 1628 te
1981 1571 2129 1626 salva

541 1654 699 1726 facta,
728 1660 929 1727 gratias
955 1659 1184 1716 referam
1208 1678 1221 1731 ;
1249 1661 1390 1716 Dens
1418 1663 1557 1716 enim
1602 1677 1688 1720 me
1713 1662 1907 1719 direxit
1959 1662 2024 1717 ad
2058 1671 2125 1718 te.

542 1745 642 1813 Qui
674 1761 702 1800 a
731 1750 971 1804 caecitate
1000 1752 1193 1807 mentis
1221 1752 1429 1824 penitus
1454 1753 1792 1819 obscuratus,
1818 1768 1915 1811 nec
1948 1752 2131 1809 valens

2234 551 2369 608 sima
2394 552 2679 608 dilectione
2712 567 2818 621 pra:
2846 550 3029 605 multis
3060 550 3332 604 nitebatur
3379 546 3665 603 excellere.
3692 545 3822 605 Haec

2238 651 2420 699 autem
2450 643 2663 714 aliaque
2691 643 2808 712 ejus
2839 640 3065 713 plurima
3096 639 3382 697 didicimus
3409 654 3441 696 α
3491 638 3694 696 sanctis
3724 636 3825 696 ho-

2235 734 2470 790 minibus
2496 735 2610 799 Dei,
2644 735 2731 806 qui
2763 734 2921 793 simul
2950 748 3071 789 eum
3119 748 3185 789 eo
3221 732 3387 788 multo
3416 740 3660 804 tempore
3697 739 3826 788 sunt

2236 826 2461 893 morati;
2490 826 2682 898 quibus
2708 827 2870 884 etiam
2905 828 3028 882 vitae
3082 825 3378 896 spiritualis
3404 825 3649 896 exempla
3691 839 3826 881 con-

2236 919 2460 985 tulerat,
2497 927 2615 989 post
2646 918 2933 974 lectionem
2963 916 3162 973 divinae
3192 917 3323 987 legis
3348 931 3412 973 ea
3436 931 3556 988 quae
3591 916 3659 971 ad
3691 915 3823 973 tedi-

2236 1011 2539 1068 ficationem
2578 1011 2876 1067 animarum
2910 1011 3179 1084 pertinent
3224 1010 3505 1082 diligenter
3527 1024 3823 1080 exponens.

2236 1103 2366 1175 Quae
2396 1106 2520 1176 quia
2544 1105 2707 1162 multa
2730 1115 2873 1174 sunt,
2904 1114 2959 1163 et
2978 1108 3120 1161 vires
3142 1113 3339 1160 nostra:
3364 1101 3643 1176 parvitatis
3666 1117 3827 1159 exce-

2236 1197 2390 1264 dunt,
2427 1214 2532 1254 non
2562 1199 2739 1254 omnia
2763 1198 3017 1270 praesenti
3062 1195 3204 1270 stylo
3242 1195 3673 1268 perscripsimus.
3704 1194 3824 1253 Non

2237 1292 2384 1347 enim
2419 1306 2606 1348 sumus
2636 1291 2839 1361 idonei,
2889 1291 3021 1347 tanti
3069 1291 3169 1347 viri
3197 1290 3387 1346 merita
3442 1289 3657 1361 eloquio
3706 1290 3827 1364 pari

2238 1381 2578 1453 depromere.
2898 1391 2908 1399 '

2310 1471 2439 1528 CAP.
2475 1472 2566 1529 XI.
2592 1502 2662 1514 -
2689 1472 2853 1544 Igitur
2898 1488 3022 1544 erga
3052 1472 3229 1529 locum
3273 1472 3493 1543 montis,
3526 1471 3614 1527 ubi
3653 1474 3829 1530 sancti

2248 1563 2634 1632 inrorabantur,
2690 1566 2844 1636 plena
2882 1566 3053 1636 ‘spinis
3111 1581 3325 1623 eremus
3390 1565 3703 1636 adjacebat;
3757 1566 3829 1623 ad

2239 1671 2401 1725 quam
2429 1671 2569 1727 saepe
2612 1656 2933 1715 Pacltomius
2979 1656 3203 1714 veniens
3248 1657 3395 1730 ligna
3428 1657 3625 1730 legere,
3659 1672 3825 1729 super

2237 1749 2421 1821 spinas
2461 1750 2615 1806 nudis
2663 1750 2887 1827 pedibus
2933 1751 3247 1821 incedebat;
3277 1762 3331 1809 et
3361 1768 3483 1813 cum
3539 1752 3831 1825 iuligereu-

544 1838 849 1895 discernere
868 1842 988 1909 quis
1014 1852 1179 1909 esset,
1208 1844 1295 1916 qui
1326 1844 1428 1899 sibi
1481 1845 1606 1900 talia
1636 1845 1972 1916 loqueretur,
2009 1847 2129 1901 dia-
2162 1849 2212 1911 B
2239 1854 2325 1902 tur
2372 1847 2422 1903 ei
2452 1847 2713 1921 plurimae,
2748 1847 3048 1915 laetabatur,
3101 1845 3363 1919 patienter
3393 1861 3456 1903 ac
3506 1843 3722 1903 fortiter
3752 1847 3830 1903 fe-

543 1926 721 1985 bolum
766 1932 927 1987 miser
953 1930 1006 1985 in
1036 1948 1191 1988 suum
1245 1937 1449 2006 recepit
1498 1938 1733 1991 exitium.
1770 1936 1917 1993 Tunc
1963 1936 2131 1993 ltostis

544 2034 743 2079 nostrae
771 2025 1109 2097 substantiae,
1143 2028 1332 2084 videns
1356 2046 1476 2083 eum
1509 2033 1572 2085 ad
1606 2047 1763 2087 omne
1797 2032 1973 2086 scelus
2013 2048 2133 2089 esse

548 2117 905 2187 praecipitem,
934 2120 1153 2176 immisit
1178 2124 1224 2178 ei
1253 2132 1460 2194 turpem
1488 2126 1999 2195 concupiscentiam.
2032 2127 2131 2193 Qui

544 2221 674 2261 mox
717 2209 882 2263 cessit
910 2210 1108 2265 inimici
1140 2214 1591 2283 suggestionibus,
1626 2224 1680 2269 et
1709 2216 1823 2286 ejus
1846 2216 1995 2286 quasi
2020 2233 2131 2272 mu-

542 2295 740 2355 liebres
782 2299 971 2368 petivit
1010 2303 1308 2373 amplexus.
1343 2304 1513 2373 Quem
1558 2307 1773 2378 spiritus
1826 2309 2133 2365 immundus

545 2388 828 2459 invadens,
856 2393 998 2447 elisit
1052 2397 1337 2465 atrociter;
1391 2405 1445 2449 et
1494 2399 1773 2462 revolutus
1801 2415 1961 2469 super
1989 2400 2133 2470 pavi-

544 2492 810 2548 mentum,
843 2484 1008 2539 veluti
1038 2495 1282 2541 mortuus
1308 2487 1397 2542 diu
1456 2490 1788 2561 multumque
1819 2494 2127 2563 permansit.

544 2570 674 2626 Post
703 2572 1008 2643 aliquantus
1048 2588 1225 2631 autem
1260 2577 1375 2633 dies
1434 2580 1646 2635 tandem
1681 2583 1732 2638 in
1776 2597 1833 2637 se
1860 2599 2127 2650 reversus,

543 2673 597 2719 et
623 2664 910 2723 dementia
968 2669 1201 2739 propriae
1258 2686 1383 2725 sero
1432 2673 1718 2741 pceniteus,
1770 2674 1833 2729 ad
1887 2685 2131 2730 sanctum

543 2754 905 2813 Palaemonem
930 2760 1105 2826 venit;
1134 2770 1188 2815 et
1232 2776 1352 2816 cum
1388 2779 1579 2834 magno
1601 2765 1727 2820 ﬂetu
1751 2767 1877 2839 quid
1911 2767 2009 2822 sibi
2043 2784 2129 2823 ac-

544 2849 763 2906 cidisset
792 2856 1057 2925 exposuit,
1107 2856 1404 2911 veciferans
1452 2869 1507 2914 et
1563 2859 1745 2915 dicens
1801 2880 1812 2914 :
1860 2867 2126 2935 Agnosco,

540 2942 732 3011 Pater,
768 2959 1023 3015 agnosco,
1083 2948 1222 3017 quod
1281 2966 1380 3020 ego
1432 2965 1589 3006 causa
1635 2955 1950 3023 perditionis
1997 2971 2132 3013 mea:

542 3035 789 3090 existant.
824 3036 969 3092 Bene
994 3040 1135 3094 enim
1169 3056 1253 3096 me
1278 3058 1622 3099 commouere
1653 3045 1898 3117 dignatus
1930 3063 2010 3116 es,
2036 3050 2130 3105 sed

541 3141 642 3198 ego
667 3127 877 3193 infelix,
903 3132 990 3199 qui
1018 3140 1070 3187 te
1096 3132 1282 3188 audire
1314 3138 1633 3206 contempsi.
1668 3136 2010 3210 Quapropter
2035 3143 2127 3197 ob-

539 3231 699 3274 secro
725 3228 781 3274 ut
813 3236 896 3275 me
918 3227 1122 3278 sanctis
1162 3227 1497 3282 orationibus
1528 3229 1632 3285 tuis
1665 3232 1918 3300 adjuvare
1948 3234 2132 3307 digne-
2160 3211 2208 3275 ο

540 3308 635 3375 ris,
661 3327 728 3367 ne
766 3314 867 3368 sub
926 3315 1127 3385 ingenti
1166 3318 1407 3387 periculo
1457 3327 1806 3379 constitutum
1861 3325 2133 3397 discerpat

538 3400 793 3457 inimicus
848 3413 903 3459 et
955 3407 1205 3475 perimat.
1248 3409 1485 3481 Cumque
1556 3413 1657 3467 ista
1715 3430 1834 3470 cum
1884 3418 2131 3475 lamentis

539 3502 955 3561 prosequeretur
979 3506 1032 3550 et
1080 3496 1313 3565 ﬂetibus,
1344 3510 1399 3555 et
1446 3514 1661 3558 sanctus
1708 3505 1975 3562 Palaemon
2006 3510 2131 3566 bea-

542 3590 735 3652 tusque
775 3583 1092 3642 Pachomlus
1139 3589 1407 3661 lacrymas
1439 3608 1536 3662 pro
1563 3611 1627 3650 eo
1675 3597 1957 3659 funderent
1985 3617 2132 3656 cotu-

541 3674 797 3742 patientis
825 3676 1049 3745 affectu,
1082 3682 1259 3736 subito
1293 3694 1571 3755 correptus
1615 3687 1683 3744 ab
1722 3690 1997 3747 immundo
2022 3695 2134 3765 spi-

539 3765 682 3833 ritu,
712 3767 781 3822 de
807 3778 1100 3838 conspectu
1151 3787 1335 3829 eorum
1381 3777 1626 3846 prosiliit,
1663 3789 1718 3835 et
1768 3798 1861 3851 per
1918 3784 2128 3839 deserta

540 3856 1392 3933 discurens,agebaturlnfrenis.
1441 3870 1691 3927 Pervenit
1737 3885 1913 3930 autem
1966 3878 2031 3932 ad
2062 3876 2133 3933 ci-

538 3949 758 4005 vitatem
785 3952 957 4009 Panos
979 3956 1095 4027 (16)
1133 3961 1369 4028 nomine,
1398 3978 1460 4018 ac
1490 3964 1745 4038 deinceps
1804 3969 1855 4024 in
1913 3970 2132 4029 fornace

538 4042 716 4099 balnei
751 4060 847 4114 per
868 4051 1156 4105 amentiam
1180 4066 1299 4110 sese
1326 4057 1692 4128 praecipitans,
1728 4059 1976 4125 incendio
2009 4080 2132 4133 pro-

538 4135 681 4190 tinus
711 4135 933 4193 interiit.

605 4247 734 4303 Car.
778 4248 947 4305 X..—
977 4253 1100 4309 [Iace
1149 4257 1372 4315 audiens
1426 4261 1721 4334 vidensque
1776 4266 2125 4338 Pachumius,

536 4341 708 4412 magis
740 4358 801 4397 ac
833 4348 1001 4415 magis
1034 4349 1274 4406 incubuit
1297 4353 1637 4411 abstinentiae
1680 4367 1866 4417 tenere
1908 4378 2126 4421 mensu-

535 4449 691 4501 ram;
724 4447 775 4491 et
804 4454 923 4492 cum
960 4440 1012 4511 in
1047 4443 1316 4515 omnibus,
1358 4455 1465 4500 tum
1510 4450 1742 4509 maxime
1794 4453 1844 4506 in
1868 4455 2127 4511 orationi-

533 4524 633 4579 bus
663 4528 898 4585 animum
942 4546 1165 4589 servare
1208 4536 1549 4605 pervigilem,
1594 4541 1747 4609 juxta
1805 4543 1936 4599 illud
1982 4545 2125 4615 quod

530 4618 788 4687 scriptum
806 4630 917 4675 est:
937 4622 1091 4678 Omni
1107 4628 1344 4685 custodia
1367 4644 1521 4686 serva
1539 4647 1631 4687 cor
1650 4642 1794 4689 tuum
1817 4635 2000 4709 (Prov.
2017 4640 2116 4712 tv).

529 4708 821 4777 Intantum,
853 4724 908 4768 ut
938 4729 1058 4769 eum
1110 4733 1269 4775 senex
1332 4722 1618 4779 miraretur
1674 4729 1955 4797 attonitus,
1994 4708 2117 4801 quia

530 4816 637 4856 non
687 4804 858 4859 solum
896 4818 1204 4863 consuetam
1259 4812 1600 4869 abstinentiae
1658 4820 1892 4890 regulam
1943 4823 2120 4881 alacer

527 4896 862 4953 extrinsecus
936 4903 1358 4971 exsequebatur,
1408 4907 1504 4959 sed
1566 4910 1724 4965 etiam
1798 4914 2120 4975 intrinsecus

526 4986 911 5043 conscientiam
944 5004 1092 5045 suam
1140 4991 1291 5060 juxta
1341 4998 1642 5054 celestium
1679 5001 1901 5063 formam
1936 5008 2117 5065 stude-

524 5076 615 5132 bat
643 5080 858 5151 exigere
884 5082 1251 5152 purissimam,
1285 5083 1423 5140 sicut
1474 5087 1659 5146 beatus
1710 5093 1998 5161 Apostolus
2039 5098 2119 5154 di-

525 5170 598 5224 cit
629 5185 646 5226 :
679 5172 855 5228 Gloria
886 5183 1067 5231 nostra
1110 5176 1225 5231 haec
1270 5187 1383 5246 est,
1420 5182 1788 5242 teStimonium
1835 5193 2118 5250 conscien-

527 5262 611 5316 tiae
642 5273 836 5320 nostra!
868 5262 956 5334 (II
997 5264 1121 5322 Cor.
1160 5264 1234 5339 ι),
1261 5281 1441 5326 certus
1468 5288 1535 5329 ex
1584 5275 1685 5335 boc
1741 5294 1985 5353 magnam
2016 5282 2115 5338 sibi

460 5420 466 5426 θ
525 5358 579 5411 in
605 5359 915 5416 cmlestibus
946 5378 1136 5433 parare
1175 5369 1499 5429 mercedem.
1551 5370 1682 5427 Nam
1732 5382 1787 5429 et
1830 5389 1948 5431 cum
1983 5376 2121 5433 divi.

527 5462 625 5503 nas
655 5450 962 5520 Scripturas
992 5456 1222 5526 legeret,
1251 5464 1633 5535 memoriaeque
1675 5467 1974 5533 mandaret,
2004 5485 2113 5529 non

523 5538 578 5595 id
606 5541 799 5609 passim
832 5545 1268 5617 negligenterque
1299 5552 1554 5621 faciebat,
1579 5555 1673 5610 sed
1700 5560 2117 5631 unumquodque

522 5643 849 5705 preci-ptum
895 5636 1121 5695 solerter
1166 5645 1504 5713 examinans,
1530 5661 1592 5701 ac
1641 5649 1725 5716 pia
1769 5658 1945 5707 tuente
1996 5668 2117 5721 per-

523 5735 779 5799 tractans,
813 5730 1063 5787 studebat
1097 5736 1147 5790 in
1180 5734 1293 5789 dies
1339 5754 1502 5809 opere
1554 5741 1831 5810 perlicere,
1861 5760 1978 5807 qua:
2008 5762 2119 5802 tne-

522 5819 693 5875 moria
722 5822 1038 5880 reletttabat.
1076 5824 1345 5893 Praecipue
1400 5844 1525 5885 vero
1570 5832 1892 5890 humilitatis
1932 5849 1995 5890 ac
2027 5852 2124 5904 pa-

2238 1954 2379 2007 rens,
2415 1939 2659 1995 recolens
2688 1940 2829 2012 quod
2870 1940 3130 1996 Dominus
3157 1950 3343 1996 noster
3368 1940 3422 1996 in
3473 1954 3635 1997 cruce
3663 1940 3833 1997 clavis

2239 2031 2401 2086 fuerit
2430 2030 2713 2101 dignanter
2738 2030 2949 2088 affixus.
2976 2031 3237 2103 Diligebat
3260 2041 3437 2088 autem
3459 2032 3833 2089 anacltoresim

2238 2123 2549 2194 plurimum,
2581 2124 2891 2197 frequenter
2927 2136 3190 2197 expetens
3222 2126 3590 2184 solitudinem.
3618 2126 3685 2183 Et
3714 2126 3825 2183 illic

2237 2215 2327 2271 diu
2356 2219 2408 2271 in
2437 2217 2679 2274 oratione
2725 2218 3055 2289 persistens,
3113 2218 3338 2275 Domino
3383 2214 3743 2293 supplicabat,
3774 2230 3833 2278 ut

2237 2325 2265 2364 a
2292 2312 2451 2368 tantis
2477 2326 2536 2366 se
2568 2311 2841 2368 fraudibus
2868 2311 3163 2371 clementer
3190 2312 3449 2384 eriperet.

2309 2405 2439 2463 CAP.
2487 2405 2602 2462 Xll.
2634 2406 2974 2476 —Quodam
3032 2422 3158 2463 vero
3208 2418 3451 2480 tempore
3505 2408 3735 2478 contigit
3775 2416 3834 2466 ut

2239 2501 2559 2573 Pachomius
2589 2501 2774 2571 procul
2800 2516 2831 2558 a
2858 2502 2991 2559 cella
3037 2517 3131 2559 sua
3157 2518 3491 2577 progressus,
3521 2503 3730 2560 veniret
3762 2501 3833 2561 ad

2238 2593 2522 2664 quemdam
2563 2594 2755 2660 vicum,
2786 2594 2872 2649 cui
2920 2609 3115 2651 nomen
3165 2604 3248 2655 est
3300 2595 3659 2655 Tabenneuse
3689 2590 3833 2667 (17),

2242 2687 2294 2743 in
2327 2705 2431 2758 quo
2463 2699 2589 2744 tunc
2610 2688 2787 2745 nullus
2814 2689 3031 2758 penitus
3068 2687 3341 2744 habitator
3386 2688 3671 2746 existebat.
3727 2685 3835 2765 Ubi

2245 2795 2364 2837 cum
2398 2796 2493 2849 pro
2523 2797 2674 2837 more
2700 2780 2901 2837 diutius
2929 2782 2983 2837 in
3014 2781 3345 2840 orationibus
3367 2781 3699 2850 perduraret,
3726 2794 3834 2839 vox

2239 2875 2306 2929 ad
2329 2888 2450 2933 eum
2473 2876 2684 2931 caelitus
2711 2875 2890 2933 delata
2930 2886 3035 2943 est,
3081 2877 3269 2933 dicens
3298 2894 3311 2930 :
3348 2877 3500 2933 Mane
3530 2877 3636 2946 hic,
3670 2892 3703 2931 ο
3732 2877 3831 2935 Pa-

2238 2966 2435 3032 cbomi,
2455 2976 2509 3022 et
2537 2968 2920 3025 monasterium
2964 2977 3236 3029 construe.
3271 2968 3494 3026 Venturi
3525 2978 3651 3026 sunt
3676 2982 3830 3027 nam-

2238 3071 2341 3126 que
2358 3057 2424 3111 ad
2449 3066 2498 3111 te
2514 3058 2916 3130 quamplurimi,
2943 3070 3030 3116 tua
3049 3061 3324 3131 cupientes
3343 3060 3675 3117 institutione
3704 3076 3830 3132 pro-

2237 3147 2429 3217 ficere;
2477 3150 2671 3221 quibus
2718 3151 2970 3209 ducatum
3017 3155 3325 3225 praestabis,
3373 3155 3522 3225 juxta
3585 3155 3829 3225 regulam

2238 3256 2398 3310 quam
2430 3254 2798 3300 monstravere
2834 3246 2953 3307 tibi.
2974 3247 3039 3303 Et
3068 3248 3311 3318 protinus
3338 3249 3582 3325 apparuit
3608 3249 3830 3317 angelus

2239 3332 2473 3404 Domini,
2529 3334 2777 3395 deferens
2832 3337 2881 3399 ei
2932 3338 3188 3407 tabulam,
3232 3340 3284 3393 in
3340 3354 3445 3409 qua
3495 3348 3610 3399 erat
3648 3338 3831 3397 omnis

2242 3424 2412 3479 forma
2455 3426 2805 3487 institutionis
2855 3430 3121 3504 ascripta,
3176 3446 3279 3505 qua
3341 3431 3567 3489 docendi
3627 3430 3830 3505 forent,

2237 3518 2540 3591 quicunque
2590 3519 2659 3577 ad
2720 3519 2836 3591 ejus
2864 3523 3151 3594 magisterii
3208 3524 3378 3580 studia
3428 3525 3830 3597 pervenissent.

2240 3609 2408 3677 Quam
2470 3612 2709 3683 regulam
2760 3612 3144 3673 Tabeuneuses
3175 3615 3442 3689 hodieque
3494 3617 3826 3685 custodiunt.

2239 3703 2429 3759 eodem
2471 3703 2591 3760 cibo
2617 3720 2832 3777 semper
2863 3714 3072 3763 utentes
3102 3717 3155 3765 et
3184 3709 3389 3777 habitu,
3423 3711 3592 3781 ipsam
3613 3724 3833 3781 quoque

2242 3796 2581 3866 disciplinam
2610 3798 2837 3858 sollicita
2858 3801 3340 3872 circumspectione
3361 3812 3660 3861 servantes.
3687 3802 3828 3861 Nam

2236 3892 2489 3948 monachi
2528 3891 2619 3964 qui
2662 3891 2860 3951 ibidem
2918 3904 3279 3961 commanent,
3312 3910 3417 3953 non
3448 3896 3621 3953 solum
3649 3909 3827 3965 more,

2238 3982 2334 4041 sed
2366 3992 2420 4039 et
2447 3982 2642 4040 robore
2674 3983 2918 4053 corporis
2971 3994 3026 4040 et
3076 3985 3316 4041 locorum
3354 3988 3506 4060 117
3556 3987 3663 4044 situ
3715 4002 3831 4057 pra

2237 4078 2449 4133 caeteris
2474 4076 2632 4148 longe
2662 4077 2861 4135 diversi
2888 4090 3035 4146 sunt,
3063 4090 3117 4136 et
3163 4095 3388 4139 necesse
3416 4090 3499 4139 est
3527 4096 3621 4139 eos
3648 4082 3828 4143 diver-

2235 4181 2351 4222 sam
2380 4183 2594 4241 quoque
2618 4170 2853 4239 regulam
2888 4171 3176 4231 custodire.

2310 4258 2460 4316 Hanc
2490 4276 2618 4332 ergo
2659 4277 2845 4323 vocem
2896 4262 3216 4321 Pacbomius
3270 4262 3464 4323 mentis
3510 4264 3827 4325 sinceritate

2235 4349 2570 4417 discernens,
2628 4367 2785 4421 quam
2842 4352 2919 4413 illi
2968 4353 3144 4409 divina
3190 4357 3354 4425 gratia
3398 4366 3446 4413 et
3482 4356 3669 4415 merita
3704 4356 3832 4415 vita

2236 4447 2603 4512 contulerant,
2631 4449 2852 4521 agnovit
2880 4449 2948 4504 ad
2996 4464 3056 4507 se
3102 4451 3312 4508 ctelitus
3362 4452 3614 4519 delatam,
3662 4467 3828 4522 regu-

2238 4537 2430 4610 lasque
2483 4539 2640 4595 valde
2689 4540 2962 4601 mirabiles
3010 4544 3340 4613 approbavit.
3389 4544 3539 4603 Tunc
3572 4560 3832 4604 reversus

2236 4631 2305 4684 ad
2337 4631 2698 4688 venerabilem
2732 4648 2921 4690 senem
2979 4635 3358 4704 Paltemonem,
3415 4638 3594 4696 retulit
3645 4654 3833 4709 quem-

2234 4723 2522 4780 admodum
2557 4740 2688 4781 voee
2716 4725 2788 4783 sit
2817 4726 2995 4785 divina
3021 4730 3404 4797 commonitus,
3430 4730 3721 4789 obsecrans
3772 4738 3835 4793 ιιι

2241 4830 2423 4873 secum
2454 4816 2655 4885 pariter
2677 4816 2883 4874 veniret
2913 4819 2978 4874 ad
3012 4819 3187 4876 locum
3237 4836 3342 4891 quo
3368 4834 3587 4894 possent
3618 4824 3833 4901 Domini

2240 4910 2495 4965 mandata
2525 4912 2762 4981 explere.
2794 4914 2894 4980 Qui
2919 4914 3114 4971 nolens
3142 4930 3267 4971 eum
3316 4916 3369 4975 itt
3416 4918 3600 4989 aliquo
3627 4923 3834 4980 contri-

2237 5011 2404 5070 stare,
2438 5014 2618 5074 utpote
2642 5005 3015 5064 cbarissimum
3047 5008 3237 5075 filium,
3283 5011 3529 5084 precibus
3548 5012 3668 5082 ejus
3689 5014 3835 5075 illico

2238 5093 2437 5161 paruit,
2489 5104 2651 5164 atque
2680 5097 2748 5153 ad
2782 5101 3052 5166 prmfatam
3081 5102 3258 5157 villam
3292 5118 3413 5163 cum
3453 5118 3520 5161 eo
3562 5108 3832 5181 pervenit,

2237 5186 2612 5259 modicamque
2641 5188 2716 5245 ibi
2767 5192 3018 5251 cellulam
3063 5205 3461 5266 construentes,
3506 5198 3836 5265 laetabantur

2236 5276 2291 5329 in
2318 5277 2561 5345 Domino,
2582 5282 2999 5351 promissionum
3020 5284 3136 5356 ejus
3153 5287 3411 5355 beneficia
3433 5292 3835 5361 Ρτωειοιιηιαιρ

2234 5367 2366 5425 Post
2386 5369 2718 5439 aliquantum
2752 5390 2882 5435 vero
2930 5380 3186 5447 temporis
3214 5381 3292 5437 ait
3330 5381 3601 5447 Palaemon
3641 5385 3709 5449 sd
3734 5385 3835 5453 Pa-

2230 5459 2506 5523 chomium
2546 5479 2558 5515 :
2593 5463 2855 5531 Quoniam
2882 5484 3045 5526 cerno
3064 5473 3288 5542 gratiam
3314 5488 3350 5531 a
3381 5474 3492 5531 Deo
3526 5476 3625 5537 tibi
3658 5479 3837 5541 colla-

2236 5567 2370 5625 tam,
2396 5567 2452 5614 et
2473 5559 2726 5630 deinceps
2757 5563 2879 5621 istic
2911 5580 3227 5634 permanere
3250 5568 3512 5638 disponis.
3552 5572 3697 5637 νομί,
3719 5584 3837 5633 ua-

2250 5660 2458 5707 tuamus
2490 5652 2630 5708 inter
2660 5670 2758 5711 nos
2784 5665 3020 5727 pactum,
3050 5667 3107 5713 ut
3135 5673 3240 5721 non
3266 5659 3574 5721 dividamur
3604 5663 3674 5729 ab
3693 5664 3838 5723 invi-

2240 5755 2378 5808 cem,
2412 5743 2504 5798 sed
2536 5746 2780 5815 quandiu
2813 5748 2863 5820 in
2914 5748 3016 5804 hac
3038 5749 3160 5808 luce
3205 5767 3502 5823 versemur,
3524 5752 3840 5833 visitatione

2238 5849 2341 5890 nos
2369 5840 2711 5896 consolemur
2732 5841 2963 5899 assidua.
2990 5842 3243 5916 Utrisque
3264 5847 3464 5917 placuit
3482 5846 3601 5915 hac
3622 5848 3834 5927 pactio,

2128 5969 2150 5995 IL
2176 5970 2247 5994 "ID
