4142 6350
295 393 393 456 237

1069 394 1226 454 VITA
1265 397 1511 457 SANC'I'I
1549 398 1873 458 PACHOMII
1913 397 2201 454 ABBATlS
2240 391 2728 455 TABENNENSIS.

3442 407 3546 467 253

295 533 445 587 quam
495 515 641 570 omni
697 523 936 584 tempore
989 517 1112 571 vita
1167 531 1278 572 suae
1320 527 1423 573 tam
1470 518 1658 573 beatus
1698 533 1861 574 senex
1892 517 1944 579 Α
1969 524 2135 587 ptum.
2169 516 2270 571 Sed
2304 516 2489 572 beatus
2535 516 2856 574 Pachumius
2905 519 2971 574 ad
3011 518 3400 581 humiliaudum
3425 542 3546 584 cor.

292 623 444 679 quam
480 607 671 662 beatus
701 606 1020 662 Pachomius
1046 608 1334 664 sollicitius
1354 619 1479 665 sunt
1498 610 1758 665 exsecuti.

358 721 484 776 CA-P.
517 720 876 776 Xill.——lnter
905 721 1022 777 haec
1071 723 1389 778 venerabilis
1427 724 1565 778 idem
1599 725 1870 779 Palaemon

289 813 470 868 dolore
505 814 724 883 splenis,
756 812 845 881 qui
890 826 955 868 ex
1007 813 1167 866 nimia
1214 813 1542 869 continentia
1570 813 1646 868 illi
1677 829 1869 882 prove-

287 912 457 967 nerat,
491 912 600 958 toto
630 917 856 971 corpore
881 903 1030 972 gravi
1059 905 1222 971 erepit
1276 904 1604 973 aegritudinis
1655 906 1870 961 incom-

284 997 446 1051 modo
497 997 762 1052 laborare.
812 997 945 1052 Nam
994 997 1238 1053 sumebat
1287 1012 1487 1063 escam,
1520 1009 1646 1068 potu
1674 1001 1869 1069 sapius

287 1088 592 1152 abstinens;
631 1091 756 1144 item
789 1089 1126 1145 solummodo
1162 1090 1398 1157 bibebat,
1442 1091 1568 1146 nihil
1613 1093 1716 1147 cibi
1749 1108 1868 1162 per-

284 1185 512 1256 cipiens.
541 1185 773 1254 llogatus
796 1185 954 1255 igitur
975 1183 1044 1239 ab
1073 1184 1336 1255 aliquibus
1380 1184 1652 1251 fratribus,
1684 1187 1773 1256 qui
1801 1187 1865 1242 ad

283 1295 403 1332 eum
451 1279 618 1349 gratia
669 1277 990 1333 visitationis
1019 1278 1382 1345 advenerant,
1415 1295 1480 1333 ne
1509 1280 1720 1349 penitus
1749 1295 1866 1335 cor-

285 1385 386 1439 pus
415 1368 591 1424 debile
624 1369 909 1437 frangeret,
938 1368 1032 1424 sed
1062 1369 1108 1424 ei
1157 1368 1540 1440 aliquantulum
1570 1372 1744 1426 solatii
1771 1387 1864 1442 pa-

281 1467 487 1514 teretur
531 1459 787 1529 impendi,
839 1459 1051 1514 tandem
1083 1462 1247 1515 cessit
1291 1462 1589 1525 orantibus,
1621 1475 1678 1517 ut
1723 1466 1866 1520 victu

279 1567 521 1622 congruo
571 1559 840 1606 attenuata
870 1553 1108 1606 membra
1141 1552 1429 1608 refoveret.
1473 1553 1582 1610 Sed
1625 1570 1729 1609 non
1765 1557 1865 1612 hoc

280 1645 486 1700 diutius
506 1645 743 1714 pertulit.
773 1644 903 1699 Nam
929 1646 1202 1714 graviores
1236 1646 1392 1700 solito
1421 1646 1633 1703 dolores
1662 1648 1864 1716 splenis

284 1747 569 1806 expertus,
619 1737 808 1793 relicta
866 1737 1107 1794 ciborum
1159 1740 1461 1808 insolentia,
1492 1741 1558 1795 ad
1588 1740 1862 1811 antiquum

283 1833 486 1887 victum
512 1834 627 1887 sine
648 1830 902 1885 dilatione
930 1832 1234 1898 revertitur,
1267 1833 1451 1889 dicens
1486 1852 1498 1886 :
1522 1834 1576 1889 Si
1599 1846 1860 1905 martyres

1978 624 2076 678 pus
2099 610 2372 678 proprium
2399 609 2656 665 induebat
2682 625 2742 666 se
2769 611 3080 684 plerumque
3101 615 3296 672 cilicio.

2045 702 2114 756 Et
2141 718 2237 772 per
2263 718 2433 761 annos
2453 705 2781 774 quindecim,
2813 716 2932 776 post
2960 707 3080 764 illos
3109 709 3352 780 ingentes
3381 715 3547 770 sudo-

1973 807 2062 848 res
2091 803 2251 864 atque
2274 794 2487 852 labores
2507 798 2738 854 eximios
2759 799 3058 869 vigiliarum
3105 811 3160 857 et
3188 805 3547 877 abstinentia,

1972 901 2077 941 non
2101 887 2287 957 jacens
2312 903 2558 946 somnum
2589 892 2829 961 capiebat
2873 893 3138 962 noctibus,
3166 896 3260 952 sed
3281 898 3336 953 in
3370 901 3552 958 medio

1972 977 2182 1033 cellulas
2211 995 2325 1034 sua;
2351 980 2622 1049 residens,
2643 982 2778 1038 adeo
2803 999 2859 1038 ut
2887 999 2985 1040 nec
3011 985 3226 1043 dorsum
3252 991 3551 1061 sallemtpa-

1971 1069 2090 1124 rieti
2114 1085 2210 1140 pro
2237 1073 2628 1130 sustentatione
2670 1074 2971 1133 reclinaret.
3022 1078 3265 1149 Cumque
3292 1083 3453 1138 nimis
3481 1099 3548 1141 ex

1971 1163 2073 1219 hoc
2118 1164 2464 1236 afﬂigeretur,
2517 1168 2722 1224 ferebat
2768 1177 2946 1226 tamen
2994 1173 3364 1242 aequanimiter
3405 1176 3550 1233 hunc

1970 1249 2228 1325 laborem,
2260 1273 2356 1328 spe
2377 1260 2776 1328 quodammodo
2797 1262 3080 1331 praelibans
3103 1265 3248 1322 illam
3276 1269 3545 1338 requiem,

1969 1364 2088 1418 qua:
2113 1350 2213 1405 sibi
2245 1352 2536 1421 parabatur
2585 1354 2640 1408 in
2684 1355 2856 1412 costis.
2907 1355 3268 1418 Plurimorum
3318 1374 3551 1429 namque

1967 1438 2186 1495 Patrum
2219 1443 2564 1499 considerans
2592 1445 2856 1510 instituta,
2888 1445 3050 1500 dabat
3074 1461 3288 1517 semper
3307 1464 3545 1519 operam,

1968 1547 2090 1586 cum
2121 1520 2341 1603 proprio
2369 1535 2529 1590 fratre
2560 1536 2626 1591 ad
2653 1537 2856 1606 majora
2883 1539 3094 1594 virtutis
3114 1550 3395 1609 augmenta
3423 1556 3552 1598 con-

1969 1635 2211 1692 surgere.
2242 1625 2620 1694 Operabantur
2649 1628 2809 1682 etiam
2839 1630 3048 1695 sedilia,
3105 1641 3158 1686 et
3182 1635 3552 1704 unusquisque

1971 1715 2113 1769 sicut
2146 1727 2375 1785 poterat,
2399 1719 2471 1772 ita
2504 1721 2736 1787 vivebat,
2767 1737 2887 1776 cum
2910 1738 3115 1778 summa
3143 1725 3351 1782 scilicet
3372 1727 3552 1782 humi-

1969 1803 2120 1860 litate
2149 1818 2204 1861 et.
2225 1810 2503 1878 patientia,
2533 1819 2588 1865 et
2611 1810 2714 1865 ﬁde
2743 1827 2849 1864 non
2882 1811 3025 1866 ficta.

285 1921 490 1977 Christi
518 1921 607 1975 alii
639 1937 734 1990 per
763 1920 930 1976 frusta
962 1921 1200 1988 lacerati,
1234 1922 1323 1979 alii
1350 1925 1524 1993 capite
1561 1927 1705 1994 caesi,
1734 1942 1867 1981 non-

2041 1900 2167 1954 Car.
2197 1900 2536 1957 Ill—inter
2566 1903 2679 1958 haec
2711 1905 3029 1962 Pachomius
3076 1907 3268 1962 iterum
3297 1907 3552 1967 divinitus

281 2015 415 2070 nulli
448 2018 607 2070 etiam
631 2016 837 2084 ignibus
864 2025 987 2071 sunt
1017 2020 1263 2086 cremati,
1316 2027 1367 2073 et
1397 2028 1573 2074 tamen
1607 2036 1772 2090 usque
1800 2021 1868 2077 ad

283 2108 452 2162 ﬁnem
485 2108 695 2163 fortiter
727 2123 822 2178 pro
851 2109 956 2164 fide
988 2110 1371 2175 toleraverunt,
1410 2127 1507 2166 cur
1537 2128 1635 2182 ego
1667 2114 1871 2182 patien-

277 2201 366 2255 tim
413 2203 653 2269 prtemia,
706 2201 884 2270 parvis
936 2201 1133 2257 cedens
1177 2202 1473 2273 doloribus,
1529 2205 1869 2274 impatienter

276 2293 555 2362 abjiciam,
587 2303 641 2348 et
659 2293 927 2349 desiderio
959 2295 1080 2350 vitae
1103 2299 1382 2364 praesentis
1411 2297 1728 2354 afﬂictiones
1755 2315 1866 2356 mo-

274 2396 594 2442 mentaneas
622 2387 850 2441 inaniter
876 2388 1264 2457 expavescam?
1315 2388 1551 2460 Denique
1598 2392 1866 2446 suadenti-

274 2476 376 2532 bus
402 2475 648 2547 acquievi
674 2476 826 2532 cibos
858 2478 1104 2532 insolitos
1127 2492 1361 2542 sumere,
1394 2481 1482 2549 qui
1509 2480 1638 2533 mihi
1653 2480 1868 2536 dolores

281 2581 560 2627 auxerunt
603 2572 780 2642 potius
827 2587 984 2641 quam
1035 2569 1192 2627 ullam
1225 2572 1459 2640 requiem
1486 2575 1863 2642 praestiterunt.

272 2662 571 2717 Recurram
624 2663 784 2732 igitur
829 2662 894 2717 ad
924 2664 1109 2750 ‘prisca
1155 2663 1412 2732 remedia,
1443 2675 1497 2720 et
1527 2667 1868 2723 continentia:

274 2757 520 2814 subsidia
557 2771 661 2813 non
695 2757 1020 2828 relinquam,
1048 2759 1099 2813 in
1130 2757 1323 2828 quibus
1353 2768 1434 2814 est
1459 2760 1536 2830 (ut
1561 2774 1658 2830 ego
1688 2772 1867 2816 certus

272 2852 417 2921 sum)
443 2852 618 2906 omnis
653 2860 772 2921 post
801 2851 966 2907 Deum
1011 2852 1222 2921 requies
1253 2851 1317 2921 :et
1363 2867 1487 2907 vera
1518 2853 1720 2908 latitia.
1750 2854 1867 2910 Non

272 2945 417 2999 enim
440 2953 659 3014 propter
677 2943 922 2999 homines
943 2945 1056 2999 haec
1084 2959 1232 2998 arma
1255 2946 1488 3016 suscepi,
1513 2947 1606 3002 sed
1629 2948 1697 3002 ob
1716 2963 1867 3003 amo-

271 3054 384 3095 rem
410 3037 610 3094 Christi
642 3038 728 3093 his
755 3051 963 3094 certare
992 3039 1220 3109 diposui.
1277 3040 1367 3094 Sic
1416 3039 1595 3110 itaque
1639 3041 1868 3096 viriliter

271 3147 465 3203 agens,
519 3131 658 3186 intra
711 3146 950 3186 mensem
1003 3132 1209 3186 dierum
1259 3134 1438 3188 valido
1467 3135 1724 3204 languore
1749 3150 1867 3191 con~

270 3233 520 3294 sumptus
547 3235 649 3279 est.
678 3224 759 3279 Ad
793 3240 947 3294 quem
989 3225 1310 3279 Pachomius
1355 3227 1598 3292 veniens,
1651 3227 1864 3282 fovebat

1969 1990 2288 2046 admonetur
2315 2008 2411 2062 pro
2451 1995 2651 2063 regulis
2703 1996 2896 2066 quibus
2937 1997 3197 2054 deberent
3225 2001 3428 2055 institui
3459 2003 3553 2072 qui

1969 2095 2122 2139 erant
2149 2101 2244 2155 per
2259 2100 2381 2141 eum
2413 2087 2642 2143 Domino
2668 2092 2958 2159 credituri;
2989 2092 3256 2162 coepitque
3281 2110 3400 2150 cum
3430 2110 3552 2164 ger-

1968 2190 2131 2232 mano
2175 2193 2273 2233 suo
2321 2178 2681 2235 habitaculum
2714 2181 2770 2236 in
2819 2198 2924 2251 quo
2965 2183 3254 2239 manebant
3301 2185 3553 2254 capacius

1970 2270 2224 2338 reddere,
2255 2280 2310 2327 et
2338 2273 2580 2329 aediliciis
2600 2275 2860 2344 ampliare
2905 2277 3339 2346 quamplurimis,
3365 2293 3551 2333 eorum

1974 2359 2054 2428 (ut
2083 2361 2337 2433 diximus)
2363 2364 2529 2431 gratia
2548 2367 2640 2435 qui
2670 2368 2869 2422 saeculo
2889 2369 3280 2434 renuntiantes,
3308 2373 3349 2441 ι
3365 2372 3468 2442 18
3482 2371 3552 2426 ad

1972 2452 2309 2507 serviendum
2342 2453 2558 2511 Christo
2601 2466 2756 2512 erant
2781 2459 2898 2514 sine
2924 2458 3260 2516 dubitatione
3289 2463 3499 2518 venturi
3533 2480 3550 2529 ;

1971 2557 2235 2614 quatenus
2264 2561 2442 2605 essent
2489 2553 2657 2620 spatia
2702 2552 2857 2621 digna
2913 2555 3274 2609 membrorum
3326 2557 3464 2627 (l9),
3498 2557 3551 2610 in

1970 2640 2162 2708 quibus
2209 2657 2392 2697 eorum
2448 2646 2615 2713 possit
2669 2647 2832 2716 recipi
2890 2647 3193 2702 multitudo.
3244 2649 3374 2704 Cum
3423 2664 3552 2722 ergo

1971 2743 2186 2789 sanctus
2209 2735 2526 2792 Pachomius
2557 2739 2609 2791 in
2631 2738 2827 2808 majus,
2858 2749 2914 2793 ut
2943 2740 3142 2794 dictum
3175 2750 3277 2810 est,
3311 2741 3552 2798 locorum

1972 2823 2204 2878 ambitus
2233 2827 2568 2898 extenderet,
2599 2839 2650 2884 et
2676 2832 3003 2889 monasterii
3019 2832 3258 2888 membra
3280 2833 3552 2904 dilataret,

1972 2916 2112 2972 idem
2137 2918 2302 2974 frater
2327 2921 2442 2990 ejus
2474 2923 2822 2980 solitudinem
2873 2934 3033 2996 atque
3064 2929 3433 2984 anacltoresim
3461 2945 3551 2986 ce-

1971 3014 2166 3082 gitans,
2202 3014 2497 3072 habitaculi
2528 3019 2784 3089 diligebat
2813 3023 3118 3092 angustias;
3149 3033 3206 3078 et
3231 3024 3452 3078 nimium
3472 3023 3552 3078 in-

1971 3105 2127 3176 digne
2159 3107 2356 3173 ferens,
2395 3120 2512 3164 erat
2539 3111 2682 3167 enim
2714 3122 2840 3167 natu
2890 3113 3079 3182 major,
3130 3115 3204 3169 ait
3251 3116 3409 3170 beato
3454 3116 3545 3171 Pa-

1971 3203 2185 3258 cltomio
2210 3222 2222 3257 :
2253 3205 2447 3261 Desine
2476 3208 2544 3262 ab
2576 3207 2676 3262 hac
2699 3208 2991 3263 intentione
3017 3218 3136 3276 tua;
3167 3212 3292 3279 quid
3309 3213 3421 3281 agis
3439 3226 3552 3266 rem

269 3289 486 3372 eum'm
519 3324 746 3387 patrem,
780 3289 1093 3371 densamus
1123 3317 1282 3385 pedes
1331 3318 1469 3388 ejus,
1513 3289 1671 3386 “due
1718 3335 1864 3373 c0m_
1893 3289 1940 3354 C
1971 3295 2314 3363 superﬂuam,
2338 3297 2566 3353 inaniter
2581 3301 2919 3371 temetipsum
2944 3302 3169 3357 dilatare
3189 3307 3555 3362 contendens!

271 3411 553 3480 plectens;
583 3417 637 3462 et
690 3408 849 3464 veluti
908 3407 1251 3474 valefaciens,
1295 3409 1372 3462 sic
1424 3423 1543 3463 eum
1585 3407 1867 3466 videbatur

269 3502 801 3560 aﬂari.Venerabilis
827 3512 1003 3557 autem
1035 3518 1224 3567 senex,
1250 3501 1394 3556 omni
1420 3505 1670 3557 virtutum
1695 3507 1865 3576 gratia

270 3594 604 3658 cumulatus,
655 3603 708 3649 et
762 3594 948 3662 plenus
991 3593 1221 3658 dierum,
1283 3593 1420 3649 sicut
1473 3595 1728 3664 scriptum
1762 3605 1862 3662 est,

271 3687 480 3757 quievit
509 3689 560 3741 in
604 3701 732 3755 pace
759 3686 900 3758 (Job.
943 3685 1094 3756 xui).
1127 3686 1275 3740 Tunc
1305 3697 1518 3741 sanctus
1549 3687 1866 3744 Paclzomius

270 3795 473 3849 corpus
502 3780 620 3848 ejus
650 3778 894 3849 sepelivit
929 3800 943 3836 :
978 3780 1130 3848 cujus
1172 3779 1348 3833 anima
1397 3791 1642 3851 suscepta
1687 3781 1866 3836 choris

272 3876 556 3945 angelicis,
585 3873 650 3927 ad
684 3875 852 3927 caelos
883 3883 1071 3927 evecta
1099 3883 1200 3927 est.
1253 3872 1371 3938 Quo
1402 3883 1637 3942 peracto.
1671 3874 1868 3929 Pachu-

273 3968 418 4020 mius
453 3966 520 4019 ad
547 3966 817 4035 proprium
845 3964 1197 4020 diversorium
1231 3965 1513 4018 revertitur

346 4079 482 4136 Car.
509 4077 798 4133 XiV.-—Et
821 4093 927 4132 non
961 4087 1078 4146 post
1101 4076 1324 4130 multum
1353 4078 1630 4147 temporis,
1660 4093 1868 4148 germa—

274 4188 378 4226 nus
431 4171 570 4241 ejus,
603 4170 833 4226 Joannes
865 4172 1100 4236 nomine,
1148 4181 1333 4224 cuncta
1389 4169 1453 4224 de
1512 4170 1604 4225 illo
1652 4186 1866 4242 compe-

281 4267 457 4328 riens,
494 4264 637 4318 venit
667 4262 731 4317 ad
764 4278 903 4317 emn.
935 4262 1102 4330 Quem
1136 4277 1255 4316 cum
1287 4261 1528 4332 vidissﬂ,
1555 4263 1766 4332 gavisus
1788 4273 1868 4319 est

273 4359 590 4429 plurimum.
623 4355 750 4410 Nam
783 4373 846 4409 ex
879 4372 981 4425 quo
1028 4355 1325 4425 baptizatus
1356 4356 1408 4410 in
1444 4357 1713 4412 Christum
1746 4373 1866 4412 cre-

274 4453 512 4514 diderat,
543 4459 597 4504 et
627 4449 916 4505 solitariam
941 4449 1102 4504 vitam
1128 4451 1383 4522 elegerat,
1415 4451 1617 4505 nullum
1648 4467 1864 4507 suorum

272 4547 490 4600 viderat
513 4532 974 4613 ‘proninquorum.
1033 4543 1194 4612 Igitur
1235 4542 1488 4609 Joannes,
1522 4553 1580 4598 ut
1611 4559 1734 4598 vere
1761 4543 1863 4597 Pa-

273 4637 482 4692 chumii
517 4634 705 4702 frater,
737 4635 970 4690 imitator
1023 4633 1137 4704 ejus
1191 4635 1433 4704 effectus,
1481 4650 1600 4689 cum
1640 4651 1703 4689 eo
1740 4652 1866 4706 per-

278 4729 507 4793 mansit,
541 4743 702 4781 unum
743 4727 1000 4781 habentes
1051 4726 1296 4796 idemque
1339 4726 1687 4796 propositum,
1716 4743 1869 4782 eum-

276 4821 517 4892 demque
546 4820 686 4874 circa
720 4819 886 4874 Deum
918 4819 1217 4873 dilectionis
1244 4816 1510 4872 allectum.
1563 4819 1629 4871 Et
1665 4821 1783 4888 quia
1815 4821 1865 4873 in

275 4917 398 4987 lege
454 4913 548 4969 Dei
607 4913 795 4968 diebus
849 4913 1244 4968 meditabantur
1289 4928 1351 4966 ac
1413 4913 1674 4976 noctibus,
1709 4912 1867 4968 nullis

277 5022 625 5066 terrenarum
656 5009 991 5078 negotiorum
1010 5009 1153 5062 curis
1184 5023 1369 5062 eorum
1407 5008 1568 5060 animi
1598 5007 1867 5076 deprime-

276 5104 504 5159 bantur.
535 5103 666 5156 Nam
696 5101 794 5156 etsi
828 5101 1110 5171 quidquam
1167 5109 1446 5170 supererat
1487 5101 1587 5154 illis
1639 5116 1700 5154 ex
1760 5100 1860 5166 his,

277 5211 401 5266 quae
429 5195 539 5249 suis
570 5194 812 5248 manibus
862 5192 1239 5262 operabantur,
1292 5193 1343 5246 id
1398 5191 1651 5246 continuo
1690 5190 1868 5245 distri-

279 5281 524 5340 buebant
551 5283 861 5354 egentibus,
883 5292 941 5336 ut
967 5283 1115 5352 juxta
1148 5296 1467 5353 prteceptum
1508 5282 1715 5336 Domini
1743 5281 1868 5336 Jesu

279 5376 486 5432 Christi
517 5376 583 5432 de
610 5376 844 5432 crastino
876 5377 1096 5432 minime
1123 5379 1417 5446 cogitarent
1449 5375 1663 5445 (Matth.
1690 5378 1787 5445 v1).
1814 5375 1867 5430 In

283 5477 494 5524 tantum
525 5483 652 5525 vero
671 5467 1107 5523 vestimentorum
1136 5469 1352 5538 penuria
1385 5483 1502 5523 sese
1533 5471 1871 5522 constrinxe-

283 5573 431 5628 rant,
461 5573 516 5617 ut
548 5579 819 5634 nunquam
852 5563 1085 5618 lehitone
1117 5563 1220 5618 alio
1262 5573 1555 5631 uterentur,
1611 5565 1713 5618 nisi
1746 5579 1865 5618 cum

283 5665 587 5724 indumenti
615 5664 803 5721 sordes
833 5666 1123 5720 necessitas
1151 5667 1415 5735 coegisset
1457 5667 1658 5720 eluere.
1712 5665 1870 5720 Lebi—

285 5779 380 5824 ton
408 5768 520 5838 (i8)
549 5777 728 5826 autem
755 5769 892 5825 linea
927 5770 1090 5824 vestis
1114 5779 1250 5839 erat,
1303 5772 1469 5826 instar
1499 5770 1720 5835 colobii,
1764 5784 1867 5840 qua

286 5871 536 5928 titouachi
578 5880 796 5928 utuntur
836 5869 1104 5940 hodieque
1146 5886 1238 5939 per
1269 5872 1596 5928 Thebaidam
1626 5881 1679 5928 et
1706 5873 1868 5944 ASgy-

1968 3389 2217 3454 Quicum
2268 3390 2384 3444 hinc
2434 3391 2689 3457 audisset,
2741 3395 2975 3463 graviter
3017 3395 3232 3465 quidem
3267 3399 3385 3451 tulit
3413 3400 3555 3469 quod

1969 3480 2239 3534 insolitam
2269 3482 2513 3536 audisset
2544 3483 2824 3552 injuriam;
2854 3497 3224 3542 verumtamen
3276 3490 3409 3544 nihil
3440 3505 3555 3547 om-

1970 3571 2100 3625 nino
2126 3571 2178 3625 ei
2209 3573 2506 3641 respondit,
2533 3574 2627 3628 sed
2653 3585 2932 3630 mansuete
2967 3578 3258 3641 sustinens,
3285 3593 3407 3636 sese
3428 3595 3556 3638 con-

1971 3663 2148 3718 tinuit.
2181 3665 2541 3734 Consequenti
2573 3681 2702 3722 vero
2744 3679 2900 3723 nocte
2954 3670 3019 3722 ad
3070 3671 3322 3726 inferiora
3365 3673 3558 3731 domus

1970 3757 2333 3824 descendens,
2367 3761 2522 3830 cujus
2551 3762 2782 3829 aliquam
2830 3772 3032 3831 partem
3092 3764 3207 3833 ipse
3244 3775 3556 3823 construxe-

1969 3858 2073 3916 rat,
2107 3851 2398 3918 prostravit
2421 3866 2480 3906 se
2505 3852 2554 3904 in
2575 3853 2874 3907 orationem
2898 3870 2912 3918 ;
2946 3855 3214 3924 coepitque
3237 3857 3366 3910 flere
3390 3858 3553 3912 veheo

1970 3950 2200 4005 menter,
2234 3956 2296 3997 ac
2321 3941 2506 3998 dicere
2538 3961 2548 3994 :
2584 3944 2677 3997 Vae
2718 3945 2870 4013 mihi,
2919 3947 3041 4014 quia
3074 3947 3353 4016 prudentia
3381 3951 3558 4007 carnis

1972 4031 2148 4086 adhuc
2197 4033 2247 4085 in
2301 4047 2387 4087 me
2416 4033 2518 4088 sibi
2570 4035 2824 4090 vendicat
2854 4037 3049 4091 locum.
3081 4037 3267 4094 Adhuc
3296 4042 3438 4095 enim
3470 4057 3558 4098 se-

1970 4122 2204 4176 cundum
2235 4137 2452 4178 carnem
2484 4125 2725 4192 ambulo,
2751 4127 2888 4181 sicut
2915 4143 3084 4197 nuper
3129 4141 3382 4200 expertus
3413 4148 3554 4189 sum.

1971 4214 2162 4270 Tantae
2193 4231 2422 4286 namque
2475 4221 2899 4274 conversationis
2949 4223 3187 4277 instituta
3235 4227 3557 4294 suscipiens,

1972 4323 2184 4378 aequum
2215 4323 2319 4363 non
2351 4319 2434 4364 est
2466 4320 2520 4364 ut
2552 4325 2639 4364 me
2668 4311 2830 4366 modo
2853 4313 3180 4382 impatientia
3233 4318 3552 4387 praecipitet,

1972 4399 2134 4455 modo
2159 4414 2359 4457 mror
2389 4411 2566 4468 vexet,
2603 4405 2762 4458 modo
2812 4405 2959 4459 furor
3002 4409 3254 4476 exagitet,
3309 4414 3554 4475 quamvis

1970 4497 2092 4567 jure
2115 4514 2178 4553 ac
2206 4500 2400 4554 merito
2423 4501 2604 4555 videar
2633 4501 2810 4554 irasci.
2844 4502 3098 4557 Miserere
3129 4505 3256 4568 mei,
3309 4505 3553 4575 Domine,

1975 4605 2042 4646 ne
2070 4606 2307 4661 peream,
2333 4608 2399 4646 ne
2429 4592 2624 4647 diaboli
2657 4593 2913 4662 deceptus
2953 4582 3138 4649 fraude
3185 4599 3552 4656 succumbam.

1898 4671 1950 4731 Β
1977 4683 2032 4739 Si
2067 4686 2205 4739 enim
2239 4701 2324 4739 tne
2355 4694 2439 4738 tua
2470 4686 2639 4754 gratia
2669 4685 2991 4754 deseruerit,
3019 4696 3071 4742 et
3112 4689 3343 4758 aliquam
3386 4692 3439 4745 in
3471 4709 3557 4746 me

1975 4786 2181 4846 partem
2209 4790 2435 4831 suorum
2465 4786 2680 4831 actuum
2722 4779 2984 4847 repererit
3033 4779 3303 4850 inimicus,
3336 4785 3557 4840 durissi-

1975 4884 2076 4923 ma
2123 4868 2242 4939 ejus
2287 4869 2532 4922 servituti
2579 4869 2864 4938 subjiciar,
2894 4873 3015 4942 quia
3045 4876 3301 4943 scriptum
3333 4887 3458 4929 est:
3509 4879 3553 4930 Λ

1973 4978 2080 5030 quo
2113 4965 2232 5029 quis
2260 4972 2562 5031 superatur,
2592 4963 2715 5018 huic
2738 4975 2792 5022 et
2835 4982 3027 5022 servus
3052 4969 3313 5024 addicitur
3345 4969 3409 5039 (li
3434 4968 3552 5024 Pet.

1974 5054 2056 5122 ιι).
2092 5051 2156 5106 Ει
2183 5054 2373 5107 iterum
2405 5054 2665 5122 scriptum
2696 5065 2781 5110 est
2806 5075 2819 5110 :
2842 5057 2896 5113 Si
2922 5068 3083 5113 totam
3119 5062 3285 5129 legem
3313 5060 3433 5127 quis
3455 5060 3558 5113 im-

1977 5150 2218 5219 pleverit,
2252 5151 2489 5204 offendat
2513 5160 2690 5205 autem
2743 5153 2797 5205 in
2851 5168 2978 5218 uno,
3011 5153 3180 5206 factus
3207 5163 3288 5206 est
3315 5153 3552 5207 omnium

1976 5256 2099 5296 reus
2133 5242 2272 5312 (Jac.
2307 5241 2385 5310 ιι).
2439 5242 2637 5309 Credo,
2693 5244 2938 5309 Domine,
2991 5243 3134 5312 quod
3187 5243 3557 5302 miserationes

1977 5343 2082 5389 tum
2131 5336 2311 5388 multm
2341 5343 2495 5400 sunt;
2528 5351 2647 5404 quas
2675 5352 2761 5390 me
2813 5336 2971 5390 nullis
3023 5337 3226 5389 meritis
3269 5336 3554 5393 subnixum

1976 5427 2319 5498 adjuvabant,
2341 5429 2586 5497 viamque
2600 5437 2906 5481 sanctorum
2938 5437 3146 5481 tuorum
3164 5445 3256 5498 per
3277 5440 3330 5485 te
3359 5431 3556 5486 illumi-

1979 5531 2134 5575 natus
2184 5523 2488 5593 ingrediar;
2529 5530 2583 5575 et
2614 5523 2664 5573 in
2705 5520 2976 5573 anteriora
3025 5535 3109 5575 me
3131 5538 3343 5593 semper
3369 5535 3556 5580 exten-

1978 5613 2134 5679 dens,
2167 5614 2455 5668 obliviscar
2483 5628 2545 5666 ea
2578 5627 2698 5678 quae
2727 5620 2876 5665 retro
2907 5620 3033 5666 sunt
3064 5614 3285 5685 (Philip.
3320 5618 3420 5686 ιιι).
3466 5617 3554 5674 Sic

1977 5708 2119 5762 enim
2157 5709 2473 5760 famulorum
2524 5713 2735 5757 tuorum
2789 5705 3005 5768 chorus,
3057 5710 3146 5776 qui
3174 5709 3266 5764 tibi
3299 5725 3326 5763 a
3357 5713 3556 5767 suacuio

1978 5801 2196 5869 placuit,
2226 5808 2315 5850 tuo
2341 5805 2614 5864 protectus
2653 5799 2874 5865 auxilio,
2927 5800 3124 5856 diaboli
3155 5803 3343 5858 vitavit
3369 5805 3550 5859 incur-

1979 5910 2088 5957 sus,
2125 5895 2278 5957 longe
2309 5893 2517 5958 lateque
2546 5908 2639 5960 pro
2670 5896 2955 5952 multorum
3001 5899 3174 5952 salute
3206 5899 3431 5952 tnirahili
3461 5900 3552 5954 de-
