  <div class='ocr_page' id='page_1' title='image "/cluster/home/n/w/nwhite01/storage/ocr_20150623/73/hvd.32044011474434/125.png"; bbox 0 0 4142 6350; ppageno 0'>
   <div class='ocr_carea' id='block_1_1' title="bbox 530 393 633 451">
    <p class='ocr_par' dir='ltr' id='par_1_1' title="bbox 530 393 633 451">
     <span class='ocr_line' id='line_1_1' title="bbox 530 393 633 451; baseline -0.01 0"><span class='ocrx_word' id='word_1_1' title='bbox 530 393 633 451; x_wconf 68' lang='grc'><strong>259</strong></span> 
     </span>
    </p>
   </div>
   <div class='ocr_carea' id='block_1_2' title="bbox 1572 369 2764 437">
    <p class='ocr_par' dir='ltr' id='par_1_2' title="bbox 1572 369 2764 437">
     <span class='ocr_line' id='line_1_2' title="bbox 1572 369 2764 437; baseline -0.01 1"><span class='ocrx_word' id='word_1_2' title='bbox 1572 382 1659 437; x_wconf 86' lang='lat' dir='ltr'><strong>DE</strong></span> <span class='ocrx_word' id='word_1_3' title='bbox 1697 379 1876 437; x_wconf 76' lang='lat' dir='ltr'><strong>VITIS</strong></span> <span class='ocrx_word' id='word_1_4' title='bbox 1916 374 2201 433; x_wconf 77' lang='lat' dir='ltr'><strong>PATRUM</strong></span> <span class='ocrx_word' id='word_1_5' title='bbox 2243 373 2445 430; x_wconf 76' lang='lat' dir='ltr'><strong>LIBER</strong></span> <span class='ocrx_word' id='word_1_6' title='bbox 2488 369 2764 429; x_wconf 80' lang='lat' dir='ltr'><strong>PRIMUS.</strong></span> 
     </span>
    </p>
   </div>
   <div class='ocr_carea' id='block_1_3' title="bbox 3693 365 3799 421">
    <p class='ocr_par' dir='ltr' id='par_1_3' title="bbox 3693 365 3799 421">
     <span class='ocr_line' id='line_1_3' title="bbox 3693 365 3799 421; baseline 0.019 -2"><span class='ocrx_word' id='word_1_7' title='bbox 3693 365 3799 421; x_wconf 71' lang='grc'><strong>240</strong></span> 
     </span>
    </p>
   </div>
   <div class='ocr_carea' id='block_1_4' title="bbox 531 482 3801 576">
    <p class='ocr_par' dir='ltr' id='par_1_4' title="bbox 531 482 3801 576">
     <span class='ocr_line' id='line_1_4' title="bbox 531 482 3801 576; baseline -0.01 -10"><span class='ocrx_word' id='word_1_8' title='bbox 531 524 660 568; x_wconf 89' lang='lat' dir='ltr'><strong>core</strong></span> <span class='ocrx_word' id='word_1_9' title='bbox 676 504 1026 576; x_wconf 87' lang='lat' dir='ltr'><strong>resplenduit.</strong></span> <span class='ocrx_word' id='word_1_10' title='bbox 1054 504 1167 574; x_wconf 86' lang='lat' dir='ltr'><strong>Ego</strong></span> <span class='ocrx_word' id='word_1_11' title='bbox 1192 512 1393 569; x_wconf 87' lang='lat' dir='ltr'><strong>autem,</strong></span> <span class='ocrx_word' id='word_1_12' title='bbox 1416 499 1663 567; x_wconf 88' lang='lat' dir='ltr'><strong>Domine,</strong></span> <span class='ocrx_word' id='word_1_13' title='bbox 1686 499 1956 570; x_wconf 88' lang='lat' dir='ltr'><strong>quomodo</strong></span> <span class='ocrx_word' id='word_1_14' title='bbox 1977 495 2111 550; x_wconf 90' lang='lat' dir='ltr'><strong>alios</strong></span> <span class='ocrx_word' id='word_1_15' title='bbox 2142 493 2194 553; x_wconf 80' lang='grc' dir='ltr'>Α</span> <span class='ocrx_word' id='word_1_16' title='bbox 2217 491 2454 546; x_wconf 90' lang='lat' dir='ltr'><strong>nasterio</strong></span> <span class='ocrx_word' id='word_1_17' title='bbox 2484 507 2584 547; x_wconf 90' lang='lat' dir='ltr'><strong>suo</strong></span> <span class='ocrx_word' id='word_1_18' title='bbox 2611 504 2771 546; x_wconf 89' lang='lat' dir='ltr'><strong>causa</strong></span> <span class='ocrx_word' id='word_1_19' title='bbox 2799 486 3059 543; x_wconf 86' lang='lat' dir='ltr'><strong>orationis</strong></span> <span class='ocrx_word' id='word_1_20' title='bbox 3112 485 3179 540; x_wconf 92' lang='lat' dir='ltr'><strong>ad</strong></span> <span class='ocrx_word' id='word_1_21' title='bbox 3226 484 3345 540; x_wconf 89' lang='lat' dir='ltr'><strong>loca</strong></span> <span class='ocrx_word' id='word_1_22' title='bbox 3391 482 3676 539; x_wconf 71' lang='lat' dir='ltr'><strong>remotiora</strong></span> <span class='ocrx_word' id='word_1_23' title='bbox 3707 482 3801 535; x_wconf 82' lang='lat' dir='ltr'><strong>de-</strong></span> 
     </span>
    </p>
   </div>
   <div class='ocr_carea' id='block_1_5' title="bbox 533 582 2143 666">
    <p class='ocr_par' dir='ltr' id='par_1_5' title="bbox 533 582 2143 666">
     <span class='ocr_line' id='line_1_5' title="bbox 533 582 2143 666; baseline -0.012 -6"><span class='ocrx_word' id='word_1_24' title='bbox 533 603 733 660; x_wconf 87' lang='lat' dir='ltr'><strong>docere</strong></span> <span class='ocrx_word' id='word_1_25' title='bbox 759 597 996 662; x_wconf 88' lang='lat' dir='ltr'><strong>tentabo,</strong></span> <span class='ocrx_word' id='word_1_26' title='bbox 1030 610 1163 666; x_wconf 92' lang='lat' dir='ltr'><strong>quos</strong></span> <span class='ocrx_word' id='word_1_27' title='bbox 1195 610 1289 665; x_wconf 90' lang='lat' dir='ltr'><strong>per</strong></span> <span class='ocrx_word' id='word_1_28' title='bbox 1320 608 1407 649; x_wconf 90' lang='lat' dir='ltr'><strong>me</strong></span> <span class='ocrx_word' id='word_1_29' title='bbox 1452 593 1521 647; x_wconf 91' lang='lat' dir='ltr'><strong>ad</strong></span> <span class='ocrx_word' id='word_1_30' title='bbox 1571 589 1958 647; x_wconf 80' lang='lat' dir='ltr'><strong>monachorum</strong></span> <span class='ocrx_word' id='word_1_31' title='bbox 1990 602 2112 656; x_wconf 87' lang='lat' dir='ltr'><strong>pro-</strong></span> <span class='ocrx_word' id='word_1_32' title='bbox 2139 582 2143 587; x_wconf 85' lang='grc'><strong>’</strong></span> 
     </span>
    </p>
   </div>
   <div class='ocr_carea' id='block_1_6' title="bbox 532 681 2113 766">
    <p class='ocr_par' dir='ltr' id='par_1_6' title="bbox 532 681 2113 766">
     <span class='ocr_line' id='line_1_6' title="bbox 532 681 2113 766; baseline -0.015 -13"><span class='ocrx_word' id='word_1_33' title='bbox 532 697 769 766; x_wconf 85' lang='lat' dir='ltr'><strong>positum</strong></span> <span class='ocrx_word' id='word_1_34' title='bbox 800 705 994 747; x_wconf 88' lang='lat' dir='ltr'><strong>vocare</strong></span> <span class='ocrx_word' id='word_1_35' title='bbox 1038 687 1340 758; x_wconf 74' lang='lat' dir='ltr'><strong>dignaberis</strong></span> <span class='ocrx_word' id='word_1_36' title='bbox 1368 704 1381 753; x_wconf 93' lang='lat'><strong>;</strong></span> <span class='ocrx_word' id='word_1_37' title='bbox 1414 699 1535 741; x_wconf 90' lang='lat' dir='ltr'><strong>cum</strong></span> <span class='ocrx_word' id='word_1_38' title='bbox 1568 698 1666 739; x_wconf 92' lang='lat' dir='ltr'><strong>nec</strong></span> <span class='ocrx_word' id='word_1_39' title='bbox 1686 681 1961 753; x_wconf 84' lang='lat' dir='ltr'><strong>passiones</strong></span> <span class='ocrx_word' id='word_1_40' title='bbox 1990 693 2113 733; x_wconf 89' lang='lat' dir='ltr'><strong>car-</strong></span> 
     </span>
    </p>
   </div>
   <div class='ocr_carea' id='block_1_7' title="bbox 472 770 2112 858">
    <p class='ocr_par' dir='ltr' id='par_1_7' title="bbox 472 770 2112 858">
     <span class='ocr_line' id='line_1_7' title="bbox 472 770 2112 858; baseline -0.015 -11"><span class='ocrx_word' id='word_1_41' title='bbox 472 778 479 781; x_wconf 54' lang='grc'>’</span> <span class='ocrx_word' id='word_1_42' title='bbox 534 790 642 856; x_wconf 86' lang='lat' dir='ltr'><strong>nis,</strong></span> <span class='ocrx_word' id='word_1_43' title='bbox 674 800 794 858; x_wconf 76' lang='lat' dir='ltr'><strong>quae</strong></span> <span class='ocrx_word' id='word_1_44' title='bbox 816 784 1073 840; x_wconf 91' lang='lat' dir='ltr'><strong>adversus</strong></span> <span class='ocrx_word' id='word_1_45' title='bbox 1102 780 1337 841; x_wconf 88' lang='lat' dir='ltr'><strong>animam</strong></span> <span class='ocrx_word' id='word_1_46' title='bbox 1367 777 1619 845; x_wconf 91' lang='lat' dir='ltr'><strong>militant,</strong></span> <span class='ocrx_word' id='word_1_47' title='bbox 1658 783 1783 831; x_wconf 90' lang='lat' dir='ltr'><strong>ante</strong></span> <span class='ocrx_word' id='word_1_48' title='bbox 1802 770 2112 838; x_wconf 90' lang='lat' dir='ltr'><strong>devicerim,</strong></span> 
     </span>
    </p>
   </div>
   <div class='ocr_carea' id='block_1_8' title="bbox 535 861 2117 950">
    <p class='ocr_par' dir='ltr' id='par_1_8' title="bbox 535 861 2117 950">
     <span class='ocr_line' id='line_1_8' title="bbox 535 861 2117 950; baseline -0.013 -12"><span class='ocrx_word' id='word_1_49' title='bbox 535 896 637 937; x_wconf 89' lang='lat' dir='ltr'><strong>nec</strong></span> <span class='ocrx_word' id='word_1_50' title='bbox 665 881 838 950; x_wconf 89' lang='lat' dir='ltr'><strong>legem</strong></span> <span class='ocrx_word' id='word_1_51' title='bbox 864 886 1008 931; x_wconf 90' lang='lat' dir='ltr'><strong>tuam</strong></span> <span class='ocrx_word' id='word_1_52' title='bbox 1040 874 1376 929; x_wconf 90' lang='lat' dir='ltr'><strong>immaculata</strong></span> <span class='ocrx_word' id='word_1_53' title='bbox 1404 880 1583 927; x_wconf 90' lang='lat' dir='ltr'><strong>mente</strong></span> <span class='ocrx_word' id='word_1_54' title='bbox 1612 865 1984 924; x_wconf 80' lang='lat' dir='ltr'><strong>servaverim?</strong></span> <span class='ocrx_word' id='word_1_55' title='bbox 2011 861 2117 917; x_wconf 88' lang='lat' dir='ltr'><strong>Sed</strong></span> 
     </span>
    </p>
   </div>
   <div class='ocr_carea' id='block_1_9' title="bbox 536 958 2120 1040">
    <p class='ocr_par' dir='ltr' id='par_1_9' title="bbox 536 958 2120 1040">
     <span class='ocr_line' id='line_1_9' title="bbox 536 958 2120 1040; baseline -0.013 -9"><span class='ocrx_word' id='word_1_56' title='bbox 536 975 769 1040; x_wconf 88' lang='lat' dir='ltr'><strong>conﬂdo,</strong></span> <span class='ocrx_word' id='word_1_57' title='bbox 804 971 1037 1038; x_wconf 89' lang='lat' dir='ltr'><strong>Christe,</strong></span> <span class='ocrx_word' id='word_1_58' title='bbox 1083 968 1225 1039; x_wconf 90' lang='lat' dir='ltr'><strong>quod</strong></span> <span class='ocrx_word' id='word_1_59' title='bbox 1273 976 1361 1022; x_wconf 90' lang='lat' dir='ltr'><strong>tua</strong></span> <span class='ocrx_word' id='word_1_60' title='bbox 1417 965 1547 1021; x_wconf 91' lang='lat' dir='ltr'><strong>mihi</strong></span> <span class='ocrx_word' id='word_1_61' title='bbox 1573 964 1743 1018; x_wconf 88' lang='lat' dir='ltr'><strong>virtus</strong></span> <span class='ocrx_word' id='word_1_62' title='bbox 1779 962 1832 1015; x_wconf 95' lang='lat' dir='ltr'><strong>in</strong></span> <span class='ocrx_word' id='word_1_63' title='bbox 1872 958 2120 1014; x_wconf 86' lang='lat' dir='ltr'><strong>omnibus</strong></span> 
     </span>
    </p>
   </div>
   <div class='ocr_carea' id='block_1_10' title="bbox 536 1052 2122 1138">
    <p class='ocr_par' dir='ltr' id='par_1_10' title="bbox 536 1052 2122 1138">
     <span class='ocr_line' id='line_1_10' title="bbox 536 1052 2122 1138; baseline -0.013 -12"><span class='ocrx_word' id='word_1_64' title='bbox 536 1083 754 1138; x_wconf 83' lang='lat' dir='ltr'><strong>semper</strong></span> <span class='ocrx_word' id='word_1_65' title='bbox 774 1066 1014 1131; x_wconf 76' lang='lat' dir='ltr'><strong>assistat,</strong></span> <span class='ocrx_word' id='word_1_66' title='bbox 1042 1077 1212 1131; x_wconf 88' lang='lat' dir='ltr'><strong>eaque</strong></span> <span class='ocrx_word' id='word_1_67' title='bbox 1238 1075 1418 1132; x_wconf 90' lang='lat' dir='ltr'><strong>geram</strong></span> <span class='ocrx_word' id='word_1_68' title='bbox 1450 1074 1568 1129; x_wconf 60' lang='lat' dir='ltr'><strong>qua:</strong></span> <span class='ocrx_word' id='word_1_69' title='bbox 1617 1057 1722 1112; x_wconf 90' lang='lat' dir='ltr'><strong>tuis</strong></span> <span class='ocrx_word' id='word_1_70' title='bbox 1746 1052 2122 1122; x_wconf 86' lang='lat' dir='ltr'><strong>conspectibus</strong></span> 
     </span>
    </p>
   </div>
   <div class='ocr_carea' id='block_1_11' title="bbox 537 1149 2123 1229">
    <p class='ocr_par' dir='ltr' id='par_1_11' title="bbox 537 1149 2123 1229">
     <span class='ocr_line' id='line_1_11' title="bbox 537 1149 2123 1229; baseline -0.011 -13"><span class='ocrx_word' id='word_1_71' title='bbox 537 1161 802 1229; x_wconf 82' lang='lat' dir='ltr'><strong>placeant.</strong></span> <span class='ocrx_word' id='word_1_72' title='bbox 827 1156 1082 1222; x_wconf 84' lang='lat' dir='ltr'><strong>Remitte,</strong></span> <span class='ocrx_word' id='word_1_73' title='bbox 1107 1152 1529 1210; x_wconf 87' lang='lat' dir='ltr'><strong>clementissime</strong></span> <span class='ocrx_word' id='word_1_74' title='bbox 1550 1151 1713 1216; x_wconf 90' lang='lat' dir='ltr'><strong>Deus,</strong></span> <span class='ocrx_word' id='word_1_75' title='bbox 1743 1149 1978 1211; x_wconf 85' lang='lat' dir='ltr'><strong>remitte,</strong></span> <span class='ocrx_word' id='word_1_76' title='bbox 2004 1160 2123 1214; x_wconf 88' lang='lat' dir='ltr'><strong>pre-</strong></span> 
     </span>
    </p>
   </div>
   <div class='ocr_carea' id='block_1_12' title="bbox 538 1236 2125 1321">
    <p class='ocr_par' dir='ltr' id='par_1_12' title="bbox 538 1236 2125 1321">
     <span class='ocr_line' id='line_1_12' title="bbox 538 1236 2125 1321; baseline -0.013 -12"><span class='ocrx_word' id='word_1_77' title='bbox 538 1268 654 1321; x_wconf 91' lang='lat' dir='ltr'><strong>cor,</strong></span> <span class='ocrx_word' id='word_1_78' title='bbox 691 1249 869 1306; x_wconf 89' lang='lat' dir='ltr'><strong>omnia</strong></span> <span class='ocrx_word' id='word_1_79' title='bbox 893 1257 1111 1319; x_wconf 88' lang='lat' dir='ltr'><strong>peccata</strong></span> <span class='ocrx_word' id='word_1_80' title='bbox 1137 1262 1277 1309; x_wconf 88' lang='lat' dir='ltr'><strong>mea,</strong></span> <span class='ocrx_word' id='word_1_81' title='bbox 1312 1254 1366 1300; x_wconf 88' lang='lat' dir='ltr'><strong>et</strong></span> <span class='ocrx_word' id='word_1_82' title='bbox 1390 1258 1484 1300; x_wconf 91' lang='lat' dir='ltr'><strong>cor</strong></span> <span class='ocrx_word' id='word_1_83' title='bbox 1504 1257 1679 1298; x_wconf 90' lang='lat' dir='ltr'><strong>meum</strong></span> <span class='ocrx_word' id='word_1_84' title='bbox 1711 1253 1797 1296; x_wconf 89' lang='lat' dir='ltr'><strong>tua</strong></span> <span class='ocrx_word' id='word_1_85' title='bbox 1822 1239 2021 1310; x_wconf 85' lang='lat' dir='ltr'><strong>jugiter</strong></span> <span class='ocrx_word' id='word_1_86' title='bbox 2042 1236 2125 1291; x_wconf 91' lang='lat' dir='ltr'><strong>in-</strong></span> 
     </span>
    </p>
   </div>
   <div class='ocr_carea' id='block_1_13' title="bbox 535 1328 2125 1413">
    <p class='ocr_par' dir='ltr' id='par_1_13' title="bbox 535 1328 2125 1413">
     <span class='ocr_line' id='line_1_13' title="bbox 535 1328 2125 1413; baseline -0.01 -14"><span class='ocrx_word' id='word_1_87' title='bbox 535 1342 815 1413; x_wconf 84' lang='lat' dir='ltr'><strong>spectione</strong></span> <span class='ocrx_word' id='word_1_88' title='bbox 840 1338 1089 1410; x_wconf 87' lang='lat' dir='ltr'><strong>purifica.</strong></span> <span class='ocrx_word' id='word_1_89' title='bbox 1114 1336 1240 1392; x_wconf 70' lang='lat' dir='ltr'><strong>Haec</strong></span> <span class='ocrx_word' id='word_1_90' title='bbox 1272 1336 1434 1406; x_wconf 80' lang='lat' dir='ltr'><strong>igitur</strong></span> <span class='ocrx_word' id='word_1_91' title='bbox 1462 1350 1583 1390; x_wconf 88' lang='lat' dir='ltr'><strong>cum</strong></span> <span class='ocrx_word' id='word_1_92' title='bbox 1627 1331 1875 1403; x_wconf 84' lang='lat' dir='ltr'><strong>lacrymis</strong></span> <span class='ocrx_word' id='word_1_93' title='bbox 1897 1328 2125 1384; x_wconf 90' lang='lat' dir='ltr'><strong>Domino</strong></span> 
     </span>
    </p>
   </div>
   <div class='ocr_carea' id='block_1_14' title="bbox 535 1422 2126 1494">
    <p class='ocr_par' dir='ltr' id='par_1_14' title="bbox 535 1422 2126 1494">
     <span class='ocr_line' id='line_1_14' title="bbox 535 1422 2126 1494; baseline -0.009 -4"><span class='ocrx_word' id='word_1_94' title='bbox 535 1432 936 1490; x_wconf 79' lang='lat' dir='ltr'><strong>confitebantur</strong></span> <span class='ocrx_word' id='word_1_95' title='bbox 959 1438 1013 1484; x_wconf 91' lang='lat' dir='ltr'><strong>et</strong></span> <span class='ocrx_word' id='word_1_96' title='bbox 1042 1428 1276 1494; x_wconf 89' lang='lat' dir='ltr'><strong>ﬂetibus,</strong></span> <span class='ocrx_word' id='word_1_97' title='bbox 1336 1433 1444 1480; x_wconf 84' lang='lat' dir='ltr'><strong>tota</strong></span> <span class='ocrx_word' id='word_1_98' title='bbox 1488 1432 1645 1481; x_wconf 88' lang='lat' dir='ltr'><strong>nocte</strong></span> <span class='ocrx_word' id='word_1_99' title='bbox 1674 1422 1895 1493; x_wconf 76' lang='lat' dir='ltr'><strong>pervigil</strong></span> <span class='ocrx_word' id='word_1_100' title='bbox 1927 1422 1979 1476; x_wconf 92' lang='lat' dir='ltr'><strong>in</strong></span> <span class='ocrx_word' id='word_1_101' title='bbox 2007 1436 2126 1476; x_wconf 89' lang='lat' dir='ltr'><strong>ora-</strong></span> 
     </span>
    </p>
   </div>
   <div class='ocr_carea' id='block_1_15' title="bbox 537 1514 2126 1590">
    <p class='ocr_par' dir='ltr' id='par_1_15' title="bbox 537 1514 2126 1590">
     <span class='ocr_line' id='line_1_15' title="bbox 537 1514 2126 1590; baseline -0.01 -7"><span class='ocrx_word' id='word_1_102' title='bbox 537 1527 690 1583; x_wconf 82' lang='lat' dir='ltr'><strong>tione</strong></span> <span class='ocrx_word' id='word_1_103' title='bbox 717 1521 1051 1587; x_wconf 85' lang='lat' dir='ltr'><strong>consistens;</strong></span> <span class='ocrx_word' id='word_1_104' title='bbox 1079 1529 1133 1577; x_wconf 90' lang='lat' dir='ltr'><strong>et</strong></span> <span class='ocrx_word' id='word_1_105' title='bbox 1162 1535 1272 1590; x_wconf 72' lang='lat' dir='ltr'><strong>prae</strong></span> <span class='ocrx_word' id='word_1_106' title='bbox 1296 1518 1578 1574; x_wconf 85' lang='lat' dir='ltr'><strong>nimietate</strong></span> <span class='ocrx_word' id='word_1_107' title='bbox 1627 1516 1840 1572; x_wconf 89' lang='lat' dir='ltr'><strong>sudoris</strong></span> <span class='ocrx_word' id='word_1_108' title='bbox 1868 1524 2028 1585; x_wconf 89' lang='lat' dir='ltr'><strong>atque</strong></span> <span class='ocrx_word' id='word_1_109' title='bbox 2050 1514 2126 1568; x_wconf 88' lang='lat' dir='ltr'><strong>la-</strong></span> 
     </span>
    </p>
   </div>
   <div class='ocr_carea' id='block_1_16' title="bbox 540 1605 2126 1689">
    <p class='ocr_par' dir='ltr' id='par_1_16' title="bbox 540 1605 2126 1689">
     <span class='ocr_line' id='line_1_16' title="bbox 540 1605 2126 1689; baseline -0.009 -16"><span class='ocrx_word' id='word_1_110' title='bbox 540 1630 847 1689; x_wconf 86' lang='lat' dir='ltr'><strong>crymarum</strong></span> <span class='ocrx_word' id='word_1_111' title='bbox 881 1613 1026 1685; x_wconf 91' lang='lat' dir='ltr'><strong>(nam</strong></span> <span class='ocrx_word' id='word_1_112' title='bbox 1050 1619 1260 1680; x_wconf 84' lang='lat' dir='ltr'><strong>tempus</strong></span> <span class='ocrx_word' id='word_1_113' title='bbox 1290 1618 1405 1665; x_wconf 88' lang='lat' dir='ltr'><strong>erat</strong></span> <span class='ocrx_word' id='word_1_114' title='bbox 1427 1606 1652 1674; x_wconf 77' lang='lat' dir='ltr'><strong>:estatis)</strong></span> <span class='ocrx_word' id='word_1_115' title='bbox 1677 1607 1745 1663; x_wconf 86' lang='lat' dir='ltr'><strong>ita</strong></span> <span class='ocrx_word' id='word_1_116' title='bbox 1763 1605 2126 1674; x_wconf 88' lang='lat' dir='ltr'><strong>pavimentum</strong></span> 
     </span>
    </p>
   </div>
   <div class='ocr_carea' id='block_1_17' title="bbox 538 1697 2125 1768">
    <p class='ocr_par' dir='ltr' id='par_1_17' title="bbox 538 1697 2125 1768">
     <span class='ocr_line' id='line_1_17' title="bbox 538 1697 2125 1768; baseline -0.01 -3"><span class='ocrx_word' id='word_1_117' title='bbox 538 1709 634 1765; x_wconf 82' lang='lat' dir='ltr'><strong>ubi</strong></span> <span class='ocrx_word' id='word_1_118' title='bbox 663 1713 911 1764; x_wconf 87' lang='lat' dir='ltr'><strong>oraverat</strong></span> <span class='ocrx_word' id='word_1_119' title='bbox 937 1704 1248 1759; x_wconf 88' lang='lat' dir='ltr'><strong>humectum</strong></span> <span class='ocrx_word' id='word_1_120' title='bbox 1299 1700 1555 1768; x_wconf 87' lang='lat' dir='ltr'><strong>reddidit,</strong></span> <span class='ocrx_word' id='word_1_121' title='bbox 1613 1707 1675 1753; x_wconf 92' lang='lat' dir='ltr'><strong>ut</strong></span> <span class='ocrx_word' id='word_1_122' title='bbox 1711 1700 1827 1752; x_wconf 90' lang='lat' dir='ltr'><strong>fusa</strong></span> <span class='ocrx_word' id='word_1_123' title='bbox 1858 1697 1965 1752; x_wconf 88' lang='lat' dir='ltr'><strong>illic</strong></span> <span class='ocrx_word' id='word_1_124' title='bbox 1990 1711 2125 1764; x_wconf 86' lang='lat' dir='ltr'><strong>aqua</strong></span> 
     </span>
    </p>
   </div>
   <div class='ocr_carea' id='block_1_18' title="bbox 537 1789 2128 1860">
    <p class='ocr_par' dir='ltr' id='par_1_18' title="bbox 537 1789 2128 1860">
     <span class='ocr_line' id='line_1_18' title="bbox 537 1789 2128 1860; baseline -0.011 0"><span class='ocrx_word' id='word_1_125' title='bbox 537 1803 867 1860; x_wconf 82' lang='lat' dir='ltr'><strong>crederetur.</strong></span> <span class='ocrx_word' id='word_1_126' title='bbox 915 1798 1287 1853; x_wconf 90' lang='lat' dir='ltr'><strong>Consueverat</strong></span> <span class='ocrx_word' id='word_1_127' title='bbox 1340 1804 1518 1849; x_wconf 91' lang='lat' dir='ltr'><strong>autem</strong></span> <span class='ocrx_word' id='word_1_128' title='bbox 1571 1801 1719 1847; x_wconf 89' lang='lat' dir='ltr'><strong>stans</strong></span> <span class='ocrx_word' id='word_1_129' title='bbox 1772 1792 1826 1845; x_wconf 90' lang='lat' dir='ltr'><strong>in</strong></span> <span class='ocrx_word' id='word_1_130' title='bbox 1887 1789 2128 1844; x_wconf 91' lang='lat' dir='ltr'><strong>oratione</strong></span> 
     </span>
    </p>
   </div>
   <div class='ocr_carea' id='block_1_19' title="bbox 2218 574 3801 650">
    <p class='ocr_par' dir='ltr' id='par_1_19' title="bbox 2218 574 3801 650">
     <span class='ocr_line' id='line_1_19' title="bbox 2218 574 3801 650; baseline -0.005 -13"><span class='ocrx_word' id='word_1_131' title='bbox 2218 583 2498 639; x_wconf 82' lang='lat' dir='ltr'><strong>scendet&#39;e.</strong></span> <span class='ocrx_word' id='word_1_132' title='bbox 2540 584 2640 650; x_wconf 83' lang='lat' dir='ltr'><strong>Qui</strong></span> <span class='ocrx_word' id='word_1_133' title='bbox 2698 596 2820 635; x_wconf 87' lang='lat' dir='ltr'><strong>cum</strong></span> <span class='ocrx_word' id='word_1_134' title='bbox 2869 578 3061 634; x_wconf 82' lang='lat' dir='ltr'><strong>exinde</strong></span> <span class='ocrx_word' id='word_1_135' title='bbox 3108 586 3487 640; x_wconf 83' lang='lat' dir='ltr'><strong>reverteretur,</strong></span> <span class='ocrx_word' id='word_1_136' title='bbox 3540 574 3801 629; x_wconf 86' lang='lat' dir='ltr'><strong>immundi</strong></span> 
     </span>
    </p>
   </div>
   <div class='ocr_carea' id='block_1_20' title="bbox 2218 670 3804 745">
    <p class='ocr_par' dir='ltr' id='par_1_20' title="bbox 2218 670 3804 745">
     <span class='ocr_line' id='line_1_20' title="bbox 2218 670 3804 745; baseline -0.004 -14"><span class='ocrx_word' id='word_1_137' title='bbox 2218 676 2437 745; x_wconf 78' lang='lat' dir='ltr'><strong>Spiritus</strong></span> <span class='ocrx_word' id='word_1_138' title='bbox 2461 676 2768 741; x_wconf 87' lang='lat' dir='ltr'><strong>illttdentes,</strong></span> <span class='ocrx_word' id='word_1_139' title='bbox 2798 674 3111 742; x_wconf 90' lang='lat' dir='ltr'><strong>frequenter</strong></span> <span class='ocrx_word' id='word_1_140' title='bbox 3129 689 3249 728; x_wconf 89' lang='lat' dir='ltr'><strong>eum</strong></span> <span class='ocrx_word' id='word_1_141' title='bbox 3281 670 3425 727; x_wconf 84' lang='lat' dir='ltr'><strong>facto</strong></span> <span class='ocrx_word' id='word_1_142' title='bbox 3450 670 3597 725; x_wconf 88' lang='lat' dir='ltr'><strong>velut</strong></span> <span class='ocrx_word' id='word_1_143' title='bbox 3616 670 3804 725; x_wconf 86' lang='lat' dir='ltr'><strong>ordine</strong></span> 
     </span>
    </p>
   </div>
   <div class='ocr_carea' id='block_1_21' title="bbox 2222 762 3806 836">
    <p class='ocr_par' dir='ltr' id='par_1_21' title="bbox 2222 762 3806 836">
     <span class='ocr_line' id='line_1_21' title="bbox 2222 762 3806 836; baseline -0.003 -15"><span class='ocrx_word' id='word_1_144' title='bbox 2222 767 2621 836; x_wconf 65' lang='lat' dir='ltr'><strong>prmcedebant,</strong></span> <span class='ocrx_word' id='word_1_145' title='bbox 2661 767 3009 821; x_wconf 81' lang='lat' dir='ltr'><strong>exhortantes</strong></span> <span class='ocrx_word' id='word_1_146' title='bbox 3038 766 3172 819; x_wconf 86' lang='lat' dir='ltr'><strong>alter</strong></span> <span class='ocrx_word' id='word_1_147' title='bbox 3210 764 3457 830; x_wconf 90' lang='lat' dir='ltr'><strong>alterum,</strong></span> <span class='ocrx_word' id='word_1_148' title='bbox 3487 762 3638 832; x_wconf 85' lang='lat' dir='ltr'><strong>quasi</strong></span> <span class='ocrx_word' id='word_1_149' title='bbox 3682 771 3806 816; x_wconf 87' lang='lat' dir='ltr'><strong>ante</strong></span> 
     </span>
    </p>
   </div>
   <div class='ocr_carea' id='block_1_22' title="bbox 2219 855 3806 929">
    <p class='ocr_par' dir='ltr' id='par_1_22' title="bbox 2219 855 3806 929">
     <span class='ocr_line' id='line_1_22' title="bbox 2219 855 3806 929; baseline -0.004 -16"><span class='ocrx_word' id='word_1_150' title='bbox 2219 859 2453 928; x_wconf 88' lang='lat' dir='ltr'><strong>judicem</strong></span> <span class='ocrx_word' id='word_1_151' title='bbox 2479 859 2698 914; x_wconf 88' lang='lat' dir='ltr'><strong>directis</strong></span> <span class='ocrx_word' id='word_1_152' title='bbox 2726 859 3046 929; x_wconf 85' lang='lat' dir='ltr'><strong>agminibus,</strong></span> <span class='ocrx_word' id='word_1_153' title='bbox 3074 872 3137 911; x_wconf 92' lang='lat' dir='ltr'><strong>ac</strong></span> <span class='ocrx_word' id='word_1_154' title='bbox 3158 855 3394 912; x_wconf 83' lang='lat' dir='ltr'><strong>dicentes</strong></span> <span class='ocrx_word' id='word_1_155' title='bbox 3428 873 3442 909; x_wconf 90' lang='lat'>:</span> <span class='ocrx_word' id='word_1_156' title='bbox 3477 855 3608 909; x_wconf 89' lang='lat' dir='ltr'><strong>Date</strong></span> <span class='ocrx_word' id='word_1_157' title='bbox 3633 858 3806 909; x_wconf 87' lang='lat' dir='ltr'><strong>locum</strong></span> 
     </span>
    </p>
   </div>
   <div class='ocr_carea' id='block_1_23' title="bbox 2224 952 3810 1022">
    <p class='ocr_par' dir='ltr' id='par_1_23' title="bbox 2224 952 3810 1022">
     <span class='ocr_line' id='line_1_23' title="bbox 2224 952 3810 1022; baseline -0.002 -13"><span class='ocrx_word' id='word_1_158' title='bbox 2224 955 2425 1010; x_wconf 89' lang='lat' dir='ltr'><strong>homini</strong></span> <span class='ocrx_word' id='word_1_159' title='bbox 2461 955 2575 1010; x_wconf 88' lang='lat' dir='ltr'><strong>Dei.</strong></span> <span class='ocrx_word' id='word_1_160' title='bbox 2602 955 2922 1010; x_wconf 85' lang='lat' dir='ltr'><strong>Pachomius</strong></span> <span class='ocrx_word' id='word_1_161' title='bbox 2943 964 3122 1009; x_wconf 87' lang='lat' dir='ltr'><strong>autem</strong></span> <span class='ocrx_word' id='word_1_162' title='bbox 3147 969 3243 1022; x_wconf 90' lang='lat' dir='ltr'><strong>spe</strong></span> <span class='ocrx_word' id='word_1_163' title='bbox 3268 952 3462 1007; x_wconf 85' lang='lat' dir='ltr'><strong>Christi</strong></span> <span class='ocrx_word' id='word_1_164' title='bbox 3485 952 3810 1021; x_wconf 79' lang='lat' dir='ltr'><strong>Redempto-</strong></span> 
     </span>
    </p>
   </div>
   <div class='ocr_carea' id='block_1_24' title="bbox 2228 1044 3813 1119">
    <p class='ocr_par' dir='ltr' id='par_1_24' title="bbox 2228 1044 3813 1119">
     <span class='ocr_line' id='line_1_24' title="bbox 2228 1044 3813 1119; baseline -0.002 -18"><span class='ocrx_word' id='word_1_165' title='bbox 2228 1049 2304 1103; x_wconf 92' lang='lat' dir='ltr'><strong>ris</strong></span> <span class='ocrx_word' id='word_1_166' title='bbox 2330 1058 2591 1115; x_wconf 88' lang='lat' dir='ltr'><strong>armatus,</strong></span> <span class='ocrx_word' id='word_1_167' title='bbox 2623 1047 2914 1119; x_wconf 88' lang='lat' dir='ltr'><strong>spernebat</strong></span> <span class='ocrx_word' id='word_1_168' title='bbox 2941 1062 3127 1101; x_wconf 88' lang='lat' dir='ltr'><strong>eorum</strong></span> <span class='ocrx_word' id='word_1_169' title='bbox 3157 1046 3440 1101; x_wconf 89' lang='lat' dir='ltr'><strong>ridiculosa</strong></span> <span class='ocrx_word' id='word_1_170' title='bbox 3464 1044 3737 1114; x_wconf 87' lang='lat' dir='ltr'><strong>figmenta,</strong></span> <span class='ocrx_word' id='word_1_171' title='bbox 3756 1052 3813 1098; x_wconf 90' lang='lat' dir='ltr'><strong>et</strong></span> 
     </span>
    </p>
   </div>
   <div class='ocr_carea' id='block_1_25' title="bbox 2225 1137 3813 1209">
    <p class='ocr_par' dir='ltr' id='par_1_25' title="bbox 2225 1137 3813 1209">
     <span class='ocr_line' id='line_1_25' title="bbox 2225 1137 3813 1209; baseline -0.003 -14"><span class='ocrx_word' id='word_1_172' title='bbox 2225 1155 2289 1195; x_wconf 91' lang='lat' dir='ltr'><strong>ac</strong></span> <span class='ocrx_word' id='word_1_173' title='bbox 2320 1140 2365 1193; x_wconf 90' lang='lat' dir='ltr'><strong>si</strong></span> <span class='ocrx_word' id='word_1_174' title='bbox 2416 1154 2609 1194; x_wconf 89' lang='lat' dir='ltr'><strong>canum</strong></span> <span class='ocrx_word' id='word_1_175' title='bbox 2658 1139 2881 1194; x_wconf 87' lang='lat' dir='ltr'><strong>latratus</strong></span> <span class='ocrx_word' id='word_1_176' title='bbox 2937 1138 3300 1209; x_wconf 82' lang='lat' dir='ltr'><strong>ineptissitnos</strong></span> <span class='ocrx_word' id='word_1_177' title='bbox 3355 1138 3662 1207; x_wconf 85' lang='lat' dir='ltr'><strong>deputahat.</strong></span> <span class='ocrx_word' id='word_1_178' title='bbox 3709 1137 3813 1204; x_wconf 83' lang='lat' dir='ltr'><strong>Qui</strong></span> 
     </span>
    </p>
   </div>
   <div class='ocr_carea' id='block_1_26' title="bbox 2229 1229 3815 1303">
    <p class='ocr_par' dir='ltr' id='par_1_26' title="bbox 2229 1229 3815 1303">
     <span class='ocr_line' id='line_1_26' title="bbox 2229 1229 3815 1303; baseline -0.002 -17"><span class='ocrx_word' id='word_1_179' title='bbox 2229 1247 2476 1303; x_wconf 88' lang='lat' dir='ltr'><strong>magnam</strong></span> <span class='ocrx_word' id='word_1_180' title='bbox 2507 1231 2609 1286; x_wconf 93' lang='lat' dir='ltr'><strong>viri</strong></span> <span class='ocrx_word' id='word_1_181' title='bbox 2640 1231 3048 1287; x_wconf 77' lang='lat' dir='ltr'><strong>considerantes</strong></span> <span class='ocrx_word' id='word_1_182' title='bbox 3075 1231 3407 1299; x_wconf 86' lang='lat' dir='ltr'><strong>instantiam,</strong></span> <span class='ocrx_word' id='word_1_183' title='bbox 3432 1230 3570 1299; x_wconf 93' lang='lat' dir='ltr'><strong>quod</strong></span> <span class='ocrx_word' id='word_1_184' title='bbox 3592 1231 3645 1284; x_wconf 92' lang='lat' dir='ltr'><strong>in</strong></span> <span class='ocrx_word' id='word_1_185' title='bbox 3664 1229 3815 1283; x_wconf 92' lang='lat' dir='ltr'><strong>nullo</strong></span> 
     </span>
    </p>
   </div>
   <div class='ocr_carea' id='block_1_27' title="bbox 2228 1324 3815 1395">
    <p class='ocr_par' dir='ltr' id='par_1_27' title="bbox 2228 1324 3815 1395">
     <span class='ocr_line' id='line_1_27' title="bbox 2228 1324 3815 1395; baseline -0.004 -16"><span class='ocrx_word' id='word_1_186' title='bbox 2228 1340 2451 1395; x_wconf 86' lang='lat' dir='ltr'><strong>prorsus</strong></span> <span class='ocrx_word' id='word_1_187' title='bbox 2483 1326 2647 1379; x_wconf 90' lang='lat' dir='ltr'><strong>tantis</strong></span> <span class='ocrx_word' id='word_1_188' title='bbox 2667 1325 3050 1380; x_wconf 87' lang='lat' dir='ltr'><strong>luctamiuibus</strong></span> <span class='ocrx_word' id='word_1_189' title='bbox 3100 1324 3453 1393; x_wconf 78' lang='lat' dir='ltr'><strong>frangeretur,</strong></span> <span class='ocrx_word' id='word_1_190' title='bbox 3485 1324 3697 1376; x_wconf 86' lang='lat' dir='ltr'><strong>irruunt</strong></span> <span class='ocrx_word' id='word_1_191' title='bbox 3726 1336 3815 1374; x_wconf 89' lang='lat' dir='ltr'><strong>su-</strong></span> 
     </span>
    </p>
   </div>
   <div class='ocr_carea' id='block_1_28' title="bbox 2231 1412 3815 1486">
    <p class='ocr_par' dir='ltr' id='par_1_28' title="bbox 2231 1412 3815 1486">
     <span class='ocr_line' id='line_1_28' title="bbox 2231 1412 3815 1486; baseline -0.004 -14"><span class='ocrx_word' id='word_1_192' title='bbox 2231 1432 2327 1485; x_wconf 85' lang='lat' dir='ltr'><strong>per</strong></span> <span class='ocrx_word' id='word_1_193' title='bbox 2357 1432 2477 1472; x_wconf 89' lang='lat' dir='ltr'><strong>eum</strong></span> <span class='ocrx_word' id='word_1_194' title='bbox 2510 1432 2706 1486; x_wconf 89' lang='lat' dir='ltr'><strong>magno</strong></span> <span class='ocrx_word' id='word_1_195' title='bbox 2756 1431 2931 1471; x_wconf 91' lang='lat' dir='ltr'><strong>cuneo</strong></span> <span class='ocrx_word' id='word_1_196' title='bbox 2975 1414 3315 1485; x_wconf 88' lang='lat' dir='ltr'><strong>conglobati;</strong></span> <span class='ocrx_word' id='word_1_197' title='bbox 3344 1424 3399 1468; x_wconf 89' lang='lat' dir='ltr'><strong>et</strong></span> <span class='ocrx_word' id='word_1_198' title='bbox 3421 1412 3815 1469; x_wconf 74' lang='lat' dir='ltr'><strong>circumdautes</strong></span> 
     </span>
    </p>
   </div>
   <div class='ocr_carea' id='block_1_29' title="bbox 2229 1507 3815 1580">
    <p class='ocr_par' dir='ltr' id='par_1_29' title="bbox 2229 1507 3815 1580">
     <span class='ocr_line' id='line_1_29' title="bbox 2229 1507 3815 1580; baseline -0.004 -15"><span class='ocrx_word' id='word_1_199' title='bbox 2229 1510 2346 1579; x_wconf 88' lang='lat' dir='ltr'><strong>ejus</strong></span> <span class='ocrx_word' id='word_1_200' title='bbox 2377 1510 2757 1580; x_wconf 89' lang='lat' dir='ltr'><strong>habitaculum,</strong></span> <span class='ocrx_word' id='word_1_201' title='bbox 2782 1511 2880 1564; x_wconf 86' lang='lat' dir='ltr'><strong>visi</strong></span> <span class='ocrx_word' id='word_1_202' title='bbox 2914 1519 3038 1564; x_wconf 87' lang='lat' dir='ltr'><strong>sunt</strong></span> <span class='ocrx_word' id='word_1_203' title='bbox 3088 1509 3217 1562; x_wconf 92' lang='lat' dir='ltr'><strong>illud</strong></span> <span class='ocrx_word' id='word_1_204' title='bbox 3246 1523 3275 1562; x_wconf 89' lang='lat' dir='ltr'><strong>a</strong></span> <span class='ocrx_word' id='word_1_205' title='bbox 3300 1507 3650 1563; x_wconf 88' lang='lat' dir='ltr'><strong>fundamento</strong></span> <span class='ocrx_word' id='word_1_206' title='bbox 3680 1521 3815 1558; x_wconf 89' lang='lat' dir='ltr'><strong>cnn-</strong></span> 
     </span>
    </p>
   </div>
   <div class='ocr_carea' id='block_1_30' title="bbox 2231 1599 3818 1674">
    <p class='ocr_par' dir='ltr' id='par_1_30' title="bbox 2231 1599 3818 1674">
     <span class='ocr_line' id='line_1_30' title="bbox 2231 1599 3818 1674; baseline -0.001 -17"><span class='ocrx_word' id='word_1_207' title='bbox 2231 1604 2449 1668; x_wconf 89' lang='lat' dir='ltr'><strong>vellere,</strong></span> <span class='ocrx_word' id='word_1_208' title='bbox 2474 1606 2543 1658; x_wconf 92' lang='lat' dir='ltr'><strong>ita</strong></span> <span class='ocrx_word' id='word_1_209' title='bbox 2574 1613 2631 1659; x_wconf 91' lang='lat' dir='ltr'><strong>ut</strong></span> <span class='ocrx_word' id='word_1_210' title='bbox 2651 1613 2860 1674; x_wconf 90' lang='lat' dir='ltr'><strong>putaret</strong></span> <span class='ocrx_word' id='word_1_211' title='bbox 2890 1612 3105 1658; x_wconf 90' lang='lat' dir='ltr'><strong>sanctus</strong></span> <span class='ocrx_word' id='word_1_212' title='bbox 3161 1604 3335 1657; x_wconf 92' lang='lat' dir='ltr'><strong>locum</strong></span> <span class='ocrx_word' id='word_1_213' title='bbox 3386 1602 3595 1672; x_wconf 83' lang='lat' dir='ltr'><strong>penitus</strong></span> <span class='ocrx_word' id='word_1_214' title='bbox 3650 1599 3818 1655; x_wconf 85' lang='lat' dir='ltr'><strong>fuisse</strong></span> 
     </span>
    </p>
   </div>
   <div class='ocr_carea' id='block_1_31' title="bbox 2231 1693 3818 1765">
    <p class='ocr_par' dir='ltr' id='par_1_31' title="bbox 2231 1693 3818 1765">
     <span class='ocr_line' id='line_1_31' title="bbox 2231 1693 3818 1765; baseline -0.001 -16"><span class='ocrx_word' id='word_1_215' title='bbox 2231 1696 2548 1764; x_wconf 88' lang='lat' dir='ltr'><strong>collapsum.</strong></span> <span class='ocrx_word' id='word_1_216' title='bbox 2571 1696 2674 1762; x_wconf 86' lang='lat' dir='ltr'><strong>Qui</strong></span> <span class='ocrx_word' id='word_1_217' title='bbox 2702 1710 2925 1751; x_wconf 91' lang='lat' dir='ltr'><strong>manens</strong></span> <span class='ocrx_word' id='word_1_218' title='bbox 2955 1693 3273 1765; x_wconf 85' lang='lat' dir='ltr'><strong>intrepidus,</strong></span> <span class='ocrx_word' id='word_1_219' title='bbox 3307 1704 3618 1749; x_wconf 86' lang='lat' dir='ltr'><strong>consuetam</strong></span> <span class='ocrx_word' id='word_1_220' title='bbox 3649 1693 3818 1747; x_wconf 86' lang='lat' dir='ltr'><strong>citha-</strong></span> 
     </span>
    </p>
   </div>
   <div class='ocr_carea' id='block_1_32' title="bbox 2233 1784 3820 1858">
    <p class='ocr_par' dir='ltr' id='par_1_32' title="bbox 2233 1784 3820 1858">
     <span class='ocr_line' id='line_1_32' title="bbox 2233 1784 3820 1858; baseline -0.003 -17"><span class='ocrx_word' id='word_1_221' title='bbox 2233 1802 2349 1841; x_wconf 88' lang='lat' dir='ltr'><strong>ram</strong></span> <span class='ocrx_word' id='word_1_222' title='bbox 2378 1788 2641 1857; x_wconf 87' lang='lat' dir='ltr'><strong>spiritalis</strong></span> <span class='ocrx_word' id='word_1_223' title='bbox 2671 1789 2859 1858; x_wconf 90' lang='lat' dir='ltr'><strong>plectri</strong></span> <span class='ocrx_word' id='word_1_224' title='bbox 2917 1786 3281 1842; x_wconf 83' lang='lat' dir='ltr'><strong>modulatione</strong></span> <span class='ocrx_word' id='word_1_225' title='bbox 3324 1786 3588 1854; x_wconf 86' lang='lat' dir='ltr'><strong>pulsabat,</strong></span> <span class='ocrx_word' id='word_1_226' title='bbox 3614 1784 3820 1855; x_wconf 86' lang='lat' dir='ltr'><strong>ingenti</strong></span> 
     </span>
    </p>
   </div>
   <div class='ocr_carea' id='block_1_33' title="bbox 538 1880 3821 1961">
    <p class='ocr_par' dir='ltr' id='par_1_33' title="bbox 538 1880 3821 1961">
     <span class='ocr_line' id='line_1_33' title="bbox 538 1880 3821 1961; baseline -0.005 -11"><span class='ocrx_word' id='word_1_227' title='bbox 538 1908 734 1950; x_wconf 89' lang='lat' dir='ltr'><strong>manus</strong></span> <span class='ocrx_word' id='word_1_228' title='bbox 760 1888 1096 1961; x_wconf 77' lang='lat' dir='ltr'><strong>expandere,</strong></span> <span class='ocrx_word' id='word_1_229' title='bbox 1145 1900 1280 1957; x_wconf 88' lang='lat' dir='ltr'><strong>quas</strong></span> <span class='ocrx_word' id='word_1_230' title='bbox 1309 1900 1404 1955; x_wconf 89' lang='lat' dir='ltr'><strong>per</strong></span> <span class='ocrx_word' id='word_1_231' title='bbox 1444 1884 1650 1953; x_wconf 88' lang='lat' dir='ltr'><strong>aliquot</strong></span> <span class='ocrx_word' id='word_1_232' title='bbox 1676 1882 1930 1937; x_wconf 86' lang='lat' dir='ltr'><strong>horarum</strong></span> <span class='ocrx_word' id='word_1_233' title='bbox 1958 1880 2127 1946; x_wconf 76' lang='lat' dir='ltr'><strong>Spatia</strong></span> <span class='ocrx_word' id='word_1_234' title='bbox 2159 1881 2210 1944; x_wconf 82' lang='grc' dir='ltr'><strong>Β</strong></span> <span class='ocrx_word' id='word_1_235' title='bbox 2237 1896 2368 1936; x_wconf 90' lang='lat' dir='ltr'><strong>voce</strong></span> <span class='ocrx_word' id='word_1_236' title='bbox 2396 1882 2691 1936; x_wconf 87' lang='lat' dir='ltr'><strong>decantans</strong></span> <span class='ocrx_word' id='word_1_237' title='bbox 2716 1900 2729 1935; x_wconf 88' lang='lat'><strong>:</strong></span> <span class='ocrx_word' id='word_1_238' title='bbox 2756 1882 2896 1937; x_wconf 89' lang='lat' dir='ltr'><strong>Deus</strong></span> <span class='ocrx_word' id='word_1_239' title='bbox 2924 1892 3109 1937; x_wconf 84' lang='lat' dir='ltr'><strong>noster</strong></span> <span class='ocrx_word' id='word_1_240' title='bbox 3136 1882 3400 1952; x_wconf 82' lang='lat' dir='ltr'><strong>refugium</strong></span> <span class='ocrx_word' id='word_1_241' title='bbox 3427 1892 3481 1937; x_wconf 91' lang='lat' dir='ltr'><strong>et</strong></span> <span class='ocrx_word' id='word_1_242' title='bbox 3510 1883 3699 1946; x_wconf 88' lang='lat' dir='ltr'><strong>virtus,</strong></span> <span class='ocrx_word' id='word_1_243' title='bbox 3724 1881 3821 1935; x_wconf 85' lang='lat' dir='ltr'><strong>ad-</strong></span> 
     </span>
    </p>
   </div>
   <div class='ocr_carea' id='block_1_34' title="bbox 534 1972 2126 2051">
    <p class='ocr_par' dir='ltr' id='par_1_34' title="bbox 534 1972 2126 2051">
     <span class='ocr_line' id='line_1_34' title="bbox 534 1972 2126 2051; baseline -0.009 -10"><span class='ocrx_word' id='word_1_244' title='bbox 534 1985 764 2041; x_wconf 88' lang='lat' dir='ltr'><strong>minime</strong></span> <span class='ocrx_word' id='word_1_245' title='bbox 794 1980 1112 2051; x_wconf 86' lang='lat' dir='ltr'><strong>colligebat;</strong></span> <span class='ocrx_word' id='word_1_246' title='bbox 1140 1977 1236 2033; x_wconf 90' lang='lat' dir='ltr'><strong>sed</strong></span> <span class='ocrx_word' id='word_1_247' title='bbox 1284 1973 1602 2033; x_wconf 78' lang='lat' dir='ltr'><strong>extensione</strong></span> <span class='ocrx_word' id='word_1_248' title='bbox 1643 1974 1913 2039; x_wconf 89' lang='lat' dir='ltr'><strong>diuturna,</strong></span> <span class='ocrx_word' id='word_1_249' title='bbox 1960 1972 2126 2027; x_wconf 90' lang='lat' dir='ltr'><strong>veluti</strong></span> 
     </span>
    </p>
   </div>
   <div class='ocr_carea' id='block_1_35' title="bbox 536 2064 2128 2141">
    <p class='ocr_par' dir='ltr' id='par_1_35' title="bbox 536 2064 2128 2141">
     <span class='ocr_line' id='line_1_35' title="bbox 536 2064 2128 2141; baseline -0.009 -6"><span class='ocrx_word' id='word_1_250' title='bbox 536 2079 684 2137; x_wconf 86' lang='lat' dir='ltr'><strong>cruci</strong></span> <span class='ocrx_word' id='word_1_251' title='bbox 736 2074 1005 2133; x_wconf 85' lang='lat' dir='ltr'><strong>confixum</strong></span> <span class='ocrx_word' id='word_1_252' title='bbox 1058 2084 1255 2141; x_wconf 90' lang='lat' dir='ltr'><strong>corpus</strong></span> <span class='ocrx_word' id='word_1_253' title='bbox 1299 2068 1570 2125; x_wconf 87' lang='lat' dir='ltr'><strong>retinebat</strong></span> <span class='ocrx_word' id='word_1_254' title='bbox 1620 2065 1919 2131; x_wconf 88' lang='lat' dir='ltr'><strong>immobile,</strong></span> <span class='ocrx_word' id='word_1_255' title='bbox 1968 2073 2022 2120; x_wconf 90' lang='lat' dir='ltr'><strong>et</strong></span> <span class='ocrx_word' id='word_1_256' title='bbox 2050 2064 2128 2120; x_wconf 92' lang='lat' dir='ltr'><strong>sic</strong></span> 
     </span>
    </p>
   </div>
   <div class='ocr_carea' id='block_1_36' title="bbox 535 2157 2122 2233">
    <p class='ocr_par' dir='ltr' id='par_1_36' title="bbox 535 2157 2122 2233">
     <span class='ocr_line' id='line_1_36' title="bbox 535 2157 2122 2233; baseline -0.01 -8"><span class='ocrx_word' id='word_1_257' title='bbox 535 2170 776 2224; x_wconf 88' lang='lat' dir='ltr'><strong>animum</strong></span> <span class='ocrx_word' id='word_1_258' title='bbox 802 2180 960 2223; x_wconf 89' lang='lat' dir='ltr'><strong>suum</strong></span> <span class='ocrx_word' id='word_1_259' title='bbox 989 2163 1055 2219; x_wconf 89' lang='lat' dir='ltr'><strong>ad</strong></span> <span class='ocrx_word' id='word_1_260' title='bbox 1101 2161 1428 2233; x_wconf 83' lang='lat' dir='ltr'><strong>vigilandum</strong></span> <span class='ocrx_word' id='word_1_261' title='bbox 1484 2160 1537 2214; x_wconf 93' lang='lat' dir='ltr'><strong>in</strong></span> <span class='ocrx_word' id='word_1_262' title='bbox 1565 2157 1814 2230; x_wconf 90' lang='lat' dir='ltr'><strong>precibus</strong></span> <span class='ocrx_word' id='word_1_263' title='bbox 1835 2157 2122 2211; x_wconf 81' lang='lat' dir='ltr'><strong>excitabat.</strong></span> 
     </span>
    </p>
   </div>
   <div class='ocr_carea' id='block_1_37' title="bbox 535 2253 2123 2330">
    <p class='ocr_par' dir='ltr' id='par_1_37' title="bbox 535 2253 2123 2330">
     <span class='ocr_line' id='line_1_37' title="bbox 535 2253 2123 2330; baseline -0.009 -14"><span class='ocrx_word' id='word_1_264' title='bbox 535 2261 605 2316; x_wconf 85' lang='lat' dir='ltr'><strong>Et</strong></span> <span class='ocrx_word' id='word_1_265' title='bbox 625 2258 869 2330; x_wconf 80' lang='lat' dir='ltr'><strong>quamvis</strong></span> <span class='ocrx_word' id='word_1_266' title='bbox 896 2265 1039 2313; x_wconf 86' lang='lat' dir='ltr'><strong>esset</strong></span> <span class='ocrx_word' id='word_1_267' title='bbox 1063 2256 1115 2309; x_wconf 93' lang='lat' dir='ltr'><strong>in</strong></span> <span class='ocrx_word' id='word_1_268' title='bbox 1137 2254 1287 2309; x_wconf 91' lang='lat' dir='ltr'><strong>omni</strong></span> <span class='ocrx_word' id='word_1_269' title='bbox 1307 2253 1564 2308; x_wconf 90' lang='lat' dir='ltr'><strong>virtutum</strong></span> <span class='ocrx_word' id='word_1_270' title='bbox 1582 2265 1779 2323; x_wconf 87' lang='lat' dir='ltr'><strong>genere</strong></span> <span class='ocrx_word' id='word_1_271' title='bbox 1796 2257 2123 2319; x_wconf 70' lang='lat' dir='ltr'><strong>praepotens,</strong></span> 
     </span>
    </p>
   </div>
   <div class='ocr_carea' id='block_1_38' title="bbox 534 2338 2127 2408">
    <p class='ocr_par' dir='ltr' id='par_1_38' title="bbox 534 2338 2127 2408">
     <span class='ocr_line' id='line_1_38' title="bbox 534 2338 2127 2408; baseline -0.009 0"><span class='ocrx_word' id='word_1_272' title='bbox 534 2350 837 2408; x_wconf 87' lang='lat' dir='ltr'><strong>incredibili</strong></span> <span class='ocrx_word' id='word_1_273' title='bbox 864 2358 1044 2403; x_wconf 90' lang='lat' dir='ltr'><strong>tamen</strong></span> <span class='ocrx_word' id='word_1_274' title='bbox 1072 2344 1384 2401; x_wconf 87' lang='lat' dir='ltr'><strong>humilitate</strong></span> <span class='ocrx_word' id='word_1_275' title='bbox 1433 2351 1488 2397; x_wconf 91' lang='lat' dir='ltr'><strong>et</strong></span> <span class='ocrx_word' id='word_1_276' title='bbox 1533 2342 1666 2397; x_wconf 90' lang='lat' dir='ltr'><strong>mira</strong></span> <span class='ocrx_word' id='word_1_277' title='bbox 1718 2338 2127 2396; x_wconf 89' lang='lat' dir='ltr'><strong>mansuetudine</strong></span> 
     </span>
    </p>
   </div>
   <div class='ocr_carea' id='block_1_39' title="bbox 535 2432 2126 2510">
    <p class='ocr_par' dir='ltr' id='par_1_39' title="bbox 535 2432 2126 2510">
     <span class='ocr_line' id='line_1_39' title="bbox 535 2432 2126 2510; baseline -0.01 -9"><span class='ocrx_word' id='word_1_278' title='bbox 535 2459 661 2501; x_wconf 89' lang='lat' dir='ltr'><strong>cum</strong></span> <span class='ocrx_word' id='word_1_279' title='bbox 690 2456 791 2499; x_wconf 91' lang='lat' dir='ltr'><strong>suo</strong></span> <span class='ocrx_word' id='word_1_280' title='bbox 818 2454 1078 2510; x_wconf 90' lang='lat' dir='ltr'><strong>germano</strong></span> <span class='ocrx_word' id='word_1_281' title='bbox 1109 2436 1451 2502; x_wconf 88' lang='lat' dir='ltr'><strong>cohabitans,</strong></span> <span class='ocrx_word' id='word_1_282' title='bbox 1483 2450 1603 2491; x_wconf 92' lang='lat' dir='ltr'><strong>eum</strong></span> <span class='ocrx_word' id='word_1_283' title='bbox 1638 2449 1733 2504; x_wconf 90' lang='lat' dir='ltr'><strong>per</strong></span> <span class='ocrx_word' id='word_1_284' title='bbox 1759 2434 1936 2489; x_wconf 89' lang='lat' dir='ltr'><strong>omnia</strong></span> <span class='ocrx_word' id='word_1_285' title='bbox 1965 2432 2126 2488; x_wconf 90' lang='lat' dir='ltr'><strong>susti-</strong></span> 
     </span>
    </p>
   </div>
   <div class='ocr_carea' id='block_1_40' title="bbox 537 2524 2129 2599">
    <p class='ocr_par' dir='ltr' id='par_1_40' title="bbox 537 2524 2129 2599">
     <span class='ocr_line' id='line_1_40' title="bbox 537 2524 2129 2599; baseline -0.008 -8"><span class='ocrx_word' id='word_1_286' title='bbox 537 2534 765 2590; x_wconf 88' lang='lat' dir='ltr'><strong>tinebat.</strong></span> <span class='ocrx_word' id='word_1_287' title='bbox 796 2530 899 2599; x_wconf 82' lang='lat' dir='ltr'><strong>Qui</strong></span> <span class='ocrx_word' id='word_1_288' title='bbox 941 2545 1049 2585; x_wconf 89' lang='lat' dir='ltr'><strong>non</strong></span> <span class='ocrx_word' id='word_1_289' title='bbox 1096 2538 1219 2598; x_wconf 89' lang='lat' dir='ltr'><strong>post</strong></span> <span class='ocrx_word' id='word_1_290' title='bbox 1264 2527 1491 2582; x_wconf 90' lang='lat' dir='ltr'><strong>multum</strong></span> <span class='ocrx_word' id='word_1_291' title='bbox 1523 2525 1798 2595; x_wconf 90' lang='lat' dir='ltr'><strong>temporis,</strong></span> <span class='ocrx_word' id='word_1_292' title='bbox 1840 2524 1965 2578; x_wconf 65' lang='lat' dir='ltr'><strong>vitae</strong></span> <span class='ocrx_word' id='word_1_293' title='bbox 1996 2538 2129 2593; x_wconf 68' lang='lat' dir='ltr'><strong>prte-</strong></span> 
     </span>
    </p>
   </div>
   <div class='ocr_carea' id='block_1_41' title="bbox 539 2613 2128 2690">
    <p class='ocr_par' dir='ltr' id='par_1_41' title="bbox 539 2613 2128 2690">
     <span class='ocr_line' id='line_1_41' title="bbox 539 2613 2128 2690; baseline -0.008 -8"><span class='ocrx_word' id='word_1_294' title='bbox 539 2626 709 2682; x_wconf 90' lang='lat' dir='ltr'><strong>sentis</strong></span> <span class='ocrx_word' id='word_1_295' title='bbox 739 2636 957 2678; x_wconf 87' lang='lat' dir='ltr'><strong>cursum</strong></span> <span class='ocrx_word' id='word_1_296' title='bbox 990 2619 1250 2690; x_wconf 89' lang='lat' dir='ltr'><strong>implevit.</strong></span> <span class='ocrx_word' id='word_1_297' title='bbox 1280 2616 1446 2689; x_wconf 85' lang='lat' dir='ltr'><strong>Cujus</strong></span> <span class='ocrx_word' id='word_1_298' title='bbox 1488 2618 1644 2673; x_wconf 91' lang='lat' dir='ltr'><strong>funus</strong></span> <span class='ocrx_word' id='word_1_299' title='bbox 1693 2616 1873 2671; x_wconf 90' lang='lat' dir='ltr'><strong>debito</strong></span> <span class='ocrx_word' id='word_1_300' title='bbox 1919 2613 2128 2670; x_wconf 87' lang='lat' dir='ltr'><strong>curavit</strong></span> 
     </span>
    </p>
   </div>
   <div class='ocr_carea' id='block_1_42' title="bbox 537 2708 2127 2781">
    <p class='ocr_par' dir='ltr' id='par_1_42' title="bbox 537 2708 2127 2781">
     <span class='ocr_line' id='line_1_42' title="bbox 537 2708 2127 2781; baseline -0.007 -6"><span class='ocrx_word' id='word_1_301' title='bbox 537 2718 748 2775; x_wconf 86' lang='lat' dir='ltr'><strong>honore</strong></span> <span class='ocrx_word' id='word_1_302' title='bbox 787 2715 1127 2772; x_wconf 87' lang='lat' dir='ltr'><strong>Pachomius.</strong></span> <span class='ocrx_word' id='word_1_303' title='bbox 1176 2712 1308 2768; x_wconf 85' lang='lat' dir='ltr'><strong>Nam</strong></span> <span class='ocrx_word' id='word_1_304' title='bbox 1361 2721 1525 2767; x_wconf 88' lang='lat' dir='ltr'><strong>totam</strong></span> <span class='ocrx_word' id='word_1_305' title='bbox 1581 2720 1792 2767; x_wconf 89' lang='lat' dir='ltr'><strong>noctem</strong></span> <span class='ocrx_word' id='word_1_306' title='bbox 1820 2725 1982 2781; x_wconf 88' lang='lat' dir='ltr'><strong>super</strong></span> <span class='ocrx_word' id='word_1_307' title='bbox 2009 2708 2127 2777; x_wconf 89' lang='lat' dir='ltr'><strong>ejus</strong></span> 
     </span>
    </p>
   </div>
   <div class='ocr_carea' id='block_1_43' title="bbox 539 2801 2126 2878">
    <p class='ocr_par' dir='ltr' id='par_1_43' title="bbox 539 2801 2126 2878">
     <span class='ocr_line' id='line_1_43' title="bbox 539 2801 2126 2878; baseline -0.008 -10"><span class='ocrx_word' id='word_1_308' title='bbox 539 2811 775 2868; x_wconf 82' lang='lat' dir='ltr'><strong>cadaver</strong></span> <span class='ocrx_word' id='word_1_309' title='bbox 799 2808 1021 2877; x_wconf 88' lang='lat' dir='ltr'><strong>psalmis</strong></span> <span class='ocrx_word' id='word_1_310' title='bbox 1045 2804 1156 2878; x_wconf 89' lang='lat' dir='ltr'><strong>egit</strong></span> <span class='ocrx_word' id='word_1_311' title='bbox 1192 2804 1515 2876; x_wconf 84' lang='lat' dir='ltr'><strong>hymnisque</strong></span> <span class='ocrx_word' id='word_1_312' title='bbox 1557 2803 1903 2873; x_wconf 85' lang='lat' dir='ltr'><strong>pervigilem;</strong></span> <span class='ocrx_word' id='word_1_313' title='bbox 1939 2811 1993 2857; x_wconf 91' lang='lat' dir='ltr'><strong>et</strong></span> <span class='ocrx_word' id='word_1_314' title='bbox 2012 2801 2126 2856; x_wconf 79' lang='lat' dir='ltr'><strong>ani-</strong></span> 
     </span>
    </p>
   </div>
   <div class='ocr_carea' id='block_1_44' title="bbox 538 2894 2127 2972">
    <p class='ocr_par' dir='ltr' id='par_1_44' title="bbox 538 2894 2127 2972">
     <span class='ocr_line' id='line_1_44' title="bbox 538 2894 2127 2972; baseline -0.006 -12"><span class='ocrx_word' id='word_1_315' title='bbox 538 2918 680 2960; x_wconf 83' lang='lat' dir='ltr'><strong>mam</strong></span> <span class='ocrx_word' id='word_1_316' title='bbox 707 2900 922 2972; x_wconf 90' lang='lat' dir='ltr'><strong>quidem</strong></span> <span class='ocrx_word' id='word_1_317' title='bbox 948 2898 1067 2969; x_wconf 88' lang='lat' dir='ltr'><strong>ejus</strong></span> <span class='ocrx_word' id='word_1_318' title='bbox 1096 2894 1326 2953; x_wconf 90' lang='lat' dir='ltr'><strong>Domino</strong></span> <span class='ocrx_word' id='word_1_319' title='bbox 1355 2895 1772 2962; x_wconf 86' lang='lat' dir='ltr'><strong>commendavit,</strong></span> <span class='ocrx_word' id='word_1_320' title='bbox 1818 2895 1906 2952; x_wconf 92' lang='lat' dir='ltr'><strong>cui</strong></span> <span class='ocrx_word' id='word_1_321' title='bbox 1928 2904 1981 2952; x_wconf 89' lang='lat' dir='ltr'><strong>et</strong></span> <span class='ocrx_word' id='word_1_322' title='bbox 2011 2894 2127 2964; x_wconf 91' lang='lat' dir='ltr'><strong>ipse</strong></span> 
     </span>
    </p>
   </div>
   <div class='ocr_carea' id='block_1_45' title="bbox 538 2990 2087 3065">
    <p class='ocr_par' dir='ltr' id='par_1_45' title="bbox 538 2990 2087 3065">
     <span class='ocr_line' id='line_1_45' title="bbox 538 2990 2087 3065; baseline -0.008 -8"><span class='ocrx_word' id='word_1_323' title='bbox 538 2998 865 3061; x_wconf 89' lang='lat' dir='ltr'><strong>crediderat,</strong></span> <span class='ocrx_word' id='word_1_324' title='bbox 890 3007 1087 3065; x_wconf 88' lang='lat' dir='ltr'><strong>corpus</strong></span> <span class='ocrx_word' id='word_1_325' title='bbox 1112 3006 1243 3048; x_wconf 92' lang='lat' dir='ltr'><strong>vero</strong></span> <span class='ocrx_word' id='word_1_326' title='bbox 1270 2991 1497 3048; x_wconf 85' lang='lat' dir='ltr'><strong>sollicite</strong></span> <span class='ocrx_word' id='word_1_327' title='bbox 1516 2990 1752 3047; x_wconf 89' lang='lat' dir='ltr'><strong>reddidit</strong></span> <span class='ocrx_word' id='word_1_328' title='bbox 1777 2990 2087 3061; x_wconf 66' lang='lat' dir='ltr'><strong>sepulturae.</strong></span> 
     </span>
    </p>
   </div>
   <div class='ocr_carea' id='block_1_46' title="bbox 607 3084 2129 3156">
    <p class='ocr_par' dir='ltr' id='par_1_46' title="bbox 607 3084 2129 3156">
     <span class='ocr_line' id='line_1_46' title="bbox 607 3084 2129 3156; baseline -0.005 -8"><span class='ocrx_word' id='word_1_329' title='bbox 607 3091 743 3148; x_wconf 69' lang='lat' dir='ltr'><strong>Car.</strong></span> <span class='ocrx_word' id='word_1_330' title='bbox 765 3087 1138 3147; x_wconf 81' lang='lat' dir='ltr'><strong>XVl.-—Tunc</strong></span> <span class='ocrx_word' id='word_1_331' title='bbox 1164 3084 1509 3156; x_wconf 85' lang='lat' dir='ltr'><strong>infatigabilis</strong></span> <span class='ocrx_word' id='word_1_332' title='bbox 1540 3086 1859 3143; x_wconf 90' lang='lat' dir='ltr'><strong>Pachomius</strong></span> <span class='ocrx_word' id='word_1_333' title='bbox 1888 3096 2033 3142; x_wconf 90' lang='lat' dir='ltr'><strong>arcta</strong></span> <span class='ocrx_word' id='word_1_334' title='bbox 2073 3094 2129 3141; x_wconf 93' lang='lat' dir='ltr'><strong>et</strong></span> 
     </span>
    </p>
   </div>
   <div class='ocr_carea' id='block_1_47' title="bbox 535 3178 2127 3255">
    <p class='ocr_par' dir='ltr' id='par_1_47' title="bbox 535 3178 2127 3255">
     <span class='ocr_line' id='line_1_47' title="bbox 535 3178 2127 3255; baseline -0.004 -16"><span class='ocrx_word' id='word_1_335' title='bbox 535 3183 793 3255; x_wconf 89' lang='lat' dir='ltr'><strong>singulari</strong></span> <span class='ocrx_word' id='word_1_336' title='bbox 818 3180 1231 3238; x_wconf 84' lang='lat' dir='ltr'><strong>conversatione</strong></span> <span class='ocrx_word' id='word_1_337' title='bbox 1272 3181 1621 3249; x_wconf 89' lang='lat' dir='ltr'><strong>semetipsum</strong></span> <span class='ocrx_word' id='word_1_338' title='bbox 1653 3178 1923 3249; x_wconf 85' lang='lat' dir='ltr'><strong>afﬂigens,</strong></span> <span class='ocrx_word' id='word_1_339' title='bbox 1947 3178 2127 3234; x_wconf 88' lang='lat' dir='ltr'><strong>stude-</strong></span> 
     </span>
    </p>
   </div>
   <div class='ocr_carea' id='block_1_48' title="bbox 2229 1975 3821 2046">
    <p class='ocr_par' dir='ltr' id='par_1_48' title="bbox 2229 1975 3821 2046">
     <span class='ocr_line' id='line_1_48' title="bbox 2229 1975 3821 2046; baseline -0.001 -16"><span class='ocrx_word' id='word_1_340' title='bbox 2229 1976 2375 2046; x_wconf 90' lang='lat' dir='ltr'><strong>jutor</strong></span> <span class='ocrx_word' id='word_1_341' title='bbox 2403 1976 2455 2029; x_wconf 89' lang='lat' dir='ltr'><strong>in</strong></span> <span class='ocrx_word' id='word_1_342' title='bbox 2485 1975 2939 2043; x_wconf 90' lang='lat' dir='ltr'><strong>tribulationibus,</strong></span> <span class='ocrx_word' id='word_1_343' title='bbox 2968 1991 3086 2045; x_wconf 65' lang='lat' dir='ltr'><strong>quae</strong></span> <span class='ocrx_word' id='word_1_344' title='bbox 3117 1975 3439 2032; x_wconf 87' lang='lat' dir='ltr'><strong>invenerunt</strong></span> <span class='ocrx_word' id='word_1_345' title='bbox 3481 1989 3581 2030; x_wconf 88' lang='lat' dir='ltr'><strong>nos</strong></span> <span class='ocrx_word' id='word_1_346' title='bbox 3626 1976 3821 2041; x_wconf 89' lang='lat' dir='ltr'><strong>nimis;</strong></span> 
     </span>
    </p>
   </div>
   <div class='ocr_carea' id='block_1_49' title="bbox 2232 2067 3818 2138">
    <p class='ocr_par' dir='ltr' id='par_1_49' title="bbox 2232 2067 3818 2138">
     <span class='ocr_line' id='line_1_49' title="bbox 2232 2067 3818 2138; baseline -0.001 -13"><span class='ocrx_word' id='word_1_347' title='bbox 2232 2079 2514 2138; x_wconf 87' lang='lat' dir='ltr'><strong>propterea</strong></span> <span class='ocrx_word' id='word_1_348' title='bbox 2544 2084 2648 2125; x_wconf 90' lang='lat' dir='ltr'><strong>non</strong></span> <span class='ocrx_word' id='word_1_349' title='bbox 2679 2070 2985 2126; x_wconf 87' lang='lat' dir='ltr'><strong>timebimus</strong></span> <span class='ocrx_word' id='word_1_350' title='bbox 3006 2070 3132 2125; x_wconf 91' lang='lat' dir='ltr'><strong>dum</strong></span> <span class='ocrx_word' id='word_1_351' title='bbox 3158 2070 3456 2125; x_wconf 85' lang='lat' dir='ltr'><strong>turbabitur</strong></span> <span class='ocrx_word' id='word_1_352' title='bbox 3480 2080 3619 2125; x_wconf 88' lang='lat' dir='ltr'><strong>terra</strong></span> <span class='ocrx_word' id='word_1_353' title='bbox 3644 2067 3818 2138; x_wconf 81' lang='lat' dir='ltr'><strong>(Psal.</strong></span> 
     </span>
    </p>
   </div>
   <div class='ocr_carea' id='block_1_50' title="bbox 2232 2162 3820 2235">
    <p class='ocr_par' dir='ltr' id='par_1_50' title="bbox 2232 2162 3820 2235">
     <span class='ocr_line' id='line_1_50' title="bbox 2232 2162 3820 2235; baseline 0.001 -17"><span class='ocrx_word' id='word_1_354' title='bbox 2232 2164 2383 2234; x_wconf 72' lang='grc' dir='ltr'><strong>ην).</strong></span> <span class='ocrx_word' id='word_1_355' title='bbox 2411 2163 2529 2232; x_wconf 89' lang='lat' dir='ltr'><strong>Quo</strong></span> <span class='ocrx_word' id='word_1_356' title='bbox 2560 2164 2844 2235; x_wconf 88' lang='lat' dir='ltr'><strong>psallente,</strong></span> <span class='ocrx_word' id='word_1_357' title='bbox 2881 2164 3127 2234; x_wconf 90' lang='lat' dir='ltr'><strong>protinus</strong></span> <span class='ocrx_word' id='word_1_358' title='bbox 3158 2172 3242 2219; x_wconf 91' lang='lat' dir='ltr'><strong>est</strong></span> <span class='ocrx_word' id='word_1_359' title='bbox 3270 2163 3406 2219; x_wconf 85' lang='lat' dir='ltr'><strong>facta</strong></span> <span class='ocrx_word' id='word_1_360' title='bbox 3440 2162 3820 2233; x_wconf 77' lang='lat' dir='ltr'><strong>tranquillitas,</strong></span> 
     </span>
    </p>
   </div>
   <div class='ocr_carea' id='block_1_51' title="bbox 2230 2256 3821 2327">
    <p class='ocr_par' dir='ltr' id='par_1_51' title="bbox 2230 2256 3821 2327">
     <span class='ocr_line' id='line_1_51' title="bbox 2230 2256 3821 2327; baseline 0 -16"><span class='ocrx_word' id='word_1_361' title='bbox 2230 2264 2287 2311; x_wconf 92' lang='lat' dir='ltr'><strong>et</strong></span> <span class='ocrx_word' id='word_1_362' title='bbox 2313 2256 2544 2327; x_wconf 92' lang='lat' dir='ltr'><strong>impetus</strong></span> <span class='ocrx_word' id='word_1_363' title='bbox 2584 2257 2923 2312; x_wconf 89' lang='lat' dir='ltr'><strong>inimicorum</strong></span> <span class='ocrx_word' id='word_1_364' title='bbox 2948 2258 3095 2311; x_wconf 92' lang='lat' dir='ltr'><strong>velut</strong></span> <span class='ocrx_word' id='word_1_365' title='bbox 3126 2256 3304 2313; x_wconf 90' lang='lat' dir='ltr'><strong>fumus</strong></span> <span class='ocrx_word' id='word_1_366' title='bbox 3344 2257 3592 2322; x_wconf 90' lang='lat' dir='ltr'><strong>evanuit;</strong></span> <span class='ocrx_word' id='word_1_367' title='bbox 3629 2257 3821 2325; x_wconf 86' lang='lat' dir='ltr'><strong>paulu-</strong></span> 
     </span>
    </p>
   </div>
   <div class='ocr_carea' id='block_1_52' title="bbox 2232 2347 3815 2420">
    <p class='ocr_par' dir='ltr' id='par_1_52' title="bbox 2232 2347 3815 2420">
     <span class='ocr_line' id='line_1_52' title="bbox 2232 2347 3815 2420; baseline -0.002 -16"><span class='ocrx_word' id='word_1_368' title='bbox 2232 2349 2343 2404; x_wconf 92' lang='lat' dir='ltr'><strong>lum</strong></span> <span class='ocrx_word' id='word_1_369' title='bbox 2386 2350 2601 2420; x_wconf 87' lang='lat' dir='ltr'><strong>quidem</strong></span> <span class='ocrx_word' id='word_1_370' title='bbox 2633 2351 2971 2415; x_wconf 88' lang='lat' dir='ltr'><strong>recedentes,</strong></span> <span class='ocrx_word' id='word_1_371' title='bbox 3022 2359 3081 2404; x_wconf 93' lang='lat' dir='ltr'><strong>ut</strong></span> <span class='ocrx_word' id='word_1_372' title='bbox 3108 2364 3293 2416; x_wconf 89' lang='lat' dir='ltr'><strong>canes,</strong></span> <span class='ocrx_word' id='word_1_373' title='bbox 3326 2349 3418 2418; x_wconf 92' lang='lat' dir='ltr'><strong>qui</strong></span> <span class='ocrx_word' id='word_1_374' title='bbox 3454 2363 3575 2403; x_wconf 91' lang='lat' dir='ltr'><strong>eum</strong></span> <span class='ocrx_word' id='word_1_375' title='bbox 3607 2347 3815 2418; x_wconf 81' lang='lat' dir='ltr'><strong>fatigati</strong></span> 
     </span>
    </p>
   </div>
   <div class='ocr_carea' id='block_1_53' title="bbox 2228 2437 3822 2511">
    <p class='ocr_par' dir='ltr' id='par_1_53' title="bbox 2228 2437 3822 2511">
     <span class='ocr_line' id='line_1_53' title="bbox 2228 2437 3822 2511; baseline -0.003 -16"><span class='ocrx_word' id='word_1_376' title='bbox 2228 2440 2450 2507; x_wconf 87' lang='lat' dir='ltr'><strong>fuerint,</strong></span> <span class='ocrx_word' id='word_1_377' title='bbox 2501 2440 2568 2495; x_wconf 89' lang='lat' dir='ltr'><strong>ad</strong></span> <span class='ocrx_word' id='word_1_378' title='bbox 2622 2455 2863 2511; x_wconf 66' lang='lat' dir='ltr'><strong>praesens</strong></span> <span class='ocrx_word' id='word_1_379' title='bbox 2908 2439 3161 2495; x_wconf 89' lang='lat' dir='ltr'><strong>videntur</strong></span> <span class='ocrx_word' id='word_1_380' title='bbox 3185 2440 3499 2505; x_wconf 88' lang='lat' dir='ltr'><strong>abscedere,</strong></span> <span class='ocrx_word' id='word_1_381' title='bbox 3523 2437 3616 2493; x_wconf 89' lang='lat' dir='ltr'><strong>sed</strong></span> <span class='ocrx_word' id='word_1_382' title='bbox 3646 2442 3822 2507; x_wconf 80' lang='lat' dir='ltr'><strong>impu—</strong></span> 
     </span>
    </p>
   </div>
   <div class='ocr_carea' id='block_1_54' title="bbox 2233 2533 3820 2606">
    <p class='ocr_par' dir='ltr' id='par_1_54' title="bbox 2233 2533 3820 2606">
     <span class='ocr_line' id='line_1_54' title="bbox 2233 2533 3820 2606; baseline -0.004 -14"><span class='ocrx_word' id='word_1_383' title='bbox 2233 2537 2511 2593; x_wconf 91' lang='lat' dir='ltr'><strong>dentiores</strong></span> <span class='ocrx_word' id='word_1_384' title='bbox 2531 2545 2718 2606; x_wconf 90' lang='lat' dir='ltr'><strong>postea</strong></span> <span class='ocrx_word' id='word_1_385' title='bbox 2736 2544 3114 2602; x_wconf 89' lang='lat' dir='ltr'><strong>revertuntur;</strong></span> <span class='ocrx_word' id='word_1_386' title='bbox 3140 2550 3261 2589; x_wconf 91' lang='lat' dir='ltr'><strong>nam</strong></span> <span class='ocrx_word' id='word_1_387' title='bbox 3286 2549 3405 2588; x_wconf 91' lang='lat' dir='ltr'><strong>cum</strong></span> <span class='ocrx_word' id='word_1_388' title='bbox 3430 2533 3569 2588; x_wconf 89' lang='lat' dir='ltr'><strong>idem</strong></span> <span class='ocrx_word' id='word_1_389' title='bbox 3598 2540 3820 2587; x_wconf 90' lang='lat' dir='ltr'><strong>sanctus</strong></span> 
     </span>
    </p>
   </div>
   <div class='ocr_carea' id='block_1_55' title="bbox 2232 2624 3821 2697">
    <p class='ocr_par' dir='ltr' id='par_1_55' title="bbox 2232 2624 3821 2697">
     <span class='ocr_line' id='line_1_55' title="bbox 2232 2624 3821 2697; baseline -0.005 -13"><span class='ocrx_word' id='word_1_390' title='bbox 2232 2639 2356 2697; x_wconf 92' lang='lat' dir='ltr'><strong>post</strong></span> <span class='ocrx_word' id='word_1_391' title='bbox 2382 2628 2654 2684; x_wconf 86' lang='lat' dir='ltr'><strong>orationes</strong></span> <span class='ocrx_word' id='word_1_392' title='bbox 2683 2628 2750 2682; x_wconf 91' lang='lat' dir='ltr'><strong>ad</strong></span> <span class='ocrx_word' id='word_1_393' title='bbox 2797 2641 2934 2697; x_wconf 92' lang='lat' dir='ltr'><strong>opus</strong></span> <span class='ocrx_word' id='word_1_394' title='bbox 2980 2626 3196 2682; x_wconf 89' lang='lat' dir='ltr'><strong>solitum</strong></span> <span class='ocrx_word' id='word_1_395' title='bbox 3244 2625 3598 2690; x_wconf 89' lang='lat' dir='ltr'><strong>consedisset,</strong></span> <span class='ocrx_word' id='word_1_396' title='bbox 3650 2624 3821 2678; x_wconf 86' lang='lat' dir='ltr'><strong>instar</strong></span> 
     </span>
    </p>
   </div>
   <div class='ocr_carea' id='block_1_56' title="bbox 2230 2715 3822 2791">
    <p class='ocr_par' dir='ltr' id='par_1_56' title="bbox 2230 2715 3822 2791">
     <span class='ocr_line' id='line_1_56' title="bbox 2230 2715 3822 2791; baseline -0.005 -16"><span class='ocrx_word' id='word_1_397' title='bbox 2230 2721 2353 2791; x_wconf 83' lang='lat' dir='ltr'><strong>galli</strong></span> <span class='ocrx_word' id='word_1_398' title='bbox 2384 2719 2664 2790; x_wconf 88' lang='lat' dir='ltr'><strong>gallinacei</strong></span> <span class='ocrx_word' id='word_1_399' title='bbox 2711 2717 2889 2773; x_wconf 85' lang='lat' dir='ltr'><strong>nimiae</strong></span> <span class='ocrx_word' id='word_1_400' title='bbox 2937 2715 3323 2788; x_wconf 89' lang='lat' dir='ltr'><strong>magnitudinis</strong></span> <span class='ocrx_word' id='word_1_401' title='bbox 3365 2730 3547 2770; x_wconf 88' lang='lat' dir='ltr'><strong>coram</strong></span> <span class='ocrx_word' id='word_1_402' title='bbox 3575 2728 3643 2769; x_wconf 91' lang='lat' dir='ltr'><strong>eo</strong></span> <span class='ocrx_word' id='word_1_403' title='bbox 3674 2715 3822 2767; x_wconf 78' lang='lat' dir='ltr'><strong>visus</strong></span> 
     </span>
    </p>
   </div>
   <div class='ocr_carea' id='block_1_57' title="bbox 2230 2808 3821 2875">
    <p class='ocr_par' dir='ltr' id='par_1_57' title="bbox 2230 2808 3821 2875">
     <span class='ocr_line' id='line_1_57' title="bbox 2230 2808 3821 2875; baseline -0.004 -7"><span class='ocrx_word' id='word_1_404' title='bbox 2230 2822 2314 2868; x_wconf 88' lang='lat' dir='ltr'><strong>est</strong></span> <span class='ocrx_word' id='word_1_405' title='bbox 2339 2812 2612 2875; x_wconf 88' lang='lat' dir='ltr'><strong>inimicus,</strong></span> <span class='ocrx_word' id='word_1_406' title='bbox 2645 2812 2864 2867; x_wconf 89' lang='lat' dir='ltr'><strong>crebras</strong></span> <span class='ocrx_word' id='word_1_407' title='bbox 2893 2811 3095 2867; x_wconf 89' lang='lat' dir='ltr'><strong>iterans</strong></span> <span class='ocrx_word' id='word_1_408' title='bbox 3148 2824 3328 2873; x_wconf 85' lang='lat' dir='ltr'><strong>voces,</strong></span> <span class='ocrx_word' id='word_1_409' title='bbox 3371 2816 3427 2864; x_wconf 90' lang='lat' dir='ltr'><strong>et</strong></span> <span class='ocrx_word' id='word_1_410' title='bbox 3454 2810 3718 2863; x_wconf 90' lang='lat' dir='ltr'><strong>clamores</strong></span> <span class='ocrx_word' id='word_1_411' title='bbox 3740 2808 3821 2862; x_wconf 84' lang='lat' dir='ltr'><strong>in-</strong></span> 
     </span>
    </p>
   </div>
   <div class='ocr_carea' id='block_1_58' title="bbox 2229 2904 3822 2969">
    <p class='ocr_par' dir='ltr' id='par_1_58' title="bbox 2229 2904 3822 2969">
     <span class='ocr_line' id='line_1_58' title="bbox 2229 2904 3822 2969; baseline -0.003 -7"><span class='ocrx_word' id='word_1_412' title='bbox 2229 2906 2477 2963; x_wconf 87' lang='lat' dir='ltr'><strong>conditos</strong></span> <span class='ocrx_word' id='word_1_413' title='bbox 2506 2904 2785 2969; x_wconf 81' lang='lat' dir='ltr'><strong>excitans;</strong></span> <span class='ocrx_word' id='word_1_414' title='bbox 2814 2904 3010 2961; x_wconf 90' lang='lat' dir='ltr'><strong>deinde</strong></span> <span class='ocrx_word' id='word_1_415' title='bbox 3036 2905 3282 2960; x_wconf 88' lang='lat' dir='ltr'><strong>insiliens</strong></span> <span class='ocrx_word' id='word_1_416' title='bbox 3310 2904 3363 2958; x_wconf 92' lang='lat' dir='ltr'><strong>in</strong></span> <span class='ocrx_word' id='word_1_417' title='bbox 3411 2918 3555 2969; x_wconf 90' lang='lat' dir='ltr'><strong>eum,</strong></span> <span class='ocrx_word' id='word_1_418' title='bbox 3587 2904 3701 2957; x_wconf 89' lang='lat' dir='ltr'><strong>suis</strong></span> <span class='ocrx_word' id='word_1_419' title='bbox 3731 2918 3822 2957; x_wconf 85' lang='lat' dir='ltr'><strong>ve-</strong></span> 
     </span>
    </p>
   </div>
   <div class='ocr_carea' id='block_1_59' title="bbox 2232 2997 3822 3070">
    <p class='ocr_par' dir='ltr' id='par_1_59' title="bbox 2232 2997 3822 3070">
     <span class='ocr_line' id='line_1_59' title="bbox 2232 2997 3822 3070; baseline -0.002 -17"><span class='ocrx_word' id='word_1_420' title='bbox 2232 2999 2309 3055; x_wconf 91' lang='lat' dir='ltr'><strong>lut</strong></span> <span class='ocrx_word' id='word_1_421' title='bbox 2337 2999 2600 3070; x_wconf 90' lang='lat' dir='ltr'><strong>unguibus</strong></span> <span class='ocrx_word' id='word_1_422' title='bbox 2631 2998 2775 3055; x_wconf 65' lang='lat' dir='ltr'><strong>foede</strong></span> <span class='ocrx_word' id='word_1_423' title='bbox 2799 2998 3074 3053; x_wconf 87' lang='lat' dir='ltr'><strong>laceravit.</strong></span> <span class='ocrx_word' id='word_1_424' title='bbox 3135 2998 3237 3065; x_wconf 88' lang='lat' dir='ltr'><strong>Qui</strong></span> <span class='ocrx_word' id='word_1_425' title='bbox 3281 2997 3435 3068; x_wconf 90' lang='lat' dir='ltr'><strong>signo</strong></span> <span class='ocrx_word' id='word_1_426' title='bbox 3475 2997 3649 3052; x_wconf 88' lang='lat' dir='ltr'><strong>crucis</strong></span> <span class='ocrx_word' id='word_1_427' title='bbox 3676 2997 3822 3051; x_wconf 84' lang='lat' dir='ltr'><strong>fron-</strong></span> 
     </span>
    </p>
   </div>
   <div class='ocr_carea' id='block_1_60' title="bbox 2232 3088 3823 3160">
    <p class='ocr_par' dir='ltr' id='par_1_60' title="bbox 2232 3088 3823 3160">
     <span class='ocr_line' id='line_1_60' title="bbox 2232 3088 3823 3160; baseline -0.001 -16"><span class='ocrx_word' id='word_1_428' title='bbox 2232 3099 2339 3147; x_wconf 93' lang='lat' dir='ltr'><strong>tem</strong></span> <span class='ocrx_word' id='word_1_429' title='bbox 2368 3105 2520 3145; x_wconf 86' lang='lat' dir='ltr'><strong>suam</strong></span> <span class='ocrx_word' id='word_1_430' title='bbox 2549 3091 2821 3160; x_wconf 89' lang='lat' dir='ltr'><strong>muniens,</strong></span> <span class='ocrx_word' id='word_1_431' title='bbox 2856 3088 3161 3146; x_wconf 81' lang='lat' dir='ltr'><strong>exsufﬂavit</strong></span> <span class='ocrx_word' id='word_1_432' title='bbox 3186 3090 3238 3143; x_wconf 93' lang='lat' dir='ltr'><strong>in</strong></span> <span class='ocrx_word' id='word_1_433' title='bbox 3267 3105 3387 3145; x_wconf 92' lang='lat' dir='ltr'><strong>eum</strong></span> <span class='ocrx_word' id='word_1_434' title='bbox 3422 3088 3556 3159; x_wconf 75' lang='lat'><strong>(2|),</strong></span> <span class='ocrx_word' id='word_1_435' title='bbox 3589 3103 3823 3159; x_wconf 87' lang='lat' dir='ltr'><strong>moxque</strong></span> 
     </span>
    </p>
   </div>
   <div class='ocr_carea' id='block_1_61' title="bbox 2235 3180 3822 3252">
    <p class='ocr_par' dir='ltr' id='par_1_61' title="bbox 2235 3180 3822 3252">
     <span class='ocr_line' id='line_1_61' title="bbox 2235 3180 3822 3252; baseline 0.001 -18"><span class='ocrx_word' id='word_1_436' title='bbox 2235 3182 2446 3252; x_wconf 87' lang='lat' dir='ltr'><strong>fugatus</strong></span> <span class='ocrx_word' id='word_1_437' title='bbox 2478 3192 2585 3236; x_wconf 87' lang='lat' dir='ltr'><strong>est.</strong></span> <span class='ocrx_word' id='word_1_438' title='bbox 2619 3180 2961 3252; x_wconf 86' lang='lat' dir='ltr'><strong>lntelligebat</strong></span> <span class='ocrx_word' id='word_1_439' title='bbox 2991 3182 3136 3237; x_wconf 88' lang='lat' dir='ltr'><strong>enim</strong></span> <span class='ocrx_word' id='word_1_440' title='bbox 3166 3191 3386 3237; x_wconf 88' lang='lat' dir='ltr'><strong>cunctas</strong></span> <span class='ocrx_word' id='word_1_441' title='bbox 3408 3180 3609 3235; x_wconf 90' lang='lat' dir='ltr'><strong>inimici</strong></span> <span class='ocrx_word' id='word_1_442' title='bbox 3638 3196 3822 3235; x_wconf 85' lang='lat' dir='ltr'><strong>versu-</strong></span> 
     </span>
    </p>
   </div>
   <div class='ocr_carea' id='block_1_62' title="bbox 532 3265 3823 3348">
    <p class='ocr_par' dir='ltr' id='par_1_62' title="bbox 532 3265 3823 3348">
     <span class='ocr_line' id='line_1_62' title="bbox 532 3265 3823 3348; baseline -0.002 -15"><span class='ocrx_word' id='word_1_443' title='bbox 532 3278 627 3333; x_wconf 89' lang='lat' dir='ltr'><strong>bat</strong></span> <span class='ocrx_word' id='word_1_444' title='bbox 650 3276 920 3348; x_wconf 89' lang='lat' dir='ltr'><strong>integrum</strong></span> <span class='ocrx_word' id='word_1_445' title='bbox 942 3288 1005 3330; x_wconf 87' lang='lat' dir='ltr'><strong>se</strong></span> <span class='ocrx_word' id='word_1_446' title='bbox 1034 3282 1195 3342; x_wconf 90' lang='lat' dir='ltr'><strong>atque</strong></span> <span class='ocrx_word' id='word_1_447' title='bbox 1222 3271 1621 3328; x_wconf 89' lang='lat' dir='ltr'><strong>immaculatum</strong></span> <span class='ocrx_word' id='word_1_448' title='bbox 1669 3272 1721 3326; x_wconf 93' lang='lat' dir='ltr'><strong>in</strong></span> <span class='ocrx_word' id='word_1_449' title='bbox 1752 3272 2003 3327; x_wconf 88' lang='lat' dir='ltr'><strong>omnibus</strong></span> <span class='ocrx_word' id='word_1_450' title='bbox 2029 3287 2122 3327; x_wconf 84' lang='lat' dir='ltr'><strong>ex-</strong></span> <span class='ocrx_word' id='word_1_451' title='bbox 2152 3265 2199 3329; x_wconf 89' lang='lat' dir='ltr'><strong>C</strong></span> <span class='ocrx_word' id='word_1_452' title='bbox 2231 3277 2367 3343; x_wconf 89' lang='lat' dir='ltr'><strong>tias;</strong></span> <span class='ocrx_word' id='word_1_453' title='bbox 2409 3285 2464 3332; x_wconf 91' lang='lat' dir='ltr'><strong>et</strong></span> <span class='ocrx_word' id='word_1_454' title='bbox 2495 3276 2689 3331; x_wconf 91' lang='lat' dir='ltr'><strong>timore</strong></span> <span class='ocrx_word' id='word_1_455' title='bbox 2716 3276 2899 3331; x_wconf 90' lang='lat' dir='ltr'><strong>divino</strong></span> <span class='ocrx_word' id='word_1_456' title='bbox 2928 3275 3206 3346; x_wconf 54' lang='lat' dir='ltr'><strong>praeditus,</strong></span> <span class='ocrx_word' id='word_1_457' title='bbox 3240 3275 3518 3330; x_wconf 88' lang='lat' dir='ltr'><strong>illusiones</strong></span> <span class='ocrx_word' id='word_1_458' title='bbox 3564 3273 3683 3343; x_wconf 89' lang='lat' dir='ltr'><strong>ejus</strong></span> <span class='ocrx_word' id='word_1_459' title='bbox 3724 3288 3823 3342; x_wconf 91' lang='lat' dir='ltr'><strong>pro</strong></span> 
     </span>
    </p>
   </div>
   <div class='ocr_carea' id='block_1_63' title="bbox 538 3365 2121 3438">
    <p class='ocr_par' dir='ltr' id='par_1_63' title="bbox 538 3365 2121 3438">
     <span class='ocr_line' id='line_1_63' title="bbox 538 3365 2121 3438; baseline -0.003 -14"><span class='ocrx_word' id='word_1_460' title='bbox 538 3369 746 3427; x_wconf 89' lang='lat' dir='ltr'><strong>bibere.</strong></span> <span class='ocrx_word' id='word_1_461' title='bbox 790 3368 846 3424; x_wconf 90' lang='lat' dir='ltr'><strong>Si</strong></span> <span class='ocrx_word' id='word_1_462' title='bbox 892 3365 1106 3438; x_wconf 90' lang='lat' dir='ltr'><strong>quando</strong></span> <span class='ocrx_word' id='word_1_463' title='bbox 1154 3380 1387 3437; x_wconf 89' lang='lat' dir='ltr'><strong>namque</strong></span> <span class='ocrx_word' id='word_1_464' title='bbox 1415 3380 1541 3420; x_wconf 93' lang='lat' dir='ltr'><strong>eum</strong></span> <span class='ocrx_word' id='word_1_465' title='bbox 1571 3365 1825 3435; x_wconf 86' lang='lat' dir='ltr'><strong>cogitatio</strong></span> <span class='ocrx_word' id='word_1_466' title='bbox 1852 3369 2121 3435; x_wconf 89' lang='lat' dir='ltr'><strong>pulsasset</strong></span> 
     </span>
    </p>
   </div>
   <div class='ocr_carea' id='block_1_64' title="bbox 538 3458 2123 3531">
    <p class='ocr_par' dir='ltr' id='par_1_64' title="bbox 538 3458 2123 3531">
     <span class='ocr_line' id='line_1_64' title="bbox 538 3458 2123 3531; baseline -0.003 -13"><span class='ocrx_word' id='word_1_467' title='bbox 538 3461 751 3531; x_wconf 86' lang='lat' dir='ltr'><strong>illicita,</strong></span> <span class='ocrx_word' id='word_1_468' title='bbox 783 3473 911 3514; x_wconf 87' lang='lat' dir='ltr'><strong>mox</strong></span> <span class='ocrx_word' id='word_1_469' title='bbox 944 3474 1062 3515; x_wconf 89' lang='lat' dir='ltr'><strong>eam</strong></span> <span class='ocrx_word' id='word_1_470' title='bbox 1091 3458 1272 3513; x_wconf 84' lang='lat' dir='ltr'><strong>divino</strong></span> <span class='ocrx_word' id='word_1_471' title='bbox 1302 3472 1525 3514; x_wconf 89' lang='lat' dir='ltr'><strong>munere</strong></span> <span class='ocrx_word' id='word_1_472' title='bbox 1546 3458 1863 3527; x_wconf 89' lang='lat' dir='ltr'><strong>repellebat,</strong></span> <span class='ocrx_word' id='word_1_473' title='bbox 1886 3467 2045 3528; x_wconf 89' lang='lat' dir='ltr'><strong>atque</strong></span> <span class='ocrx_word' id='word_1_474' title='bbox 2066 3459 2123 3514; x_wconf 92' lang='lat' dir='ltr'><strong>in</strong></span> 
     </span>
    </p>
   </div>
   <div class='ocr_carea' id='block_1_65' title="bbox 532 3549 2121 3621">
    <p class='ocr_par' dir='ltr' id='par_1_65' title="bbox 532 3549 2121 3621">
     <span class='ocr_line' id='line_1_65' title="bbox 532 3549 2121 3621; baseline -0.003 -10"><span class='ocrx_word' id='word_1_475' title='bbox 532 3553 727 3610; x_wconf 90' lang='lat' dir='ltr'><strong>timore</strong></span> <span class='ocrx_word' id='word_1_476' title='bbox 755 3552 968 3609; x_wconf 85' lang='lat' dir='ltr'><strong>Domini</strong></span> <span class='ocrx_word' id='word_1_477' title='bbox 1001 3550 1383 3621; x_wconf 86' lang='lat' dir='ltr'><strong>perseverabat</strong></span> <span class='ocrx_word' id='word_1_478' title='bbox 1411 3549 1626 3619; x_wconf 90' lang='lat' dir='ltr'><strong>afﬂxus,</strong></span> <span class='ocrx_word' id='word_1_479' title='bbox 1657 3558 1982 3606; x_wconf 84' lang='lat' dir='ltr'><strong>aeternarum</strong></span> <span class='ocrx_word' id='word_1_480' title='bbox 2003 3566 2121 3606; x_wconf 84' lang='lat' dir='ltr'><strong>me-</strong></span> 
     </span>
    </p>
   </div>
   <div class='ocr_carea' id='block_1_66' title="bbox 534 3640 2119 3716">
    <p class='ocr_par' dir='ltr' id='par_1_66' title="bbox 534 3640 2119 3716">
     <span class='ocr_line' id='line_1_66' title="bbox 534 3640 2119 3716; baseline -0.003 -14"><span class='ocrx_word' id='word_1_481' title='bbox 534 3661 653 3702; x_wconf 90' lang='lat' dir='ltr'><strong>mor</strong></span> <span class='ocrx_word' id='word_1_482' title='bbox 707 3657 1009 3716; x_wconf 67' lang='lat' dir='ltr'><strong>poenarum,</strong></span> <span class='ocrx_word' id='word_1_483' title='bbox 1056 3652 1111 3697; x_wconf 92' lang='lat' dir='ltr'><strong>et</strong></span> <span class='ocrx_word' id='word_1_484' title='bbox 1158 3640 1402 3697; x_wconf 89' lang='lat' dir='ltr'><strong>dolorum</strong></span> <span class='ocrx_word' id='word_1_485' title='bbox 1444 3641 1563 3697; x_wconf 86' lang='lat' dir='ltr'><strong>sine</strong></span> <span class='ocrx_word' id='word_1_486' title='bbox 1614 3642 1719 3697; x_wconf 80' lang='lat' dir='ltr'><strong>fine</strong></span> <span class='ocrx_word' id='word_1_487' title='bbox 1768 3644 2119 3710; x_wconf 89' lang='lat' dir='ltr'><strong>manentium,</strong></span> 
     </span>
    </p>
   </div>
   <div class='ocr_carea' id='block_1_67' title="bbox 532 3735 2124 3812">
    <p class='ocr_par' dir='ltr' id='par_1_67' title="bbox 532 3735 2124 3812">
     <span class='ocr_line' id='line_1_67' title="bbox 532 3735 2124 3812; baseline -0.004 -15"><span class='ocrx_word' id='word_1_488' title='bbox 532 3738 675 3812; x_wconf 87' lang='lat' dir='ltr'><strong>ignis</strong></span> <span class='ocrx_word' id='word_1_489' title='bbox 703 3738 913 3794; x_wconf 87' lang='lat' dir='ltr'><strong>scilicet</strong></span> <span class='ocrx_word' id='word_1_490' title='bbox 939 3736 1085 3792; x_wconf 89' lang='lat' dir='ltr'><strong>illius</strong></span> <span class='ocrx_word' id='word_1_491' title='bbox 1134 3735 1609 3807; x_wconf 88' lang='lat' dir='ltr'><strong>inexstinguibilis,</strong></span> <span class='ocrx_word' id='word_1_492' title='bbox 1657 3744 1711 3790; x_wconf 91' lang='lat' dir='ltr'><strong>et</strong></span> <span class='ocrx_word' id='word_1_493' title='bbox 1747 3735 1944 3791; x_wconf 87' lang='lat' dir='ltr'><strong>vermis</strong></span> <span class='ocrx_word' id='word_1_494' title='bbox 1988 3752 2124 3791; x_wconf 90' lang='lat' dir='ltr'><strong>nun-</strong></span> 
     </span>
    </p>
   </div>
   <div class='ocr_carea' id='block_1_68' title="bbox 540 3826 2128 3902">
    <p class='ocr_par' dir='ltr' id='par_1_68' title="bbox 540 3826 2128 3902">
     <span class='ocr_line' id='line_1_68' title="bbox 540 3826 2128 3902; baseline -0.003 -17"><span class='ocrx_word' id='word_1_495' title='bbox 540 3845 703 3902; x_wconf 90' lang='lat' dir='ltr'><strong>quam</strong></span> <span class='ocrx_word' id='word_1_496' title='bbox 749 3827 971 3884; x_wconf 90' lang='lat' dir='ltr'><strong>omnino</strong></span> <span class='ocrx_word' id='word_1_497' title='bbox 1001 3827 1302 3885; x_wconf 90' lang='lat' dir='ltr'><strong>morientis.</strong></span> <span class='ocrx_word' id='word_1_498' title='bbox 1331 3826 1463 3888; x_wconf 87' lang='lat' dir='ltr'><strong>Cum</strong></span> <span class='ocrx_word' id='word_1_499' title='bbox 1493 3827 1575 3882; x_wconf 91' lang='lat' dir='ltr'><strong>his</strong></span> <span class='ocrx_word' id='word_1_500' title='bbox 1598 3828 1778 3898; x_wconf 90' lang='lat' dir='ltr'><strong>itaque</strong></span> <span class='ocrx_word' id='word_1_501' title='bbox 1808 3827 2128 3883; x_wconf 89' lang='lat' dir='ltr'><strong>Pachomius</strong></span> 
     </span>
    </p>
   </div>
   <div class='ocr_carea' id='block_1_69' title="bbox 538 3917 2129 3987">
    <p class='ocr_par' dir='ltr' id='par_1_69' title="bbox 538 3917 2129 3987">
     <span class='ocr_line' id='line_1_69' title="bbox 538 3917 2129 3987; baseline -0.004 -9"><span class='ocrx_word' id='word_1_502' title='bbox 538 3921 715 3978; x_wconf 87' lang='lat' dir='ltr'><strong>modis</strong></span> <span class='ocrx_word' id='word_1_503' title='bbox 740 3928 800 3977; x_wconf 91' lang='lat' dir='ltr'><strong>et</strong></span> <span class='ocrx_word' id='word_1_504' title='bbox 828 3918 896 3974; x_wconf 90' lang='lat' dir='ltr'><strong>ab</strong></span> <span class='ocrx_word' id='word_1_505' title='bbox 926 3917 1128 3975; x_wconf 88' lang='lat' dir='ltr'><strong>illicitis</strong></span> <span class='ocrx_word' id='word_1_506' title='bbox 1156 3919 1473 3985; x_wconf 89' lang='lat' dir='ltr'><strong>abstineret,</strong></span> <span class='ocrx_word' id='word_1_507' title='bbox 1505 3927 1559 3974; x_wconf 91' lang='lat' dir='ltr'><strong>et</strong></span> <span class='ocrx_word' id='word_1_508' title='bbox 1587 3918 1653 3974; x_wconf 90' lang='lat' dir='ltr'><strong>ad</strong></span> <span class='ocrx_word' id='word_1_509' title='bbox 1686 3918 1911 3974; x_wconf 89' lang='lat' dir='ltr'><strong>meliora</strong></span> <span class='ocrx_word' id='word_1_510' title='bbox 1968 3919 2129 3987; x_wconf 85' lang='lat' dir='ltr'><strong>proﬂ-</strong></span> 
     </span>
    </p>
   </div>
   <div class='ocr_carea' id='block_1_70' title="bbox 540 4008 2127 4078">
    <p class='ocr_par' dir='ltr' id='par_1_70' title="bbox 540 4008 2127 4078">
     <span class='ocr_line' id='line_1_70' title="bbox 540 4008 2127 4078; baseline -0.003 -9"><span class='ocrx_word' id='word_1_511' title='bbox 540 4019 709 4077; x_wconf 84' lang='lat' dir='ltr'><strong>ceret,</strong></span> <span class='ocrx_word' id='word_1_512' title='bbox 744 4008 1008 4064; x_wconf 86' lang='lat' dir='ltr'><strong>dilatandi</strong></span> <span class='ocrx_word' id='word_1_513' title='bbox 1036 4009 1364 4064; x_wconf 85' lang='lat' dir='ltr'><strong>monasteria</strong></span> <span class='ocrx_word' id='word_1_514' title='bbox 1392 4023 1575 4064; x_wconf 91' lang='lat' dir='ltr'><strong>curam</strong></span> <span class='ocrx_word' id='word_1_515' title='bbox 1603 4009 1823 4078; x_wconf 77' lang='lat' dir='ltr'><strong>gerebat</strong></span> <span class='ocrx_word' id='word_1_516' title='bbox 1873 4008 2127 4064; x_wconf 87' lang='lat' dir='ltr'><strong>immodi-</strong></span> 
     </span>
    </p>
   </div>
   <div class='ocr_carea' id='block_1_71' title="bbox 538 4102 2131 4174">
    <p class='ocr_par' dir='ltr' id='par_1_71' title="bbox 538 4102 2131 4174">
     <span class='ocr_line' id='line_1_71' title="bbox 538 4102 2131 4174; baseline -0.002 -12"><span class='ocrx_word' id='word_1_517' title='bbox 538 4121 658 4162; x_wconf 89' lang='lat' dir='ltr'><strong>cam</strong></span> <span class='ocrx_word' id='word_1_518' title='bbox 705 4118 803 4174; x_wconf 90' lang='lat' dir='ltr'><strong>pro</strong></span> <span class='ocrx_word' id='word_1_519' title='bbox 844 4102 1188 4171; x_wconf 90' lang='lat' dir='ltr'><strong>susceptione</strong></span> <span class='ocrx_word' id='word_1_520' title='bbox 1218 4102 1506 4157; x_wconf 92' lang='lat' dir='ltr'><strong>multorum</strong></span> <span class='ocrx_word' id='word_1_521' title='bbox 1542 4120 1555 4154; x_wconf 86' lang='lat'><strong>:</strong></span> <span class='ocrx_word' id='word_1_522' title='bbox 1586 4102 1669 4156; x_wconf 92' lang='lat' dir='ltr'><strong>cui</strong></span> <span class='ocrx_word' id='word_1_523' title='bbox 1701 4102 1948 4158; x_wconf 91' lang='lat' dir='ltr'><strong>diabolus</strong></span> <span class='ocrx_word' id='word_1_524' title='bbox 1968 4103 2131 4159; x_wconf 83' lang='lat' dir='ltr'><strong>vehe-</strong></span> 
     </span>
    </p>
   </div>
   <div class='ocr_carea' id='block_1_72' title="bbox 541 4195 2130 4266">
    <p class='ocr_par' dir='ltr' id='par_1_72' title="bbox 541 4195 2130 4266">
     <span class='ocr_line' id='line_1_72' title="bbox 541 4195 2130 4266; baseline -0.001 -11"><span class='ocrx_word' id='word_1_525' title='bbox 541 4206 751 4255; x_wconf 87' lang='lat' dir='ltr'><strong>menter</strong></span> <span class='ocrx_word' id='word_1_526' title='bbox 780 4197 944 4265; x_wconf 77' lang='lat' dir='ltr'><strong>coepit</strong></span> <span class='ocrx_word' id='word_1_527' title='bbox 962 4195 1252 4262; x_wconf 89' lang='lat' dir='ltr'><strong>obsistere,</strong></span> <span class='ocrx_word' id='word_1_528' title='bbox 1280 4195 1623 4264; x_wconf 87' lang='lat' dir='ltr'><strong>stridensque</strong></span> <span class='ocrx_word' id='word_1_529' title='bbox 1652 4210 1817 4266; x_wconf 86' lang='lat' dir='ltr'><strong>super</strong></span> <span class='ocrx_word' id='word_1_530' title='bbox 1845 4211 1969 4252; x_wconf 89' lang='lat' dir='ltr'><strong>eum</strong></span> <span class='ocrx_word' id='word_1_531' title='bbox 2006 4197 2130 4253; x_wconf 91' lang='lat' dir='ltr'><strong>den-</strong></span> 
     </span>
    </p>
   </div>
   <div class='ocr_carea' id='block_1_73' title="bbox 539 4285 2129 4358">
    <p class='ocr_par' dir='ltr' id='par_1_73' title="bbox 539 4285 2129 4358">
     <span class='ocr_line' id='line_1_73' title="bbox 539 4285 2129 4358; baseline -0.001 -14"><span class='ocrx_word' id='word_1_532' title='bbox 539 4288 707 4354; x_wconf 87' lang='lat' dir='ltr'><strong>tibus,</strong></span> <span class='ocrx_word' id='word_1_533' title='bbox 734 4285 902 4342; x_wconf 88' lang='lat' dir='ltr'><strong>veluti</strong></span> <span class='ocrx_word' id='word_1_534' title='bbox 949 4285 1234 4356; x_wconf 86' lang='lat' dir='ltr'><strong>singularis</strong></span> <span class='ocrx_word' id='word_1_535' title='bbox 1262 4285 1407 4342; x_wconf 88' lang='lat' dir='ltr'><strong>ferus</strong></span> <span class='ocrx_word' id='word_1_536' title='bbox 1438 4286 1577 4358; x_wconf 70' lang='lat'><strong>(20),</strong></span> <span class='ocrx_word' id='word_1_537' title='bbox 1610 4289 1933 4343; x_wconf 89' lang='lat' dir='ltr'><strong>tentationes</strong></span> <span class='ocrx_word' id='word_1_538' title='bbox 1959 4290 2010 4343; x_wconf 90' lang='lat' dir='ltr'><strong>ei</strong></span> <span class='ocrx_word' id='word_1_539' title='bbox 2040 4304 2129 4342; x_wconf 88' lang='lat' dir='ltr'><strong>va-</strong></span> 
     </span>
    </p>
   </div>
   <div class='ocr_carea' id='block_1_74' title="bbox 538 4373 2131 4444">
    <p class='ocr_par' dir='ltr' id='par_1_74' title="bbox 538 4373 2131 4444">
     <span class='ocr_line' id='line_1_74' title="bbox 538 4373 2131 4444; baseline 0.001 -10"><span class='ocrx_word' id='word_1_540' title='bbox 538 4378 649 4435; x_wconf 90' lang='lat' dir='ltr'><strong>rias</strong></span> <span class='ocrx_word' id='word_1_541' title='bbox 677 4378 968 4444; x_wconf 88' lang='lat' dir='ltr'><strong>excitabat,</strong></span> <span class='ocrx_word' id='word_1_542' title='bbox 1000 4375 1047 4431; x_wconf 89' lang='lat' dir='ltr'><strong>si</strong></span> <span class='ocrx_word' id='word_1_543' title='bbox 1087 4373 1269 4432; x_wconf 87' lang='lat' dir='ltr'><strong>forsan</strong></span> <span class='ocrx_word' id='word_1_544' title='bbox 1311 4379 1569 4433; x_wconf 88' lang='lat' dir='ltr'><strong>adversus</strong></span> <span class='ocrx_word' id='word_1_545' title='bbox 1607 4394 1729 4435; x_wconf 89' lang='lat' dir='ltr'><strong>eum</strong></span> <span class='ocrx_word' id='word_1_546' title='bbox 1785 4379 1992 4435; x_wconf 84' lang='lat' dir='ltr'><strong>fraudis</strong></span> <span class='ocrx_word' id='word_1_547' title='bbox 2019 4395 2131 4436; x_wconf 83' lang='lat' dir='ltr'><strong>suae</strong></span> 
     </span>
    </p>
   </div>
   <div class='ocr_carea' id='block_1_75' title="bbox 538 4470 2132 4543">
    <p class='ocr_par' dir='ltr' id='par_1_75' title="bbox 538 4470 2132 4543">
     <span class='ocr_line' id='line_1_75' title="bbox 538 4470 2132 4543; baseline -0.001 -14"><span class='ocrx_word' id='word_1_548' title='bbox 538 4473 831 4543; x_wconf 87' lang='lat' dir='ltr'><strong>reperisset</strong></span> <span class='ocrx_word' id='word_1_549' title='bbox 852 4472 1175 4542; x_wconf 89' lang='lat' dir='ltr'><strong>ingressum.</strong></span> <span class='ocrx_word' id='word_1_550' title='bbox 1207 4470 1315 4527; x_wconf 90' lang='lat' dir='ltr'><strong>Sed</strong></span> <span class='ocrx_word' id='word_1_551' title='bbox 1344 4471 1433 4526; x_wconf 92' lang='lat' dir='ltr'><strong>hic</strong></span> <span class='ocrx_word' id='word_1_552' title='bbox 1463 4481 1617 4527; x_wconf 88' lang='lat' dir='ltr'><strong>scuto</strong></span> <span class='ocrx_word' id='word_1_553' title='bbox 1667 4472 1791 4529; x_wconf 80' lang='lat' dir='ltr'><strong>fidei</strong></span> <span class='ocrx_word' id='word_1_554' title='bbox 1832 4474 2132 4530; x_wconf 91' lang='lat' dir='ltr'><strong>communi-</strong></span> 
     </span>
    </p>
   </div>
   <div class='ocr_carea' id='block_1_76' title="bbox 540 4563 2131 4633">
    <p class='ocr_par' dir='ltr' id='par_1_76' title="bbox 540 4563 2131 4633">
     <span class='ocr_line' id='line_1_76' title="bbox 540 4563 2131 4633; baseline 0.003 -13"><span class='ocrx_word' id='word_1_555' title='bbox 540 4572 651 4631; x_wconf 86' lang='lat' dir='ltr'><strong>tus,</strong></span> <span class='ocrx_word' id='word_1_556' title='bbox 707 4563 987 4633; x_wconf 85' lang='lat' dir='ltr'><strong>vigilanter</strong></span> <span class='ocrx_word' id='word_1_557' title='bbox 1033 4563 1237 4620; x_wconf 91' lang='lat' dir='ltr'><strong>inimici</strong></span> <span class='ocrx_word' id='word_1_558' title='bbox 1290 4563 1594 4620; x_wconf 85' lang='lat' dir='ltr'><strong>declinabat</strong></span> <span class='ocrx_word' id='word_1_559' title='bbox 1646 4564 1889 4632; x_wconf 89' lang='lat' dir='ltr'><strong>insidias,</strong></span> <span class='ocrx_word' id='word_1_560' title='bbox 1917 4579 2131 4625; x_wconf 88' lang='lat' dir='ltr'><strong>sanctas</strong></span> 
     </span>
    </p>
   </div>
   <div class='ocr_carea' id='block_1_77' title="bbox 540 4654 1929 4725">
    <p class='ocr_par' dir='ltr' id='par_1_77' title="bbox 540 4654 1929 4725">
     <span class='ocr_line' id='line_1_77' title="bbox 540 4654 1929 4725; baseline 0.004 -14"><span class='ocrx_word' id='word_1_561' title='bbox 540 4654 849 4724; x_wconf 75' lang='lat' dir='ltr'><strong>Scriptores</strong></span> <span class='ocrx_word' id='word_1_562' title='bbox 876 4656 1137 4711; x_wconf 87' lang='lat' dir='ltr'><strong>memoria</strong></span> <span class='ocrx_word' id='word_1_563' title='bbox 1160 4655 1400 4713; x_wconf 84' lang='lat' dir='ltr'><strong>retinens</strong></span> <span class='ocrx_word' id='word_1_564' title='bbox 1424 4667 1583 4725; x_wconf 89' lang='lat' dir='ltr'><strong>atque</strong></span> <span class='ocrx_word' id='word_1_565' title='bbox 1611 4657 1929 4716; x_wconf 78' lang='lat' dir='ltr'><strong>decantatis.</strong></span> 
     </span>
    </p>
   </div>
   <div class='ocr_carea' id='block_1_78' title="bbox 610 4746 2126 4817">
    <p class='ocr_par' dir='ltr' id='par_1_78' title="bbox 610 4746 2126 4817">
     <span class='ocr_line' id='line_1_78' title="bbox 610 4746 2126 4817; baseline 0.006 -14"><span class='ocrx_word' id='word_1_566' title='bbox 610 4747 739 4804; x_wconf 74' lang='lat' dir='ltr'><strong>CAP.</strong></span> <span class='ocrx_word' id='word_1_567' title='bbox 776 4746 1256 4817; x_wconf 78' lang='lat' dir='ltr'><strong>XVll.—Quadam</strong></span> <span class='ocrx_word' id='word_1_568' title='bbox 1304 4767 1433 4808; x_wconf 90' lang='lat' dir='ltr'><strong>vero</strong></span> <span class='ocrx_word' id='word_1_569' title='bbox 1480 4753 1587 4817; x_wconf 85' lang='lat' dir='ltr'><strong>die,</strong></span> <span class='ocrx_word' id='word_1_570' title='bbox 1640 4769 1758 4808; x_wconf 93' lang='lat' dir='ltr'><strong>cum</strong></span> <span class='ocrx_word' id='word_1_571' title='bbox 1810 4754 2126 4812; x_wconf 85' lang='lat' dir='ltr'><strong>Pachomius</strong></span> 
     </span>
    </p>
   </div>
   <div class='ocr_carea' id='block_1_79' title="bbox 540 4838 2130 4914">
    <p class='ocr_par' dir='ltr' id='par_1_79' title="bbox 540 4838 2130 4914">
     <span class='ocr_line' id='line_1_79' title="bbox 540 4838 2130 4914; baseline 0.006 -18"><span class='ocrx_word' id='word_1_572' title='bbox 540 4839 873 4911; x_wconf 85' lang='lat' dir='ltr'><strong>supplicaret</strong></span> <span class='ocrx_word' id='word_1_573' title='bbox 902 4838 1153 4908; x_wconf 88' lang='lat' dir='ltr'><strong>Domino,</strong></span> <span class='ocrx_word' id='word_1_574' title='bbox 1184 4849 1240 4897; x_wconf 89' lang='lat' dir='ltr'><strong>et</strong></span> <span class='ocrx_word' id='word_1_575' title='bbox 1265 4858 1437 4914; x_wconf 89' lang='lat' dir='ltr'><strong>genua</strong></span> <span class='ocrx_word' id='word_1_576' title='bbox 1470 4846 1628 4900; x_wconf 84' lang='lat' dir='ltr'><strong>vellet</strong></span> <span class='ocrx_word' id='word_1_577' title='bbox 1658 4846 1711 4900; x_wconf 90' lang='lat' dir='ltr'><strong>in</strong></span> <span class='ocrx_word' id='word_1_578' title='bbox 1747 4847 1987 4904; x_wconf 90' lang='lat' dir='ltr'><strong>oratione</strong></span> <span class='ocrx_word' id='word_1_579' title='bbox 2007 4860 2130 4905; x_wconf 87' lang='lat' dir='ltr'><strong>cur-</strong></span> 
     </span>
    </p>
   </div>
   <div class='ocr_carea' id='block_1_80' title="bbox 538 4934 2129 5011">
    <p class='ocr_par' dir='ltr' id='par_1_80' title="bbox 538 4934 2129 5011">
     <span class='ocr_line' id='line_1_80' title="bbox 538 4934 2129 5011; baseline 0.004 -22"><span class='ocrx_word' id='word_1_580' title='bbox 538 4946 691 4999; x_wconf 87' lang='lat' dir='ltr'><strong>vare,</strong></span> <span class='ocrx_word' id='word_1_581' title='bbox 714 4940 842 4987; x_wconf 85' lang='lat' dir='ltr'><strong>ante</strong></span> <span class='ocrx_word' id='word_1_582' title='bbox 869 4943 1220 5003; x_wconf 88' lang='lat' dir='ltr'><strong>conspectum</strong></span> <span class='ocrx_word' id='word_1_583' title='bbox 1246 4934 1362 5003; x_wconf 90' lang='lat' dir='ltr'><strong>ejus</strong></span> <span class='ocrx_word' id='word_1_584' title='bbox 1388 4936 1693 4991; x_wconf 72' lang='lat' dir='ltr'><strong>daemonum</strong></span> <span class='ocrx_word' id='word_1_585' title='bbox 1739 4941 2022 5011; x_wconf 65' lang='lat' dir='ltr'><strong>praestigiis</strong></span> <span class='ocrx_word' id='word_1_586' title='bbox 2051 4942 2129 4996; x_wconf 87' lang='lat' dir='ltr'><strong>la-</strong></span> 
     </span>
    </p>
   </div>
   <div class='ocr_carea' id='block_1_81' title="bbox 537 5023 2130 5099">
    <p class='ocr_par' dir='ltr' id='par_1_81' title="bbox 537 5023 2130 5099">
     <span class='ocr_line' id='line_1_81' title="bbox 537 5023 2130 5099; baseline 0.004 -18"><span class='ocrx_word' id='word_1_587' title='bbox 537 5039 636 5081; x_wconf 87' lang='lat' dir='ltr'><strong>cus</strong></span> <span class='ocrx_word' id='word_1_588' title='bbox 668 5026 936 5096; x_wconf 88' lang='lat' dir='ltr'><strong>apparuit.</strong></span> <span class='ocrx_word' id='word_1_589' title='bbox 984 5023 1371 5095; x_wconf 81' lang='lat' dir='ltr'><strong>Hujuscemodi</strong></span> <span class='ocrx_word' id='word_1_590' title='bbox 1421 5042 1651 5099; x_wconf 91' lang='lat' dir='ltr'><strong>namque</strong></span> <span class='ocrx_word' id='word_1_591' title='bbox 1701 5029 1898 5099; x_wconf 84' lang='lat' dir='ltr'><strong>figuras</strong></span> <span class='ocrx_word' id='word_1_592' title='bbox 1940 5032 2130 5088; x_wconf 88' lang='lat' dir='ltr'><strong>inanes</strong></span> 
     </span>
    </p>
   </div>
   <div class='ocr_carea' id='block_1_82' title="bbox 542 5116 2129 5193">
    <p class='ocr_par' dir='ltr' id='par_1_82' title="bbox 542 5116 2129 5193">
     <span class='ocr_line' id='line_1_82' title="bbox 542 5116 2129 5193; baseline 0.005 -22"><span class='ocrx_word' id='word_1_593' title='bbox 542 5126 706 5187; x_wconf 85' lang='lat' dir='ltr'><strong>atque</strong></span> <span class='ocrx_word' id='word_1_594' title='bbox 732 5116 1056 5188; x_wconf 86' lang='lat' dir='ltr'><strong>superﬂuas,</strong></span> <span class='ocrx_word' id='word_1_595' title='bbox 1100 5116 1269 5173; x_wconf 89' lang='lat' dir='ltr'><strong>hostis</strong></span> <span class='ocrx_word' id='word_1_596' title='bbox 1301 5117 1517 5174; x_wconf 90' lang='lat' dir='ltr'><strong>humani</strong></span> <span class='ocrx_word' id='word_1_597' title='bbox 1560 5125 1772 5190; x_wconf 90' lang='lat' dir='ltr'><strong>generis</strong></span> <span class='ocrx_word' id='word_1_598' title='bbox 1798 5138 2011 5193; x_wconf 89' lang='lat' dir='ltr'><strong>semper</strong></span> <span class='ocrx_word' id='word_1_599' title='bbox 2030 5138 2129 5179; x_wconf 85' lang='lat' dir='ltr'><strong>ex-</strong></span> 
     </span>
    </p>
   </div>
   <div class='ocr_carea' id='block_1_83' title="bbox 539 5209 2145 5284">
    <p class='ocr_par' dir='ltr' id='par_1_83' title="bbox 539 5209 2145 5284">
     <span class='ocr_line' id='line_1_83' title="bbox 539 5209 2145 5284; baseline 0.005 -20"><span class='ocrx_word' id='word_1_600' title='bbox 539 5209 735 5266; x_wconf 90' lang='lat' dir='ltr'><strong>hibere</strong></span> <span class='ocrx_word' id='word_1_601' title='bbox 761 5209 1074 5277; x_wconf 87' lang='lat' dir='ltr'><strong>festinabat,</strong></span> <span class='ocrx_word' id='word_1_602' title='bbox 1109 5219 1167 5266; x_wconf 90' lang='lat' dir='ltr'><strong>ut</strong></span> <span class='ocrx_word' id='word_1_603' title='bbox 1193 5211 1371 5282; x_wconf 89' lang='lat' dir='ltr'><strong>aliqua</strong></span> <span class='ocrx_word' id='word_1_604' title='bbox 1417 5213 1759 5284; x_wconf 86' lang='lat' dir='ltr'><strong>subreptione</strong></span> <span class='ocrx_word' id='word_1_605' title='bbox 1810 5216 1893 5271; x_wconf 90' lang='lat' dir='ltr'><strong>vel</strong></span> <span class='ocrx_word' id='word_1_606' title='bbox 1945 5217 2145 5273; x_wconf 27' lang='lat' dir='ltr'><strong>fraude.</strong></span> 
     </span>
    </p>
   </div>
   <div class='ocr_carea' id='block_1_84' title="bbox 542 5303 2131 5375">
    <p class='ocr_par' dir='ltr' id='par_1_84' title="bbox 542 5303 2131 5375">
     <span class='ocr_line' id='line_1_84' title="bbox 542 5303 2131 5375; baseline 0.005 -20"><span class='ocrx_word' id='word_1_607' title='bbox 542 5315 701 5356; x_wconf 85' lang='lat' dir='ltr'><strong>mens</strong></span> <span class='ocrx_word' id='word_1_608' title='bbox 728 5304 937 5359; x_wconf 88' lang='lat' dir='ltr'><strong>orantis</strong></span> <span class='ocrx_word' id='word_1_609' title='bbox 975 5318 1005 5357; x_wconf 91' lang='lat' dir='ltr'><strong>a</strong></span> <span class='ocrx_word' id='word_1_610' title='bbox 1036 5303 1248 5374; x_wconf 90' lang='lat' dir='ltr'><strong>propria</strong></span> <span class='ocrx_word' id='word_1_611' title='bbox 1280 5303 1579 5359; x_wconf 90' lang='lat' dir='ltr'><strong>intentione</strong></span> <span class='ocrx_word' id='word_1_612' title='bbox 1618 5304 1895 5373; x_wconf 90' lang='lat' dir='ltr'><strong>distracta,</strong></span> <span class='ocrx_word' id='word_1_613' title='bbox 1946 5322 2131 5375; x_wconf 85' lang='lat' dir='ltr'><strong>preces</strong></span> 
     </span>
    </p>
   </div>
   <div class='ocr_carea' id='block_1_85' title="bbox 541 5393 2129 5469">
    <p class='ocr_par' dir='ltr' id='par_1_85' title="bbox 541 5393 2129 5469">
     <span class='ocr_line' id='line_1_85' title="bbox 541 5393 2129 5469; baseline 0.005 -18"><span class='ocrx_word' id='word_1_614' title='bbox 541 5393 772 5451; x_wconf 91' lang='lat' dir='ltr'><strong>Domino</strong></span> <span class='ocrx_word' id='word_1_615' title='bbox 820 5395 1133 5465; x_wconf 85' lang='lat' dir='ltr'><strong>purissimas</strong></span> <span class='ocrx_word' id='word_1_616' title='bbox 1182 5397 1377 5455; x_wconf 89' lang='lat' dir='ltr'><strong>oﬂ&#39;erre</strong></span> <span class='ocrx_word' id='word_1_617' title='bbox 1424 5414 1527 5455; x_wconf 91' lang='lat' dir='ltr'><strong>non</strong></span> <span class='ocrx_word' id='word_1_618' title='bbox 1555 5408 1755 5469; x_wconf 90' lang='lat' dir='ltr'><strong>posset.</strong></span> <span class='ocrx_word' id='word_1_619' title='bbox 1807 5399 2129 5459; x_wconf 86' lang='lat' dir='ltr'><strong>Pachomius</strong></span> 
     </span>
    </p>
   </div>
   <div class='ocr_carea' id='block_1_86' title="bbox 545 5487 2129 5563">
    <p class='ocr_par' dir='ltr' id='par_1_86' title="bbox 545 5487 2129 5563">
     <span class='ocr_line' id='line_1_86' title="bbox 545 5487 2129 5563; baseline 0.002 -17"><span class='ocrx_word' id='word_1_620' title='bbox 545 5503 679 5560; x_wconf 88' lang='lat' dir='ltr'><strong>ergo</strong></span> <span class='ocrx_word' id='word_1_621' title='bbox 708 5487 1011 5546; x_wconf 66' lang='lat' dir='ltr'><strong>daemonum</strong></span> <span class='ocrx_word' id='word_1_622' title='bbox 1040 5492 1338 5561; x_wconf 90' lang='lat' dir='ltr'><strong>machinas,</strong></span> <span class='ocrx_word' id='word_1_623' title='bbox 1366 5492 1584 5548; x_wconf 87' lang='lat' dir='ltr'><strong>Christo</strong></span> <span class='ocrx_word' id='word_1_624' title='bbox 1634 5493 1904 5549; x_wconf 80' lang='lat' dir='ltr'><strong>revelante</strong></span> <span class='ocrx_word' id='word_1_625' title='bbox 1931 5510 2129 5563; x_wconf 85' lang='lat' dir='ltr'><strong>cogno-</strong></span> 
     </span>
    </p>
   </div>
   <div class='ocr_carea' id='block_1_87' title="bbox 545 5585 2129 5660">
    <p class='ocr_par' dir='ltr' id='par_1_87' title="bbox 545 5585 2129 5660">
     <span class='ocr_line' id='line_1_87' title="bbox 545 5585 2129 5660; baseline 0.004 -21"><span class='ocrx_word' id='word_1_626' title='bbox 545 5596 730 5649; x_wconf 76' lang='lat' dir='ltr'><strong>scens,</strong></span> <span class='ocrx_word' id='word_1_627' title='bbox 751 5585 1057 5654; x_wconf 87' lang='lat' dir='ltr'><strong>pariterque</strong></span> <span class='ocrx_word' id='word_1_628' title='bbox 1080 5585 1404 5657; x_wconf 86' lang='lat' dir='ltr'><strong>despiciens,</strong></span> <span class='ocrx_word' id='word_1_629' title='bbox 1432 5588 1667 5643; x_wconf 82' lang='lat' dir='ltr'><strong>maxima</strong></span> <span class='ocrx_word' id='word_1_630' title='bbox 1709 5588 1833 5644; x_wconf 85' lang='lat' dir='ltr'><strong>fidei</strong></span> <span class='ocrx_word' id='word_1_631' title='bbox 1880 5589 2129 5660; x_wconf 87' lang='lat' dir='ltr'><strong>capiebat</strong></span> 
     </span>
    </p>
   </div>
   <div class='ocr_carea' id='block_1_88' title="bbox 541 5677 2123 5753">
    <p class='ocr_par' dir='ltr' id='par_1_88' title="bbox 541 5677 2123 5753">
     <span class='ocr_line' id='line_1_88' title="bbox 541 5677 2123 5753; baseline 0.006 -22"><span class='ocrx_word' id='word_1_632' title='bbox 541 5684 859 5748; x_wconf 84' lang='lat' dir='ltr'><strong>augmenta;</strong></span> <span class='ocrx_word' id='word_1_633' title='bbox 889 5677 991 5732; x_wconf 88' lang='lat' dir='ltr'><strong>hos</strong></span> <span class='ocrx_word' id='word_1_634' title='bbox 1034 5679 1249 5749; x_wconf 89' lang='lat' dir='ltr'><strong>quidem</strong></span> <span class='ocrx_word' id='word_1_635' title='bbox 1298 5691 1610 5739; x_wconf 87' lang='lat' dir='ltr'><strong>constanter</strong></span> <span class='ocrx_word' id='word_1_636' title='bbox 1659 5697 1908 5753; x_wconf 89' lang='lat' dir='ltr'><strong>arguens,</strong></span> <span class='ocrx_word' id='word_1_637' title='bbox 1956 5683 2123 5741; x_wconf 90' lang='lat' dir='ltr'><strong>Deum</strong></span> 
     </span>
    </p>
   </div>
   <div class='ocr_carea' id='block_1_89' title="bbox 541 5768 1802 5840">
    <p class='ocr_par' dir='ltr' id='par_1_89' title="bbox 541 5768 1802 5840">
     <span class='ocr_line' id='line_1_89' title="bbox 541 5768 1802 5840; baseline 0.006 -17"><span class='ocrx_word' id='word_1_638' title='bbox 541 5781 673 5825; x_wconf 85' lang='lat' dir='ltr'><strong>vero</strong></span> <span class='ocrx_word' id='word_1_639' title='bbox 700 5768 860 5824; x_wconf 86' lang='lat' dir='ltr'><strong>solita</strong></span> <span class='ocrx_word' id='word_1_640' title='bbox 890 5769 1182 5840; x_wconf 85' lang='lat' dir='ltr'><strong>gratiarum</strong></span> <span class='ocrx_word' id='word_1_641' title='bbox 1221 5774 1431 5830; x_wconf 89' lang='lat' dir='ltr'><strong>actione</strong></span> <span class='ocrx_word' id='word_1_642' title='bbox 1460 5774 1802 5833; x_wconf 87' lang='lat' dir='ltr'><strong>benedicens.</strong></span> 
     </span>
    </p>
   </div>
   <div class='ocr_carea' id='block_1_90' title="bbox 611 5859 2120 5942">
    <p class='ocr_par' dir='ltr' id='par_1_90' title="bbox 611 5859 2120 5942">
     <span class='ocr_line' id='line_1_90' title="bbox 611 5859 2120 5942; baseline 0.008 -26"><span class='ocrx_word' id='word_1_643' title='bbox 611 5859 980 5931; x_wconf 76' lang='lat' dir='ltr'><strong>Consueverat</strong></span> <span class='ocrx_word' id='word_1_644' title='bbox 993 5876 1209 5935; x_wconf 80' lang='lat' dir='ltr'><strong>quoque</strong></span> <span class='ocrx_word' id='word_1_645' title='bbox 1223 5875 1440 5923; x_wconf 87' lang='lat' dir='ltr'><strong>sanctus</strong></span> <span class='ocrx_word' id='word_1_646' title='bbox 1465 5867 1545 5924; x_wconf 90' lang='lat' dir='ltr'><strong>vir</strong></span> <span class='ocrx_word' id='word_1_647' title='bbox 1567 5870 1757 5939; x_wconf 88' lang='lat' dir='ltr'><strong>procul</strong></span> <span class='ocrx_word' id='word_1_648' title='bbox 1792 5873 1833 5942; x_wconf 82' lang='lat'><strong>1</strong></span> <span class='ocrx_word' id='word_1_649' title='bbox 1847 5871 1991 5942; x_wconf 79' lang='lat' dir='ltr'><strong>19a</strong></span> <span class='ocrx_word' id='word_1_650' title='bbox 2013 5886 2120 5929; x_wconf 84' lang='lat' dir='ltr'><strong>mo-</strong></span> 
     </span>
    </p>
   </div>
   <div class='ocr_carea' id='block_1_91' title="bbox 2228 3365 3819 3438">
    <p class='ocr_par' dir='ltr' id='par_1_91' title="bbox 2228 3365 3819 3438">
     <span class='ocr_line' id='line_1_91' title="bbox 2228 3365 3819 3438; baseline 0 -14"><span class='ocrx_word' id='word_1_651' title='bbox 2228 3368 2403 3424; x_wconf 90' lang='lat' dir='ltr'><strong>nihilo</strong></span> <span class='ocrx_word' id='word_1_652' title='bbox 2428 3368 2794 3438; x_wconf 89' lang='lat' dir='ltr'><strong>computabat.</strong></span> <span class='ocrx_word' id='word_1_653' title='bbox 2821 3367 2976 3424; x_wconf 91' lang='lat' dir='ltr'><strong>Unde</strong></span> <span class='ocrx_word' id='word_1_654' title='bbox 3005 3368 3313 3437; x_wconf 88' lang='lat' dir='ltr'><strong>frequenter</strong></span> <span class='ocrx_word' id='word_1_655' title='bbox 3334 3366 3403 3421; x_wconf 89' lang='lat' dir='ltr'><strong>ab</strong></span> <span class='ocrx_word' id='word_1_656' title='bbox 3425 3382 3490 3422; x_wconf 93' lang='lat' dir='ltr'><strong>eo</strong></span> <span class='ocrx_word' id='word_1_657' title='bbox 3514 3365 3819 3435; x_wconf 85' lang='lat' dir='ltr'><strong>lacessitus,</strong></span> 
     </span>
    </p>
   </div>
   <div class='ocr_carea' id='block_1_92' title="bbox 2226 3459 3822 3541">
    <p class='ocr_par' dir='ltr' id='par_1_92' title="bbox 2226 3459 3822 3541">
     <span class='ocr_line' id='line_1_92' title="bbox 2226 3459 3822 3541; baseline -0.001 -24"><span class='ocrx_word' id='word_1_658' title='bbox 2226 3462 2280 3517; x_wconf 89' lang='lat' dir='ltr'><strong>in</strong></span> <span class='ocrx_word' id='word_1_659' title='bbox 2300 3462 2448 3541; x_wconf 85' lang='lat' dir='ltr'><strong>nullo</strong></span> <span class='ocrx_word' id='word_1_660' title='bbox 2464 3461 2731 3517; x_wconf 87' lang='lat' dir='ltr'><strong>lacessere</strong></span> <span class='ocrx_word' id='word_1_661' title='bbox 2754 3470 2995 3533; x_wconf 89' lang='lat' dir='ltr'><strong>poterat;</strong></span> <span class='ocrx_word' id='word_1_662' title='bbox 3019 3459 3383 3534; x_wconf 85' lang='lat' dir='ltr'><strong>sed&#39;tanquam</strong></span> <span class='ocrx_word' id='word_1_663' title='bbox 3404 3460 3572 3517; x_wconf 91' lang='lat' dir='ltr'><strong>turris</strong></span> <span class='ocrx_word' id='word_1_664' title='bbox 3592 3461 3822 3529; x_wconf 86' lang='lat' dir='ltr'><strong>inexpu-</strong></span> 
     </span>
    </p>
   </div>
   <div class='ocr_carea' id='block_1_93' title="bbox 2226 3553 3823 3625">
    <p class='ocr_par' dir='ltr' id='par_1_93' title="bbox 2226 3553 3823 3625">
     <span class='ocr_line' id='line_1_93' title="bbox 2226 3553 3823 3625; baseline -0.001 -15"><span class='ocrx_word' id='word_1_665' title='bbox 2226 3554 2483 3625; x_wconf 90' lang='lat' dir='ltr'><strong>gnabilis,</strong></span> <span class='ocrx_word' id='word_1_666' title='bbox 2512 3553 2935 3623; x_wconf 88' lang='lat' dir='ltr'><strong>patientissimus</strong></span> <span class='ocrx_word' id='word_1_667' title='bbox 2963 3554 3033 3609; x_wconf 91' lang='lat' dir='ltr'><strong>ad</strong></span> <span class='ocrx_word' id='word_1_668' title='bbox 3090 3553 3269 3609; x_wconf 87' lang='lat' dir='ltr'><strong>omnia</strong></span> <span class='ocrx_word' id='word_1_669' title='bbox 3298 3553 3595 3609; x_wconf 87' lang='lat' dir='ltr'><strong>certamina</strong></span> <span class='ocrx_word' id='word_1_670' title='bbox 3626 3554 3823 3624; x_wconf 87' lang='lat' dir='ltr'><strong>perdu-</strong></span> 
     </span>
    </p>
   </div>
   <div class='ocr_carea' id='block_1_94' title="bbox 2230 3649 2402 3703">
    <p class='ocr_par' dir='ltr' id='par_1_94' title="bbox 2230 3649 2402 3703">
     <span class='ocr_line' id='line_1_94' title="bbox 2230 3649 2402 3703; baseline 0.006 -1"><span class='ocrx_word' id='word_1_671' title='bbox 2230 3649 2402 3703; x_wconf 86' lang='lat' dir='ltr'><strong>rahat.</strong></span> 
     </span>
    </p>
   </div>
   <div class='ocr_carea' id='block_1_95' title="bbox 2300 3737 3822 3811">
    <p class='ocr_par' dir='ltr' id='par_1_95' title="bbox 2300 3737 3822 3811">
     <span class='ocr_line' id='line_1_95' title="bbox 2300 3737 3822 3811; baseline 0.001 -18"><span class='ocrx_word' id='word_1_672' title='bbox 2300 3739 2505 3794; x_wconf 82' lang='lat' dir='ltr'><strong>Rursus</strong></span> <span class='ocrx_word' id='word_1_673' title='bbox 2530 3738 2635 3793; x_wconf 90' lang='lat' dir='ltr'><strong>alio</strong></span> <span class='ocrx_word' id='word_1_674' title='bbox 2668 3749 2903 3809; x_wconf 91' lang='lat' dir='ltr'><strong>tempore</strong></span> <span class='ocrx_word' id='word_1_675' title='bbox 2942 3737 3191 3793; x_wconf 88' lang='lat' dir='ltr'><strong>cohortes</strong></span> <span class='ocrx_word' id='word_1_676' title='bbox 3220 3738 3547 3807; x_wconf 76' lang='lat' dir='ltr'><strong>daemonum,</strong></span> <span class='ocrx_word' id='word_1_677' title='bbox 3583 3739 3678 3793; x_wconf 91' lang='lat' dir='ltr'><strong>tali</strong></span> <span class='ocrx_word' id='word_1_678' title='bbox 3724 3755 3822 3811; x_wconf 85' lang='lat' dir='ltr'><strong>ge-</strong></span> 
     </span>
    </p>
   </div>
   <div class='ocr_carea' id='block_1_96' title="bbox 2231 3827 3821 3901">
    <p class='ocr_par' dir='ltr' id='par_1_96' title="bbox 2231 3827 3821 3901">
     <span class='ocr_line' id='line_1_96' title="bbox 2231 3827 3821 3901; baseline 0.001 -17"><span class='ocrx_word' id='word_1_679' title='bbox 2231 3845 2359 3885; x_wconf 89' lang='lat' dir='ltr'><strong>nere</strong></span> <span class='ocrx_word' id='word_1_680' title='bbox 2383 3830 2767 3901; x_wconf 83' lang='lat' dir='ltr'><strong>phantasmatis</strong></span> <span class='ocrx_word' id='word_1_681' title='bbox 2797 3839 3039 3884; x_wconf 89' lang='lat' dir='ltr'><strong>sanctum</strong></span> <span class='ocrx_word' id='word_1_682' title='bbox 3070 3828 3160 3884; x_wconf 90' lang='lat' dir='ltr'><strong>Dei</strong></span> <span class='ocrx_word' id='word_1_683' title='bbox 3183 3827 3442 3885; x_wconf 85' lang='lat' dir='ltr'><strong>famulum</strong></span> <span class='ocrx_word' id='word_1_684' title='bbox 3466 3839 3673 3885; x_wconf 86' lang='lat' dir='ltr'><strong>tentare</strong></span> <span class='ocrx_word' id='word_1_685' title='bbox 3702 3847 3821 3885; x_wconf 84' lang='lat' dir='ltr'><strong>mo-</strong></span> 
     </span>
    </p>
   </div>
   <div class='ocr_carea' id='block_1_97' title="bbox 2233 3922 3820 3991">
    <p class='ocr_par' dir='ltr' id='par_1_97' title="bbox 2233 3922 3820 3991">
     <span class='ocr_line' id='line_1_97' title="bbox 2233 3922 3820 3991; baseline 0 -14"><span class='ocrx_word' id='word_1_686' title='bbox 2233 3922 2452 3977; x_wconf 90' lang='lat' dir='ltr'><strong>liuntur.</strong></span> <span class='ocrx_word' id='word_1_687' title='bbox 2494 3923 2679 3978; x_wconf 87' lang='lat' dir='ltr'><strong>Plures</strong></span> <span class='ocrx_word' id='word_1_688' title='bbox 2709 3922 2852 3977; x_wconf 89' lang='lat' dir='ltr'><strong>enim</strong></span> <span class='ocrx_word' id='word_1_689' title='bbox 2889 3923 3266 3979; x_wconf 87' lang='lat' dir='ltr'><strong>convenientes</strong></span> <span class='ocrx_word' id='word_1_690' title='bbox 3308 3922 3365 3977; x_wconf 90' lang='lat' dir='ltr'><strong>in</strong></span> <span class='ocrx_word' id='word_1_691' title='bbox 3395 3938 3579 3991; x_wconf 89' lang='lat' dir='ltr'><strong>unum,</strong></span> <span class='ocrx_word' id='word_1_692' title='bbox 3606 3922 3820 3977; x_wconf 91' lang='lat' dir='ltr'><strong>arboris</strong></span> 
     </span>
    </p>
   </div>
   <div class='ocr_carea' id='block_1_98' title="bbox 2232 4012 3816 4085">
    <p class='ocr_par' dir='ltr' id='par_1_98' title="bbox 2232 4012 3816 4085">
     <span class='ocr_line' id='line_1_98' title="bbox 2232 4012 3816 4085; baseline 0 -17"><span class='ocrx_word' id='word_1_693' title='bbox 2232 4014 2417 4069; x_wconf 89' lang='lat' dir='ltr'><strong>folium</strong></span> <span class='ocrx_word' id='word_1_694' title='bbox 2441 4030 2619 4069; x_wconf 87' lang='lat' dir='ltr'><strong>coram</strong></span> <span class='ocrx_word' id='word_1_695' title='bbox 2646 4029 2711 4069; x_wconf 90' lang='lat' dir='ltr'><strong>eo</strong></span> <span class='ocrx_word' id='word_1_696' title='bbox 2733 4014 2940 4083; x_wconf 87' lang='lat' dir='ltr'><strong>magnis</strong></span> <span class='ocrx_word' id='word_1_697' title='bbox 2969 4012 3180 4069; x_wconf 87' lang='lat' dir='ltr'><strong>funibus</strong></span> <span class='ocrx_word' id='word_1_698' title='bbox 3200 4014 3456 4085; x_wconf 89' lang='lat' dir='ltr'><strong>colligare</strong></span> <span class='ocrx_word' id='word_1_699' title='bbox 3477 4013 3816 4078; x_wconf 88' lang='lat' dir='ltr'><strong>videbantur,</strong></span> 
     </span>
    </p>
   </div>
   <div class='ocr_carea' id='block_1_99' title="bbox 2232 4108 3822 4178">
    <p class='ocr_par' dir='ltr' id='par_1_99' title="bbox 2232 4108 3822 4178">
     <span class='ocr_line' id='line_1_99' title="bbox 2232 4108 3822 4178; baseline 0.001 -17"><span class='ocrx_word' id='word_1_700' title='bbox 2232 4115 2287 4161; x_wconf 92' lang='lat' dir='ltr'><strong>et</strong></span> <span class='ocrx_word' id='word_1_701' title='bbox 2332 4122 2541 4163; x_wconf 91' lang='lat' dir='ltr'><strong>summo</strong></span> <span class='ocrx_word' id='word_1_702' title='bbox 2569 4109 2853 4163; x_wconf 85' lang='lat' dir='ltr'><strong>conamine</strong></span> <span class='ocrx_word' id='word_1_703' title='bbox 2882 4108 3094 4163; x_wconf 89' lang='lat' dir='ltr'><strong>trahere</strong></span> <span class='ocrx_word' id='word_1_704' title='bbox 3118 4150 3134 4175; x_wconf 95' lang='lat'><strong>,</strong></span> <span class='ocrx_word' id='word_1_705' title='bbox 3163 4108 3349 4163; x_wconf 77' lang='lat' dir='ltr'><strong>dextra</strong></span> <span class='ocrx_word' id='word_1_706' title='bbox 3379 4109 3615 4178; x_wconf 72' lang='lat' dir='ltr'><strong>laevaque</strong></span> <span class='ocrx_word' id='word_1_707' title='bbox 3644 4108 3822 4164; x_wconf 84' lang='lat' dir='ltr'><strong>duetis</strong></span> 
     </span>
    </p>
   </div>
   <div class='ocr_carea' id='block_1_100' title="bbox 2233 4201 3823 4269">
    <p class='ocr_par' dir='ltr' id='par_1_100' title="bbox 2233 4201 3823 4269">
     <span class='ocr_line' id='line_1_100' title="bbox 2233 4201 3823 4269; baseline 0 -14"><span class='ocrx_word' id='word_1_708' title='bbox 2233 4201 2536 4267; x_wconf 89' lang='lat' dir='ltr'><strong>ordinibus;</strong></span> <span class='ocrx_word' id='word_1_709' title='bbox 2579 4217 2643 4256; x_wconf 89' lang='lat' dir='ltr'><strong>ac</strong></span> <span class='ocrx_word' id='word_1_710' title='bbox 2680 4216 2802 4257; x_wconf 87' lang='lat' dir='ltr'><strong>sese</strong></span> <span class='ocrx_word' id='word_1_711' title='bbox 2833 4212 3016 4255; x_wconf 91' lang='lat' dir='ltr'><strong>mutuo</strong></span> <span class='ocrx_word' id='word_1_712' title='bbox 3046 4201 3421 4269; x_wconf 87' lang='lat' dir='ltr'><strong>cohortantes,</strong></span> <span class='ocrx_word' id='word_1_713' title='bbox 3450 4202 3529 4257; x_wconf 86' lang='lat' dir='ltr'><strong>sic</strong></span> <span class='ocrx_word' id='word_1_714' title='bbox 3570 4204 3823 4257; x_wconf 89' lang='lat' dir='ltr'><strong>insistere</strong></span> 
     </span>
    </p>
   </div>
   <div class='ocr_carea' id='block_1_101' title="bbox 2235 4293 3822 4363">
    <p class='ocr_par' dir='ltr' id='par_1_101' title="bbox 2235 4293 3822 4363">
     <span class='ocr_line' id='line_1_101' title="bbox 2235 4293 3822 4363; baseline 0.001 -16"><span class='ocrx_word' id='word_1_715' title='bbox 2235 4293 2561 4359; x_wconf 88' lang='lat' dir='ltr'><strong>nitebantur,</strong></span> <span class='ocrx_word' id='word_1_716' title='bbox 2584 4309 2647 4348; x_wconf 92' lang='lat' dir='ltr'><strong>ac</strong></span> <span class='ocrx_word' id='word_1_717' title='bbox 2677 4294 2719 4347; x_wconf 93' lang='lat' dir='ltr'><strong>si</strong></span> <span class='ocrx_word' id='word_1_718' title='bbox 2750 4293 2924 4363; x_wconf 86' lang='lat' dir='ltr'><strong>magni</strong></span> <span class='ocrx_word' id='word_1_719' title='bbox 2952 4294 3141 4363; x_wconf 90' lang='lat' dir='ltr'><strong>lapidis</strong></span> <span class='ocrx_word' id='word_1_720' title='bbox 3172 4304 3454 4349; x_wconf 88' lang='lat' dir='ltr'><strong>moverent</strong></span> <span class='ocrx_word' id='word_1_721' title='bbox 3485 4293 3694 4362; x_wconf 90' lang='lat' dir='ltr'><strong>pondus</strong></span> <span class='ocrx_word' id='word_1_722' title='bbox 3719 4294 3822 4348; x_wconf 87' lang='lat' dir='ltr'><strong>im-</strong></span> 
     </span>
    </p>
   </div>
   <div class='ocr_carea' id='block_1_102' title="bbox 2234 4382 3823 4455">
    <p class='ocr_par' dir='ltr' id='par_1_102' title="bbox 2234 4382 3823 4455">
     <span class='ocr_line' id='line_1_102' title="bbox 2234 4382 3823 4455; baseline -0.001 -15"><span class='ocrx_word' id='word_1_723' title='bbox 2234 4401 2502 4441; x_wconf 86' lang='lat' dir='ltr'><strong>mensum.</strong></span> <span class='ocrx_word' id='word_1_724' title='bbox 2552 4385 2666 4439; x_wconf 89' lang='lat' dir='ltr'><strong>Hoc</strong></span> <span class='ocrx_word' id='word_1_725' title='bbox 2710 4395 2885 4439; x_wconf 85' lang='lat' dir='ltr'><strong>autem</strong></span> <span class='ocrx_word' id='word_1_726' title='bbox 2920 4384 3229 4454; x_wconf 89' lang='lat' dir='ltr'><strong>nequissimi</strong></span> <span class='ocrx_word' id='word_1_727' title='bbox 3258 4385 3476 4455; x_wconf 89' lang='lat' dir='ltr'><strong>spiritus</strong></span> <span class='ocrx_word' id='word_1_728' title='bbox 3516 4383 3718 4439; x_wconf 91' lang='lat' dir='ltr'><strong>idcirco</strong></span> <span class='ocrx_word' id='word_1_729' title='bbox 3744 4382 3823 4439; x_wconf 86' lang='lat' dir='ltr'><strong>fa-</strong></span> 
     </span>
    </p>
   </div>
   <div class='ocr_carea' id='block_1_103' title="bbox 2234 4475 3824 4545">
    <p class='ocr_par' dir='ltr' id='par_1_103' title="bbox 2234 4475 3824 4545">
     <span class='ocr_line' id='line_1_103' title="bbox 2234 4475 3824 4545; baseline 0.001 -14"><span class='ocrx_word' id='word_1_730' title='bbox 2234 4476 2467 4539; x_wconf 90' lang='lat' dir='ltr'><strong>ciebant,</strong></span> <span class='ocrx_word' id='word_1_731' title='bbox 2499 4485 2557 4530; x_wconf 93' lang='lat' dir='ltr'><strong>ut</strong></span> <span class='ocrx_word' id='word_1_732' title='bbox 2598 4483 2829 4531; x_wconf 86' lang='lat' dir='ltr'><strong>mentem</strong></span> <span class='ocrx_word' id='word_1_733' title='bbox 2858 4476 2997 4545; x_wconf 89' lang='lat' dir='ltr'><strong>ejus,</strong></span> <span class='ocrx_word' id='word_1_734' title='bbox 3028 4476 3072 4531; x_wconf 91' lang='lat' dir='ltr'><strong>si</strong></span> <span class='ocrx_word' id='word_1_735' title='bbox 3120 4486 3356 4545; x_wconf 84' lang='lat' dir='ltr'><strong>possent,</strong></span> <span class='ocrx_word' id='word_1_736' title='bbox 3388 4477 3439 4531; x_wconf 93' lang='lat' dir='ltr'><strong>in</strong></span> <span class='ocrx_word' id='word_1_737' title='bbox 3486 4475 3656 4531; x_wconf 91' lang='lat' dir='ltr'><strong>risum</strong></span> <span class='ocrx_word' id='word_1_738' title='bbox 3686 4475 3824 4532; x_wconf 88' lang='lat' dir='ltr'><strong>forte</strong></span> 
     </span>
    </p>
   </div>
   <div class='ocr_carea' id='block_1_104' title="bbox 2236 4568 3822 4639">
    <p class='ocr_par' dir='ltr' id='par_1_104' title="bbox 2236 4568 3822 4639">
     <span class='ocr_line' id='line_1_104' title="bbox 2236 4568 3822 4639; baseline 0.001 -16"><span class='ocrx_word' id='word_1_739' title='bbox 2236 4570 2603 4635; x_wconf 90' lang='lat' dir='ltr'><strong>resolverent,</strong></span> <span class='ocrx_word' id='word_1_740' title='bbox 2636 4577 2692 4622; x_wconf 92' lang='lat' dir='ltr'><strong>et</strong></span> <span class='ocrx_word' id='word_1_741' title='bbox 2741 4568 3047 4624; x_wconf 89' lang='lat' dir='ltr'><strong>invenirent</strong></span> <span class='ocrx_word' id='word_1_742' title='bbox 3088 4569 3229 4625; x_wconf 90' lang='lat' dir='ltr'><strong>unde</strong></span> <span class='ocrx_word' id='word_1_743' title='bbox 3285 4570 3359 4625; x_wconf 90' lang='lat' dir='ltr'><strong>illi</strong></span> <span class='ocrx_word' id='word_1_744' title='bbox 3409 4570 3822 4639; x_wconf 84' lang='lat' dir='ltr'><strong>exprobrarent.</strong></span> 
     </span>
    </p>
   </div>
   <div class='ocr_carea' id='block_1_105' title="bbox 2154 4653 3822 4734">
    <p class='ocr_par' dir='ltr' id='par_1_105' title="bbox 2154 4653 3822 4734">
     <span class='ocr_line' id='line_1_105' title="bbox 2154 4653 3822 4734; baseline 0.001 -19"><span class='ocrx_word' id='word_1_745' title='bbox 2154 4653 2208 4715; x_wconf 86' lang='lat' dir='ltr'><strong>D</strong></span> <span class='ocrx_word' id='word_1_746' title='bbox 2236 4662 2472 4728; x_wconf 85' lang='lat' dir='ltr'><strong>Quorum</strong></span> <span class='ocrx_word' id='word_1_747' title='bbox 2505 4660 2827 4717; x_wconf 89' lang='lat' dir='ltr'><strong>Pachomius</strong></span> <span class='ocrx_word' id='word_1_748' title='bbox 2848 4661 3234 4731; x_wconf 90' lang='lat' dir='ltr'><strong>impudentiam</strong></span> <span class='ocrx_word' id='word_1_749' title='bbox 3258 4677 3505 4729; x_wconf 88' lang='lat' dir='ltr'><strong>cernens,</strong></span> <span class='ocrx_word' id='word_1_750' title='bbox 3532 4664 3822 4734; x_wconf 86' lang='lat' dir='ltr'><strong>ingemuit;</strong></span> 
     </span>
    </p>
   </div>
   <div class='ocr_carea' id='block_1_106' title="bbox 2234 4754 3826 4824">
    <p class='ocr_par' dir='ltr' id='par_1_106' title="bbox 2234 4754 3826 4824">
     <span class='ocr_line' id='line_1_106' title="bbox 2234 4754 3826 4824; baseline 0.003 -17"><span class='ocrx_word' id='word_1_751' title='bbox 2234 4762 2394 4824; x_wconf 88' lang='lat' dir='ltr'><strong>atque</strong></span> <span class='ocrx_word' id='word_1_752' title='bbox 2422 4754 2489 4807; x_wconf 90' lang='lat' dir='ltr'><strong>ad</strong></span> <span class='ocrx_word' id='word_1_753' title='bbox 2524 4754 2804 4808; x_wconf 87' lang='lat' dir='ltr'><strong>Dominum</strong></span> <span class='ocrx_word' id='word_1_754' title='bbox 2834 4755 3007 4809; x_wconf 88' lang='lat' dir='ltr'><strong>solitis</strong></span> <span class='ocrx_word' id='word_1_755' title='bbox 3055 4754 3304 4824; x_wconf 88' lang='lat' dir='ltr'><strong>precibus</strong></span> <span class='ocrx_word' id='word_1_756' title='bbox 3349 4754 3676 4821; x_wconf 87' lang='lat' dir='ltr'><strong>convolavit,</strong></span> <span class='ocrx_word' id='word_1_757' title='bbox 3709 4764 3826 4811; x_wconf 60' lang='lat' dir='ltr'><strong>stac</strong></span> 
     </span>
    </p>
   </div>
   <div class='ocr_carea' id='block_1_107' title="bbox 2236 4846 3825 4919">
    <p class='ocr_par' dir='ltr' id='par_1_107' title="bbox 2236 4846 3825 4919">
     <span class='ocr_line' id='line_1_107' title="bbox 2236 4846 3825 4919; baseline 0.001 -18"><span class='ocrx_word' id='word_1_758' title='bbox 2236 4848 2436 4919; x_wconf 91' lang='lat' dir='ltr'><strong>timque</strong></span> <span class='ocrx_word' id='word_1_759' title='bbox 2482 4847 2677 4902; x_wconf 89' lang='lat' dir='ltr'><strong>virtute</strong></span> <span class='ocrx_word' id='word_1_760' title='bbox 2730 4846 2927 4902; x_wconf 69' lang='lat' dir='ltr'><strong>Christi</strong></span> <span class='ocrx_word' id='word_1_761' title='bbox 2977 4855 3117 4901; x_wconf 87' lang='lat' dir='ltr'><strong>totus</strong></span> <span class='ocrx_word' id='word_1_762' title='bbox 3146 4862 3331 4903; x_wconf 85' lang='lat' dir='ltr'><strong>eorum</strong></span> <span class='ocrx_word' id='word_1_763' title='bbox 3378 4862 3579 4903; x_wconf 91' lang='lat' dir='ltr'><strong>cuneus</strong></span> <span class='ocrx_word' id='word_1_764' title='bbox 3626 4856 3711 4903; x_wconf 91' lang='lat' dir='ltr'><strong>est</strong></span> <span class='ocrx_word' id='word_1_765' title='bbox 3756 4846 3825 4903; x_wconf 86' lang='lat' dir='ltr'><strong>ad</strong></span> 
     </span>
    </p>
   </div>
   <div class='ocr_carea' id='block_1_108' title="bbox 2234 4939 2748 4995">
    <p class='ocr_par' dir='ltr' id='par_1_108' title="bbox 2234 4939 2748 4995">
     <span class='ocr_line' id='line_1_108' title="bbox 2234 4939 2748 4995; baseline -0.004 0"><span class='ocrx_word' id='word_1_766' title='bbox 2234 4939 2460 4995; x_wconf 91' lang='lat' dir='ltr'><strong>nihilum</strong></span> <span class='ocrx_word' id='word_1_767' title='bbox 2485 4940 2748 4995; x_wconf 88' lang='lat' dir='ltr'><strong>redactus.</strong></span> 
     </span>
    </p>
   </div>
   <div class='ocr_carea' id='block_1_109' title="bbox 2308 5033 3825 5103">
    <p class='ocr_par' dir='ltr' id='par_1_109' title="bbox 2308 5033 3825 5103">
     <span class='ocr_line' id='line_1_109' title="bbox 2308 5033 3825 5103; baseline 0 -14"><span class='ocrx_word' id='word_1_768' title='bbox 2308 5034 2635 5103; x_wconf 77' lang='lat' dir='ltr'><strong>Frequenter</strong></span> <span class='ocrx_word' id='word_1_769' title='bbox 2666 5034 2808 5089; x_wconf 91' lang='lat' dir='ltr'><strong>enim</strong></span> <span class='ocrx_word' id='word_1_770' title='bbox 2835 5050 2954 5089; x_wconf 88' lang='lat' dir='ltr'><strong>cum</strong></span> <span class='ocrx_word' id='word_1_771' title='bbox 2986 5033 3246 5090; x_wconf 90' lang='lat' dir='ltr'><strong>resideret</strong></span> <span class='ocrx_word' id='word_1_772' title='bbox 3273 5035 3341 5090; x_wconf 87' lang='lat' dir='ltr'><strong>ad</strong></span> <span class='ocrx_word' id='word_1_773' title='bbox 3373 5048 3613 5090; x_wconf 89' lang='lat' dir='ltr'><strong>mensam</strong></span> <span class='ocrx_word' id='word_1_774' title='bbox 3633 5073 3647 5097; x_wconf 89' lang='lat'><strong>,</strong></span> <span class='ocrx_word' id='word_1_775' title='bbox 3680 5033 3825 5090; x_wconf 83' lang='lat' dir='ltr'><strong>Deo-</strong></span> 
     </span>
    </p>
   </div>
   <div class='ocr_carea' id='block_1_110' title="bbox 2236 5126 3826 5198">
    <p class='ocr_par' dir='ltr' id='par_1_110' title="bbox 2236 5126 3826 5198">
     <span class='ocr_line' id='line_1_110' title="bbox 2236 5126 3826 5198; baseline 0.001 -18"><span class='ocrx_word' id='word_1_776' title='bbox 2236 5141 2339 5196; x_wconf 90' lang='lat' dir='ltr'><strong>que</strong></span> <span class='ocrx_word' id='word_1_777' title='bbox 2367 5126 2568 5196; x_wconf 84' lang='lat' dir='ltr'><strong>gratias</strong></span> <span class='ocrx_word' id='word_1_778' title='bbox 2594 5136 2793 5196; x_wconf 87' lang='lat' dir='ltr'><strong>ageret,</strong></span> <span class='ocrx_word' id='word_1_779' title='bbox 2818 5128 3145 5197; x_wconf 88' lang='lat' dir='ltr'><strong>apparebant</strong></span> <span class='ocrx_word' id='word_1_780' title='bbox 3175 5127 3251 5181; x_wconf 91' lang='lat' dir='ltr'><strong>illi</strong></span> <span class='ocrx_word' id='word_1_781' title='bbox 3279 5128 3330 5182; x_wconf 91' lang='lat' dir='ltr'><strong>in</strong></span> <span class='ocrx_word' id='word_1_782' title='bbox 3362 5128 3541 5182; x_wconf 89' lang='lat' dir='ltr'><strong>habitu</strong></span> <span class='ocrx_word' id='word_1_783' title='bbox 3576 5127 3826 5198; x_wconf 87' lang='lat' dir='ltr'><strong>pulcher-</strong></span> 
     </span>
    </p>
   </div>
   <div class='ocr_carea' id='block_1_111' title="bbox 2236 5218 3825 5290">
    <p class='ocr_par' dir='ltr' id='par_1_111' title="bbox 2236 5218 3825 5290">
     <span class='ocr_line' id='line_1_111' title="bbox 2236 5218 3825 5290; baseline 0.002 -17"><span class='ocrx_word' id='word_1_784' title='bbox 2236 5219 2489 5273; x_wconf 90' lang='lat' dir='ltr'><strong>rimarum</strong></span> <span class='ocrx_word' id='word_1_785' title='bbox 2524 5218 2826 5289; x_wconf 89' lang='lat' dir='ltr'><strong>mulierum,</strong></span> <span class='ocrx_word' id='word_1_786' title='bbox 2852 5220 3031 5290; x_wconf 84' lang='lat' dir='ltr'><strong>specie</strong></span> <span class='ocrx_word' id='word_1_787' title='bbox 3080 5220 3437 5278; x_wconf 73' lang='lat' dir='ltr'><strong>differentium</strong></span> <span class='ocrx_word' id='word_1_788' title='bbox 3458 5261 3471 5285; x_wconf 94' lang='lat'><strong>,</strong></span> <span class='ocrx_word' id='word_1_789' title='bbox 3501 5231 3555 5276; x_wconf 92' lang='lat' dir='ltr'><strong>et</strong></span> <span class='ocrx_word' id='word_1_790' title='bbox 3608 5220 3825 5289; x_wconf 86' lang='lat' dir='ltr'><strong>procaci</strong></span> 
     </span>
    </p>
   </div>
   <div class='ocr_carea' id='block_1_112' title="bbox 2236 5309 3823 5381">
    <p class='ocr_par' dir='ltr' id='par_1_112' title="bbox 2236 5309 3823 5381">
     <span class='ocr_line' id='line_1_112' title="bbox 2236 5309 3823 5381; baseline 0.003 -18"><span class='ocrx_word' id='word_1_791' title='bbox 2236 5326 2297 5365; x_wconf 90' lang='lat' dir='ltr'><strong>ac</strong></span> <span class='ocrx_word' id='word_1_792' title='bbox 2324 5309 2461 5364; x_wconf 71' lang='lat' dir='ltr'><strong>fmda</strong></span> <span class='ocrx_word' id='word_1_793' title='bbox 2484 5309 2719 5365; x_wconf 89' lang='lat' dir='ltr'><strong>nuditate</strong></span> <span class='ocrx_word' id='word_1_794' title='bbox 2741 5312 3064 5380; x_wconf 59' lang='lat' dir='ltr'><strong>conspicuas,</strong></span> <span class='ocrx_word' id='word_1_795' title='bbox 3081 5313 3254 5367; x_wconf 87' lang='lat' dir='ltr'><strong>eidem</strong></span> <span class='ocrx_word' id='word_1_796' title='bbox 3277 5322 3455 5369; x_wconf 87' lang='lat' dir='ltr'><strong>astare</strong></span> <span class='ocrx_word' id='word_1_797' title='bbox 3479 5310 3823 5381; x_wconf 91' lang='lat' dir='ltr'><strong>videbantur,</strong></span> 
     </span>
    </p>
   </div>
   <div class='ocr_carea' id='block_1_113' title="bbox 2235 5396 3827 5476">
    <p class='ocr_par' dir='ltr' id='par_1_113' title="bbox 2235 5396 3827 5476">
     <span class='ocr_line' id='line_1_113' title="bbox 2235 5396 3827 5476; baseline 0.001 -16"><span class='ocrx_word' id='word_1_798' title='bbox 2235 5417 2288 5460; x_wconf 87' lang='lat' dir='ltr'><strong>et</strong></span> <span class='ocrx_word' id='word_1_799' title='bbox 2310 5420 2376 5460; x_wconf 91' lang='lat' dir='ltr'><strong>ex</strong></span> <span class='ocrx_word' id='word_1_800' title='bbox 2405 5406 2661 5474; x_wconf 82' lang='lat' dir='ltr'><strong>appositis</strong></span> <span class='ocrx_word' id='word_1_801' title='bbox 2690 5396 2829 5461; x_wconf 68' lang='lat' dir='ltr'><strong>velle</strong></span> <span class='ocrx_word' id='word_1_802' title='bbox 2859 5410 3192 5476; x_wconf 87' lang='lat' dir='ltr'><strong>contingere.</strong></span> <span class='ocrx_word' id='word_1_803' title='bbox 3217 5407 3323 5463; x_wconf 90' lang='lat' dir='ltr'><strong>Sed</strong></span> <span class='ocrx_word' id='word_1_804' title='bbox 3354 5408 3555 5464; x_wconf 85' lang='lat' dir='ltr'><strong>athleta</strong></span> <span class='ocrx_word' id='word_1_805' title='bbox 3584 5406 3827 5462; x_wconf 86' lang='lat' dir='ltr'><strong>fortissi-</strong></span> 
     </span>
    </p>
   </div>
   <div class='ocr_carea' id='block_1_114' title="bbox 2234 5498 3825 5568">
    <p class='ocr_par' dir='ltr' id='par_1_114' title="bbox 2234 5498 3825 5568">
     <span class='ocr_line' id='line_1_114' title="bbox 2234 5498 3825 5568; baseline 0.004 -18"><span class='ocrx_word' id='word_1_806' title='bbox 2234 5512 2374 5561; x_wconf 89' lang='lat' dir='ltr'><strong>mus,</strong></span> <span class='ocrx_word' id='word_1_807' title='bbox 2399 5498 2643 5566; x_wconf 88' lang='lat' dir='ltr'><strong>quamvis</strong></span> <span class='ocrx_word' id='word_1_808' title='bbox 2665 5500 2887 5555; x_wconf 79' lang='lat' dir='ltr'><strong>sentit-et</strong></span> <span class='ocrx_word' id='word_1_809' title='bbox 2910 5514 2975 5554; x_wconf 90' lang='lat' dir='ltr'><strong>ex</strong></span> <span class='ocrx_word' id='word_1_810' title='bbox 3006 5498 3107 5553; x_wconf 87' lang='lat' dir='ltr'><strong>hoe</strong></span> <span class='ocrx_word' id='word_1_811' title='bbox 3148 5499 3264 5568; x_wconf 91' lang='lat' dir='ltr'><strong>ipso</strong></span> <span class='ocrx_word' id='word_1_812' title='bbox 3293 5499 3615 5566; x_wconf 89' lang='lat' dir='ltr'><strong>molestiam,</strong></span> <span class='ocrx_word' id='word_1_813' title='bbox 3640 5507 3825 5556; x_wconf 89' lang='lat' dir='ltr'><strong>tamen</strong></span> 
     </span>
    </p>
   </div>
   <div class='ocr_carea' id='block_1_115' title="bbox 2230 5587 3824 5660">
    <p class='ocr_par' dir='ltr' id='par_1_115' title="bbox 2230 5587 3824 5660">
     <span class='ocr_line' id='line_1_115' title="bbox 2230 5587 3824 5660; baseline 0.003 -17"><span class='ocrx_word' id='word_1_814' title='bbox 2230 5587 2521 5644; x_wconf 80' lang='lat' dir='ltr'><strong>exteriores</strong></span> <span class='ocrx_word' id='word_1_815' title='bbox 2542 5590 2728 5645; x_wconf 84' lang='lat' dir='ltr'><strong>oculos</strong></span> <span class='ocrx_word' id='word_1_816' title='bbox 2759 5590 3034 5660; x_wconf 89' lang='lat' dir='ltr'><strong>claudens,</strong></span> <span class='ocrx_word' id='word_1_817' title='bbox 3052 5598 3107 5646; x_wconf 90' lang='lat' dir='ltr'><strong>et</strong></span> <span class='ocrx_word' id='word_1_818' title='bbox 3133 5592 3416 5650; x_wconf 87' lang='lat' dir='ltr'><strong>interiores</strong></span> <span class='ocrx_word' id='word_1_819' title='bbox 3442 5593 3509 5649; x_wconf 87' lang='lat' dir='ltr'><strong>ad</strong></span> <span class='ocrx_word' id='word_1_820' title='bbox 3537 5592 3824 5649; x_wconf 90' lang='lat' dir='ltr'><strong>Dominum</strong></span> 
     </span>
    </p>
   </div>
   <div class='ocr_carea' id='block_1_116' title="bbox 2232 5685 3822 5755">
    <p class='ocr_par' dir='ltr' id='par_1_116' title="bbox 2232 5685 3822 5755">
     <span class='ocr_line' id='line_1_116' title="bbox 2232 5685 3822 5755; baseline 0 -16"><span class='ocrx_word' id='word_1_821' title='bbox 2232 5698 2502 5749; x_wconf 89' lang='lat' dir='ltr'><strong>reserans,</strong></span> <span class='ocrx_word' id='word_1_822' title='bbox 2549 5700 2733 5740; x_wconf 90' lang='lat' dir='ltr'><strong>eorum</strong></span> <span class='ocrx_word' id='word_1_823' title='bbox 2768 5685 3041 5741; x_wconf 89' lang='lat' dir='ltr'><strong>molimina</strong></span> <span class='ocrx_word' id='word_1_824' title='bbox 3075 5686 3399 5755; x_wconf 89' lang='lat' dir='ltr'><strong>prolerebat.</strong></span> <span class='ocrx_word' id='word_1_825' title='bbox 3444 5686 3649 5742; x_wconf 77' lang='lat' dir='ltr'><strong>Aderat</strong></span> <span class='ocrx_word' id='word_1_826' title='bbox 3674 5686 3822 5741; x_wconf 89' lang='lat' dir='ltr'><strong>enim</strong></span> 
     </span>
    </p>
   </div>
   <div class='ocr_carea' id='block_1_117' title="bbox 2233 5777 3824 5850">
    <p class='ocr_par' dir='ltr' id='par_1_117' title="bbox 2233 5777 3824 5850">
     <span class='ocr_line' id='line_1_117' title="bbox 2233 5777 3824 5850; baseline 0.001 -16"><span class='ocrx_word' id='word_1_827' title='bbox 2233 5780 2540 5835; x_wconf 88' lang='lat' dir='ltr'><strong>misericors</strong></span> <span class='ocrx_word' id='word_1_828' title='bbox 2562 5778 2837 5847; x_wconf 89' lang='lat' dir='ltr'><strong>Dominus,</strong></span> <span class='ocrx_word' id='word_1_829' title='bbox 2854 5782 2941 5850; x_wconf 88' lang='lat' dir='ltr'><strong>qui</strong></span> <span class='ocrx_word' id='word_1_830' title='bbox 2966 5780 3125 5835; x_wconf 88' lang='lat' dir='ltr'><strong>etiam</strong></span> <span class='ocrx_word' id='word_1_831' title='bbox 3152 5795 3292 5838; x_wconf 89' lang='lat' dir='ltr'><strong>nunc</strong></span> <span class='ocrx_word' id='word_1_832' title='bbox 3311 5780 3558 5837; x_wconf 90' lang='lat' dir='ltr'><strong>contritis</strong></span> <span class='ocrx_word' id='word_1_833' title='bbox 3577 5794 3642 5835; x_wconf 87' lang='lat' dir='ltr'><strong>ac</strong></span> <span class='ocrx_word' id='word_1_834' title='bbox 3656 5777 3824 5835; x_wconf 87' lang='lat' dir='ltr'><strong>rectis</strong></span> 
     </span>
    </p>
   </div>
   <div class='ocr_carea' id='block_1_118' title="bbox 2231 5871 3819 5944">
    <p class='ocr_par' dir='ltr' id='par_1_118' title="bbox 2231 5871 3819 5944">
     <span class='ocr_line' id='line_1_118' title="bbox 2231 5871 3819 5944; baseline 0.001 -16"><span class='ocrx_word' id='word_1_835' title='bbox 2231 5874 2394 5929; x_wconf 89' lang='lat' dir='ltr'><strong>corde</strong></span> <span class='ocrx_word' id='word_1_836' title='bbox 2413 5871 2623 5930; x_wconf 89' lang='lat' dir='ltr'><strong>cunctis</strong></span> <span class='ocrx_word' id='word_1_837' title='bbox 2650 5872 2841 5930; x_wconf 86' lang='lat' dir='ltr'><strong>adesse</strong></span> <span class='ocrx_word' id='word_1_838' title='bbox 2869 5873 3136 5944; x_wconf 89' lang='lat' dir='ltr'><strong>dignatur,</strong></span> <span class='ocrx_word' id='word_1_839' title='bbox 3156 5883 3210 5931; x_wconf 93' lang='lat' dir='ltr'><strong>et</strong></span> <span class='ocrx_word' id='word_1_840' title='bbox 3232 5873 3358 5931; x_wconf 90' lang='lat' dir='ltr'><strong>dicit</strong></span> <span class='ocrx_word' id='word_1_841' title='bbox 3380 5892 3391 5927; x_wconf 88' lang='lat'><strong>:</strong></span> <span class='ocrx_word' id='word_1_842' title='bbox 3414 5873 3587 5932; x_wconf 83' lang='lat' dir='ltr'><strong>Nolite</strong></span> <span class='ocrx_word' id='word_1_843' title='bbox 3606 5872 3819 5943; x_wconf 84' lang='lat' dir='ltr'><strong>timere,</strong></span> 
     </span>
    </p>
   </div>
  </div>
