4142 6350
342 476 431 536 2H
1100 482 1256 542 VITA
1297 483 1538 541 SANCTI
1579 481 1906 540 PACHOMII
1943 485 2237 542 ABBATIS
2276 481 2766 542 TABENNENSIS.

3497 484 3609 539 2η

341 619 436 677 ego
461 603 737 657 vobiscum
769 615 885 656 sum
917 602 1164 658 omnibus
1186 603 1374 659 diebus
1394 619 1558 673 usque
1581 604 1646 658 ad
1668 618 1920 659 consum-
1947 608 2000 668 Α
2027 606 2184 660 nimis
2213 605 2392 659 alacer
2438 619 2532 672 pro
2557 604 2679 657 vita:
2725 602 3005 658 sanctitate
3033 604 3296 671 certabat,
3334 604 3611 674 postulans

343 695 629 750 matiouem
677 693 858 748 saeculi
904 691 1118 762 (Matth.
1150 694 1374 762 xxvm),
1405 709 1667 763 suumque
1707 695 1916 752 ﬁdelem

339 789 591 844 famulum
620 787 863 841 servabat
892 788 943 842 in
971 787 1238 843 omnibus.

407 881 540 935 CAP.
571 880 953 935 XVIII.—Alia
986 895 1196 951 quoque
1227 880 1363 946 vice,
1382 896 1503 936 cum
1532 881 1672 937 idem
1702 891 1919 937 sanctus

339 974 588 1046 gravibus
636 974 831 1027 diaboli
889 974 1144 1028 molestiis
1191 983 1498 1043 urgeretur,
1530 975 1610 1030 sic
1649 975 1717 1029 ab
1745 989 1810 1029 eo
1839 982 1922 1029 est

336 1069 626 1122 crudeliter
668 1081 858 1131 cassus,
886 1075 944 1121 ut
984 1084 1012 1120 a
1055 1081 1271 1136 vespera
1319 1083 1488 1137 usque
1526 1083 1715 1132 mane,
1751 1075 1919 1121 totum

337 1173 530 1226 corpus
578 1159 758 1211 multis
802 1168 944 1212 esset
983 1159 1292 1213 verberibus
1340 1169 1635 1214 exaratum.
1672 1160 1737 1214 Et
1763 1175 1923 1227 quan-

334 1266 489 1321 quam
521 1251 797 1304 doloribus
827 1251 1153 1306 cruciaretur
1197 1253 1536 1319 immanibus,
1570 1253 1711 1313 nulla
1741 1263 1919 1310 tamen

333 1345 709 1414 desperatione
757 1343 967 1412 penitus
1012 1346 1381 1414 frangebatur;
1430 1347 1522 1401 sed
1571 1365 1777 1403 memor
1805 1358 1922 1403 erat

333 1436 567 1503 Domini,
602 1437 690 1506 qui
723 1451 908 1490 servos
953 1452 1057 1490 non
1102 1440 1299 1493 deserit
1329 1441 1378 1494 in
1416 1441 1720 1495 tentatione.
1771 1439 1921 1496 Tunc

329 1529 546 1598 quidam
597 1529 910 1593 monachus,
939 1529 1054 1598 (22)
1091 1531 1280 1597 Apollo
1330 1531 1547 1586 nomine
1573 1573 1585 1595 ,
1619 1532 1786 1602 gratia
1836 1532 1919 1585 vi-

329 1621 482 1672 sendi
522 1619 668 1673 venit
708 1618 772 1672 ad
803 1634 947 1674 eum.
992 1618 1089 1674 Cui
1121 1620 1435 1675 Pachomius
1462 1625 1682 1691 loquens
1711 1639 1771 1677 ea
1804 1638 1921 1692 quae

330 1714 602 1780 pertinent
647 1711 710 1765 ad
760 1713 1021 1777 salutem,
1057 1714 1275 1770 insidias
1324 1715 1516 1770 diaboli
1565 1714 1920 1772 multiformes

331 1819 448 1858 esse
473 1804 842 1873 pronuntians,
869 1807 1030 1875 cmpit
1054 1808 1211 1861 etiam
1243 1809 1332 1861 illa
1363 1824 1480 1879 quae
1511 1809 1648 1864 circa
1681 1825 1738 1865 se
1767 1825 1919 1880 gere-

330 1896 526 1951 bantur
556 1911 825 1966 exponere
847 1938 863 1963 ,
893 1908 1196 1969 quantaque
1227 1901 1327 1954 sibi
1360 1917 1455 1971 per
1493 1916 1678 1956 eorum
1709 1903 1916 1957 acerbi-

2022 700 2299 755 aDomino
2321 710 2376 754 ut
2422 700 2466 753 si
2515 697 2624 754 ﬁeri
2675 708 2876 768 posset,
2909 699 3049 767 quod
3102 698 3316 753 modutn
3361 699 3612 754 humanas

2021 791 2323 860 fragilitatis
2368 792 2670 856 excederet,
2705 791 3074 846 necessitatem
3117 791 3290 845 somni
3323 802 3610 862 superaret

2024 883 2216 953 (lin/ﬂ,
2247 882 2281 936 ι.
2315 897 2390 946 tu,
2417 899 2471 936 η.
2501 881 2592 952 55)
2615 923 2629 946 ,
2656 889 2916 946 quatenus
2943 881 3131 936 diebus
3173 897 3234 936 ac
3260 880 3504 938 noctibus
3531 885 3612 938 vi-
3674 867 3692 953 ί

2023 977 2210 1045 gilans,
2230 976 2659 1031 adversariorum
2681 975 3106 1030 machinamenta
3128 975 3450 1042 destrueret,
3471 977 3614 1033 sicut

2022 1070 2276 1140 scriptum
2320 1078 2402 1123 est
2427 1087 2437 1120 :
2465 1068 2762 1137 Persequar
2791 1067 3039 1122 inimicos
3085 1083 3256 1133 meos,
3285 1077 3337 1123 et
3363 1076 3614 1138 campre-

2025 1160 2255 1216 lieodam
2286 1160 2434 1224 illos;
2466 1170 2520 1213 et
2545 1175 2649 1214 non
2681 1169 2978 1224 convertar,
3007 1159 3175 1216 donec
3203 1161 3472 1217 deﬁciant.
3504 1162 3604 1215 Af-

2025 1253 2201 1322 ﬁigam
2232 1253 2373 1318 illos,
2409 1266 2505 1305 nec
2549 1260 2799 1319 poterunt
2826 1261 2997 1317 stare;
3031 1252 3223 1307 cadent
3250 1255 3350 1308 sub
3383 1255 3610 1324 pedibus

2023 1349 2178 1410 meis,
2209 1357 2262 1400 et
2288 1345 2611 1416 prazcinxiSti
2644 1360 2728 1399 me
2753 1345 2950 1401 virtute
2976 1345 3041 1400 ad
3068 1346 3260 1401 bellum
3305 1347 3421 1418 (Ps.
3455 1345 3611 1418 xvn).

2026 1438 2310 1507 Postquam
2341 1453 2469 1492 vero
2503 1438 2615 1492 haec
2663 1438 2847 1506 petitio
2890 1438 3028 1508 ejus,
3072 1448 3327 1508 quantum
3375 1438 3614 1494 conditio

2025 1534 2266 1599 permisit
2311 1535 2562 1596 humana,
2596 1532 2858 1600 completa
2907 1543 3010 1597 est,
3053 1533 3368 1588 invisibilem
3401 1533 3610 1588 hostem

2025 1639 2273 1696 tanquam
2307 1626 2491 1680 videns
2532 1625 2783 1680 sustinuit
2809 1666 2822 1689 ,
2850 1625 2904 1678 in
2948 1625 3176 1694 eloquiis
3216 1625 3526 1682 cmlestibus
3551 1640 3614 1682 se

2025 1726 2431 1789 perseveranter
2471 1731 2750 1771 exercens.
2793 1715 2990 1772 Preces
3015 1729 3194 1772 autem
3231 1718 3346 1787 ejus
3377 1719 3613 1773 incessa-

2025 1810 2156 1864 biles
2186 1818 2360 1874 erant,
2383 1819 2442 1861 ut
2470 1807 2682 1861 Domini
2711 1806 2958 1862 voluntas
2982 1807 3034 1864 in
3067 1808 3318 1863 omnibus
3356 1807 3613 1878 implere-

2025 1913 2127 1959 tur.

328 1999 468 2044 tates
498 1991 640 2045 illata
671 2001 848 2046 essent
893 1992 1145 2060 verbera,
1175 2009 1475 2052 recensere.
1505 1995 1584 2051 Ad
1616 2011 1770 2067 quem
1801 2011 1914 2052 mo-
1943 1999 1993 2059 B
2090 1996 2218 2051 Cn.
2250 1995 2395 2050 XXI.
2418 2025 2488 2037 -—-
2507 1995 2749 2062 Quodam
2781 2003 2957 2048 autem
2980 2002 3240 2061 tempore,
3263 2006 3383 2047 cum
3405 1981 3612 2046 Pachu-

328 2081 538 2137 nacbus
581 2083 654 2136 ait
679 2100 694 2139 :
719 2083 958 2140 Viriliter
998 2101 1094 2154 age
1117 2127 1132 2150 ,
1160 2094 1214 2142 et
1253 2089 1580 2144 confortetur
1609 2105 1702 2145 cor
1732 2099 1876 2144 tuum
1897 2130 1912 2157 ,

327 2171 655 2226 venerabilis
704 2173 884 2228 Pater.
936 2173 1124 2230 Sciens
1163 2177 1304 2230 enim
1352 2176 1596 2234 diabolus
1642 2181 1765 2250 quia
1791 2181 1835 2234 si
1865 2189 1916 2235 te

327 2266 444 2322 suis
465 2264 745 2320 cedentem
767 2266 1100 2322 conﬂictibus
1119 2267 1328 2335 vicerit,
1349 2280 1734 2340 consequenter
1755 2273 1915 2328 etiam

325 2372 452 2425 uos,
482 2354 573 2426 qui
605 2373 704 2427 pro
727 2357 920 2412 virium
952 2360 1297 2428 possibilitate
1324 2365 1674 2419 certaminum
1703 2373 1917 2422 tuorum

327 2457 626 2503 sectatores
654 2448 957 2516 exisﬁmns,
985 2461 1189 2520 quique
1217 2454 1446 2508 maxima
1475 2470 1571 2524 per
1598 2465 1650 2512 te
1677 2459 1920 2528 capimus

327 2537 582 2606 exempla
609 2537 888 2602 virtutum,
913 2541 1164 2608 perfacile
1192 2545 1499 2612 superabit;
1534 2547 1734 2603 idcirco
1759 2560 1810 2605 te
1828 2567 1920 2608 ve.

327 2627 614 2682 liemcuter
664 2629 977 2700 impugnare
1017 2648 1122 2687 non
1168 2635 1381 2691 desinit.
1440 2639 1545 2694 Sed
1591 2648 1674 2705 tu,
1713 2641 1922 2698 Domini

328 2720 666 2786 protectione
697 2723 931 2776 munitus
956 2768 970 2792 ,
1004 2724 1256 2794 impetum
1298 2729 1412 2798 ejus
1457 2729 1664 2787 fortiter
1693 2734 1919 2804 excipe;

326 2826 421 2875 ne,
465 2812 605 2880 quod
650 2812 808 2877 absit,
841 2823 897 2868 et
927 2831 1020 2884 pro
1051 2817 1202 2872 nobis
1250 2821 1459 2890 cogaris
1489 2821 1713 2879 reddere
1756 2827 1922 2880 ratio-

331 2917 482 2955 nem.
515 2902 646 2956 Nam
684 2907 728 2957 si
759 2914 833 2969 tu,
867 2908 957 2976 qui
985 2908 1137 2961 nobis
1166 2911 1333 2980 gratia
1359 2913 1535 2969 divina
1568 2917 1815 2984 praelatus
1838 2933 1917 2984 es,

325 2995 511 3063 aliqua
541 2995 740 3050 desidia
771 3001 1215 3065 cesseris,multis
1241 3007 1577 3062 occasionem
1601 3012 1769 3064 ruina:
1795 3026 1920 3066 cau-

325 3099 552 3154 samque
601 3090 896 3155 praestabis.
926 3090 1050 3146 Haec
1084 3095 1305 3150 audiens
1337 3098 1673 3166 Pachontius,
1693 3104 1924 3171 grandes

327 3180 544 3247 accepit
567 3180 706 3235 vires
734 3182 989 3238 adversus
1017 3186 1319 3244 daemonum
1349 3191 1601 3259 insidias;
1635 3207 1689 3249 et
1714 3195 1920 3265 gloriﬁ-

327 3287 462 3326 cans
495 3271 662 3327 Deum
693 3275 759 3329 de
790 3275 967 3331 fratris
997 3283 1275 3347 pratsentia
1302 3323 1314 3345 .
1345 3285 1662 3352 precabatur
1687 3304 1807 3343 eum
1856 3304 1923 3344 ne

2021 2091 2159 2145 mius
2190 2090 2432 2161 vigilaret
2459 2090 2511 2144 in
2541 2089 2784 2144 oratione
2806 2130 2821 2153 ,
2858 2087 3104 2158 apparuit
3135 2087 3208 2141 illi
3239 2087 3462 2157 angelus
3498 2085 3608 2140 Do-

2019 2184 2172 2250 mini,
2200 2183 2384 2239 dicens
2409 2202 2421 2236 :
2448 2183 2707 2238 Voluntas
2739 2181 2948 2236 Domini
2977 2189 3080 2248 est,
3105 2195 3137 2235 ο
3165 2178 3440 2246 Pachomi,
3469 2187 3528 2234 ut
3555 2179 3610 2234 ei

2022 2290 2152 2344 pura
2185 2284 2361 2330 mente
2391 2274 2728 2339 deserviens,
2750 2272 3142 2328 multitudinem
3170 2287 3464 2343 congreges
3492 2286 3611 2326 mo-

2022 2368 2337 2433 nachorum,
2370 2378 2422 2422 et
2455 2369 2611 2436 juxta
2658 2365 2883 2421 formam
2931 2379 3054 2434 qua:
3108 2363 3202 2419 tibi
3243 2373 3454 2419 ostensa
3498 2374 3607 2431 est,

2022 2469 2245 2515 cunctos
2271 2459 2536 2526 instituas,
2569 2472 2631 2513 ac
2657 2458 2766 2512 Deo
2795 2456 3053 2512 exhibere
3092 2455 3408 2512 contendas.
3437 2457 3608 2511 Acce-

2025 2561 2176 2623 perat
2220 2552 2361 2608 enim
2408 2551 2606 2607 dudum
2661 2550 2892 2607 tabulam
2925 2549 3065 2622 (23),
3101 2550 3153 2605 in
3180 2565 3282 2621 qua
3312 2557 3468 2604 erant
3495 2549 3611 2605 haec

2023 2648 2278 2703 adnotata
2305 2663 2322 2702 :

2094 2741 2226 2800 CAP.
2259 2740 2423 2796 XXII.
2451 2740 2774 2812 —Singulis
2792 2742 2944 2811 juxta
2971 2741 3113 2796 vires
3142 2755 3268 2797 suas
3292 2741 3454 2798 edere
3482 2755 3611 2798 con-

2025 2836 2186 2892 cedas
2213 2847 2264 2891 et
2297 2837 2497 2903 bibere,
2529 2846 2583 2893 et
2626 2852 2722 2907 pro
2770 2837 2931 2891 modo
2978 2837 3330 2904 vescentium,
3363 2836 3614 2892 laborare

2026 2931 2350 3000 compellas;
2383 2941 2436 2985 et
2465 2945 2640 3000 neque
2670 2930 2951 2985 comedere
2973 2930 3238 2994 modeste,
3271 2944 3443 2998 neque
3469 2927 3613 2998 jeju-

2027 3035 2156 3075 nare
2185 3021 2490 3090 prohibeas.
2547 3021 2903 3076 Validioribus
2933 3020 3169 3091 quidem,
3201 3028 3256 3076 et
3277 3019 3613 3076 comedenti-

2025 3113 2147 3179 bus,
2191 3115 2445 3169 validiora
2477 3129 2678 3183 opera;
2731 3115 2928 3171 leviora
2967 3129 3096 3170 vero
3143 3112 3528 3168 inﬁrmioribus
3557 3120 3613 3169 et

2026 3205 2418 3261 abstinentibus
2449 3207 2712 3274 imponas.

2100 3297 2286 3352 Facies
2306 3308 2486 3352 autem
2507 3297 2744 3353 diversas
2770 3298 3010 3364 cellulas,
3033 3306 3087 3354 et
3112 3306 3296 3353 ternos
3325 3312 3421 3366 per
3448 3310 3613 3352 uuam

329 3379 389 3419 se
422 3365 718 3420 desereret.
769 3367 975 3424 Exinde
1001 3383 1328 3428 memoratus
1357 3376 1547 3445 Apollo
1574 3393 1716 3446 sazpe
1743 3381 1926 3435 venie-
1955 3385 2000 3448 C
2032 3387 2280 3442 cellulam
2325 3403 2544 3445 manere
2588 3389 2902 3444 constituas.
2933 3385 3184 3444 Omnium
3218 3403 3346 3445 vero
3374 3387 3527 3444 cibus
3557 3389 3612 3446 in

328 3459 422 3510 bat
472 3457 537 3510 ad
580 3471 784 3513 senem.
818 3460 916 3528 Qui
949 3472 1067 3532 post
1116 3465 1444 3536 aliquantum
1490 3472 1766 3539 temporis,
1797 3472 1923 3529 dum

329 3554 495 3608 solito
542 3553 886 3611 Pachomium
933 3557 1184 3627 visitans,
1237 3564 1418 3630 paucis
1464 3580 1583 3619 cum
1624 3581 1689 3621 eo
1736 3567 1926 3624 diebus

329 3656 640 3700 remoratus
668 3657 833 3715 esset,
866 3650 1038 3704 valida
1067 3652 1372 3710 inﬁrmitate
1400 3668 1711 3725 correptus,
1739 3659 1925 3716 huma-

330 3737 416 3791 nis
466 3737 624 3792 rebus
667 3741 914 3808 excessit,
939 3743 1084 3812 juxta
1131 3755 1310 3800 votum
1341 3750 1484 3804 senis
1508 3751 1624 3805 dies
1650 3767 1776 3806 suos
1805 3769 1926 3822 per-

329 3830 473 3886 fecta
529 3836 934 3890 conversatione
984 3853 1382 3896 consummans.
1430 3843 1699 3913 Sepelitur
1746 3846 1927 3917 itaque

329 3923 537 3978 sanctis
577 3926 842 3993 manibus,
869 3929 1088 3996 psalmis
1119 3933 1186 3986 ab
1215 3947 1280 3988 eo
1302 3944 1356 3988 et
1382 3934 1594 4005 hymnis
1621 3946 1676 3993 et
1704 3940 1926 3995 canticis

332 4016 670 4084 spiritalibus
697 4035 763 4074 ex
787 4037 935 4076 more
957 4023 1258 4079 celebratis.

405 4109 536 4165 Car.
570 4113 981 4188 XIX—120
1023 4117 1247 4174 Tantam
1295 4136 1422 4176 vero
1470 4133 1590 4192 post
1632 4127 1748 4180 haec
1791 4126 1926 4180 ﬁdu-

330 4211 475 4264 ciam
507 4211 688 4266 beatus
728 4212 1049 4270 Pachomius
1086 4219 1222 4285 apud
1258 4219 1538 4274 Dominum
1584 4222 1924 4292 acquisierat,

329 4312 387 4358 et
410 4303 483 4357 ita
501 4319 596 4373 spe
617 4304 791 4360 divina
815 4309 1124 4378 magniﬁcus
1143 4311 1454 4376 habebatur,
1475 4320 1530 4366 ut
1552 4327 1924 4383 srepenumero

329 4395 571 4450 calcaret
595 4407 874 4468 serpentes
896 4409 949 4454 et
975 4404 1306 4472 scorpiones,
1339 4413 1390 4458 et
1416 4419 1514 4473 per
1537 4407 1713 4460 omnia
1743 4422 1923 4462 mane-

330 4497 416 4542 ret
470 4488 702 4555 iIlaesus;
748 4507 956 4547 necnon
1003 4496 1282 4562 crocodili,
1324 4499 1585 4568 siquando
1635 4501 1924 4556 necessitas

331 4578 556 4634 fluvium
588 4583 813 4638 transire
841 4587 1213 4655 compelleret,
1249 4605 1370 4644 eum
1400 4606 1521 4646 cum
1554 4607 1757 4645 summa
1791 4593 1923 4647 sub-

329 4671 567 4740 jectione
617 4676 934 4743 portabant,
960 4692 1289 4748 exponentes
1317 4697 1439 4737 eum
1489 4684 1554 4737 ad
1586 4686 1760 4739 locum
1793 4701 1924 4753 quo-

2028 3493 2134 3533 uuo
2163 3479 2279 3534 loco
2309 3490 2524 3549 paretur
2549 3489 2708 3551 atque
2735 3489 3102 3536 consumatur.

2099 3568 2390 3625 Induantur
2433 3579 2613 3626 autem
2662 3572 2908 3627 noctibus
2957 3572 3218 3627 lebitones
3262 3571 3431 3625 lineos
3461 3560 3611 3640 (24),

2028 3662 2299 3732 praecincti
2340 3663 2570 3732 lumbos,
2602 3664 2936 3735 habeantque
2965 3663 3160 3735 singuli
3188 3664 3437 3719 melotem
3467 3662 3612 3733 (25),

2030 3758 2080 3810 id
2109 3767 2212 3823 est,
2245 3759 2516 3827 caprinam
2549 3759 2740 3827 pellem
2785 3758 3080 3813 confectam
3130 3757 3334 3823 albam,
3365 3757 3481 3810 sine
3507 3771 3614 3825 qua

2029 3864 2201 3920 neque
2229 3850 2530 3913 comedant,
2563 3865 2734 3920 neque
2754 3850 3038 3904 dormiant.

2099 3946 2426 4000 Accedentes
2463 3953 2641 4000 tamen
2686 3945 2749 3999 ad
2783 3944 3211 4000 communionem
3249 3951 3614 3998 sacramento‘

2029 4050 2146 4089 rum
2173 4035 2392 4101 Christi,
2424 4044 2479 4091 et
2513 4036 2752 4106 cingulas
2800 4037 3048 4101 solvant,
3077 4047 3130 4093 et
3161 4037 3413 4091 melotem
3444 4035 3615 4102 depo-

2031 4138 2182 4196 nant,
2212 4130 2432 4184 cucullis
2464 4138 2672 4184 utentes
2704 4130 3091 4185 tantummodo.

2102 4222 2216 4276 IIoc
2265 4223 2426 4278 etiam
2487 4233 2815 4292 praeceptum
2859 4231 2994 4289 erat,
3027 4230 3084 4276 ut
3129 4222 3279 4290 juxta
3330 4233 3612 4276 numerum

2028 4316 2414 4370 elementorum
2463 4325 2517 4372 et
2557 4315 2862 4370 Graecarum
2914 4315 3236 4378 litterarum,
3265 4328 3396 4367 xxiv
3431 4327 3613 4368 mona-

2026 4408 2247 4463 chorum
2281 4418 2468 4462 turmte
2493 4407 2967 4472 consumerentur,
2994 4408 3066 4460 ita
3087 4415 3146 4459 ut
3171 4405 3394 4473 singulis
3422 4405 3614 4459 turmis

2029 4503 2436 4570 imponerentur
2463 4501 2794 4570 singularum
2826 4500 3041 4553 nomina
3075 4497 3393 4563 litterarum,
3427 4497 3480 4550 id
3508 4507 3614 4565 est,

2027 4597 2094 4650 ab
2122 4620 2176 4660 α,
2208 4605 2261 4650 et
2305 4596 2552 4664 deinceps
2601 4609 2768 4663 IlSqIIe
2797 4593 2862 4647 ad
2894 4617 2933 4647 ω
2958 4632 2974 4659 ,
3006 4600 3066 4646 ut
3091 4606 3213 4648 cum
3262 4591 3615 4660 interrogaret

2027 4687 2495 4742 archimandritam
2519 4686 2586 4740 de
2609 4686 2785 4754 aliquo
2817 4685 2871 4739 in
2902 4683 3239 4739 multitudine
3270 4693 3440 4752 tanta,
3468 4683 3614 4738 facili

328 4779 544 4832 cunque
577 4769 935 4836 prmcepisset.
983 4770 1156 4840 Super
1186 4773 1268 4826 his
1299 4789 1426 4844 ergo
1455 4775 1564 4830 Deo
1607 4780 1802 4846 gratias
1835 4795 1919 4834 re-
1951 4763 2003 4825 Ι)
2027 4781 2377 4848 responsione
2422 4788 2787 4848 cognosceret.
2825 4777 2982 4831 Verbi
3028 4777 3234 4848 gratia,
3260 4791 3379 4832 cum
3407 4776 3614 4830 diceret

329 4856 528 4922 ferens,
555 4859 694 4926 quod
717 4861 783 4914 ab
811 4861 1076 4918 universis
1103 4863 1297 4919 inimici
1319 4864 1592 4921 fraudibus
1613 4881 1917 4926 servaretur

329 4948 550 5013 illtesus,
583 4953 794 5018 orabat,
823 4953 1040 5009 dicens:
1062 4955 1378 5011 Benedictus
1405 4973 1462 5012 es
1482 5003 1496 5026 ,
1529 4959 1750 5015 Domine
1778 4962 1917 5018 Deus

330 5051 543 5108 patrum
575 5053 910 5110 nostrorum,
953 5047 1042 5116 qui
1073 5063 1176 5102 non
1225 5051 1513 5118 despexisti
1563 5052 1914 5109 humilitatem

328 5147 528 5199 meam,
561 5149 737 5203 neque
766 5137 937 5192 sivisti
984 5154 1069 5193 me
1110 5140 1268 5194 nimis
1313 5143 1579 5196 inﬁrmum
1610 5145 1783 5215 decipi
1831 5149 1915 5203 vel

328 5224 482 5279 illudi
529 5224 717 5280 fraude
759 5226 991 5293 diaboli;
1025 5231 1116 5285 sed
1150 5233 1568 5288 misericorditer
1605 5237 1916 5304 ignorantia:

329 5331 467 5372 mea:
494 5317 792 5373 discutiens
835 5321 1083 5376 tenebras
1107 5363 1124 5387 ,
1151 5323 1381 5379 docuisti
1413 5341 1499 5380 me
1532 5325 1705 5380 facere
1737 5328 1923 5382 volun-

329 5418 493 5465 tatem
527 5423 690 5466 tuam.
718 5412 847 5466 Nam
874 5429 994 5469 cum
1026 5415 1249 5482 pusillus
1276 5431 1450 5472 essem
1478 5428 1533 5472 et
1562 5419 1823 5488 abjectus,
1855 5434 1918 5476 ac

331 5503 455 5556 vitae
498 5519 632 5559 mete
664 5507 875 5574 penitus
919 5508 1153 5573 nescius,
1199 5509 1408 5563 timoris
1439 5509 1511 5564 tui
1544 5526 1758 5566 sensum
1790 5512 1920 5566 mihi

330 5591 556 5664 largitus
578 5609 658 5663 es,
682 5605 739 5649 ut
769 5595 1014 5652 tenebras
1042 5601 1334 5655 exteriores
1358 5610 1410 5654 et
1431 5602 1684 5671 supplicia
1714 5613 1909 5660 :eterna

327 5686 594 5756 devitans,
626 5701 677 5747 te
708 5706 886 5748 veram
913 5694 1087 5749 lucem
1117 5695 1475 5767 gaudiumque
1507 5713 1741 5766 perenne
1785 5715 1912 5770 cog-

333 5795 631 5836 poscerem.

401 5872 526 5929 Car.
563 5873 680 5930 XX.
698 5876 915 5933 --Cum
942 5892 1070 5949 ergo
1091 5892 1151 5934 se
1175 5877 1382 5936 videret
1406 5881 1621 5938 assidua
1647 5883 1910 5940 daemonis

332 5963 727 6036 lmpugnatione
772 5969 1007 6035 pulsari.
1039 5979 1286 6034 tanquam
1337 5973 1658 6030 fortissimus
1707 5976 1906 6030 athleta

2029 4869 2253 4938 qualiter
2281 4879 2422 4923 esset
2452 4892 2508 4933 α,
2540 4869 2620 4922 vel
2650 4873 2697 4933 ζ,
2727 4876 2781 4923 et
2811 4883 2996 4922 rursus
3021 4869 3069 4933 λ,
3100 4868 3183 4923 vel
3217 4890 3267 4942 ρ,
3298 4869 3381 4922 vel
3407 4889 3441 4920 σ
3473 4864 3613 4935 (26),

2031 4963 2242 5031 proprio
2270 4962 2497 5033 quodam
2528 4961 2679 5031 signo
2705 4961 2934 5016 nominis
2961 4962 3170 5026 litterae,
3192 4959 3613 5027 uniuscujusque

2029 5063 2215 5109 turmm
2244 5070 2420 5109 mores
2446 5056 2791 5124 exprimeret,
2824 5055 3238 5124 simplicioribus
3268 5061 3324 5107 et
3354 5053 3609 5105 innocen-

2026 5149 2247 5205 tioribus
2276 5167 2310 5215 ι,
2343 5163 2536 5203 nomen
2577 5149 2887 5218 imponens,
2917 5144 3305 5204 difﬁcilioribus
3348 5154 3524 5199 autem
3554 5153 3614 5201 et

2027 5243 2304 5307 tortuosis,
2335 5243 2382 5305 ξ.
2411 5249 2778 5310 competenter
2821 5238 3262 5302 accommodans;
3294 5235 3368 5291 ita
3408 5245 3468 5292 ut
3512 5251 3612 5306 pro

2028 5335 2187 5389 modo
2215 5333 2636 5389 conversationis
2665 5344 2718 5389 et
2751 5331 3027 5403 prepositi,
3051 5330 3278 5399 singulis
3308 5331 3496 5386 turmis
3523 5331 3611 5386 lit-

2027 5437 2258 5482 terarum
2291 5427 2556 5483 elementa
2579 5427 2942 5489 concinerent,
2971 5423 3103 5478 solis
3130 5423 3457 5494 spiritalibus
3488 5426 3606 5482 haec

2027 5520 2136 5588 ipsa
2169 5535 2287 5589 quae
2308 5521 2667 5589 signiﬁcarent
2696 5519 2833 5571 scire
2861 5515 3179 5572 valentibus.

2096 5611 2201 5665 Sed
2233 5621 2286 5665 et
2328 5612 2429 5666 hoc
2467 5611 2519 5663 in
2567 5610 2655 5663 illa
2684 5608 2859 5663 tabula
2905 5609 3175 5666 ferebatur
3203 5613 3517 5683 ascriptum,
3549 5619 3609 5666 ut

2021 5701 2332 5771 peregrinus
2376 5699 2591 5755 alterius
2619 5701 2945 5770 monasterii,
2974 5703 3020 5758 si
3051 5703 3254 5760 veniret
3283 5703 3487 5760 habens
3510 5703 3610 5759 ha-

2021 5794 2188 5847 bitum
2220 5793 2505 5856 diversum,
2536 5791 2711 5846 nullus
2750 5806 2871 5849 cum
2919 5809 2984 5851 eo
3024 5797 3347 5863 comederet,
3376 5804 3605 5866 excepto

2022 5901 2086 5940 eo
2115 5885 2204 5954 qui
2228 5883 2330 5937 iter
2358 5896 2520 5953 agens
2546 5883 2599 5939 id
2629 5885 2915 5944 observare
2941 5904 3046 5944 non
3077 5901 3276 5960 posset.

2087 5975 2188 6040 oni
2232 5988 2359 6032 vero
2406 5976 2574 6035 semel
2602 5980 2670 6035 ad
2697 5981 2800 6037 hoc
2828 5983 3052 6038 intraret
3097 5981 3505 6048 monasterium,
3537 5985 3599 6035 ut
