4142 6350
568 441 672 502 2ιὸ

1611 450 1696 504 DE
1739 451 1914 509 VlTlS
1952 449 2236 518 PATRUM
2273 451 2477 514 LIBER
2515 450 2793 512 PRIMUS.

3730 431 3837 512 ait

569 565 639 621 ibi
664 565 864 638 jugiter
903 575 1275 636 permaneret,
1303 581 1398 634 per
1431 576 1537 624 tres
1563 581 1736 624 annos
1765 583 1794 626 a
1821 570 2014 628 studiis
2058 586 2146 626 sa-
2176 573 2230 632 Α
2255 568 2383 628 bum
2430 566 2749 626 Pachomius
2796 564 3102 635 frequenter
3149 562 3453 630 insinuans,
3481 561 3710 620 multum
3741 579 3834 624 eos

568 659 893 716 cratioribus
947 670 1240 723 arceretur,
1264 670 1576 730 Operaretur
1624 670 1826 718 tantum
1857 678 2022 736 opera
2045 680 2148 724 sua
2195 712 2200 717 .

571 751 907 822 simpliciter,
936 762 991 812 et
1021 755 1089 810 ita
1112 764 1230 828 post
1252 755 1539 816 triennium
1567 759 1797 814 stadium
1840 760 2148 818 certaminis

571 843 834 899 introiret.

639 933 768 988 Cum
799 945 973 996 autem
1005 937 1367 1006 comederent,
1396 942 1566 1010 capita
1593 956 1688 1000 sua
1728 944 1949 1001 cucullis
1975 946 2151 1015 operi-

571 1029 853 1099 rent.('27),
880 1045 946 1088 ne
990 1031 1154 1096 frater
1198 1035 1416 1094 fratrem
1447 1037 1652 1100 videret
1697 1040 2146 1107 manducantem;

567 1130 620 1182 et
640 1132 692 1175 ut
719 1124 896 1180 nullus
917 1128 1203 1184 comedens
1228 1130 1554 1200 loqueretur,
1571 1150 1668 1192 nec
1691 1145 1891 1201 praeter
1903 1151 2148 1196 mensam

562 1226 689 1272 .Suos
720 1216 844 1274 alibi
875 1220 1240 1277 circumferret
1269 1235 1536 1294 aspectus.

636 1307 853 1366 Necnon
883 1312 950 1370 ab
973 1314 1188 1383 angelo,
1223 1317 1310 1384 qui
1337 1332 1457 1374 cum
1491 1317 1778 1376 Pachomio
1807 1319 2144 1389 loquebatur,

565 1397 668 1454 hoc
700 1416 912 1471 quoque
941 1407 1287 1462 constitutum
1314 1418 1420 1474 est,
1455 1421 1510 1464 ut
1538 1411 1744 1470 diurnas
1773 1416 2046 1471 orationes
2075 1431 2148 1471 sit

564 1489 680 1562 (28)
711 1492 920 1562 fierent,
953 1506 1007 1558 et
1046 1502 1361 1568 vespertina:
1389 1518 1486 1569 xu,
1519 1514 1573 1559 et
1597 1515 1876 1566 nocturnae
1909 1524 2002 1564 ru.

633 1582 876 1655 Cumque
903 1588 1222 1650 Pachomius
1246 1593 1462 1658 diceret,
1488 1611 1687 1665 paucas
1708 1601 1978 1658 orationes
2004 1617 2144 1670 esse,

561 1679 837 1746 respondit
864 1683 1122 1753 angelus:
1155 1684 1261 1741 Has
1292 1688 1563 1756 constitui,
1596 1707 1728 1759 quas
1750 1703 1970 1762 possent
1999 1695 2149 1758 infir-

561 1768 760 1826 miores
789 1771 989 1842 absque
1018 1775 1198 1836 labore
1225 1778 1513 1847 perﬁcere;
1539 1793 1786 1841 caeterum
1813 1787 1901 1855 qui
1929 1790 2148 1857 perfecti

563 1872 705 1926 sunt,
732 1865 829 1918 hac
853 1866 966 1936 lege
994 1882 1100 1922 non
1127 1871 1382 1939 indigent.
1415 1875 1567 1943 Apud
1594 1890 1656 1932 se
1681 1894 1910 1949 namque
1941 1882 1992 1935 in
2027 1898 2147 1951 pro-

2249 661 2482 733 juverat,
2519 670 2573 718 et
2601 662 2666 716 ad
2694 659 3084 717 aemulationem
3124 657 3414 727 spiritualis
3438 659 3620 728 operis
3648 658 3834 714 incita-

2256 763 2424 810 verat.
2457 753 2556 820 Qui
2611 755 2768 807 etiam
2801 752 3246 822 contemplantes,
3274 752 3437 805 vitam
3469 753 3620 807 senis
3662 753 3839 823 speci-

2255 859 2377 900 men
2405 859 2524 904 esse
2567 844 2777 900 virtutis
2807 887 2820 910 ,
2851 843 3012 900 nimis
3051 842 3452 900 admirabantur
3483 885 3500 911 ,
3553 843 3793 902 dicentes
3820 863 3835 900 :

2250 938 2452 997 Errant
2482 938 2635 998 valde
2664 939 2752 1009 qui
2775 946 2962 1008 putant
2987 938 3233 994 homines
3273 938 3467 996 exinde
3513 938 3621 1007 jam
3645 956 3674 996 a
3702 940 3841 996 nati-

2254 1031 2418 1087 vitate
2461 1039 2761 1101 parentum,
2786 1031 3020 1100 quodam
3081 1029 3355 1099 privilegio
3378 1030 3563 1086 beatos
3583 1030 3838 1098 existere,

2254 1133 2309 1182 ut
2333 1124 2539 1180 arbitrii
2571 1125 2788 1180 libertas
2826 1123 3112 1193 adimatur,
3145 1133 3197 1178 et
3257 1132 3564 1191 peccatores
3604 1140 3700 1194 per
3723 1139 3840 1193 ρω-
3879 1145 3890 1173 ε

2254 1218 2533 1274 nitentiam
2565 1233 2672 1273 non
2703 1218 2911 1286 possint
2960 1229 3178 1285 operam
3209 1215 3338 1270 dare
3362 1214 3668 1272 virtutibus.
3701 1216 3842 1271 Ecce

2253 1310 2396 1366 enim
2427 1309 2917 1366 manifestissimam
2950 1309 3002 1364 in
3031 1309 3135 1366 hoc
3149 1307 3439 1365 venerabili
3463 1318 3612 1378 patre
3635 1307 3845 1363 Paclto-

2249 1404 2362 1460 mio
2382 1403 2588 1459 Domini
2610 1404 2967 1472 conspicimus
2994 1404 3316 1474 largitatem,
3333 1403 3420 1473 qui
3439 1419 3556 1458 cum
3575 1403 3640 1460 de
3657 1419 3843 1473 paren-

2253 1494 2395 1554 tibus
2425 1505 2572 1551 ortus
2601 1497 2671 1550 sit
2694 1496 2982 1565 gentilibus
3011 1504 3065 1552 et
3097 1495 3348 1564 profanis,
3381 1495 3447 1550 ad
3475 1503 3677 1550 tantam
3713 1497 3841 1550 bea-

2255 1585 2530 1642 titudinem
2556 1586 2723 1646 divini
2757 1586 2930 1642 cultus
2951 1601 3010 1640 se
3035 1585 3296 1653 extendit,
3327 1594 3384 1642 ut
3427 1585 3608 1640 omnia
3637 1584 3843 1640 Christi

2251 1678 2499 1734 mandata
2556 1677 2861 1749 perfecerit.
2899 1677 3048 1736 Unde
3091 1684 3296 1734 certum
3333 1685 3438 1747 est,
3469 1685 3527 1732 et
3555 1692 3618 1733 ex
3679 1678 3840 1734 nobis

2253 1771 2556 1840 quicunque
2595 1770 2882 1838 voluerint,
2917 1769 3205 1840 adiuvante
3234 1769 3327 1824 Dei
3356 1769 3560 1838 gratia,
3593 1783 3843 1826 normam

2250 1864 2423 1920 sancti
2456 1864 2553 1917 viri
2584 1878 2739 1933 posse
2764 1863 3047 1932 subsequi,
3083 1863 3221 1920 sicut
3270 1871 3324 1916 et
3352 1862 3466 1932 ipse
3506 1860 3842 1931 perfectissi-

533 2014 536 2016 η
564 1954 694 2022 priis
721 1961 995 2018 constituti
1025 1960 1233 2020 cellulis
1255 2004 1273 2029 ,
1303 1980 1457 2024 orare
1489 1984 1592 2024 non
1624 1971 1891 2038 desinunt,
1925 1975 2012 2043 qui
2045 1991 2141 2044 ρυ-
2175 1969 2224 2034 Β
2251 1972 2458 2012 morum
2489 1965 2700 2032 patrum
2730 1956 3012 2012 aemulatus
3052 1965 3136 2012 est
3179 1955 3545 2014 sanctitatem.
3565 1955 3841 2026 Denique,

562 2047 718 2104 ritate
748 2053 940 2108 mentis
969 2061 1022 2108 et
1043 2055 1219 2110 divina
1243 2061 1692 2128 contemplatione
1723 2078 2031 2133 pascuntur.

633 2140 874 2212 Cumque
905 2145 1007 2202 hoc
1037 2147 1291 2216 dixisset,
1323 2156 1542 2212 nuntius
1567 2159 1802 2216 celestis
1839 2161 2098 2219 abscessit
2130 2183 2143 2230 ;

560 2242 613 2285 et
646 2233 962 2296 Pacliomius
991 2241 1148 2300 solite
1189 2243 1297 2300 Deo
1340 2247 1542 2314 gratias
1587 2253 1738 2322 121
1788 2254 2045 2319 referens,
2078 2257 2145 2313 de

561 2324 764 2382 visione
808 2340 990 2390 certus
1035 2343 1118 2392 est
1160 2337 1401 2394 redditus
1424 2381 1440 2407 ,
1466 2357 1626 2411 quam
1656 2344 1792 2399 trina
1822 2349 2145 2407 revelatione

560 2419 900 2488 cogiio‘verat.
951 2425 1235 2499 Coepitque
1283 2433 1560 2501 snscipere
1608 2448 1866 2505 cunctos,
1909 2441 2001 2511 qui
2050 2458 2146 2511 per

560 2512 924 2577 paenitentiam
957 2531 1016 2576 se
1045 2518 1138 2580 Dei
1169 2523 1601 2588 miserationibus
1647 2527 1975 2598 offerebant;
2007 2549 2142 2604 quos

559 2607 716 2660 etiam
765 2619 884 2678 post
904 2613 1113 2684 longam
1143 2621 1568 2676 conversationis
1616 2627 2141 2694 expcrieutiammo-

527 2698 853 2774 _nachorum
881 2705 1108 2764 coetibus
1140 2713 1479 2781 aggregabat,
1524 2713 1793 2774 instruens
1819 2732 1912 2774 eos
1960 2720 2144 2776 mundi

529 2793 839 2857 illecebras
875 2799 1080 2870 fugere,
1109 2807 1415 2875 sanctisque
1464 2821 1678 2879 semper
1723 2810 2143 2870 inStitutionibus

557 2886 839 2956 inhaerere,
875 2892 1121 2961 primitus
1171 2896 1467 2957 admonens
1496 2909 1552 2958 ut
1581 2904 1908 2970 generaliter
1951 2921 2140 2962 mona-

526 2979 690 3048 _eltus
719 2983 970 3043 universo
1003 2988 1200 3043 mundo
1231 2993 1522 3060 renuntiet,
1545 2994 1760 3063 deinde,
1782 2998 1932 3065 juxta
1966 2998 2142 3057 Evan-

553 3075 782 3144 gelieum
813 3090 1137 3150 praeceptum
1171 3085 1349 3152 (Lucra
1394 3090 1567 3159 μίαν),
1597 3093 1904 3158 parentibus
1932 3095 2064 3162 suis,
2089 3104 2143 3151 et

557 3167 619 3220 ad
668 3179 992 3238 postremum
1045 3176 1380 3248 sibimetipsi,
1416 3190 1473 3238 ut
1507 3184 1574 3242 ita
1602 3186 1773 3256 possit
1803 3186 1994 3244 tollere
2019 3202 2138 3244 cru-

557 3275 674 3322 cem
702 3277 875 3334 suam,
903 3274 957 3324 et
979 3266 1177 3326 Christi
1207 3273 1426 3342 vestigia
1452 3279 1752 3336 veneranda
1781 3279 1994 3336 sectari.

2250 2048 2376 2116 quid
2403 2057 2483 2104 est
2521 2046 2663 2105 aliud
2706 2048 2848 2117 quod
2878 2049 2930 2102 in
2983 2049 3270 2118 Evangelio
3324 2048 3583 2117 scriptum
3615 2059 3722 2118 est,
3755 2049 3844 2104 di-

2249 2154 2406 2196 cente
2429 2141 2643 2198 Christo
2679 2160 2692 2196 :
2729 2141 2918 2201 Venite
2945 2142 3013 2196 ad
3038 2157 3124 2198 me
3153 2157 3364 2207 omnes,
3389 2141 3479 2211 qui
3503 2141 3761 2198 laboratis
3783 2155 3842 2199 et

2249 2236 2452 2292 onerati
2484 2236 2637 2301 estis,
2669 2243 2724 2290 et
2754 2249 2852 2306 ego
2879 2235 3116 2294 reficiam
3140 2249 3234 2294 vos
3255 2233 3476 2303 (Matth.
3503 2233 3618 2305 xt);
3653 2234 3757 2289 nisi
3783 2245 3841 2290 ut

2250 2328 2434 2402 iniqua
2479 2328 2822 2398 projicientes
2867 2340 3054 2395 onera,
3081 2342 3198 2396 qua:
3221 2325 3527 2396 deprimunt
3547 2340 3714 2395 genus
3740 2325 3842 2383 hu-

2246 2434 2487 2486 manum,
2521 2420 2661 2474 bono
2688 2418 3115 2476 incommutabili
3141 2419 3259 2474 sine
3297 2419 3688 2478 detrectatione
3714 2420 3837 2489 jun-

2245 2512 2470 2586 gamur?
2499 2513 2564 2567 Et
2614 2511 2733 2568 ideo
2781 2526 3184 2581 perseveremus
3215 2526 3387 2580 usque
3436 2511 3490 2571 iu
3515 2511 3677 2572 finem
3702 2528 3832 2572 eum

2246 2607 2350 2662 hoc
2377 2620 2526 2676 sene,
2553 2614 2609 2660 ut
2638 2604 3030 2674 conglorificari
3057 2620 3176 2659 cum
3209 2605 3326 2672 ipso
3354 2605 3406 2658 in
3459 2605 3546 2659 illa
3605 2607 3837 2672 perenni

2247 2698 2576 2757 beatitudine
2600 2708 2910 2763 mereatur;
2943 2712 3066 2753 nam
3099 2708 3242 2754 recte
3264 2712 3361 2753 nos
3387 2697 3603 2754 instruit
3631 2700 3698 2753 ad
3722 2714 3838 2754 om-

2246 2791 2358 2860 nia,
2383 2807 2488 2846 non
2515 2791 2684 2848 solum
2717 2792 2901 2857 verbo,
2930 2791 3024 2848 sed
3050 2792 3230 2856 etiam,
3261 2790 3402 2860 quod
3426 2800 3509 2847 est
3536 2790 3832 2858 efﬁcacius,

2245 2886 2464 2956 proprio
2512 2885 2827 2942 mirabiliter
2865 2885 3118 2944 informat
3160 2885 3434 2955 exemplo.
3475 2886 3626 2940 Tunc
3681 2901 3837 2942 acce-

2245 2975 2434 3031 dentes
2483 2976 2548 3030 ad
2588 2985 2832 3032 sanctum
2864 2975 3233 3043 Pachomium,
3287 2976 3470 3032 dicunt
3510 2975 3560 3031 ei
3617 2995 3631 3031 :
3679 2977 3835 3033 Pater

2246 3070 2587 3137 venerabilis,
2630 3085 2725 3126 cur
2761 3070 2910 3126 solus
2936 3069 3250 3126 monasterii
3291 3070 3706 3128 sollicitudinem
3745 3086 3832 3126 su-

2244 3165 2450 3222 sunes?
2479 3163 2683 3232 Quibus
2733 3164 2823 3220 ille
2875 3164 3199 3233 respondit:
3240 3164 3406 3220 Nemo
3444 3166 3627 3235 jugum
3657 3166 3831 3220 subito

2239 3256 2498 3328 jumentis
2527 3258 2826 3326 imponens,
2863 3258 3109 3313 laborare
3129 3259 3425 3326 compellit,
3459 3268 3513 3314 et
3535 3269 3684 3314 tanto
3715 3275 3831 3328 pre-

627 3354 741 3412 ΤίιΙὶ
763 3358 940 3431 Illique
961 3360 1103 3424 beati
1123 3363 1268 3424 senis
1292 3364 1654 3428 admonitione
1677 3371 1910 3438 formati,
1933 3374 2135 3428 fructus

2245 3351 2336 3410 mit
2392 3365 2578 3418 onere,
2627 3365 2732 3419 quo
2789 3349 2888 3406 sub
2916 3349 3063 3408 fasce
3108 3349 3396 3416 deficiant;
3439 3352 3533 3407 sed
3576 3352 3833 3421 paulatim

558 3446 884 3510 poenitentiae
914 3448 1252 3517 dignissimos
1276 3454 1590 3525 afferebant,
1618 3460 1849 3519 maxime
1883 3463 2140 3519 conside-

558 3549 739 3592 rantes
768 3554 889 3598 eum
924 3541 1036 3613 jam
1087 3554 1244 3604 atate
1271 3546 1564 3616 defessum,
1595 3551 1908 3622 infatigabili
1966 3556 2141 3610 studio

556 3630 812 3696 spiritalis
841 3634 963 3696 vita:
987 3650 1206 3699 servare
1236 3642 1588 3710 propositum.
1619 3644 1734 3702 Non
1779 3647 1952 3702 solum
1985 3665 2138 3704 nam-

557 3735 662 3790 que
689 3737 747 3784 se
804 3725 1114 3786 districtiori
1172 3732 1371 3802 regulae
1398 3734 1747 3804 subdiderat,
1779 3740 1872 3798 sed
1903 3750 1954 3795 et
1983 3743 2141 3798 totius

559 3819 865 3873 monasterii
917 3822 1327 3882 sollicitudinem
1375 3843 1664 3899 curamque
1717 3833 1978 3900 portabat,
2006 3836 2139 3891 ultra

529 3908 700 3973 ,vires
745 3912 992 3975 omnibus
1027 3915 1234 3974 servire
1282 3921 1635 3982 contendens.
1663 3922 1741 3980 Ad
1770 3923 1954 3980 horam
1991 3943 2139 3982 nam-

560 4014 665 4070 que
687 4003 916 4062 convivii
943 4004 1059 4075 ipse
1088 4009 1308 4081 parabat
1335 4026 1574 4073 mensam
1605 4014 1878 4082 fratribus,
1909 4025 1962 4070 et
1988 4017 2138 4072 solita

561 4093 846 4150 exhibebat
875 4097 1072 4153 officia.
1103 4099 1209 4160 Nec
1241 4119 1344 4158 non
1376 4105 1428 4166 in
1479 4105 1704 4166 hortulis
1734 4110 1946 4168 serebat
1968 4110 2134 4178 olera,

559 4198 678 4252 qute
707 4187 818 4241 suis
847 4189 1094 4248 manibus
1123 4191 1392 4262 irrigabat.
1427 4195 1484 4252 Si
1514 4196 1634 4265 quis
1659 4199 1822 4256 etiam
1870 4208 2140 4255 monaste—

557 4276 623 4332 rii
657 4279 919 4347 pulsasset
969 4283 1186 4352 ostium,
1222 4285 1506 4355 vigilanter
1551 4304 1863 4357 occurrens,
1894 4303 2138 4361 prompte

557 4383 812 4439 responsa
835 4374 1111 4438 reddebat.
1149 4377 1377 4438 Infirmis
1427 4391 1604 4437 autem
1636 4383 1825 4440 diebus
1875 4384 2140 4454 obseque-

556 4460 712 4517 batur
738 4474 791 4520 et
831 4468 1109 4537 noctibus;
1159 4479 1213 4525 et
1242 4471 1293 4532 in
1348 4472 1426 4534 his
1453 4475 1704 4534 omnibus
1751 4476 2052 4546 exemplum
2081 4491 2139 4532 se

556 4559 847 4614 maximum
897 4562 1010 4622 suis
1054 4561 1329 4630 discipulis
1373 4566 1650 4627 offerebat.
1706 4569 2038 4637 Quapropter
2084 4570 2136 4624 bi

556 4648 648 4716 qui
672 4664 838 4719 nuper
860 4653 926 4708 ad
954 4652 1168 4712 Domini
1202 4657 1478 4718 servitium
1509 4660 1819 4730 veniebant,
1850 4661 2136 4715 alacriores

2247 3445 2508 3499 assuescit
2529 3458 2611 3511 ea,
2638 3443 2924 3500 levioribus
2947 3457 3202 3502 exercens
3229 3453 3352 3500 ante
3370 3445 3720 3514 ponderibus,
3741 3462 3830 3502 us-

2245 3551 2350 3606 que
2376 3537 2503 3594 dum
2533 3537 2766 3604 valeant,
2792 3545 2846 3594 et
2870 3545 3166 3606 opportune
3191 3537 3400 3607 possint
3425 3537 3495 3592 ad
3518 3553 3681 3606 opera
3713 3555 3832 3609 gra-

2245 3629 2393 3684 viora
2424 3643 2769 3699 consurgere.
2805 3629 3008 3686 Eodem
3040 3629 3202 3686 modo
3228 3644 3324 3686 nos
3349 3645 3562 3699 quoque
3585 3631 3834 3687 convenit

2245 3738 2551 3778 mensuram
2599 3722 2792 3791 ipsam,
2825 3737 2926 3792 qua
2958 3737 3057 3778 nos
3108 3737 3328 3780 mensus
3355 3733 3437 3779 est
3458 3723 3729 3791 Christus,
3759 3725 3834 3780 sic

2245 3829 2401 3886 agere
2430 3815 2728 3880 vobiscum,
2760 3822 2819 3872 ut
2844 3813 2912 3873 de
2939 3823 3116 3873 vestra
3148 3830 3241 3883 per
3270 3816 3447 3870 omnia
3495 3815 3832 3885 gaudeamus

2245 3908 2518 3964 firmitate.
2551 3909 3009 3966 Clementissimus
3035 3918 3214 3965 autem
3249 3909 3410 3975 Deus,
3439 3910 3529 3979 qui
3560 3925 3831 3980 nunquam

2245 4015 2431 4068 preces
2457 3999 2768 4056 humilitatis
2793 4016 2927 4057 mea:
2957 4001 3201 4071 despicit,
3229 4002 3392 4057 corda
3425 4010 3603 4057 vestra
3653 4003 3708 4058 in
3737 4019 3834 4059 sua

2244 4089 2524 4160 disciplina
2555 4092 2888 4158 corroboret,
2916 4103 2974 4148 ut
3000 4108 3160 4151 omne
3188 4107 3321 4165 opus
3347 4093 3543 4149 bonum
3573 4095 3834 4164 perﬁcere

2243 4197 2365 4237 cum
2402 4182 2651 4252 patientia
2681 4192 2736 4240 et
2785 4184 3188 4254 longanimitate
3236 4185 3471 4253 possitis,
3518 4193 3828 4241 sanctorum

2247 4274 2462 4331 Patrum
2494 4277 2717 4348 vestigia
2743 4278 3153 4348 subsequentes,
3196 4285 3253 4334 ut
3291 4277 3560 4336 sinceram
3610 4293 3674 4334 ac
3719 4279 3829 4336 Deo

2245 4368 2493 4436 placitam
2547 4369 3014 4426 conversationem
3063 4379 3293 4431 vestram
3325 4369 3588 4435 videntes,
3622 4369 3713 4426 alii
3761 4370 3827 4426 ad

2246 4460 2445 4515 Christi
2486 4463 2764 4518 servitium
2796 4464 3034 4529 veniant,
3063 4476 3356 4533 curamque
3403 4464 3712 4521 monasterii
3743 4478 3830 4534 pa-

2246 4554 2342 4610 tris
2371 4569 2526 4626 aequo
2557 4555 2740 4610 labore
2763 4563 3083 4614 sustentant.

2315 4650 2443 4705 Car.
2479 4648 2745 4704 XXIV.—
2767 4649 2995 4718 Regulae
3046 4650 3206 4720 igitur
3232 4652 3311 4708 eis
3355 4665 3488 4720 quas
3520 4658 3825 4720 acceperat,

556 4737 624 4792 ad
657 4742 831 4796 omnia
885 4744 1098 4812 pietatis
1147 4747 1323 4804 ofﬁci.
1355 4748 1910 4820 reddebantur;quos
1959 4758 2136 4806 tamen
2163 4754 2216 4817 ι)
2246 4742 2508 4810 tradidit,
2557 4741 2763 4798 scilicet
2813 4751 2869 4796 ut
2923 4741 3183 4802 haberent
3233 4741 3563 4800 moderatum
3627 4742 3829 4807 cibum,

553 4830 745 4892 beatus
770 4846 958 4901 senex,
981 4838 1108 4904 quia
1142 4839 1323 4900 talium
1362 4841 1780 4905 sollicitudinum
1811 4859 2007 4900 munus
2037 4845 2135 4900 ad-

555 4921 664 4979 huc
713 4923 930 4982 obviare
958 4942 1063 4988 non
1094 4939 1359 5000 poterant,
1385 4947 1604 4994 securos
1633 4949 1754 4990 esse
1780 4935 1847 4988 ab
1870 4935 2135 4992 universis

555 5015 972 5076 distentionibus
997 5021 1338 5089 admonebat,
1364 5025 1549 5080 dicens
1581 5044 1593 5079 :
1623 5027 1676 5080 ln
1702 5042 1807 5096 quo
1849 5027 2020 5089 vocati
2049 5043 2134 5084 es-

553 5109 625 5166 tis
647 5109 861 5176 fratres,
892 5111 1114 5170 viriliter
1145 5115 1199 5168 in
1215 5129 1279 5170 eo
1294 5116 1582 5184 persistite.
1610 5117 1841 5185 psalmos
1857 5119 2036 5184 dicite,
2067 5120 2132 5174 li-

550 5197 679 5258 bros
700 5200 857 5269 alios,
876 5211 929 5258 et
951 5204 1215 5274 praecipue
1237 5215 1477 5261 sanctum
1494 5208 1858 5278 Evangelium,
1875 5212 2129 5265 memoria

549 5292 798 5350 retinete.
824 5293 915 5348 Sic
949 5311 1089 5356 enim
1123 5299 1421 5354 servientes
1443 5299 1686 5366 Domino,
1719 5311 1774 5358 et
1801 5304 1956 5372 juxta
1981 5320 2129 5359 man-

549 5382 670 5440 data
693 5383 807 5454 ejus
837 5385 1060 5444 invicem
1090 5388 1390 5460 diligentes,
1423 5405 1518 5446 vos
1546 5392 1762 5461 quidem
1813 5395 1961 5450 eritis
2011 5410 2128 5464 per-

547 5473 709 5540 fecti;
743 5491 917 5530 meum
948 5493 1077 5536 vero
1119 5482 1371 5550 spiritum
1423 5497 1518 5552 per
1563 5485 1740 5540 omnia
1799 5483 2127 5552 refovebitts,

546 5566 846 5634 praesertim
899 5568 944 5622 si
993 5569 1234 5632 cmlestia
1279 5581 1544 5643 prtecepta
1601 5572 1805 5634 fueritis
1848 5575 2128 5632 sollicitius

2245 4833 2560 4890 vilissimum
2590 4831 2841 4888 vestitum
2869 4869 2883 4897 ,
2915 4846 3161 4890 somnum
3213 4831 3373 4887 etiam
3403 4840 3823 4900 competentem.

2245 4928 2398 4984 Unde
2445 4927 2642 4983 factum
2688 4936 2791 4990 est,
2827 4934 2884 4980 ut
2922 4925 3069 4994 juxta
3100 4924 3429 4980 voluntatem
3457 4924 3709 4991 Domini,
3738 4926 3827 4995 qui

2242 5034 2432 5077 omnes
2459 5019 2703 5076 homines
2722 5026 2980 5072 convocat
3007 5017 3071 5077 ad
3103 5019 3347 5081 salutem,
3383 5026 3683 5086 cunctaque
3730 5016 3826 5072 bo-

2242 5127 2432 5172 norum
2463 5111 2793 5166 incrementa
2823 5109 3065 5179 largitur,
3087 5108 3152 5168 ad
3183 5123 3365 5168 senem
3394 5107 3608 5178 plurimi
3629 5123 3826 5164 convo-

2240 5206 2434 5269 larent,
2459 5203 2700 5262 volentes
2753 5201 2950 5270 pariter
2974 5205 3327 5260 commorari:
3382 5202 3521 5258 inter
3551 5215 3691 5270 quos
3715 5211 3827 5258 erat

2239 5295 2520 5359 Pecusius,
2549 5303 2604 5348 et
2624 5293 2920 5358 Cornelius,
2950 5293 3144 5352 Paulus
3165 5309 3399 5363 quoque,
3420 5302 3475 5352 et
3504 5292 3827 5350 Pachomius

2237 5387 2392 5455 alter,
2435 5396 2492 5445 at
2537 5385 2806 5452 Joannes,
2850 5386 2940 5454 qui
2985 5400 3175 5448 omnes
3222 5384 3613 5442 immaculatam
3665 5384 3824 5442 fidem

2236 5483 2380 5540 beati
2430 5483 2600 5542 Patris
2632 5491 2685 5540 et
2732 5483 3031 5540 doctrinam
3084 5480 3412 5537 salutiferam
3445 5481 3672 5536 libenter
3709 5495 3816 5535 am-

2236 5575 2378 5646 plexi
2403 5585 2545 5630 sunt.
2572 5574 2872 5644 Statuitque
2903 5583 2958 5629 ut
2985 5575 3039 5628 hi
3075 5574 3165 5643 qui
3209 5583 3457 5642 poterant
3505 5571 3822 5630 monasterii

550 5670 809 5714 CXSCCUIL

617 5752 746 5808 Car.
775 5751 964 5810 XXIII.
995 5782 1066 5797 —
1092 5753 1255 5808 Erant
1285 5764 1460 5812 autem
1485 5764 1595 5812 tres
1625 5755 1676 5816 bi
1709 5756 1808 5810 viri
1833 5756 1922 5825 qui
1946 5756 2129 5825 primi-

546 5853 630 5898 tus
676 5845 742 5899 ad
773 5846 1116 5902 Pachomiutn
1167 5856 1549 5913 convenerant,
1574 5862 1796 5915 quorum
1849 5848 1951 5902 ista
2006 5858 2126 5903 sunt

543 5940 784 6002 nomina,
809 5927 1187 6003 Psentbessus,
1214 5937 1364 5999 Suris
1384 5947 1440 5996 et
1455 5936 1628 6002 Obsis.
1665 5939 1869 6014 Quibus
1899 5940 1993 5998 Dei
2015 5956 2126 5999 ver-

2237 5670 2571 5738 susciperent
2612 5684 2816 5735 curam,
2847 5677 2901 5728 et
2941 5670 3012 5728 ita
3060 5669 3115 5726 in
3139 5669 3287 5726 brevi
3312 5667 3705 5737 multiplicatus
3744 5679 3822 5724 est
3861 5701 3876 5732 ,t

2237 5759 2618 5813 monachorum
2650 5774 2922 5814 numerus.
2954 5763 3108 5831 122
3133 5759 3362 5815 Proinde
3409 5774 3530 5814 cum
3560 5760 3817 5815 solemni-
3837 5747 3878 5787 λ’

2235 5861 2314 5909 tas
2361 5866 2425 5908 ex
2465 5865 2616 5912 more
2641 5851 2956 5922 deposceret
2985 5863 3044 5910 ut
3088 5854 3471 5924 mysteriarum
3513 5850 3814 5912 celantium

2235 5942 2522 6011 Participes
2559 5943 2752 6006 tierent
2777 5985 2792 6012 ,
2823 5957 2886 6002 ex
2937 5944 3196 6015 proximis
3239 5944 3424 6004 viculis
3477 5945 3815 6020 ριιοώμσοι
