4142 6350
565 429 666 486 2n

1601 421 1687 478 DE
1728 421 1903 478 VI'I'lS
1944 417 2224 475 PATBUM
2265 413 2467 472 LIBER
2505 409 2779 467 Ριιιιιιιε.

3728 409 3836 466 2L8

565 564 735 617 super
782 563 966 606 eorum
1031 548 1328 618 perditione
1381 542 1756 615 ingemisceret
1807 539 2042 602 fortiter,
2087 545 2143 591 et
2171 540 2345 599 Αιιιιο
2393 528 2634 595 occulte,
2688 526 2831 582 hunc
2880 523 3237 618 persequebar
3517 521 3596 591 ιι).
3644 521 3835 618 Eullus

569 645 799 700 ubertim
833 645 1096 712 lacrymas
1121 659 1216 712 pro
1246 656 1430 697 eorum
1463 639 1634 693 salute
1663 637 1928 692 funderet.

639 737 764 792 CAP.
801 736 1008 792 XXVII.
1063 767 1129 776 —
1169 735 1270 791 Per
1322 734 1462 790 idem
1517 743 1722 803 tempus
1773 728 2147 786 Alexandrina:

564 831 808 887 ecclesia:
839 839 1054 885 sanctus
1093 831 1374 898 episcopus
1419 826 1745 881 Athanasius
1789 831 2034 893 praei-at,
2067 823 2148 877 vir

563 927 712 980 omni
748 926 942 978 virtute
969 923 1248 978 mirabilis.
1278 922 1378 990 Qui
1407 936 1527 976 cum
1557 919 1865 975 solemniter
1905 917 2148 986 superio-

563 1017 641 1069 ris
665 1015 952 1070 Thebaida:
978 1016 1228 1070 circuiret
1260 1014 1546 1078 Ecclesias,
1576 1022 1629 1068 et
1656 1012 1875 1066 salutari
1905 1010 2146 1064 doctrina

564 1110 620 1163 in
647 1109 749 1163 fide
776 1109 970 1164 Christi
1003 1109 1209 1178 plebem
1241 1109 1561 1170 institueret,
1588 1106 1780 1161 accidit
1826 1114 1884 1159 ut
1926 1104 1993 1158 ad
2033 1103 2147 1158 loca

565 1201 1000 1256 Tabennensium
1031 1201 1238 1271 navigio
1270 1201 1591 1268 perveniret.
1620 1196 1774 1266 Quod
1804 1197 1892 1251 ubi
1945 1195 2150 1250 Paclie-

563 1295 705 1348 mius
731 1296 966 1363 agnovit,
1000 1296 1179 1350 statim
1210 1310 1330 1348 cum
1359 1293 1622 1349 universis
1647 1291 1923 1347 monachis
1951 1291 2002 1345 in
2032 1293 2149 1359 ejus

563 1389 874 1456 properavit
896 1403 1177 1443 occursum
1205 1406 1218 1454 ;
1247 1401 1538 1456 omnesque
1565 1385 1861 1455 gaudentes
1893 1392 1948 1438 et
1969 1383 2148 1439 exsul-

561 1489 761 1546 tantes,
794 1496 912 1535 cum
944 1481 1164 1552 psalmis
1193 1489 1248 1535 et
1276 1480 1490 1550 hymnis
1520 1493 1786 1532 summum
1814 1475 2013 1531 Christi
2061 1488 2152 1528 su-

559 1588 782 1643 scepere
807 1573 1108 1643 pontificem
1135 1590 1150 1638 ;
1183 1581 1238 1628 et
1261 1581 1376 1627 erat
1406 1573 1590 1640 ingens
1613 1569 1898 1625 multitudo
1927 1569 2151 1622 fratrum

559 1667 650 1735 qui
678 1665 744 1719 de
767 1666 882 1734 ejus
910 1666 1138 1719 adventu
1173 1666 1488 1719 laetabantur
1534 1665 1585 1717 in
1639 1662 1884 1717 Domino.
1941 1661 2150 1715 Paclio-

558 1762 700 1812 riiius
729 1774 856 1811 vero
881 1772 986 1811 non
1019 1773 1076 1810 se
1105 1756 1420 1810 ostendebat
1446 1754 1673 1809 antistiti
1703 1762 2022 1815 memorato,
2052 1749 2152 1806 sed

559 1867 627 1907 ex
661 1851 919 1906 industria
949 1850 1268 1904 subtrahens
1313 1865 1390 1914 se,
1424 1850 1478 1904 in
1526 1849 1910 1903 monachorum
1962 1851 2153 1901 turmis

2249 624 2471 695 (aiebat)
2501 623 2673 677 bonus
2692 620 2760 675 de
2777 633 2870 675 ore
2889 633 2988 673 suo
3015 615 3219 688 profert
3239 615 3532 685 quidquam
3559 613 3708 678 mali,
3733 630 3835 670 nec

2247 719 2446 774 sanctis
2475 717 2713 788 patribus
2741 723 3004 769 venenato
3032 726 3128 767 ore
3155 726 3374 780 prorsus
3403 708 3732 779 obloquitur.
3758 709 3835 764 De

2248 827 2350 884 qua
2374 827 2433 868 re
2460 811 2640 866 multis
2668 809 2880 880 quidem
2906 806 3191 876 Scripturis
3214 805 3309 861 Dei
3331 804 3668 860 monstrabat
3692 803 3833 858 iudi-

2250 907 2460 978 gnantis
2487 904 2767 969 offensam,
2795 903 3067 972 pracipue
3096 911 3274 955 tamen
3299 897 3479 954 “aria:
3527 896 3838 968 proferebat

2251 998 2572 1065 exemplum,
2606 1011 2724 1064 quae
2754 1010 2881 1050 mox
2912 1005 2966 1048 ut
3014 993 3270 1048 adversus
3315 991 3536 1061 Moysen
3584 990 3839 1060 querelas

2251 1090 2653 1146 obtrectationis
2673 1088 2879 1152 eﬂudit,
2909 1086 3120 1156 perfusa
3143 1085 3308 1156 lepra,
3325 1084 3560 1139 divinum
3578 1083 3840 1153 judicium

2250 1182 2419 1236 vitare
2441 1197 2546 1236 non
2577 1181 2769 1249 potuit.
2798 1180 2923 1234 Haec
2951 1179 3184 1242 docens,
3216 1176 3494 1232 utilitatem
3545 1176 3837 1232 maximam

2252 1275 2590 1330 audientibus
2616 1270 2926 1328 conferebat
2949 1269 3136 1342 (Num.
3162 1267 3250 1339 12)

2323 1367 2453 1422 CAP.
2485 1365 2722 1420 XXVIII.
2765 1394 2834 1405 —
2871 1362 3145 1433 Comperit
3173 1369 3349 1417 autem
3380 1375 3632 1429 germana
3690 1374 3847 1414 soror

2254 1459 2372 1529 ejus
2400 1458 2783 1513 institutionem
2838 1456 2984 1510 senis
3016 1454 3326 1524 praeclaram
3355 1462 3514 1523 atque
3561 1450 3846 1506 sublimem

2255 1553 2428 1626 (Ra/1'.
2459 1555 2495 1608 ι.
2529 1568 2610 1618 ιιι,
2653 1570 2706 1605 n.
2739 1551 2868 1620 54);
2896 1550 3227 1620 cupiensque
3258 1548 3439 1604 videre
3461 1563 3606 1612 eum,
3633 1547 3701 1601 ad
3735 1564 3850 1602 nio-

2256 1649 2547 1703 nasterium
2575 1645 2694 1714 ejus
2714 1643 2951 1699 advenit.
2981 1642 3133 1710 Quod
3152 1643 3241 1696 ubi
3263 1641 3478 1710 agnovit
3498 1640 3847 1704 Pachumius,

2257 1738 2628 1808 hujuscemodi
2681 1752 2997 1806 responsum
3042 1737 3090 1791 ei
3139 1751 3237 1806 per
3279 1737 3555 1790 ostiarium
3601 1735 3849 1790 direxit:

2260 1831 2417 1896 Ecce,
2452 1847 2627 1898 soror,
2659 1831 2854 1886 audisti
2885 1830 2951 1886 de
2981 1845 3064 1883 me
3100 1829 3242 1898 quod
3289 1830 3460 1882 vivam
3489 1835 3544 1883 et
3569 1828 3854 1883 incolumis

559 1944 818 2011 occuluit,
850 1959 914 1998 ex
947 1944 1045 1998 hac
1077 1943 1324 1999 videlicet
1349 1959 1534 2008 causa,
1566 1942 1706 2013 quod
1737 1943 1999 1998 antefatus
2021 1942 2156 1995 Ten-
2188 1931 2235 1992 B
2261 1923 2528 1986 eXiSlam;
2560 1935 2721 1991 Perge
2748 1919 2908 1989 ἱείιυτ
2932 1921 2984 1972 in
3017 1933 3169 1988 Pace,
3198 1933 3297 1974 nec
3323 1919 3660 2013 εοηῑτξδιξπίε
3691 1916 3854 2013 ,ιιιιορι

561 2044 806 2107 tyrorum
831 2037 1118 2103 episcopus
1144 2036 1212 2090 de
1233 2051 1299 2090 eo
1320 2046 1563 2090 sanctum
1588 2033 1937 2090 Athanasium
1957 2034 2155 2102 saepius

567 2130 856 2190 exorabat,
892 2131 1060 2185 virum
1089 2131 1272 2184 dicens
1299 2143 1420 2186 esse
1460 2130 1784 2194 mirabilem,
1817 2138 1871 2182 et
1920 2142 2046 2182 vere
2089 2131 2156 2182 fa-

571 2223 772 2276 mulum
801 2222 914 2284 Dei,
941 2238 1098 2289 quem
1127 2223 1192 2276 ad
1225 2222 1480 2277 honorem
1512 2221 1797 2276 sacerdotii
1841 2219 2158 2290 dignissime

569 2324 932 2385 promoveret.
963 2313 1019 2369 Id
1058 2331 1185 2385 ergo
1229 2314 1404 2369 sciens
1457 2314 1796 2378 l’achomius,
1849 2328 1952 2367 non
2000 2312 2048 2366 ei
2098 2327 2158 2368 se

567 2407 849 2462 manifeste
879 2407 1212 2475 monstravit,
1243 2407 1382 2464 inter
1407 2404 1790 2460 monachorum
1829 2405 2036 2473 agmina
2061 2403 2157 2458 de-

567 2499 844 2565 litescens,
891 2515 1061 2570 usque
1107 2501 1233 2555 dum
1281 2500 1420 2555 idem
1480 2499 1778 2568 prmtcriret
1834 2498 2157 2567 episcopus,

571 2609 729 2662 quem
761 2595 1021 2647 iiitantum
1053 2593 1427 2658 venerabatur,
1460 2601 1518 2646 ut
1563 2589 1764 2643 nullum
1819 2588 2160 2656 praestantio-

569 2702 683 2740 rem
717 2687 845 2754 ipsis
878 2685 1208 2754 temporibus
1240 2684 1510 2737 hominem
1556 2682 1776 2737 diceret.
1809 2679 2162 2747 Compererat

573 2779 714 2833 enim
745 2789 984 2834 sanctam
1014 2779 1174 2832 vitam
1208 2778 1324 2846 i-jus
1363 2786 1416 2831 et
1473 2775 1872 2846 persecutiones
1916 2775 2160 2828 innume-

570 2886 680 2936 ras,
708 2887 840 2941 quas
885 2874 952 2925 ab
998 2871 1209 2925 Arianis
1254 2883 1351 2939 pro
1377 2867 1576 2923 Christi
1619 2865 1907 2936 pertulerat
1950 2864 2161 2920 confes—

574 2962 730 3018 sione
758 2981 771 3029 ;
805 2963 1117 3018 charitatem
1149 2976 1379 3031 quoque,
1410 2975 1567 3031 quam
1595 2974 1719 3030 erga
1764 2961 2076 3022 universos,
2104 2967 2162 3012 et

571 3056 809 3112 maxime
857 3054 1185 3119 monachos,
1239 3052 1555 3118 exhibebat,
1604 3052 1810 3107 intento
1866 3051 2161 3106 mirabatur

572 3149 784 3215 animo,
813 3163 1045 3219 eumque
1074 3157 1184 3202 toto
1209 3147 1388 3204 cordis
1414 3146 1606 3202 atl'ectu
1638 3148 2018 3202 venerabatur.
2051 3146 2161 3202 Nec

572 3242 748 3296 solum
782 3240 920 3297 hunc
947 3241 1199 3310 diligebat
1225 3240 1538 3305 ardentius;
1561 3238 1655 3294 sed
1683 3249 1735 3293 et
1765 3254 1953 3295 omnes
1996 3249 2159 3295 rectae

2266 2026 2318 2072 te
2344 2033 2450 2073 non
2482 2017 2690 2071 videam
2722 2014 3090 2084 corporalibus
3117 2013 3310 2069 oculis.
3343 2012 3497 2079 Quod
3525 2009 3570 2066 si
3617 2010 3857 2066 volueris

2259 2111 2398 2166 hanc
2429 2110 2891 2165 conversationem
2921 2109 3103 2177 sequi,
3150 2121 3308 2176 quam
3356 2115 3534 2170 teneo,
3567 2113 3626 2158 ut
3679 2105 3857 2169 possis

2259 2204 2399 2272 apud
2431 2201 2714 2254 Dominum
2741 2198 3161 2254 misericordiam
3191 2197 3451 2266 reperire,
3487 2195 3645 2267 124
3674 2194 3856 2263 cogita

2262 2304 2436 2350 tecum
2467 2294 2756 2362 diligenter
2781 2301 2836 2346 et
2864 2301 3030 2346 tracta
3054 2307 3070 2354 ;
3095 2301 3151 2346 et
3177 2292 3222 2345 si
3251 2303 3574 2359 cognovero,
3599 2287 3703 2342 hoc
3730 2303 3854 2343 san-

2261 2398 2405 2443 ctum
2433 2385 2581 2441 cordi
2614 2396 2704 2441 tuo
2745 2385 2953 2440 sedisse
3001 2386 3359 2454 propositum,
3395 2383 3701 2451 praecipiam
3751 2380 3858 2436 fra-

2263 2481 2430 2534 tribus
2461 2479 2594 2534 meis
2623 2487 2681 2532 ut
2707 2479 2801 2533 tibi
2853 2477 3037 2548 procul
3086 2476 3357 2530 aedificent
3408 2476 3767 2542 mansionem,
3803 2474 3858 2530 in

2263 2586 2366 2640 qua
2416 2586 2536 2625 cum
2588 2569 2872 2638 disciplina
2927 2569 3356 2637 verecundiaque
3422 2569 3695 2637 persistas.
3750 2565 3858 2625 Nec

2263 2663 2447 2718 dubito
2475 2662 2617 2731 quod
2648 2662 2781 2716 alias
2808 2662 3058 2731 exemplo
3109 2672 3197 2716 tuo
3249 2662 3504 2715 Dominus
3551 2660 3859 2727 advocabit,

2262 2768 2382 2823 qua:
2429 2762 2608 2808 tecum
2656 2761 2941 2820 maneant,
2976 2761 3029 2805 et
3077 2766 3172 2821 per
3220 2760 3274 2806 te
3317 2760 3624 2807 mereantur
3669 2751 3859 2807 salutis

2264 2856 2479 2902 aeternas
2506 2847 2751 2904 invenire
2777 2847 3098 2901 subsidium.
3125 2846 3332 2901 Nullam
3363 2861 3590 2916 namque
3611 2846 3856 2917 requiem

2263 2943 2317 2998 in
2348 2942 2449 2996 hoc
2475 2957 2701 3010 corpore
2735 2943 2920 2996 mortis
2951 2942 3149 2996 habere
3177 2941 3374 3010 poterit
3401 2940 3591 3005 homo,
3623 2940 3727 2994 nisi
3766 2941 3858 3010 qui

2265 3035 2367 3104 piis
2389 3045 2644 3104 operibus
2679 3035 2790 3088 Deo
2823 3034 3106 3101 placuerit.
3141 3034 3266 3088 llaec
3294 3033 3514 3089 audiens
3541 3047 3697 3087 soror
3719 3034 3860 3102 ejus,

2265 3129 2412 3185 ﬂevit
2441 3145 2661 3185 amare;
2689 3139 2743 3184 et
2768 3137 3083 3197 compuncta
3109 3128 3384 3193 divinitus,
3412 3127 3477 3182 ad
3528 3127 3862 3181 exhortatio-

2264 3239 2385 3278 nem
2405 3224 2812 3278 saluberrimam
2832 3238 2954 3278 mox
2979 3223 3182 3292 appulit
3201 3222 3438 3276 animum
3463 3236 3628 3291 seque
3649 3219 3862 3276 Christo

574 3335 699 3389 fidei
727 3334 874 3388 viros
903 3349 1113 3388 summo
1140 3332 1320 3388 studio
1347 3331 1684 3400 praeferebat.
1726 3331 2019 3387 Hiereticos
2067 3347 2160 3386 au-

2271 3318 2473 3374 servire
2521 3315 2761 3385 professa
2801 3325 2904 3369 est.
2957 3315 3102 3369 Hanc
3139 3329 3268 3384 ergo
3318 3323 3550 3368 mentem
3593 3328 3862 3382 germana:

575 3433 684 3478 tem
717 3425 1078 3480 detestabatur
1126 3425 1433 3493 plurimum,
1478 3432 1531 3476 et
1578 3424 1809 3478 maxime
1852 3423 2158 3494 Origenein,

575 3517 723 3569 velut
744 3515 1110 3583 lilaSphemum
1128 3531 1188 3568 ac
1208 3514 1845 3581 perlidum,vehementer
1867 3516 2122 3572 horrebat
2146 3532 2160 3568 :

577 3607 668 3670 qui
701 3610 930 3677 praevius
960 3609 1068 3663 Arii
1099 3609 1396 3674 Meletiique
1435 3609 1768 3674 declaratus,
1797 3607 1896 3662 sub
1941 3608 2165 3662 Heracla

579 3701 698 3771 (52)
757 3703 1047 3757 venerabili
1102 3703 1477 3760 Alexandrinae
1524 3704 1753 3760 civitatis
1788 3703 2066 3771 episcopo,
2097 3700 2166 3756 de

579 3795 804 3851 ecclesia
834 3796 1017 3865 pulsus
1043 3806 1144 3861 est,
1176 3797 1373 3866 quique
1403 3812 1572 3852 sacrae
1602 3795 1897 3865 Scriptura;
1943 3792 2162 3861 dogma-

578 3889 721 3943 tibus
777 3904 938 3945 exosa
1001 3898 1160 3958 atque
1213 3888 1555 3951 detestanda.
1612 3902 1731 3957 quas
1785 3885 2165 3942 nonnullorum

579 3981 740 4036 corda
791 3981 1188 4046 subverterent,
1218 3981 1642 4051 expositionibus
1690 3995 1799 4035 suis
1854 3979 2162 4034 admiscuit.

579 4072 648 4126 Et
670 4072 824 4126 sicuti
855 4072 1032 4128 solent
1060 4075 1144 4142 qui
1178 4087 1381 4127 venena
1407 4081 1728 4141 temperant,
1750 4071 2162 4125 amaritudinem

582 4167 743 4220 melle
769 4176 1053 4234 contegere
1081 4184 1093 4231 ;
1123 4166 1199 4220 sic
1228 4166 1328 4224 iste
1355 4166 1553 4236 proprii
1585 4166 1728 4220 virus
1751 4167 1971 4231 erroris,
2003 4164 2167 4220 cmic-

580 4257 740 4312 stium
773 4257 1058 4312 verborum
1092 4258 1374 4312 dulcedine
1413 4257 1640 4322 liniens,
1673 4256 1897 4312 exitiosa
1947 4257 2168 4312 rudibus

581 4349 829 4419 dogmata
888 4352 1207 4419 propinavit.
1261 4352 1596 4422 Quapropter
1644 4351 1923 4406 universos
1976 4351 2167 4405 fratres

583 4444 864 4500 sollicitius
910 4445 1267 4512 admonebat,
1301 4455 1358 4502 ut
1401 4463 1508 4503 non
1555 4447 1725 4504 solum
1773 4448 1875 4517 ipsi
1924 4448 2168 4517 Origenis

583 4547 882 4592 commenta
911 4538 1026 4609 (55)
1061 4553 1166 4594 non
1197 4540 1466 4609 legerent,
1503 4541 1597 4596 sed
1646 4555 1820 4610 neque
1870 4539 2167 4610 legentibus

585 4630 796 4698 quidem
823 4646 1008 4686 aurem
1038 4632 1249 4701 penitus
1277 4633 1646 4687 admoverent.
1682 4632 1835 4688 Unde
1874 4631 2042 4687 fertur
2071 4632 2166 4684 ali-

2269 3427 2379 3467 εαξη
2409 3409 2730 3465 Pachomius
2761 3422 3076 3478 agnoscens,
3109 3407 3216 3462 Deo
3245 3407 3447 3477 gratias
3486 3408 3623 3476 egit,
3673 3409 3765 3475 qui
3810 3407 3860 3461 ei

2271 3512 2570 3572 promptam
2606 3503 2830 3571 largitus
2855 3511 2936 3556 est
2990 3503 3346 3565 voluntatem,
3381 3509 3435 3555 et
3486 3499 3727 3568 protinus
3774 3513 3861 3555 re—

2270 3593 2631 3664 ligiosioribus
2659 3595 2888 3662 imperat
2911 3593 3167 3647 fratribus
3195 3602 3251 3646 ut
3275 3594 3322 3646 ei
3352 3590 3591 3661 procula
3641 3605 3701 3646 se
3747 3607 3862 3646 mo-

2270 3686 2566 3742 nasterium
2597 3692 2930 3740 construant.
2963 3684 3114 3751 Quod
3156 3683 3243 3738 ubi
3293 3682 3491 3741 factum
3535 3698 3636 3752 est,
3669 3694 3726 3740 et
3771 3687 3862 3741 illa

2270 3778 2563 3835 secundum
2597 3779 2842 3832 timorem
2890 3777 2982 3831 Dei
3013 3777 3174 3831 vitam
3204 3777 3447 3842 duceret,
3492 3787 3864 3834 convenerunt

2271 3869 2338 3924 ad
2367 3884 2484 3923 eam
2513 3869 2632 3924 aliae
2667 3869 2931 3938 plurimae,
2957 3877 3012 3923 et
3040 3869 3186 3924 brevi
3217 3879 3458 3940 tempore
3490 3886 3692 3938 magna:
3722 3872 3862 3926 mul-

2271 3961 2513 4016 titudinis
2545 3970 2716 4015 mater
2742 3960 2932 4016 effecta
2957 3970 3060 4016 est.
3088 3963 3231 4027 Quas
3257 3961 3527 4016 instruens
3557 3970 3612 4016 et
3633 3962 3864 4030 docens,

2271 4062 2330 4108 ut
2364 4069 2458 4108 cor
2502 4069 2530 4106 a
2585 4053 2967 4122 cupiditatibus
3011 4054 3320 4109 carnalibus
3367 4054 3761 4118 abstrahentes,
3793 4055 3863 4111 ad

2271 4149 2510 4206 coelestia
2540 4158 2593 4203 et
2615 4163 2864 4204 mansura
2887 4163 3101 4218 semper
3124 4149 3449 4213 attollerent,
3468 4147 3584 4216 ipsa
3606 4156 3660 4201 et
3680 4148 3865 4204 viven-

2271 4247 2340 4300 do
2368 4244 2563 4312 pariter
2590 4253 2642 4298 et
2672 4243 2937 4312 loquendo
2963 4243 3151 4298 Salutis
3177 4244 3254 4296 eis
3286 4244 3476 4298 itinera
3523 4242 3864 4298 demonstra-

2273 4338 2389 4392 bat.
2422 4336 2649 4392 Sanctus
2669 4345 2843 4390 autem
2877 4337 3198 4390 Pacliomius
3228 4336 3437 4390 cuidam
3488 4334 3670 4399 Petro,
3705 4344 3866 4392 astate

2266 4431 2376 4499 jam
2421 4429 2733 4498 grandaeva,
2766 4436 2821 4482 et
2867 4427 3169 4482 veneranda
3216 4436 3491 4484 senectute
3541 4428 3860 4496 conspicuo,

2272 4521 2524 4591 praecepit
2551 4528 2608 4572 ut
2638 4518 2901 4573 interdum
2933 4517 3160 4574 famulas
3185 4518 3278 4573 Dei
3305 4519 3570 4583 visitaret,
3594 4530 3649 4574 et
3672 4529 3861 4574 sancta

2272 4618 2644 4676 exhortatione
2673 4616 3002 4670 sustolleret.
3038 4616 3275 4671 flabebat
3301 4616 3443 4670 enim
3475 4629 3594 4670 cum
3633 4616 3861 4672 πηοτιὶίί-

586 4725 799 4792 quando
828 4725 1093 4792 reperisse
1121 4727 1369 4780 volumen
1398 4727 1546 4795 ejus,
1578 4735 1630 4780 et
1660 4727 1713 4781 in
1741 4740 1905 4796 aquas
1956 4725 2166 4778 misisse
2197 4703 2250 4762 Ῐ)
2277 4711 2484 4766 cationi?
2513 4711 2817 4780 Ρὲδείοηυίη
2847 4710 3116 4774 omnium.
3146 4709 3306 4763 θιίθιιι
3349 4721 3654 4763 sermonem
3682 4707 3864 4778 (είίῑιη

584 4825 862 4877 continuo,
895 4824 1115 4869 testatus
1149 4817 1230 4870 liis
1278 4816 1453 4871 verbis
1506 4834 1518 4868 :
1570 4816 1681 4871 Nisi
1727 4817 1919 4870 scirem
1970 4831 2166 4870 nomen

585 4909 681 4963 Dei
737 4910 787 4962 in
845 4922 912 4962 eo
965 4923 1087 4964 esse
1132 4910 1535 4976 conscriptum,
1583 4924 1774 4964 omnes
1828 4909 2167 4978 garrulitates

583 5001 1039 5069 blasphemiarum
1094 5000 1210 5068 ejus
1255 5001 1462 5069 ignibus
1514 5015 1967 5056 concremassem.
2018 5001 2168 5056 Adeo

586 5102 744 5148 rectae
780 5093 900 5147 fidei
931 5102 1047 5148 erat
1075 5102 1301 5161 amator,
1324 5093 1710 5160 aemulatorque
1735 5093 1991 5147 veritatis.
2022 5091 2172 5147 Sicut

586 5199 764 5246 autem
795 5190 1023 5246 inimicis
1053 5188 1308 5245 Ecclesiae
1336 5189 1460 5243 odio
1507 5188 1898 5243 adversabatur
1954 5187 2130 5240 hostili
2151 5224 2168 5248 .

587 5283 656 5335 ita
692 5281 1087 5337 Catholicorum
1119 5279 1446 5348 probabatur
1474 5278 1776 5346 adgaudere
1806 5275 2167 5346 profectibus,

585 5387 639 5434 et
663 5379 831 5446 ipsum
859 5378 1130 5433 Christum
1161 5378 1558 5445 redemptorem
1584 5373 1843 5435 omnium,
1877 5385 1936 5426 se
1983 5371 2035 5424 in
2079 5385 2170 5426 sa-

587 5468 894 5525 cerdotibus
914 5467 1030 5537 ejus
1048 5471 1099 5521 in
1119 5467 1371 5522 Ecclesiae
1394 5465 1586 5517 throno
1612 5461 1905 5515 testabatur
1925 5475 2168 5516 cernere.

588 5561 646 5617 Si
683 5561 894 5629 quando
937 5576 1067 5614 vero
1100 5560 1317 5613 fratrem
1363 5555 1730 5609 detrahentem
1778 5555 2022 5624 cuiquam
2075 5569 2171 5623 pro

588 5656 827 5724 quolibet
858 5655 1073 5724 negotio
1097 5648 1457 5719 cognovisset,
1492 5660 1595 5699 non
1629 5646 1801 5698 solum
1836 5659 1939 5698 non
1983 5646 2172 5702 crede-

587 5749 771 5813 batci,
801 5746 894 5802 sed
927 5746 1085 5799 etiam
1134 5749 1380 5794 avertens
1429 5751 1489 5792 se
1537 5751 1660 5791 mox
1704 5736 1770 5791 ab
1818 5750 1903 5802 eo,
1936 5736 2097 5790 veluti
2141 5751 2170 5791 a

593 5841 730 5894 facie
784 5836 1050 5906 serpentis
1102 5829 1344 5887 concitus
1385 5829 1727 5895 abscedebat,
1762 5828 1890 5883 illud
1932 5828 2171 5883 Pssimo-

589 5927 777 5996 [raphl
810 5927 1120 5990 frequenter
1149 5917 1428 5978 Insinhabl
1457 5931 1470 5970 i
1504 5915 1880 5976 Detraliemem
1927 5923 2169 5987 proxime

2275 4804 2530 4875 scriptum
2563 4800 2681 4871 est)
2709 4799 2820 4856 sale
2860 4800 3150 4862 conditum,
3183 4809 3402 4869 eratque
3447 4797 3617 4854 oculis
3661 4800 3861 4854 mentis

2275 4908 2329 4951 et
2358 4897 2600 4965 corporis
2627 4893 2780 4949 valde
2809 4893 3156 4958 castissimus,
3188 4893 3276 4960 qui
3306 4904 3676 4960 saepenumero
3698 4891 3864 4958 virgi-

2276 4988 2434 5043 nibus
2454 4985 2648 5043 Cbristi
2670 4984 2735 5038 dc
2757 4985 2955 5039 sanctis
2976 4983 3266 5052 Scripturis
3291 4982 3607 5051 loquebatur
3634 4978 3862 5049 (Coloss.

2275 5080 2374 5148 iv),
2405 5087 2460 5135 et
2489 5075 2797 5132 insinuabat
2825 5090 2884 5130 ea
2917 5091 3034 5144 qute
3066 5075 3332 5144 pertinent
3355 5073 3421 5127 ad
3466 5073 3717 5127 salutem.
3769 5072 3868 5127 Pa-

2276 5172 2523 5227 cliomius
2551 5183 2679 5225 vero
2707 5169 2989 5236 descripsit
3016 5167 3094 5221 eis
3125 5165 3356 5236 regulas,
3388 5163 3578 5232 quibus
3625 5173 3862 5228 utentes,
3912 5234 3928 5238 Ω

2275 5264 2473 5334 jugiter
2515 5260 2938 5318 conversationis
2967 5274 3077 5315 sum
3108 5268 3376 5313 momenta
3405 5256 3722 5326 dirigerent.
3756 5254 3866 5310 Ex-

2279 5357 2450 5424 ceptis
2478 5355 2620 5410 enim
2646 5353 2881 5420 melotis,
2912 5369 3047 5423 quas
3073 5349 3287 5405 feminae
3311 5364 3416 5404 non
3441 5348 3662 5416 habent,
3691 5349 3870 5404 omnis
3943 5379 3952 5390 ι

2281 5447 2632 5502 institutionis
2663 5461 2849 5500 earum
2877 5445 3047 5500 foima
3076 5442 3353 5500 monachis
3381 5444 3706 5512 probabatur
3747 5456 3870 5498 esse

2278 5540 2594 5596 consimilis.
2621 5539 2675 5594 Si
2699 5539 2815 5608 quis
2840 5546 3020 5593 autem
3046 5537 3114 5591 de
3140 5536 3391 5591 fratribus
3418 5535 3648 5592 habebat
3673 5534 3726 5589 in
3753 5550 3870 5590 mo-

2282 5615 2516 5690 nasterio
2533 5633 2846 5688 feminarum
2870 5632 3220 5701 propinquam
3246 5631 3477 5700 aliquam
3496 5632 3578 5682 vel
3599 5643 3872 5693 sororem,

2280 5741 2505 5797 eamque
2521 5726 2736 5781 visitare
2767 5724 3366 5789 voluisset,mittebatur
3392 5737 3514 5778 cum
3543 5737 3609 5777 eo
3638 5737 3780 5777 unus
3805 5738 3873 5778 ex

2280 5821 2579 5876 senioribus
2592 5820 2826 5888 probatas
2836 5820 2977 5883 vita);
2991 5827 3044 5871 et
3058 5820 3283 5888 primum
3297 5817 3508 5888 quidem
3527 5816 3737 5869 Videbat
3754 5832 3873 5871 eam

2278 5930 2398 5986 qua:
2414 5912 2690 5970 sororibus
2709 5920 2966 5984 praeerat;
2985 5919 3039 5965 et
3052 5908 3244 5964 deinde
3259 5908 3358 5966 sub
3378 5907 3494 5978 ejus
3512 5906 3798 5977 praesentia
3819 5913 3873 5958 et
