  <div class='ocr_page' id='page_1' title='image "/cluster/home/n/w/nwhite01/storage/ocr_20150623/73/hvd.32044011474434/130.png"; bbox 0 0 4142 6350; ppageno 0'>
   <div class='ocr_carea' id='block_1_1' title="bbox 275 427 374 486">
    <p class='ocr_par' dir='ltr' id='par_1_1' title="bbox 275 427 374 486">
     <span class='ocr_line' id='line_1_1' title="bbox 275 427 374 486; baseline 0 -3"><span class='ocrx_word' id='word_1_1' title='bbox 275 427 374 486; x_wconf 65' lang='lat'><strong>249</strong></span> 
     </span>
    </p>
   </div>
   <div class='ocr_carea' id='block_1_2' title="bbox 1053 419 2737 493">
    <p class='ocr_par' dir='ltr' id='par_1_2' title="bbox 1053 419 2737 493">
     <span class='ocr_line' id='line_1_2' title="bbox 1053 419 2737 493; baseline 0.008 -17"><span class='ocrx_word' id='word_1_2' title='bbox 1053 419 1216 480; x_wconf 78' lang='lat' dir='ltr'><strong>VITA</strong></span> <span class='ocrx_word' id='word_1_3' title='bbox 1256 422 1507 483; x_wconf 75' lang='lat' dir='ltr'><strong>SANCTI</strong></span> <span class='ocrx_word' id='word_1_4' title='bbox 1542 425 1877 485; x_wconf 76' lang='lat' dir='ltr'><strong>PACHOMII</strong></span> <span class='ocrx_word' id='word_1_5' title='bbox 1913 426 2208 488; x_wconf 78' lang='lat' dir='ltr'><strong>ABBATIS</strong></span> <span class='ocrx_word' id='word_1_6' title='bbox 2242 432 2737 493; x_wconf 82' lang='lat' dir='ltr'><strong>TABENNENSIS.</strong></span> 
     </span>
    </p>
   </div>
   <div class='ocr_carea' id='block_1_3' title="bbox 3440 435 3552 492">
    <p class='ocr_par' dir='ltr' id='par_1_3' title="bbox 3440 435 3552 492">
     <span class='ocr_line' id='line_1_3' title="bbox 3440 435 3552 492; baseline 0 -1"><span class='ocrx_word' id='word_1_7' title='bbox 3440 435 3552 492; x_wconf 74' lang='grc'><strong>250</strong></span> 
     </span>
    </p>
   </div>
   <div class='ocr_carea' id='block_1_4' title="bbox 275 543 3556 625">
    <p class='ocr_par' dir='ltr' id='par_1_4' title="bbox 275 543 3556 625">
     <span class='ocr_line' id='line_1_4' title="bbox 275 543 3556 625; baseline 0.004 -23"><span class='ocrx_word' id='word_1_8' title='bbox 275 547 493 602; x_wconf 89' lang='lat' dir='ltr'><strong>aliarum</strong></span> <span class='ocrx_word' id='word_1_9' title='bbox 520 555 640 613; x_wconf 78' lang='lat' dir='ltr'><strong>quae</strong></span> <span class='ocrx_word' id='word_1_10' title='bbox 666 549 820 599; x_wconf 84' lang='lat' dir='ltr'><strong>erant</strong></span> <span class='ocrx_word' id='word_1_11' title='bbox 848 543 1202 612; x_wconf 76' lang='lat' dir='ltr'><strong>provectioris</strong></span> <span class='ocrx_word' id='word_1_12' title='bbox 1229 545 1422 610; x_wconf 68' lang='lat' dir='ltr'><strong>aetatis,</strong></span> <span class='ocrx_word' id='word_1_13' title='bbox 1441 559 1681 602; x_wconf 81' lang='lat' dir='ltr'><strong>sororem</strong></span> <span class='ocrx_word' id='word_1_14' title='bbox 1701 561 1852 602; x_wconf 90' lang='lat' dir='ltr'><strong>suam</strong></span> <span class='ocrx_word' id='word_1_15' title='bbox 1879 547 1935 608; x_wconf 78' lang='grc' dir='ltr'><strong>Α</strong></span> <span class='ocrx_word' id='word_1_16' title='bbox 1958 556 2061 616; x_wconf 88' lang='lat' dir='ltr'><strong>ret,</strong></span> <span class='ocrx_word' id='word_1_17' title='bbox 2091 548 2370 617; x_wconf 90' lang='lat' dir='ltr'><strong>jejunabat</strong></span> <span class='ocrx_word' id='word_1_18' title='bbox 2391 567 2560 623; x_wconf 89' lang='lat' dir='ltr'><strong>usque</strong></span> <span class='ocrx_word' id='word_1_19' title='bbox 2586 554 2654 609; x_wconf 89' lang='lat' dir='ltr'><strong>ad</strong></span> <span class='ocrx_word' id='word_1_20' title='bbox 2681 567 2980 624; x_wconf 81' lang='lat' dir='ltr'><strong>vesperam.</strong></span> <span class='ocrx_word' id='word_1_21' title='bbox 3013 553 3347 625; x_wconf 76' lang='lat' dir='ltr'><strong>Frequenter</strong></span> <span class='ocrx_word' id='word_1_22' title='bbox 3367 562 3556 614; x_wconf 87' lang='lat' dir='ltr'><strong>autem</strong></span> 
     </span>
    </p>
   </div>
   <div class='ocr_carea' id='block_1_5' title="bbox 274 637 1857 712">
    <p class='ocr_par' dir='ltr' id='par_1_5' title="bbox 274 637 1857 712">
     <span class='ocr_line' id='line_1_5' title="bbox 274 637 1857 712; baseline 0.002 -17"><span class='ocrx_word' id='word_1_23' title='bbox 274 642 355 695; x_wconf 89' lang='lat' dir='ltr'><strong>vel</strong></span> <span class='ocrx_word' id='word_1_24' title='bbox 407 638 706 709; x_wconf 78' lang='lat' dir='ltr'><strong>proximam</strong></span> <span class='ocrx_word' id='word_1_25' title='bbox 759 637 924 694; x_wconf 91' lang='lat' dir='ltr'><strong>frater</strong></span> <span class='ocrx_word' id='word_1_26' title='bbox 966 653 1086 694; x_wconf 92' lang='lat' dir='ltr'><strong>cum</strong></span> <span class='ocrx_word' id='word_1_27' title='bbox 1137 640 1284 694; x_wconf 93' lang='lat' dir='ltr'><strong>omni</strong></span> <span class='ocrx_word' id='word_1_28' title='bbox 1339 639 1541 710; x_wconf 90' lang='lat' dir='ltr'><strong>pudore</strong></span> <span class='ocrx_word' id='word_1_29' title='bbox 1587 650 1642 696; x_wconf 92' lang='lat' dir='ltr'><strong>et</strong></span> <span class='ocrx_word' id='word_1_30' title='bbox 1685 645 1857 712; x_wconf 87' lang='lat' dir='ltr'><strong>gratia</strong></span> 
     </span>
    </p>
   </div>
   <div class='ocr_carea' id='block_1_6' title="bbox 272 731 1863 804">
    <p class='ocr_par' dir='ltr' id='par_1_6' title="bbox 272 731 1863 804">
     <span class='ocr_line' id='line_1_6' title="bbox 272 731 1863 804; baseline 0 -13"><span class='ocrx_word' id='word_1_31' title='bbox 272 733 565 792; x_wconf 72' lang='lat' dir='ltr'><strong>sanctitatis</strong></span> <span class='ocrx_word' id='word_1_32' title='bbox 591 733 864 800; x_wconf 82' lang='lat' dir='ltr'><strong>cernebat,</strong></span> <span class='ocrx_word' id='word_1_33' title='bbox 895 732 1027 789; x_wconf 84' lang='lat' dir='ltr'><strong>nihil</strong></span> <span class='ocrx_word' id='word_1_34' title='bbox 1050 731 1100 790; x_wconf 90' lang='lat' dir='ltr'><strong>ei</strong></span> <span class='ocrx_word' id='word_1_35' title='bbox 1123 733 1391 803; x_wconf 79' lang='lat' dir='ltr'><strong>deferens,</strong></span> <span class='ocrx_word' id='word_1_36' title='bbox 1421 749 1520 790; x_wconf 91' lang='lat' dir='ltr'><strong>nec</strong></span> <span class='ocrx_word' id='word_1_37' title='bbox 1545 751 1768 804; x_wconf 82' lang='lat' dir='ltr'><strong>prorsus</strong></span> <span class='ocrx_word' id='word_1_38' title='bbox 1793 737 1863 792; x_wconf 92' lang='lat' dir='ltr'><strong>ab</strong></span> 
     </span>
    </p>
   </div>
   <div class='ocr_carea' id='block_1_7' title="bbox 268 826 1860 899">
    <p class='ocr_par' dir='ltr' id='par_1_7' title="bbox 268 826 1860 899">
     <span class='ocr_line' id='line_1_7' title="bbox 268 826 1860 899; baseline -0.002 -14"><span class='ocrx_word' id='word_1_39' title='bbox 268 847 333 886; x_wconf 91' lang='lat' dir='ltr'><strong>ea</strong></span> <span class='ocrx_word' id='word_1_40' title='bbox 382 827 670 899; x_wconf 83' lang='lat' dir='ltr'><strong>quidquam</strong></span> <span class='ocrx_word' id='word_1_41' title='bbox 708 827 995 897; x_wconf 88' lang='lat' dir='ltr'><strong>accipiens.</strong></span> <span class='ocrx_word' id='word_1_42' title='bbox 1043 826 1159 881; x_wconf 83' lang='lat' dir='ltr'><strong>Non</strong></span> <span class='ocrx_word' id='word_1_43' title='bbox 1203 828 1344 883; x_wconf 88' lang='lat' dir='ltr'><strong>enim</strong></span> <span class='ocrx_word' id='word_1_44' title='bbox 1395 828 1666 898; x_wconf 90' lang='lat' dir='ltr'><strong>proprium</strong></span> <span class='ocrx_word' id='word_1_45' title='bbox 1732 830 1860 898; x_wconf 92' lang='lat' dir='ltr'><strong>quid</strong></span> 
     </span>
    </p>
   </div>
   <div class='ocr_carea' id='block_1_8' title="bbox 277 919 1866 992">
    <p class='ocr_par' dir='ltr' id='par_1_8' title="bbox 277 919 1866 992">
     <span class='ocr_line' id='line_1_8' title="bbox 277 919 1866 992; baseline -0.001 -14"><span class='ocrx_word' id='word_1_46' title='bbox 277 921 547 978; x_wconf 83' lang='lat' dir='ltr'><strong>habebant</strong></span> <span class='ocrx_word' id='word_1_47' title='bbox 575 920 714 991; x_wconf 92' lang='lat' dir='ltr'><strong>quod</strong></span> <span class='ocrx_word' id='word_1_48' title='bbox 747 919 847 975; x_wconf 84' lang='lat' dir='ltr'><strong>sibi</strong></span> <span class='ocrx_word' id='word_1_49' title='bbox 879 928 1064 974; x_wconf 92' lang='lat' dir='ltr'><strong>mutuo</strong></span> <span class='ocrx_word' id='word_1_50' title='bbox 1095 919 1444 989; x_wconf 84' lang='lat' dir='ltr'><strong>largirentur;</strong></span> <span class='ocrx_word' id='word_1_51' title='bbox 1473 933 1694 992; x_wconf 88' lang='lat' dir='ltr'><strong>eratque</strong></span> <span class='ocrx_word' id='word_1_52' title='bbox 1733 922 1866 976; x_wconf 81' lang='lat' dir='ltr'><strong>satis</strong></span> 
     </span>
    </p>
   </div>
   <div class='ocr_carea' id='block_1_9' title="bbox 273 1012 1866 1085">
    <p class='ocr_par' dir='ltr' id='par_1_9' title="bbox 273 1012 1866 1085">
     <span class='ocr_line' id='line_1_9' title="bbox 273 1012 1866 1085; baseline -0.002 -12"><span class='ocrx_word' id='word_1_53' title='bbox 273 1020 550 1085; x_wconf 87' lang='lat' dir='ltr'><strong>utrisque,</strong></span> <span class='ocrx_word' id='word_1_54' title='bbox 600 1014 773 1070; x_wconf 89' lang='lat' dir='ltr'><strong>solum</strong></span> <span class='ocrx_word' id='word_1_55' title='bbox 818 1012 1136 1068; x_wconf 89' lang='lat' dir='ltr'><strong>visitationis</strong></span> <span class='ocrx_word' id='word_1_56' title='bbox 1180 1012 1451 1078; x_wconf 86' lang='lat' dir='ltr'><strong>officium,</strong></span> <span class='ocrx_word' id='word_1_57' title='bbox 1502 1014 1866 1083; x_wconf 79' lang='lat' dir='ltr'><strong>memoriaque</strong></span> 
     </span>
    </p>
   </div>
   <div class='ocr_carea' id='block_1_10' title="bbox 274 1109 1867 1179">
    <p class='ocr_par' dir='ltr' id='par_1_10' title="bbox 274 1109 1867 1179">
     <span class='ocr_line' id='line_1_10' title="bbox 274 1109 1867 1179; baseline -0.002 -13"><span class='ocrx_word' id='word_1_58' title='bbox 274 1113 575 1167; x_wconf 90' lang='lat' dir='ltr'><strong>futurorum</strong></span> <span class='ocrx_word' id='word_1_59' title='bbox 603 1125 723 1165; x_wconf 93' lang='lat' dir='ltr'><strong>cum</strong></span> <span class='ocrx_word' id='word_1_60' title='bbox 752 1124 849 1179; x_wconf 85' lang='lat' dir='ltr'><strong>spe</strong></span> <span class='ocrx_word' id='word_1_61' title='bbox 878 1109 1144 1165; x_wconf 88' lang='lat' dir='ltr'><strong>felicitatis</strong></span> <span class='ocrx_word' id='word_1_62' title='bbox 1167 1117 1402 1164; x_wconf 57' lang='lat' dir='ltr'><strong>aeterna).</strong></span> <span class='ocrx_word' id='word_1_63' title='bbox 1425 1110 1479 1164; x_wconf 91' lang='lat' dir='ltr'><strong>Si</strong></span> <span class='ocrx_word' id='word_1_64' title='bbox 1502 1109 1716 1178; x_wconf 92' lang='lat' dir='ltr'><strong>quando</strong></span> <span class='ocrx_word' id='word_1_65' title='bbox 1736 1123 1867 1165; x_wconf 88' lang='lat' dir='ltr'><strong>vero</strong></span> 
     </span>
    </p>
   </div>
   <div class='ocr_carea' id='block_1_11' title="bbox 278 1204 1868 1272">
    <p class='ocr_par' dir='ltr' id='par_1_11' title="bbox 278 1204 1868 1272">
     <span class='ocr_line' id='line_1_11' title="bbox 278 1204 1868 1272; baseline 0.003 -12"><span class='ocrx_word' id='word_1_66' title='bbox 278 1208 365 1263; x_wconf 91' lang='lat' dir='ltr'><strong>vel</strong></span> <span class='ocrx_word' id='word_1_67' title='bbox 393 1207 459 1261; x_wconf 90' lang='lat' dir='ltr'><strong>ad</strong></span> <span class='ocrx_word' id='word_1_68' title='bbox 491 1213 836 1272; x_wconf 83' lang='lat' dir='ltr'><strong>structuram,</strong></span> <span class='ocrx_word' id='word_1_69' title='bbox 861 1205 945 1261; x_wconf 85' lang='lat' dir='ltr'><strong>vel</strong></span> <span class='ocrx_word' id='word_1_70' title='bbox 967 1205 1033 1260; x_wconf 90' lang='lat' dir='ltr'><strong>ad</strong></span> <span class='ocrx_word' id='word_1_71' title='bbox 1052 1205 1209 1259; x_wconf 91' lang='lat' dir='ltr'><strong>aliam</strong></span> <span class='ocrx_word' id='word_1_72' title='bbox 1230 1219 1342 1261; x_wconf 89' lang='lat' dir='ltr'><strong>rem</strong></span> <span class='ocrx_word' id='word_1_73' title='bbox 1363 1204 1574 1261; x_wconf 71' lang='lat' dir='ltr'><strong>femina:</strong></span> <span class='ocrx_word' id='word_1_74' title='bbox 1592 1207 1868 1264; x_wconf 82' lang='lat' dir='ltr'><strong>monachis</strong></span> 
     </span>
    </p>
   </div>
   <div class='ocr_carea' id='block_1_12' title="bbox 275 1298 1866 1370">
    <p class='ocr_par' dir='ltr' id='par_1_12' title="bbox 275 1298 1866 1370">
     <span class='ocr_line' id='line_1_12' title="bbox 275 1298 1866 1370; baseline 0.002 -17"><span class='ocrx_word' id='word_1_75' title='bbox 275 1299 604 1370; x_wconf 82' lang='lat' dir='ltr'><strong>indigerent,</strong></span> <span class='ocrx_word' id='word_1_76' title='bbox 635 1298 969 1367; x_wconf 77' lang='lat' dir='ltr'><strong>eligebantur</strong></span> <span class='ocrx_word' id='word_1_77' title='bbox 1013 1313 1222 1370; x_wconf 89' lang='lat' dir='ltr'><strong>magnae</strong></span> <span class='ocrx_word' id='word_1_78' title='bbox 1269 1301 1694 1356; x_wconf 87' lang='lat' dir='ltr'><strong>conversationis</strong></span> <span class='ocrx_word' id='word_1_79' title='bbox 1743 1302 1866 1370; x_wconf 92' lang='lat' dir='ltr'><strong>viri,</strong></span> 
     </span>
    </p>
   </div>
   <div class='ocr_carea' id='block_1_13' title="bbox 277 1391 1868 1465">
    <p class='ocr_par' dir='ltr' id='par_1_13' title="bbox 277 1391 1868 1465">
     <span class='ocr_line' id='line_1_13' title="bbox 277 1391 1868 1465; baseline 0 -17"><span class='ocrx_word' id='word_1_80' title='bbox 277 1393 367 1465; x_wconf 88' lang='lat' dir='ltr'><strong>qui</strong></span> <span class='ocrx_word' id='word_1_81' title='bbox 395 1392 650 1447; x_wconf 83' lang='lat' dir='ltr'><strong>fratribus</strong></span> <span class='ocrx_word' id='word_1_82' title='bbox 679 1391 746 1446; x_wconf 91' lang='lat' dir='ltr'><strong>ad</strong></span> <span class='ocrx_word' id='word_1_83' title='bbox 786 1392 1006 1460; x_wconf 57' lang='lat' dir='ltr'><strong>quaesita</strong></span> <span class='ocrx_word' id='word_1_84' title='bbox 1053 1401 1347 1461; x_wconf 64' lang='lat' dir='ltr'><strong>praeessent</strong></span> <span class='ocrx_word' id='word_1_85' title='bbox 1389 1393 1596 1457; x_wconf 83' lang='lat' dir='ltr'><strong>officia;</strong></span> <span class='ocrx_word' id='word_1_86' title='bbox 1647 1400 1701 1447; x_wconf 90' lang='lat' dir='ltr'><strong>et</strong></span> <span class='ocrx_word' id='word_1_87' title='bbox 1746 1408 1868 1448; x_wconf 92' lang='lat' dir='ltr'><strong>cum</strong></span> 
     </span>
    </p>
   </div>
   <div class='ocr_carea' id='block_1_14' title="bbox 276 1485 1864 1549">
    <p class='ocr_par' dir='ltr' id='par_1_14' title="bbox 276 1485 1864 1549">
     <span class='ocr_line' id='line_1_14' title="bbox 276 1485 1864 1549; baseline 0 -7"><span class='ocrx_word' id='word_1_88' title='bbox 276 1488 474 1542; x_wconf 88' lang='lat' dir='ltr'><strong>timore</strong></span> <span class='ocrx_word' id='word_1_89' title='bbox 500 1486 707 1541; x_wconf 87' lang='lat' dir='ltr'><strong>Domini</strong></span> <span class='ocrx_word' id='word_1_90' title='bbox 740 1485 1067 1549; x_wconf 87' lang='lat' dir='ltr'><strong>laborantes,</strong></span> <span class='ocrx_word' id='word_1_91' title='bbox 1097 1485 1406 1541; x_wconf 88' lang='lat' dir='ltr'><strong>refectionis</strong></span> <span class='ocrx_word' id='word_1_92' title='bbox 1438 1485 1570 1540; x_wconf 89' lang='lat' dir='ltr'><strong>hora</strong></span> <span class='ocrx_word' id='word_1_93' title='bbox 1621 1495 1864 1542; x_wconf 86' lang='lat' dir='ltr'><strong>reverte-</strong></span> 
     </span>
    </p>
   </div>
   <div class='ocr_carea' id='block_1_15' title="bbox 276 1578 1871 1650">
    <p class='ocr_par' dir='ltr' id='par_1_15' title="bbox 276 1578 1871 1650">
     <span class='ocr_line' id='line_1_15' title="bbox 276 1578 1871 1650; baseline -0.002 -13"><span class='ocrx_word' id='word_1_94' title='bbox 276 1581 475 1637; x_wconf 88' lang='lat' dir='ltr'><strong>bantur</strong></span> <span class='ocrx_word' id='word_1_95' title='bbox 501 1579 567 1633; x_wconf 91' lang='lat' dir='ltr'><strong>ad</strong></span> <span class='ocrx_word' id='word_1_96' title='bbox 599 1578 1010 1645; x_wconf 87' lang='lat' dir='ltr'><strong>monasterium,</strong></span> <span class='ocrx_word' id='word_1_97' title='bbox 1034 1589 1286 1636; x_wconf 84' lang='lat' dir='ltr'><strong>caventes</strong></span> <span class='ocrx_word' id='word_1_98' title='bbox 1307 1579 1446 1650; x_wconf 91' lang='lat' dir='ltr'><strong>apud</strong></span> <span class='ocrx_word' id='word_1_99' title='bbox 1469 1595 1562 1636; x_wconf 90' lang='lat' dir='ltr'><strong>eas</strong></span> <span class='ocrx_word' id='word_1_100' title='bbox 1583 1579 1871 1650; x_wconf 88' lang='lat' dir='ltr'><strong>quidquam</strong></span> 
     </span>
    </p>
   </div>
   <div class='ocr_carea' id='block_1_16' title="bbox 277 1671 1002 1742">
    <p class='ocr_par' dir='ltr' id='par_1_16' title="bbox 277 1671 1002 1742">
     <span class='ocr_line' id='line_1_16' title="bbox 277 1671 1002 1742; baseline 0 -14"><span class='ocrx_word' id='word_1_101' title='bbox 277 1673 379 1728; x_wconf 90' lang='lat' dir='ltr'><strong>cibi</strong></span> <span class='ocrx_word' id='word_1_102' title='bbox 411 1681 677 1742; x_wconf 84' lang='lat' dir='ltr'><strong>potusque</strong></span> <span class='ocrx_word' id='word_1_103' title='bbox 705 1671 1002 1741; x_wconf 85' lang='lat' dir='ltr'><strong>percipere.</strong></span> 
     </span>
    </p>
   </div>
   <div class='ocr_carea' id='block_1_17' title="bbox 352 1765 1871 1836">
    <p class='ocr_par' dir='ltr' id='par_1_17' title="bbox 352 1765 1871 1836">
     <span class='ocr_line' id='line_1_17' title="bbox 352 1765 1871 1836; baseline -0.001 -14"><span class='ocrx_word' id='word_1_104' title='bbox 352 1768 467 1822; x_wconf 89' lang='lat' dir='ltr'><strong>Una</strong></span> <span class='ocrx_word' id='word_1_105' title='bbox 499 1781 629 1822; x_wconf 92' lang='lat' dir='ltr'><strong>vero</strong></span> <span class='ocrx_word' id='word_1_106' title='bbox 673 1765 854 1836; x_wconf 89' lang='lat' dir='ltr'><strong>regula</strong></span> <span class='ocrx_word' id='word_1_107' title='bbox 905 1775 1011 1820; x_wconf 92' lang='lat' dir='ltr'><strong>tam</strong></span> <span class='ocrx_word' id='word_1_108' title='bbox 1061 1766 1295 1821; x_wconf 88' lang='lat' dir='ltr'><strong>virorum</strong></span> <span class='ocrx_word' id='word_1_109' title='bbox 1343 1781 1501 1836; x_wconf 91' lang='lat' dir='ltr'><strong>quam</strong></span> <span class='ocrx_word' id='word_1_110' title='bbox 1554 1765 1871 1820; x_wconf 89' lang='lat' dir='ltr'><strong>feminarum</strong></span> 
     </span>
    </p>
   </div>
   <div class='ocr_carea' id='block_1_18' title="bbox 278 1857 1873 1929">
    <p class='ocr_par' dir='ltr' id='par_1_18' title="bbox 278 1857 1873 1929">
     <span class='ocr_line' id='line_1_18' title="bbox 278 1857 1873 1929; baseline -0.001 -15"><span class='ocrx_word' id='word_1_111' title='bbox 278 1861 548 1929; x_wconf 84' lang='lat' dir='ltr'><strong>hodieque</strong></span> <span class='ocrx_word' id='word_1_112' title='bbox 587 1858 859 1929; x_wconf 89' lang='lat' dir='ltr'><strong>perdurat,</strong></span> <span class='ocrx_word' id='word_1_113' title='bbox 892 1859 994 1913; x_wconf 91' lang='lat' dir='ltr'><strong>nisi</strong></span> <span class='ocrx_word' id='word_1_114' title='bbox 1055 1859 1198 1928; x_wconf 90' lang='lat' dir='ltr'><strong>quod</strong></span> <span class='ocrx_word' id='word_1_115' title='bbox 1250 1857 1458 1913; x_wconf 73' lang='lat' dir='ltr'><strong>femina:</strong></span> <span class='ocrx_word' id='word_1_116' title='bbox 1509 1858 1722 1914; x_wconf 91' lang='lat' dir='ltr'><strong>melotis</strong></span> <span class='ocrx_word' id='word_1_117' title='bbox 1773 1860 1873 1928; x_wconf 92' lang='lat' dir='ltr'><strong>(ut</strong></span> 
     </span>
    </p>
   </div>
   <div class='ocr_carea' id='block_1_19' title="bbox 277 1949 1874 2023">
    <p class='ocr_par' dir='ltr' id='par_1_19' title="bbox 277 1949 1874 2023">
     <span class='ocr_line' id='line_1_19' title="bbox 277 1949 1874 2023; baseline -0.003 -13"><span class='ocrx_word' id='word_1_118' title='bbox 277 1953 554 2023; x_wconf 78' lang='lat' dir='ltr'><strong>diximus)</strong></span> <span class='ocrx_word' id='word_1_119' title='bbox 583 1951 800 2007; x_wconf 91' lang='lat' dir='ltr'><strong>minime</strong></span> <span class='ocrx_word' id='word_1_120' title='bbox 829 1960 1048 2006; x_wconf 92' lang='lat' dir='ltr'><strong>utuntur</strong></span> <span class='ocrx_word' id='word_1_121' title='bbox 1077 1952 1097 2022; x_wconf 89' lang='lat'>(</span> <span class='ocrx_word' id='word_1_122' title='bbox 1123 1949 1336 2005; x_wconf 85' lang='lat' dir='ltr'><strong>Pallad.</strong></span> <span class='ocrx_word' id='word_1_123' title='bbox 1365 1968 1410 2005; x_wconf 85' lang='lat' dir='ltr'><strong>c.</strong></span> <span class='ocrx_word' id='word_1_124' title='bbox 1441 1952 1508 2006; x_wconf 81' lang='lat'><strong>39</strong></span> <span class='ocrx_word' id='word_1_125' title='bbox 1532 1949 1572 2021; x_wconf 93' lang='lat'><strong>).</strong></span> <span class='ocrx_word' id='word_1_126' title='bbox 1618 1951 1772 2018; x_wconf 84' lang='lat' dir='ltr'><strong>Quod</strong></span> <span class='ocrx_word' id='word_1_127' title='bbox 1827 1951 1874 2007; x_wconf 88' lang='lat' dir='ltr'><strong>si</strong></span> 
     </span>
    </p>
   </div>
   <div class='ocr_carea' id='block_1_20' title="bbox 276 2044 1874 2116">
    <p class='ocr_par' dir='ltr' id='par_1_20' title="bbox 276 2044 1874 2116">
     <span class='ocr_line' id='line_1_20' title="bbox 276 2044 1874 2116; baseline -0.003 -13"><span class='ocrx_word' id='word_1_128' title='bbox 276 2047 532 2103; x_wconf 85' lang='lat' dir='ltr'><strong>defuncta</strong></span> <span class='ocrx_word' id='word_1_129' title='bbox 559 2054 703 2100; x_wconf 85' lang='lat' dir='ltr'><strong>esset</strong></span> <span class='ocrx_word' id='word_1_130' title='bbox 745 2045 915 2116; x_wconf 89' lang='lat' dir='ltr'><strong>virgo,</strong></span> <span class='ocrx_word' id='word_1_131' title='bbox 961 2053 1211 2100; x_wconf 89' lang='lat' dir='ltr'><strong>curantes</strong></span> <span class='ocrx_word' id='word_1_132' title='bbox 1258 2044 1417 2100; x_wconf 90' lang='lat' dir='ltr'><strong>funus</strong></span> <span class='ocrx_word' id='word_1_133' title='bbox 1459 2044 1575 2114; x_wconf 87' lang='lat' dir='ltr'><strong>ejus</strong></span> <span class='ocrx_word' id='word_1_134' title='bbox 1623 2044 1874 2113; x_wconf 71' lang='lat' dir='ltr'><strong>reliqum,</strong></span> 
     </span>
    </p>
   </div>
   <div class='ocr_carea' id='block_1_21' title="bbox 278 2136 1874 2208">
    <p class='ocr_par' dir='ltr' id='par_1_21' title="bbox 278 2136 1874 2208">
     <span class='ocr_line' id='line_1_21' title="bbox 278 2136 1874 2208; baseline -0.003 -13"><span class='ocrx_word' id='word_1_135' title='bbox 278 2149 585 2208; x_wconf 86' lang='lat' dir='ltr'><strong>cunctaque</strong></span> <span class='ocrx_word' id='word_1_136' title='bbox 606 2153 726 2208; x_wconf 86' lang='lat' dir='ltr'><strong>quae</strong></span> <span class='ocrx_word' id='word_1_137' title='bbox 753 2136 820 2192; x_wconf 90' lang='lat' dir='ltr'><strong>ad</strong></span> <span class='ocrx_word' id='word_1_138' title='bbox 846 2137 1172 2208; x_wconf 89' lang='lat' dir='ltr'><strong>sepulturam</strong></span> <span class='ocrx_word' id='word_1_139' title='bbox 1201 2140 1471 2207; x_wconf 88' lang='lat' dir='ltr'><strong>pertinent</strong></span> <span class='ocrx_word' id='word_1_140' title='bbox 1495 2137 1874 2207; x_wconf 88' lang='lat' dir='ltr'><strong>adimplentes,</strong></span> 
     </span>
    </p>
   </div>
   <div class='ocr_carea' id='block_1_22' title="bbox 278 2228 1878 2300">
    <p class='ocr_par' dir='ltr' id='par_1_22' title="bbox 278 2228 1878 2300">
     <span class='ocr_line' id='line_1_22' title="bbox 278 2228 1878 2300; baseline -0.002 -12"><span class='ocrx_word' id='word_1_141' title='bbox 278 2231 598 2288; x_wconf 83' lang='lat' dir='ltr'><strong>deferebant</strong></span> <span class='ocrx_word' id='word_1_142' title='bbox 627 2244 795 2300; x_wconf 91' lang='lat' dir='ltr'><strong>usque</strong></span> <span class='ocrx_word' id='word_1_143' title='bbox 822 2229 888 2283; x_wconf 91' lang='lat' dir='ltr'><strong>ad</strong></span> <span class='ocrx_word' id='word_1_144' title='bbox 937 2231 1106 2299; x_wconf 90' lang='lat' dir='ltr'><strong>ripam</strong></span> <span class='ocrx_word' id='word_1_145' title='bbox 1152 2229 1407 2296; x_wconf 80' lang='lat' dir='ltr'><strong>fluminis,</strong></span> <span class='ocrx_word' id='word_1_146' title='bbox 1462 2228 1601 2299; x_wconf 89' lang='lat' dir='ltr'><strong>quod</strong></span> <span class='ocrx_word' id='word_1_147' title='bbox 1653 2238 1878 2298; x_wconf 80' lang='lat' dir='ltr'><strong>utraque</strong></span> 
     </span>
    </p>
   </div>
   <div class='ocr_carea' id='block_1_23' title="bbox 279 2323 1878 2394">
    <p class='ocr_par' dir='ltr' id='par_1_23' title="bbox 279 2323 1878 2394">
     <span class='ocr_line' id='line_1_23' title="bbox 279 2323 1878 2394; baseline -0.003 -12"><span class='ocrx_word' id='word_1_148' title='bbox 279 2325 614 2382; x_wconf 88' lang='lat' dir='ltr'><strong>monasteria</strong></span> <span class='ocrx_word' id='word_1_149' title='bbox 643 2325 861 2390; x_wconf 85' lang='lat' dir='ltr'><strong>dividit,</strong></span> <span class='ocrx_word' id='word_1_150' title='bbox 895 2325 1128 2394; x_wconf 89' lang='lat' dir='ltr'><strong>psalmos</strong></span> <span class='ocrx_word' id='word_1_151' title='bbox 1159 2340 1224 2378; x_wconf 90' lang='lat' dir='ltr'><strong>ex</strong></span> <span class='ocrx_word' id='word_1_152' title='bbox 1249 2338 1402 2378; x_wconf 89' lang='lat' dir='ltr'><strong>more</strong></span> <span class='ocrx_word' id='word_1_153' title='bbox 1421 2331 1696 2378; x_wconf 90' lang='lat' dir='ltr'><strong>canentes.</strong></span> <span class='ocrx_word' id='word_1_154' title='bbox 1725 2323 1878 2378; x_wconf 88' lang='lat' dir='ltr'><strong>Tunc</strong></span> 
     </span>
    </p>
   </div>
   <div class='ocr_carea' id='block_1_24' title="bbox 281 2417 1878 2487">
    <p class='ocr_par' dir='ltr' id='par_1_24' title="bbox 281 2417 1878 2487">
     <span class='ocr_line' id='line_1_24' title="bbox 281 2417 1878 2487; baseline -0.003 -12"><span class='ocrx_word' id='word_1_155' title='bbox 281 2427 626 2476; x_wconf 88' lang='lat' dir='ltr'><strong>transeuntes</strong></span> <span class='ocrx_word' id='word_1_156' title='bbox 655 2418 900 2473; x_wconf 82' lang='lat' dir='ltr'><strong>monachi</strong></span> <span class='ocrx_word' id='word_1_157' title='bbox 931 2434 1053 2474; x_wconf 90' lang='lat' dir='ltr'><strong>cum</strong></span> <span class='ocrx_word' id='word_1_158' title='bbox 1085 2417 1249 2472; x_wconf 89' lang='lat' dir='ltr'><strong>ramis</strong></span> <span class='ocrx_word' id='word_1_159' title='bbox 1276 2418 1571 2487; x_wconf 91' lang='lat' dir='ltr'><strong>palmarum</strong></span> <span class='ocrx_word' id='word_1_160' title='bbox 1616 2425 1671 2471; x_wconf 91' lang='lat' dir='ltr'><strong>et</strong></span> <span class='ocrx_word' id='word_1_161' title='bbox 1713 2417 1878 2471; x_wconf 88' lang='lat' dir='ltr'><strong>oliva-</strong></span> 
     </span>
    </p>
   </div>
   <div class='ocr_carea' id='block_1_25' title="bbox 279 2509 1878 2581">
    <p class='ocr_par' dir='ltr' id='par_1_25' title="bbox 279 2509 1878 2581">
     <span class='ocr_line' id='line_1_25' title="bbox 279 2509 1878 2581; baseline -0.004 -13"><span class='ocrx_word' id='word_1_162' title='bbox 279 2528 402 2568; x_wconf 91' lang='lat' dir='ltr'><strong>rum</strong></span> <span class='ocrx_word' id='word_1_163' title='bbox 439 2512 738 2580; x_wconf 87' lang='lat' dir='ltr'><strong>frondibus,</strong></span> <span class='ocrx_word' id='word_1_164' title='bbox 772 2510 1064 2581; x_wconf 87' lang='lat' dir='ltr'><strong>psallentes</strong></span> <span class='ocrx_word' id='word_1_165' title='bbox 1096 2509 1513 2565; x_wconf 88' lang='lat' dir='ltr'><strong>transvehebant</strong></span> <span class='ocrx_word' id='word_1_166' title='bbox 1557 2522 1699 2576; x_wconf 91' lang='lat' dir='ltr'><strong>eam,</strong></span> <span class='ocrx_word' id='word_1_167' title='bbox 1723 2517 1778 2562; x_wconf 92' lang='lat' dir='ltr'><strong>et</strong></span> <span class='ocrx_word' id='word_1_168' title='bbox 1824 2509 1878 2563; x_wconf 92' lang='lat' dir='ltr'><strong>in</strong></span> 
     </span>
    </p>
   </div>
   <div class='ocr_carea' id='block_1_26' title="bbox 278 2602 1474 2676">
    <p class='ocr_par' dir='ltr' id='par_1_26' title="bbox 278 2602 1474 2676">
     <span class='ocr_line' id='line_1_26' title="bbox 278 2602 1474 2676; baseline -0.007 -12"><span class='ocrx_word' id='word_1_169' title='bbox 278 2608 547 2676; x_wconf 77' lang='lat' dir='ltr'><strong>sepulcris</strong></span> <span class='ocrx_word' id='word_1_170' title='bbox 569 2605 678 2660; x_wconf 91' lang='lat' dir='ltr'><strong>suis</strong></span> <span class='ocrx_word' id='word_1_171' title='bbox 707 2620 825 2660; x_wconf 92' lang='lat' dir='ltr'><strong>cum</strong></span> <span class='ocrx_word' id='word_1_172' title='bbox 859 2603 1126 2658; x_wconf 88' lang='lat' dir='ltr'><strong>hilaritate</strong></span> <span class='ocrx_word' id='word_1_173' title='bbox 1154 2602 1474 2658; x_wconf 89' lang='lat' dir='ltr'><strong>condebant.</strong></span> 
     </span>
    </p>
   </div>
   <div class='ocr_carea' id='block_1_27' title="bbox 348 2697 1879 2764">
    <p class='ocr_par' dir='ltr' id='par_1_27' title="bbox 348 2697 1879 2764">
     <span class='ocr_line' id='line_1_27' title="bbox 348 2697 1879 2764; baseline -0.004 -9"><span class='ocrx_word' id='word_1_174' title='bbox 348 2704 486 2756; x_wconf 61' lang='lat' dir='ltr'><strong>(In.</strong></span> <span class='ocrx_word' id='word_1_175' title='bbox 507 2698 702 2756; x_wconf 77' lang='lat' dir='ltr'><strong>XXIX.</strong></span> <span class='ocrx_word' id='word_1_176' title='bbox 729 2730 800 2740; x_wconf 96' lang='lat'>—</span> <span class='ocrx_word' id='word_1_177' title='bbox 829 2699 954 2754; x_wconf 66' lang='lat' dir='ltr'><strong>Haec</strong></span> <span class='ocrx_word' id='word_1_178' title='bbox 969 2699 1088 2753; x_wconf 91' lang='lat' dir='ltr'><strong>talis</strong></span> <span class='ocrx_word' id='word_1_179' title='bbox 1117 2713 1179 2754; x_wconf 91' lang='lat' dir='ltr'><strong>ac</strong></span> <span class='ocrx_word' id='word_1_180' title='bbox 1200 2707 1342 2752; x_wconf 92' lang='lat' dir='ltr'><strong>tanta</strong></span> <span class='ocrx_word' id='word_1_181' title='bbox 1367 2697 1702 2753; x_wconf 87' lang='lat' dir='ltr'><strong>conversatio</strong></span> <span class='ocrx_word' id='word_1_182' title='bbox 1724 2697 1879 2764; x_wconf 90' lang='lat' dir='ltr'><strong>longe</strong></span> 
     </span>
    </p>
   </div>
   <div class='ocr_carea' id='block_1_28' title="bbox 281 2792 1878 2865">
    <p class='ocr_par' dir='ltr' id='par_1_28' title="bbox 281 2792 1878 2865">
     <span class='ocr_line' id='line_1_28' title="bbox 281 2792 1878 2865; baseline -0.005 -13"><span class='ocrx_word' id='word_1_183' title='bbox 281 2798 500 2865; x_wconf 88' lang='lat' dir='ltr'><strong>lateque</strong></span> <span class='ocrx_word' id='word_1_184' title='bbox 561 2796 955 2864; x_wconf 87' lang='lat' dir='ltr'><strong>crebrescens,</strong></span> <span class='ocrx_word' id='word_1_185' title='bbox 1010 2793 1287 2864; x_wconf 89' lang='lat' dir='ltr'><strong>sanctique</strong></span> <span class='ocrx_word' id='word_1_186' title='bbox 1346 2792 1615 2847; x_wconf 88' lang='lat' dir='ltr'><strong>Pachomii</strong></span> <span class='ocrx_word' id='word_1_187' title='bbox 1683 2805 1878 2845; x_wconf 89' lang='lat' dir='ltr'><strong>nomen</strong></span> 
     </span>
    </p>
   </div>
   <div class='ocr_carea' id='block_1_29' title="bbox 280 2883 1880 2960">
    <p class='ocr_par' dir='ltr' id='par_1_29' title="bbox 280 2883 1880 2960">
     <span class='ocr_line' id='line_1_29' title="bbox 280 2883 1880 2960; baseline -0.004 -17"><span class='ocrx_word' id='word_1_188' title='bbox 280 2891 484 2960; x_wconf 87' lang='lat' dir='ltr'><strong>ubique</strong></span> <span class='ocrx_word' id='word_1_189' title='bbox 533 2887 885 2956; x_wconf 87' lang='lat' dir='ltr'><strong>perveniens,</strong></span> <span class='ocrx_word' id='word_1_190' title='bbox 929 2887 1207 2941; x_wconf 88' lang='lat' dir='ltr'><strong>universos</strong></span> <span class='ocrx_word' id='word_1_191' title='bbox 1251 2886 1317 2940; x_wconf 91' lang='lat' dir='ltr'><strong>ad</strong></span> <span class='ocrx_word' id='word_1_192' title='bbox 1350 2884 1584 2954; x_wconf 87' lang='lat' dir='ltr'><strong>agendas</strong></span> <span class='ocrx_word' id='word_1_193' title='bbox 1614 2883 1726 2938; x_wconf 93' lang='lat' dir='ltr'><strong>Deo</strong></span> <span class='ocrx_word' id='word_1_194' title='bbox 1755 2899 1880 2956; x_wconf 86' lang='lat' dir='ltr'><strong>gra-</strong></span> 
     </span>
    </p>
   </div>
   <div class='ocr_carea' id='block_1_30' title="bbox 285 2976 1882 3049">
    <p class='ocr_par' dir='ltr' id='par_1_30' title="bbox 285 2976 1882 3049">
     <span class='ocr_line' id='line_1_30' title="bbox 285 2976 1882 3049; baseline -0.004 -12"><span class='ocrx_word' id='word_1_195' title='bbox 285 2983 389 3037; x_wconf 90' lang='lat' dir='ltr'><strong>tias</strong></span> <span class='ocrx_word' id='word_1_196' title='bbox 414 2981 704 3037; x_wconf 78' lang='lat' dir='ltr'><strong>excitabat.</strong></span> <span class='ocrx_word' id='word_1_197' title='bbox 726 2981 842 3036; x_wconf 82' lang='lat' dir='ltr'><strong>Non</strong></span> <span class='ocrx_word' id='word_1_198' title='bbox 874 2981 1026 3048; x_wconf 91' lang='lat' dir='ltr'><strong>pauci</strong></span> <span class='ocrx_word' id='word_1_199' title='bbox 1055 2994 1266 3049; x_wconf 88' lang='lat' dir='ltr'><strong>quoque</strong></span> <span class='ocrx_word' id='word_1_200' title='bbox 1293 2986 1699 3034; x_wconf 90' lang='lat' dir='ltr'><strong>contemnentes</strong></span> <span class='ocrx_word' id='word_1_201' title='bbox 1724 2976 1882 3044; x_wconf 88' lang='lat' dir='ltr'><strong>hujus</strong></span> 
     </span>
    </p>
   </div>
   <div class='ocr_carea' id='block_1_31' title="bbox 281 3068 1882 3144">
    <p class='ocr_par' dir='ltr' id='par_1_31' title="bbox 281 3068 1882 3144">
     <span class='ocr_line' id='line_1_31' title="bbox 281 3068 1882 3144; baseline -0.007 -12"><span class='ocrx_word' id='word_1_202' title='bbox 281 3075 477 3132; x_wconf 88' lang='lat' dir='ltr'><strong>mundi</strong></span> <span class='ocrx_word' id='word_1_203' title='bbox 503 3075 737 3144; x_wconf 89' lang='lat' dir='ltr'><strong>negotia,</strong></span> <span class='ocrx_word' id='word_1_204' title='bbox 754 3073 1076 3143; x_wconf 84' lang='lat' dir='ltr'><strong>singularem</strong></span> <span class='ocrx_word' id='word_1_205' title='bbox 1095 3070 1480 3126; x_wconf 89' lang='lat' dir='ltr'><strong>monachorum</strong></span> <span class='ocrx_word' id='word_1_206' title='bbox 1511 3068 1882 3125; x_wconf 64' lang='lat' dir='ltr'><strong>conversatio.</strong></span> 
     </span>
    </p>
   </div>
   <div class='ocr_carea' id='block_1_32' title="bbox 280 3161 1883 3236">
    <p class='ocr_par' dir='ltr' id='par_1_32' title="bbox 280 3161 1883 3236">
     <span class='ocr_line' id='line_1_32' title="bbox 280 3161 1883 3236; baseline -0.007 -10"><span class='ocrx_word' id='word_1_207' title='bbox 280 3184 407 3226; x_wconf 89' lang='lat' dir='ltr'><strong>nem</strong></span> <span class='ocrx_word' id='word_1_208' title='bbox 423 3166 750 3236; x_wconf 86' lang='lat' dir='ltr'><strong>etspiritalia</strong></span> <span class='ocrx_word' id='word_1_209' title='bbox 771 3165 946 3221; x_wconf 89' lang='lat' dir='ltr'><strong>studia</strong></span> <span class='ocrx_word' id='word_1_210' title='bbox 963 3164 1279 3235; x_wconf 77' lang='lat' dir='ltr'><strong>diligebant:</strong></span> <span class='ocrx_word' id='word_1_211' title='bbox 1303 3164 1442 3219; x_wconf 91' lang='lat' dir='ltr'><strong>inter</strong></span> <span class='ocrx_word' id='word_1_212' title='bbox 1471 3178 1608 3233; x_wconf 91' lang='lat' dir='ltr'><strong>quos</strong></span> <span class='ocrx_word' id='word_1_213' title='bbox 1637 3172 1690 3218; x_wconf 92' lang='lat' dir='ltr'><strong>et</strong></span> <span class='ocrx_word' id='word_1_214' title='bbox 1715 3161 1883 3216; x_wconf 81' lang='lat' dir='ltr'><strong>Theo-</strong></span> 
     </span>
    </p>
   </div>
   <div class='ocr_carea' id='block_1_33' title="bbox 280 3252 1882 3330">
    <p class='ocr_par' dir='ltr' id='par_1_33' title="bbox 280 3252 1882 3330">
     <span class='ocr_line' id='line_1_33' title="bbox 280 3252 1882 3330; baseline -0.006 -14"><span class='ocrx_word' id='word_1_215' title='bbox 280 3263 460 3316; x_wconf 89' lang='lat' dir='ltr'><strong>dorus</strong></span> <span class='ocrx_word' id='word_1_216' title='bbox 481 3259 620 3330; x_wconf 76' lang='grc'><strong>(54),</strong></span> <span class='ocrx_word' id='word_1_217' title='bbox 640 3257 950 3313; x_wconf 90' lang='lat' dir='ltr'><strong>adolescens</strong></span> <span class='ocrx_word' id='word_1_218' title='bbox 973 3270 1234 3310; x_wconf 90' lang='lat' dir='ltr'><strong>annorum</strong></span> <span class='ocrx_word' id='word_1_219' title='bbox 1249 3255 1417 3310; x_wconf 83' lang='lat' dir='ltr'><strong>ferme</strong></span> <span class='ocrx_word' id='word_1_220' title='bbox 1433 3270 1545 3320; x_wconf 78' lang='lat' dir='ltr'><strong>xzv,</strong></span> <span class='ocrx_word' id='word_1_221' title='bbox 1561 3252 1882 3308; x_wconf 81' lang='lat' dir='ltr'><strong>Christianis</strong></span> 
     </span>
    </p>
   </div>
   <div class='ocr_carea' id='block_1_34' title="bbox 1972 644 3556 720">
    <p class='ocr_par' dir='ltr' id='par_1_34' title="bbox 1972 644 3556 720">
     <span class='ocr_line' id='line_1_34' title="bbox 1972 644 3556 720; baseline 0.004 -21"><span class='ocrx_word' id='word_1_222' title='bbox 1972 655 2027 699; x_wconf 87' lang='lat' dir='ltr'><strong>et</strong></span> <span class='ocrx_word' id='word_1_223' title='bbox 2055 644 2280 700; x_wconf 88' lang='lat' dir='ltr'><strong>biduana</strong></span> <span class='ocrx_word' id='word_1_224' title='bbox 2300 647 2501 718; x_wconf 88' lang='lat' dir='ltr'><strong>jejunia</strong></span> <span class='ocrx_word' id='word_1_225' title='bbox 2532 650 2876 720; x_wconf 88' lang='lat' dir='ltr'><strong>transigebat,</strong></span> <span class='ocrx_word' id='word_1_226' title='bbox 2904 664 2998 719; x_wconf 91' lang='lat' dir='ltr'><strong>per</strong></span> <span class='ocrx_word' id='word_1_227' title='bbox 3023 650 3158 704; x_wconf 87' lang='lat' dir='ltr'><strong>duos</strong></span> <span class='ocrx_word' id='word_1_228' title='bbox 3181 664 3348 706; x_wconf 90' lang='lat' dir='ltr'><strong>annos</strong></span> <span class='ocrx_word' id='word_1_229' title='bbox 3371 650 3556 705; x_wconf 91' lang='lat' dir='ltr'><strong>omni-</strong></span> 
     </span>
    </p>
   </div>
   <div class='ocr_carea' id='block_1_35' title="bbox 1968 736 3555 812">
    <p class='ocr_par' dir='ltr' id='par_1_35' title="bbox 1968 736 3555 812">
     <span class='ocr_line' id='line_1_35' title="bbox 1968 736 3555 812; baseline 0.006 -20"><span class='ocrx_word' id='word_1_230' title='bbox 1968 736 2067 792; x_wconf 91' lang='lat' dir='ltr'><strong>bus</strong></span> <span class='ocrx_word' id='word_1_231' title='bbox 2095 739 2346 808; x_wconf 89' lang='lat' dir='ltr'><strong>pretiosis</strong></span> <span class='ocrx_word' id='word_1_232' title='bbox 2378 749 2430 795; x_wconf 93' lang='lat' dir='ltr'><strong>et</strong></span> <span class='ocrx_word' id='word_1_233' title='bbox 2459 741 2856 797; x_wconf 89' lang='lat' dir='ltr'><strong>delicatioribus</strong></span> <span class='ocrx_word' id='word_1_234' title='bbox 2899 742 3033 797; x_wconf 89' lang='lat' dir='ltr'><strong>cibis</strong></span> <span class='ocrx_word' id='word_1_235' title='bbox 3059 742 3356 812; x_wconf 90' lang='lat' dir='ltr'><strong>abstinens,</strong></span> <span class='ocrx_word' id='word_1_236' title='bbox 3388 757 3555 809; x_wconf 80' lang='lat' dir='ltr'><strong>sequo</strong></span> 
     </span>
    </p>
   </div>
   <div class='ocr_carea' id='block_1_36' title="bbox 1967 829 3564 906">
    <p class='ocr_par' dir='ltr' id='par_1_36' title="bbox 1967 829 3564 906">
     <span class='ocr_line' id='line_1_36' title="bbox 1967 829 3564 906; baseline 0.005 -23"><span class='ocrx_word' id='word_1_237' title='bbox 1967 829 2032 883; x_wconf 91' lang='lat' dir='ltr'><strong>ad</strong></span> <span class='ocrx_word' id='word_1_238' title='bbox 2067 830 2356 899; x_wconf 86' lang='lat' dir='ltr'><strong>perfectam</strong></span> <span class='ocrx_word' id='word_1_239' title='bbox 2389 834 2798 898; x_wconf 87' lang='lat' dir='ltr'><strong>continentiam,</strong></span> <span class='ocrx_word' id='word_1_240' title='bbox 2827 843 3084 904; x_wconf 89' lang='lat' dir='ltr'><strong>quantum</strong></span> <span class='ocrx_word' id='word_1_241' title='bbox 3112 845 3241 891; x_wconf 75' lang='lat' dir='ltr'><strong>aetas</strong></span> <span class='ocrx_word' id='word_1_242' title='bbox 3271 835 3360 890; x_wconf 91' lang='lat' dir='ltr'><strong>illa</strong></span> <span class='ocrx_word' id='word_1_243' title='bbox 3394 836 3564 906; x_wconf 82' lang='lat' dir='ltr'><strong>patie-</strong></span> 
     </span>
    </p>
   </div>
   <div class='ocr_carea' id='block_1_37' title="bbox 1970 921 3563 998">
    <p class='ocr_par' dir='ltr' id='par_1_37' title="bbox 1970 921 3563 998">
     <span class='ocr_line' id='line_1_37' title="bbox 1970 921 3563 998; baseline 0.004 -22"><span class='ocrx_word' id='word_1_244' title='bbox 1970 921 2122 976; x_wconf 86' lang='lat' dir='ltr'><strong>batur</strong></span> <span class='ocrx_word' id='word_1_245' title='bbox 2149 924 2465 980; x_wconf 81' lang='lat' dir='ltr'><strong>extendens.</strong></span> <span class='ocrx_word' id='word_1_246' title='bbox 2495 923 2671 996; x_wconf 89' lang='lat' dir='ltr'><strong>Coepit</strong></span> <span class='ocrx_word' id='word_1_247' title='bbox 2703 927 2881 996; x_wconf 84' lang='lat' dir='ltr'><strong>itaque</strong></span> <span class='ocrx_word' id='word_1_248' title='bbox 2903 942 3087 983; x_wconf 90' lang='lat' dir='ltr'><strong>secum</strong></span> <span class='ocrx_word' id='word_1_249' title='bbox 3137 936 3365 984; x_wconf 84' lang='lat' dir='ltr'><strong>tractare</strong></span> <span class='ocrx_word' id='word_1_250' title='bbox 3386 969 3401 993; x_wconf 92' lang='lat'><strong>,</strong></span> <span class='ocrx_word' id='word_1_251' title='bbox 3428 943 3563 998; x_wconf 85' lang='lat' dir='ltr'><strong>qua-</strong></span> 
     </span>
    </p>
   </div>
   <div class='ocr_carea' id='block_1_38' title="bbox 1971 1019 3565 1090">
    <p class='ocr_par' dir='ltr' id='par_1_38' title="bbox 1971 1019 3565 1090">
     <span class='ocr_line' id='line_1_38' title="bbox 1971 1019 3565 1090; baseline 0.005 -23"><span class='ocrx_word' id='word_1_252' title='bbox 1971 1020 2123 1068; x_wconf 88' lang='lat' dir='ltr'><strong>tenus</strong></span> <span class='ocrx_word' id='word_1_253' title='bbox 2153 1019 2537 1072; x_wconf 86' lang='lat' dir='ltr'><strong>monasterium</strong></span> <span class='ocrx_word' id='word_1_254' title='bbox 2569 1030 2868 1088; x_wconf 83' lang='lat' dir='ltr'><strong>expeteret,</strong></span> <span class='ocrx_word' id='word_1_255' title='bbox 2899 1030 3207 1090; x_wconf 51' lang='lat' dir='ltr'><strong>sanctasque</strong></span> <span class='ocrx_word' id='word_1_256' title='bbox 3260 1034 3319 1075; x_wconf 91' lang='lat' dir='ltr'><strong>se</strong></span> <span class='ocrx_word' id='word_1_257' title='bbox 3367 1020 3565 1089; x_wconf 66' lang='lat' dir='ltr'><strong>regulas</strong></span> 
     </span>
    </p>
   </div>
   <div class='ocr_carea' id='block_1_39' title="bbox 1970 1109 3564 1183">
    <p class='ocr_par' dir='ltr' id='par_1_39' title="bbox 1970 1109 3564 1183">
     <span class='ocr_line' id='line_1_39' title="bbox 1970 1109 3564 1183; baseline 0.005 -23"><span class='ocrx_word' id='word_1_258' title='bbox 1970 1109 2319 1177; x_wconf 89' lang='lat' dir='ltr'><strong>manciparet.</strong></span> <span class='ocrx_word' id='word_1_259' title='bbox 2353 1110 2418 1164; x_wconf 84' lang='lat' dir='ltr'><strong>Et</strong></span> <span class='ocrx_word' id='word_1_260' title='bbox 2443 1111 2698 1166; x_wconf 90' lang='lat' dir='ltr'><strong>deserens</strong></span> <span class='ocrx_word' id='word_1_261' title='bbox 2727 1113 2904 1167; x_wconf 90' lang='lat' dir='ltr'><strong>omnia</strong></span> <span class='ocrx_word' id='word_1_262' title='bbox 2956 1128 3074 1183; x_wconf 74' lang='lat' dir='ltr'><strong>quae</strong></span> <span class='ocrx_word' id='word_1_263' title='bbox 3106 1113 3367 1180; x_wconf 87' lang='lat' dir='ltr'><strong>habebat,</strong></span> <span class='ocrx_word' id='word_1_264' title='bbox 3397 1128 3564 1182; x_wconf 76' lang='lat' dir='ltr'><strong>quos-</strong></span> 
     </span>
    </p>
   </div>
   <div class='ocr_carea' id='block_1_40' title="bbox 1971 1196 3566 1273">
    <p class='ocr_par' dir='ltr' id='par_1_40' title="bbox 1971 1196 3566 1273">
     <span class='ocr_line' id='line_1_40' title="bbox 1971 1196 3566 1273; baseline 0.003 -21"><span class='ocrx_word' id='word_1_265' title='bbox 1971 1196 2094 1252; x_wconf 92' lang='lat' dir='ltr'><strong>dam</strong></span> <span class='ocrx_word' id='word_1_266' title='bbox 2161 1199 2442 1271; x_wconf 88' lang='lat' dir='ltr'><strong>religiosos</strong></span> <span class='ocrx_word' id='word_1_267' title='bbox 2507 1202 2650 1257; x_wconf 89' lang='lat' dir='ltr'><strong>viros</strong></span> <span class='ocrx_word' id='word_1_268' title='bbox 2699 1206 2931 1272; x_wconf 86' lang='lat' dir='ltr'><strong>reperit,</strong></span> <span class='ocrx_word' id='word_1_269' title='bbox 2984 1204 3184 1273; x_wconf 88' lang='lat' dir='ltr'><strong>optima</strong></span> <span class='ocrx_word' id='word_1_270' title='bbox 3234 1203 3566 1263; x_wconf 86' lang='lat' dir='ltr'><strong>institutione</strong></span> 
     </span>
    </p>
   </div>
   <div class='ocr_carea' id='block_1_41' title="bbox 1972 1295 3566 1369">
    <p class='ocr_par' dir='ltr' id='par_1_41' title="bbox 1972 1295 3566 1369">
     <span class='ocr_line' id='line_1_41' title="bbox 1972 1295 3566 1369; baseline 0.006 -22"><span class='ocrx_word' id='word_1_271' title='bbox 1972 1295 2250 1360; x_wconf 84' lang='lat' dir='ltr'><strong>viventes;</strong></span> <span class='ocrx_word' id='word_1_272' title='bbox 2279 1296 2639 1369; x_wconf 83' lang='lat' dir='ltr'><strong>habitavitqne</strong></span> <span class='ocrx_word' id='word_1_273' title='bbox 2685 1315 2807 1356; x_wconf 91' lang='lat' dir='ltr'><strong>cum</strong></span> <span class='ocrx_word' id='word_1_274' title='bbox 2854 1301 2954 1367; x_wconf 90' lang='lat' dir='ltr'><strong>eis,</strong></span> <span class='ocrx_word' id='word_1_275' title='bbox 3007 1299 3062 1356; x_wconf 93' lang='lat' dir='ltr'><strong>in</strong></span> <span class='ocrx_word' id='word_1_276' title='bbox 3111 1299 3323 1355; x_wconf 91' lang='lat' dir='ltr'><strong>Domini</strong></span> <span class='ocrx_word' id='word_1_277' title='bbox 3371 1299 3566 1358; x_wconf 82' lang='lat' dir='ltr'><strong>timore</strong></span> 
     </span>
    </p>
   </div>
   <div class='ocr_carea' id='block_1_42' title="bbox 1974 1389 2283 1456">
    <p class='ocr_par' dir='ltr' id='par_1_42' title="bbox 1974 1389 2283 1456">
     <span class='ocr_line' id='line_1_42' title="bbox 1974 1389 2283 1456; baseline 0.013 -16"><span class='ocrx_word' id='word_1_278' title='bbox 1974 1389 2283 1456; x_wconf 90' lang='lat' dir='ltr'><strong>proliciens.</strong></span> 
     </span>
    </p>
   </div>
   <div class='ocr_carea' id='block_1_43' title="bbox 2047 1491 3562 1568">
    <p class='ocr_par' dir='ltr' id='par_1_43' title="bbox 2047 1491 3562 1568">
     <span class='ocr_line' id='line_1_43' title="bbox 2047 1491 3562 1568; baseline 0.005 -24"><span class='ocrx_word' id='word_1_279' title='bbox 2047 1491 2170 1545; x_wconf 67' lang='lat' dir='ltr'><strong>Cn.</strong></span> <span class='ocrx_word' id='word_1_280' title='bbox 2209 1491 2378 1546; x_wconf 80' lang='lat' dir='ltr'><strong>XXX.</strong></span> <span class='ocrx_word' id='word_1_281' title='bbox 2409 1523 2479 1533; x_wconf 93' lang='lat'><strong>--</strong></span> <span class='ocrx_word' id='word_1_282' title='bbox 2499 1494 2738 1562; x_wconf 89' lang='lat' dir='ltr'><strong>Quodam</strong></span> <span class='ocrx_word' id='word_1_283' title='bbox 2759 1511 2887 1552; x_wconf 91' lang='lat' dir='ltr'><strong>vero</strong></span> <span class='ocrx_word' id='word_1_284' title='bbox 2920 1505 3158 1566; x_wconf 87' lang='lat' dir='ltr'><strong>tempore</strong></span> <span class='ocrx_word' id='word_1_285' title='bbox 3183 1539 3198 1560; x_wconf 88' lang='lat'><strong>,</strong></span> <span class='ocrx_word' id='word_1_286' title='bbox 3229 1496 3456 1568; x_wconf 81' lang='lat' dir='ltr'><strong>contigit</strong></span> <span class='ocrx_word' id='word_1_287' title='bbox 3501 1505 3562 1551; x_wconf 91' lang='lat' dir='ltr'><strong>ut</strong></span> 
     </span>
    </p>
   </div>
   <div class='ocr_carea' id='block_1_44' title="bbox 1975 1585 3571 1656">
    <p class='ocr_par' dir='ltr' id='par_1_44' title="bbox 1975 1585 3571 1656">
     <span class='ocr_line' id='line_1_44' title="bbox 1975 1585 3571 1656; baseline 0.003 -19"><span class='ocrx_word' id='word_1_288' title='bbox 1975 1594 2098 1654; x_wconf 90' lang='lat' dir='ltr'><strong>post</strong></span> <span class='ocrx_word' id='word_1_289' title='bbox 2125 1585 2422 1640; x_wconf 92' lang='lat' dir='ltr'><strong>orationem</strong></span> <span class='ocrx_word' id='word_1_290' title='bbox 2463 1587 2846 1656; x_wconf 89' lang='lat' dir='ltr'><strong>vespertinam,</strong></span> <span class='ocrx_word' id='word_1_291' title='bbox 2898 1603 3017 1642; x_wconf 91' lang='lat' dir='ltr'><strong>cum</strong></span> <span class='ocrx_word' id='word_1_292' title='bbox 3066 1589 3312 1646; x_wconf 86' lang='lat' dir='ltr'><strong>monachi</strong></span> <span class='ocrx_word' id='word_1_293' title='bbox 3340 1588 3571 1644; x_wconf 87' lang='lat' dir='ltr'><strong>resedis-</strong></span> 
     </span>
    </p>
   </div>
   <div class='ocr_carea' id='block_1_45' title="bbox 1976 1680 3571 1752">
    <p class='ocr_par' dir='ltr' id='par_1_45' title="bbox 1976 1680 3571 1752">
     <span class='ocr_line' id='line_1_45' title="bbox 1976 1680 3571 1752; baseline 0.003 -19"><span class='ocrx_word' id='word_1_294' title='bbox 1976 1689 2113 1745; x_wconf 89' lang='lat' dir='ltr'><strong>sent,</strong></span> <span class='ocrx_word' id='word_1_295' title='bbox 2145 1689 2197 1734; x_wconf 92' lang='lat' dir='ltr'><strong>et</strong></span> <span class='ocrx_word' id='word_1_296' title='bbox 2224 1680 2405 1735; x_wconf 90' lang='lat' dir='ltr'><strong>divina</strong></span> <span class='ocrx_word' id='word_1_297' title='bbox 2436 1690 2692 1737; x_wconf 80' lang='lat' dir='ltr'><strong>consuete</strong></span> <span class='ocrx_word' id='word_1_298' title='bbox 2724 1682 3112 1738; x_wconf 81' lang='lat' dir='ltr'><strong>meditarentur</strong></span> <span class='ocrx_word' id='word_1_299' title='bbox 3137 1683 3346 1752; x_wconf 92' lang='lat' dir='ltr'><strong>eloquia</strong></span> <span class='ocrx_word' id='word_1_300' title='bbox 3373 1725 3386 1748; x_wconf 94' lang='lat'><strong>,</strong></span> <span class='ocrx_word' id='word_1_301' title='bbox 3432 1696 3571 1737; x_wconf 86' lang='lat' dir='ltr'><strong>unus</strong></span> 
     </span>
    </p>
   </div>
   <div class='ocr_carea' id='block_1_46' title="bbox 1976 1771 3570 1844">
    <p class='ocr_par' dir='ltr' id='par_1_46' title="bbox 1976 1771 3570 1844">
     <span class='ocr_line' id='line_1_46' title="bbox 1976 1771 3570 1844; baseline 0.001 -18"><span class='ocrx_word' id='word_1_302' title='bbox 1976 1784 2048 1826; x_wconf 91' lang='lat' dir='ltr'><strong>ex</strong></span> <span class='ocrx_word' id='word_1_303' title='bbox 2075 1772 2154 1826; x_wconf 88' lang='lat' dir='ltr'><strong>eis</strong></span> <span class='ocrx_word' id='word_1_304' title='bbox 2187 1771 2484 1842; x_wconf 88' lang='lat' dir='ltr'><strong>disputans,</strong></span> <span class='ocrx_word' id='word_1_305' title='bbox 2513 1774 2758 1829; x_wconf 90' lang='lat' dir='ltr'><strong>audiente</strong></span> <span class='ocrx_word' id='word_1_306' title='bbox 2785 1789 2995 1844; x_wconf 90' lang='lat' dir='ltr'><strong>quoque</strong></span> <span class='ocrx_word' id='word_1_307' title='bbox 3026 1774 3327 1837; x_wconf 89' lang='lat' dir='ltr'><strong>Theodoro,</strong></span> <span class='ocrx_word' id='word_1_308' title='bbox 3387 1774 3570 1830; x_wconf 89' lang='lat' dir='ltr'><strong>taber-</strong></span> 
     </span>
    </p>
   </div>
   <div class='ocr_carea' id='block_1_47' title="bbox 1981 1865 3572 1922">
    <p class='ocr_par' dir='ltr' id='par_1_47' title="bbox 1981 1865 3572 1922">
     <span class='ocr_line' id='line_1_47' title="bbox 1981 1865 3572 1922; baseline 0.003 -4"><span class='ocrx_word' id='word_1_309' title='bbox 1981 1865 2228 1920; x_wconf 92' lang='lat' dir='ltr'><strong>naculum</strong></span> <span class='ocrx_word' id='word_1_310' title='bbox 2257 1867 2457 1922; x_wconf 88' lang='lat' dir='ltr'><strong>veteris</strong></span> <span class='ocrx_word' id='word_1_311' title='bbox 2506 1866 2832 1920; x_wconf 91' lang='lat' dir='ltr'><strong>Testamenti</strong></span> <span class='ocrx_word' id='word_1_312' title='bbox 2861 1874 2915 1920; x_wconf 92' lang='lat' dir='ltr'><strong>et</strong></span> <span class='ocrx_word' id='word_1_313' title='bbox 2962 1875 3144 1921; x_wconf 87' lang='lat' dir='ltr'><strong>sancta</strong></span> <span class='ocrx_word' id='word_1_314' title='bbox 3175 1878 3480 1921; x_wconf 89' lang='lat' dir='ltr'><strong>sanctorum</strong></span> <span class='ocrx_word' id='word_1_315' title='bbox 3503 1867 3572 1922; x_wconf 87' lang='lat' dir='ltr'><strong>ad</strong></span> 
     </span>
    </p>
   </div>
   <div class='ocr_carea' id='block_1_48' title="bbox 1981 1958 3574 2029">
    <p class='ocr_par' dir='ltr' id='par_1_48' title="bbox 1981 1958 3574 2029">
     <span class='ocr_line' id='line_1_48' title="bbox 1981 1958 3574 2029; baseline 0.002 -18"><span class='ocrx_word' id='word_1_316' title='bbox 1981 1972 2151 2013; x_wconf 89' lang='lat' dir='ltr'><strong>novos</strong></span> <span class='ocrx_word' id='word_1_317' title='bbox 2180 1958 2405 2014; x_wconf 83' lang='lat' dir='ltr'><strong>referret</strong></span> <span class='ocrx_word' id='word_1_318' title='bbox 2445 1959 2704 2029; x_wconf 91' lang='lat' dir='ltr'><strong>populos,</strong></span> <span class='ocrx_word' id='word_1_319' title='bbox 2760 1960 2826 2014; x_wconf 91' lang='lat' dir='ltr'><strong>ad</strong></span> <span class='ocrx_word' id='word_1_320' title='bbox 2876 1959 3335 2016; x_wconf 79' lang='lat' dir='ltr'><strong>circumcisionem</strong></span> <span class='ocrx_word' id='word_1_321' title='bbox 3367 1960 3574 2015; x_wconf 90' lang='lat' dir='ltr'><strong>scilicet</strong></span> 
     </span>
    </p>
   </div>
   <div class='ocr_carea' id='block_1_49' title="bbox 1979 2049 3573 2120">
    <p class='ocr_par' dir='ltr' id='par_1_49' title="bbox 1979 2049 3573 2120">
     <span class='ocr_line' id='line_1_49' title="bbox 1979 2049 3573 2120; baseline 0.003 -19"><span class='ocrx_word' id='word_1_322' title='bbox 1979 2056 2138 2118; x_wconf 91' lang='lat' dir='ltr'><strong>atque</strong></span> <span class='ocrx_word' id='word_1_323' title='bbox 2169 2049 2506 2118; x_wconf 69' lang='lat' dir='ltr'><strong>prmputittm,</strong></span> <span class='ocrx_word' id='word_1_324' title='bbox 2537 2050 2720 2105; x_wconf 86' lang='lat' dir='ltr'><strong>dicens</strong></span> <span class='ocrx_word' id='word_1_325' title='bbox 2747 2050 2889 2120; x_wconf 78' lang='lat' dir='ltr'><strong>quod</strong></span> <span class='ocrx_word' id='word_1_326' title='bbox 2913 2051 3144 2105; x_wconf 86' lang='lat' dir='ltr'><strong>exterius</strong></span> <span class='ocrx_word' id='word_1_327' title='bbox 3176 2050 3573 2106; x_wconf 88' lang='lat' dir='ltr'><strong>tabernaculum</strong></span> 
     </span>
    </p>
   </div>
   <div class='ocr_carea' id='block_1_50' title="bbox 1980 2140 3575 2212">
    <p class='ocr_par' dir='ltr' id='par_1_50' title="bbox 1980 2140 3575 2212">
     <span class='ocr_line' id='line_1_50' title="bbox 1980 2140 3575 2212; baseline 0.001 -16"><span class='ocrx_word' id='word_1_328' title='bbox 1980 2140 2202 2210; x_wconf 80' lang='lat' dir='ltr'><strong>figuram</strong></span> <span class='ocrx_word' id='word_1_329' title='bbox 2227 2151 2439 2212; x_wconf 82' lang='lat' dir='ltr'><strong>gereret</strong></span> <span class='ocrx_word' id='word_1_330' title='bbox 2488 2143 2688 2212; x_wconf 89' lang='lat' dir='ltr'><strong>prioris</strong></span> <span class='ocrx_word' id='word_1_331' title='bbox 2738 2141 2916 2212; x_wconf 84' lang='lat' dir='ltr'><strong>pupuli</strong></span> <span class='ocrx_word' id='word_1_332' title='bbox 2975 2141 3303 2211; x_wconf 63' lang='lat' dir='ltr'><strong>Iudaeorum,</strong></span> <span class='ocrx_word' id='word_1_333' title='bbox 3349 2144 3575 2197; x_wconf 89' lang='lat' dir='ltr'><strong>interius</strong></span> 
     </span>
    </p>
   </div>
   <div class='ocr_carea' id='block_1_51' title="bbox 1981 2233 3576 2305">
    <p class='ocr_par' dir='ltr' id='par_1_51' title="bbox 1981 2233 3576 2305">
     <span class='ocr_line' id='line_1_51' title="bbox 1981 2233 3576 2305; baseline 0.003 -20"><span class='ocrx_word' id='word_1_334' title='bbox 1981 2244 2184 2298; x_wconf 91' lang='lat' dir='ltr'><strong>autem,</strong></span> <span class='ocrx_word' id='word_1_335' title='bbox 2215 2233 2354 2304; x_wconf 90' lang='lat' dir='ltr'><strong>quod</strong></span> <span class='ocrx_word' id='word_1_336' title='bbox 2382 2243 2466 2289; x_wconf 90' lang='lat' dir='ltr'><strong>est</strong></span> <span class='ocrx_word' id='word_1_337' title='bbox 2499 2245 2682 2289; x_wconf 90' lang='lat' dir='ltr'><strong>sancta</strong></span> <span class='ocrx_word' id='word_1_338' title='bbox 2712 2245 3043 2300; x_wconf 87' lang='lat' dir='ltr'><strong>sanctorum,</strong></span> <span class='ocrx_word' id='word_1_339' title='bbox 3078 2237 3410 2290; x_wconf 89' lang='lat' dir='ltr'><strong>vocationem</strong></span> <span class='ocrx_word' id='word_1_340' title='bbox 3437 2251 3576 2305; x_wconf 66' lang='lat' dir='ltr'><strong>pra:-</strong></span> 
     </span>
    </p>
   </div>
   <div class='ocr_carea' id='block_1_52' title="bbox 1984 2325 3576 2398">
    <p class='ocr_par' dir='ltr' id='par_1_52' title="bbox 1984 2325 3576 2398">
     <span class='ocr_line' id='line_1_52' title="bbox 1984 2325 3576 2398; baseline 0.004 -18"><span class='ocrx_word' id='word_1_341' title='bbox 1984 2325 2221 2394; x_wconf 89' lang='lat' dir='ltr'><strong>signaret</strong></span> <span class='ocrx_word' id='word_1_342' title='bbox 2253 2328 2489 2382; x_wconf 90' lang='lat' dir='ltr'><strong>omnium</strong></span> <span class='ocrx_word' id='word_1_343' title='bbox 2521 2329 2777 2398; x_wconf 89' lang='lat' dir='ltr'><strong>gentium,</strong></span> <span class='ocrx_word' id='word_1_344' title='bbox 2836 2344 2956 2398; x_wconf 67' lang='lat' dir='ltr'><strong>quae</strong></span> <span class='ocrx_word' id='word_1_345' title='bbox 2981 2339 3037 2383; x_wconf 94' lang='lat' dir='ltr'><strong>et</strong></span> <span class='ocrx_word' id='word_1_346' title='bbox 3063 2329 3369 2384; x_wconf 87' lang='lat' dir='ltr'><strong>sacratioris</strong></span> <span class='ocrx_word' id='word_1_347' title='bbox 3397 2329 3576 2386; x_wconf 84' lang='lat' dir='ltr'><strong>aditus</strong></span> 
     </span>
    </p>
   </div>
   <div class='ocr_carea' id='block_1_53' title="bbox 1983 2421 3577 2494">
    <p class='ocr_par' dir='ltr' id='par_1_53' title="bbox 1983 2421 3577 2494">
     <span class='ocr_line' id='line_1_53' title="bbox 1983 2421 3577 2494; baseline 0.001 -18"><span class='ocrx_word' id='word_1_348' title='bbox 1983 2421 2268 2476; x_wconf 90' lang='lat' dir='ltr'><strong>meruisset</strong></span> <span class='ocrx_word' id='word_1_349' title='bbox 2291 2435 2589 2488; x_wconf 91' lang='lat' dir='ltr'><strong>accessum,</strong></span> <span class='ocrx_word' id='word_1_350' title='bbox 2619 2430 2673 2476; x_wconf 93' lang='lat' dir='ltr'><strong>et</strong></span> <span class='ocrx_word' id='word_1_351' title='bbox 2702 2421 2962 2491; x_wconf 85' lang='lat' dir='ltr'><strong>majorum</strong></span> <span class='ocrx_word' id='word_1_352' title='bbox 3002 2423 3378 2494; x_wconf 86' lang='lat' dir='ltr'><strong>mysteriorum</strong></span> <span class='ocrx_word' id='word_1_353' title='bbox 3408 2422 3577 2490; x_wconf 88' lang='lat' dir='ltr'><strong>parti-</strong></span> 
     </span>
    </p>
   </div>
   <div class='ocr_carea' id='block_1_54' title="bbox 1983 2515 3578 2585">
    <p class='ocr_par' dir='ltr' id='par_1_54' title="bbox 1983 2515 3578 2585">
     <span class='ocr_line' id='line_1_54' title="bbox 1983 2515 3578 2585; baseline 0 -15"><span class='ocrx_word' id='word_1_354' title='bbox 1983 2530 2110 2585; x_wconf 93' lang='lat' dir='ltr'><strong>ceps</strong></span> <span class='ocrx_word' id='word_1_355' title='bbox 2132 2515 2444 2570; x_wconf 80' lang='lat' dir='ltr'><strong>exstitisset.</strong></span> <span class='ocrx_word' id='word_1_356' title='bbox 2492 2515 2598 2570; x_wconf 87' lang='lat' dir='ltr'><strong>Pro</strong></span> <span class='ocrx_word' id='word_1_357' title='bbox 2621 2515 2809 2570; x_wconf 83' lang='lat' dir='ltr'><strong>hostiis</strong></span> <span class='ocrx_word' id='word_1_358' title='bbox 2838 2517 2980 2570; x_wconf 91' lang='lat' dir='ltr'><strong>enim</strong></span> <span class='ocrx_word' id='word_1_359' title='bbox 3008 2515 3340 2583; x_wconf 88' lang='lat' dir='ltr'><strong>animalium,</strong></span> <span class='ocrx_word' id='word_1_360' title='bbox 3391 2525 3443 2570; x_wconf 92' lang='lat' dir='ltr'><strong>et</strong></span> <span class='ocrx_word' id='word_1_361' title='bbox 3477 2529 3578 2584; x_wconf 91' lang='lat' dir='ltr'><strong>pro</strong></span> 
     </span>
    </p>
   </div>
   <div class='ocr_carea' id='block_1_55' title="bbox 1983 2583 3594 2676">
    <p class='ocr_par' dir='ltr' id='par_1_55' title="bbox 1983 2583 3594 2676">
     <span class='ocr_line' id='line_1_55' title="bbox 1983 2583 3594 2676; baseline -0.001 -14"><span class='ocrx_word' id='word_1_362' title='bbox 1983 2621 2106 2662; x_wconf 88' lang='lat' dir='ltr'><strong>arca</strong></span> <span class='ocrx_word' id='word_1_363' title='bbox 2136 2607 2186 2660; x_wconf 93' lang='lat' dir='ltr'><strong>in</strong></span> <span class='ocrx_word' id='word_1_364' title='bbox 2219 2621 2321 2676; x_wconf 83' lang='lat' dir='ltr'><strong>qua</strong></span> <span class='ocrx_word' id='word_1_365' title='bbox 2344 2615 2460 2661; x_wconf 89' lang='lat' dir='ltr'><strong>erat</strong></span> <span class='ocrx_word' id='word_1_366' title='bbox 2484 2620 2697 2670; x_wconf 89' lang='lat' dir='ltr'><strong>manna,</strong></span> <span class='ocrx_word' id='word_1_367' title='bbox 2721 2615 2778 2661; x_wconf 91' lang='lat' dir='ltr'><strong>et</strong></span> <span class='ocrx_word' id='word_1_368' title='bbox 2800 2606 2942 2676; x_wconf 90' lang='lat' dir='ltr'><strong>virga</strong></span> <span class='ocrx_word' id='word_1_369' title='bbox 2973 2609 3150 2661; x_wconf 81' lang='lat' dir='ltr'><strong>Aaron</strong></span> <span class='ocrx_word' id='word_1_370' title='bbox 3171 2621 3291 2675; x_wconf 69' lang='lat' dir='ltr'><strong>qua:</strong></span> <span class='ocrx_word' id='word_1_371' title='bbox 3322 2583 3594 2660; x_wconf 52' lang='lat' dir='ltr'><strong>frondue:</strong></span> 
     </span>
    </p>
   </div>
   <div class='ocr_carea' id='block_1_56' title="bbox 1983 2697 3578 2768">
    <p class='ocr_par' dir='ltr' id='par_1_56' title="bbox 1983 2697 3578 2768">
     <span class='ocr_line' id='line_1_56' title="bbox 1983 2697 3578 2768; baseline -0.001 -14"><span class='ocrx_word' id='word_1_372' title='bbox 1983 2707 2087 2763; x_wconf 88' lang='lat' dir='ltr'><strong>rat,</strong></span> <span class='ocrx_word' id='word_1_373' title='bbox 2118 2705 2172 2753; x_wconf 90' lang='lat' dir='ltr'><strong>et</strong></span> <span class='ocrx_word' id='word_1_374' title='bbox 2211 2697 2403 2752; x_wconf 67' lang='lat' dir='ltr'><strong>tabulae</strong></span> <span class='ocrx_word' id='word_1_375' title='bbox 2450 2698 2776 2764; x_wconf 89' lang='lat' dir='ltr'><strong>testamenti,</strong></span> <span class='ocrx_word' id='word_1_376' title='bbox 2821 2714 2915 2767; x_wconf 85' lang='lat' dir='ltr'><strong>pro</strong></span> <span class='ocrx_word' id='word_1_377' title='bbox 2976 2699 3250 2753; x_wconf 84' lang='lat' dir='ltr'><strong>thuribulo</strong></span> <span class='ocrx_word' id='word_1_378' title='bbox 3279 2713 3494 2768; x_wconf 89' lang='lat' dir='ltr'><strong>quoque</strong></span> <span class='ocrx_word' id='word_1_379' title='bbox 3523 2707 3578 2754; x_wconf 91' lang='lat' dir='ltr'><strong>et</strong></span> 
     </span>
    </p>
   </div>
   <div class='ocr_carea' id='block_1_57' title="bbox 1986 2789 3577 2861">
    <p class='ocr_par' dir='ltr' id='par_1_57' title="bbox 1986 2789 3577 2861">
     <span class='ocr_line' id='line_1_57' title="bbox 1986 2789 3577 2861; baseline 0 -15"><span class='ocrx_word' id='word_1_380' title='bbox 1986 2805 2168 2847; x_wconf 89' lang='lat' dir='ltr'><strong>mensa</strong></span> <span class='ocrx_word' id='word_1_381' title='bbox 2195 2798 2248 2845; x_wconf 89' lang='lat' dir='ltr'><strong>et</strong></span> <span class='ocrx_word' id='word_1_382' title='bbox 2290 2789 2615 2844; x_wconf 91' lang='lat' dir='ltr'><strong>candelabro</strong></span> <span class='ocrx_word' id='word_1_383' title='bbox 2644 2806 2705 2844; x_wconf 92' lang='lat' dir='ltr'><strong>ac</strong></span> <span class='ocrx_word' id='word_1_384' title='bbox 2751 2790 3119 2861; x_wconf 82' lang='lat' dir='ltr'><strong>propitiatorio</strong></span> <span class='ocrx_word' id='word_1_385' title='bbox 3145 2832 3160 2856; x_wconf 98' lang='lat'><strong>,</strong></span> <span class='ocrx_word' id='word_1_386' title='bbox 3211 2791 3349 2846; x_wconf 88' lang='lat' dir='ltr'><strong>Deus</strong></span> <span class='ocrx_word' id='word_1_387' title='bbox 3401 2791 3577 2846; x_wconf 85' lang='lat' dir='ltr'><strong>Verbo</strong></span> 
     </span>
    </p>
   </div>
   <div class='ocr_carea' id='block_1_58' title="bbox 1988 2883 3578 2953">
    <p class='ocr_par' dir='ltr' id='par_1_58' title="bbox 1988 2883 3578 2953">
     <span class='ocr_line' id='line_1_58' title="bbox 1988 2883 3578 2953; baseline 0.001 -15"><span class='ocrx_word' id='word_1_388' title='bbox 1988 2883 2144 2938; x_wconf 90' lang='lat' dir='ltr'><strong>nobis</strong></span> <span class='ocrx_word' id='word_1_389' title='bbox 2176 2883 2227 2937; x_wconf 93' lang='lat' dir='ltr'><strong>in</strong></span> <span class='ocrx_word' id='word_1_390' title='bbox 2259 2898 2351 2937; x_wconf 90' lang='lat' dir='ltr'><strong>sua</strong></span> <span class='ocrx_word' id='word_1_391' title='bbox 2385 2885 2751 2940; x_wconf 88' lang='lat' dir='ltr'><strong>incarnatione</strong></span> <span class='ocrx_word' id='word_1_392' title='bbox 2778 2886 3074 2940; x_wconf 87' lang='lat' dir='ltr'><strong>clementer</strong></span> <span class='ocrx_word' id='word_1_393' title='bbox 3093 2885 3338 2953; x_wconf 88' lang='lat' dir='ltr'><strong>apparuit</strong></span> <span class='ocrx_word' id='word_1_394' title='bbox 3362 2925 3377 2950; x_wconf 94' lang='lat'><strong>,</strong></span> <span class='ocrx_word' id='word_1_395' title='bbox 3427 2895 3480 2940; x_wconf 92' lang='lat' dir='ltr'><strong>et</strong></span> <span class='ocrx_word' id='word_1_396' title='bbox 3510 2884 3578 2940; x_wconf 87' lang='lat' dir='ltr'><strong>il-</strong></span> 
     </span>
    </p>
   </div>
   <div class='ocr_carea' id='block_1_59' title="bbox 1987 2976 3575 3048">
    <p class='ocr_par' dir='ltr' id='par_1_59' title="bbox 1987 2976 3575 3048">
     <span class='ocr_line' id='line_1_59' title="bbox 1987 2976 3575 3048; baseline 0.001 -17"><span class='ocrx_word' id='word_1_397' title='bbox 1987 2976 2268 3031; x_wconf 87' lang='lat' dir='ltr'><strong>luminavit</strong></span> <span class='ocrx_word' id='word_1_398' title='bbox 2297 2993 2394 3031; x_wconf 87' lang='lat' dir='ltr'><strong>nos</strong></span> <span class='ocrx_word' id='word_1_399' title='bbox 2420 2976 2619 3030; x_wconf 91' lang='lat' dir='ltr'><strong>lumine</strong></span> <span class='ocrx_word' id='word_1_400' title='bbox 2648 2992 2758 3042; x_wconf 76' lang='lat' dir='ltr'><strong>sua:</strong></span> <span class='ocrx_word' id='word_1_401' title='bbox 2785 2977 3115 3046; x_wconf 63' lang='lat' dir='ltr'><strong>praesentiae;</strong></span> <span class='ocrx_word' id='word_1_402' title='bbox 3163 2987 3575 3048; x_wconf 88' lang='lat' dir='ltr'><strong>nostrorumque</strong></span> 
     </span>
    </p>
   </div>
   <div class='ocr_carea' id='block_1_60' title="bbox 1986 3066 3575 3137">
    <p class='ocr_par' dir='ltr' id='par_1_60' title="bbox 1986 3066 3575 3137">
     <span class='ocr_line' id='line_1_60' title="bbox 1986 3066 3575 3137; baseline 0.001 -17"><span class='ocrx_word' id='word_1_403' title='bbox 1986 3066 2160 3122; x_wconf 83' lang='lat' dir='ltr'><strong>factus</strong></span> <span class='ocrx_word' id='word_1_404' title='bbox 2186 3076 2267 3122; x_wconf 90' lang='lat' dir='ltr'><strong>est</strong></span> <span class='ocrx_word' id='word_1_405' title='bbox 2296 3068 2600 3136; x_wconf 81' lang='lat' dir='ltr'><strong>prapitiatio</strong></span> <span class='ocrx_word' id='word_1_406' title='bbox 2632 3077 2993 3134; x_wconf 85' lang='lat' dir='ltr'><strong>peccatorum,</strong></span> <span class='ocrx_word' id='word_1_407' title='bbox 3028 3079 3081 3124; x_wconf 92' lang='lat' dir='ltr'><strong>et</strong></span> <span class='ocrx_word' id='word_1_408' title='bbox 3114 3082 3208 3137; x_wconf 87' lang='lat' dir='ltr'><strong>pro</strong></span> <span class='ocrx_word' id='word_1_409' title='bbox 3238 3084 3432 3122; x_wconf 89' lang='lat' dir='ltr'><strong>manna</strong></span> <span class='ocrx_word' id='word_1_410' title='bbox 3455 3083 3575 3122; x_wconf 88' lang='lat' dir='ltr'><strong>cor-</strong></span> 
     </span>
    </p>
   </div>
   <div class='ocr_carea' id='block_1_61' title="bbox 1991 3161 3579 3230">
    <p class='ocr_par' dir='ltr' id='par_1_61' title="bbox 1991 3161 3579 3230">
     <span class='ocr_line' id='line_1_61' title="bbox 1991 3161 3579 3230; baseline 0.004 -18"><span class='ocrx_word' id='word_1_411' title='bbox 1991 3175 2087 3228; x_wconf 91' lang='lat' dir='ltr'><strong>pus</strong></span> <span class='ocrx_word' id='word_1_412' title='bbox 2111 3161 2381 3227; x_wconf 81' lang='lat' dir='ltr'><strong>proprium</strong></span> <span class='ocrx_word' id='word_1_413' title='bbox 2409 3161 2632 3230; x_wconf 92' lang='lat' dir='ltr'><strong>largitus</strong></span> <span class='ocrx_word' id='word_1_414' title='bbox 2658 3169 2742 3215; x_wconf 85' lang='lat' dir='ltr'><strong>est</strong></span> <span class='ocrx_word' id='word_1_415' title='bbox 2764 3163 2829 3215; x_wconf 90' lang='lat' dir='ltr'><strong>ad</strong></span> <span class='ocrx_word' id='word_1_416' title='bbox 2853 3163 3141 3217; x_wconf 90' lang='lat' dir='ltr'><strong>edendum.</strong></span> <span class='ocrx_word' id='word_1_417' title='bbox 3165 3162 3292 3216; x_wconf 69' lang='lat' dir='ltr'><strong>Haec</strong></span> <span class='ocrx_word' id='word_1_418' title='bbox 3311 3177 3430 3216; x_wconf 92' lang='lat' dir='ltr'><strong>cum</strong></span> <span class='ocrx_word' id='word_1_419' title='bbox 3463 3177 3579 3218; x_wconf 87' lang='lat' dir='ltr'><strong>mo-</strong></span> 
     </span>
    </p>
   </div>
   <div class='ocr_carea' id='block_1_62' title="bbox 1993 3254 3578 3326">
    <p class='ocr_par' dir='ltr' id='par_1_62' title="bbox 1993 3254 3578 3326">
     <span class='ocr_line' id='line_1_62' title="bbox 1993 3254 3578 3326; baseline 0.003 -18"><span class='ocrx_word' id='word_1_420' title='bbox 1993 3254 2179 3309; x_wconf 91' lang='lat' dir='ltr'><strong>nachis</strong></span> <span class='ocrx_word' id='word_1_421' title='bbox 2208 3255 2298 3321; x_wconf 88' lang='lat' dir='ltr'><strong>qui</strong></span> <span class='ocrx_word' id='word_1_422' title='bbox 2328 3266 2618 3323; x_wconf 75' lang='lat' dir='ltr'><strong>prteSentes</strong></span> <span class='ocrx_word' id='word_1_423' title='bbox 2659 3255 2902 3324; x_wconf 83' lang='lat' dir='ltr'><strong>aderant,</strong></span> <span class='ocrx_word' id='word_1_424' title='bbox 2953 3257 3093 3311; x_wconf 91' lang='lat' dir='ltr'><strong>idem</strong></span> <span class='ocrx_word' id='word_1_425' title='bbox 3123 3257 3285 3311; x_wconf 86' lang='lat' dir='ltr'><strong>frater</strong></span> <span class='ocrx_word' id='word_1_426' title='bbox 3328 3257 3578 3326; x_wconf 84' lang='lat' dir='ltr'><strong>religiose</strong></span> 
     </span>
    </p>
   </div>
   <div class='ocr_carea' id='block_1_63' title="bbox 281 3333 3580 3426">
    <p class='ocr_par' dir='ltr' id='par_1_63' title="bbox 281 3333 3580 3426">
     <span class='ocr_line' id='line_1_63' title="bbox 281 3333 3580 3426; baseline -0.003 -15"><span class='ocrx_word' id='word_1_427' title='bbox 281 3365 436 3411; x_wconf 89' lang='lat' dir='ltr'><strong>ortus</strong></span> <span class='ocrx_word' id='word_1_428' title='bbox 462 3352 795 3424; x_wconf 84' lang='lat' dir='ltr'><strong>parentibus,</strong></span> <span class='ocrx_word' id='word_1_429' title='bbox 826 3357 881 3406; x_wconf 91' lang='lat' dir='ltr'><strong>et</strong></span> <span class='ocrx_word' id='word_1_430' title='bbox 907 3349 1200 3406; x_wconf 89' lang='lat' dir='ltr'><strong>secundum</strong></span> <span class='ocrx_word' id='word_1_431' title='bbox 1231 3348 1488 3403; x_wconf 81' lang='lat' dir='ltr'><strong>saeculum</strong></span> <span class='ocrx_word' id='word_1_432' title='bbox 1517 3346 1674 3426; x_wconf 80' lang='lat' dir='ltr'><strong>valde</strong></span> <span class='ocrx_word' id='word_1_433' title='bbox 1696 3345 1874 3411; x_wconf 90' lang='lat' dir='ltr'><strong>claris,</strong></span> <span class='ocrx_word' id='word_1_434' title='bbox 1906 3333 1956 3400; x_wconf 80' lang='lat' dir='ltr'><strong><em>C</em></strong></span> <span class='ocrx_word' id='word_1_435' title='bbox 1987 3346 2302 3421; x_wconf 89' lang='lat' dir='ltr'><strong>dissereret,</strong></span> <span class='ocrx_word' id='word_1_436' title='bbox 2326 3345 2530 3399; x_wconf 89' lang='lat' dir='ltr'><strong>addidit</strong></span> <span class='ocrx_word' id='word_1_437' title='bbox 2558 3347 2742 3400; x_wconf 90' lang='lat' dir='ltr'><strong>dicens</strong></span> <span class='ocrx_word' id='word_1_438' title='bbox 2775 3363 2787 3399; x_wconf 92' lang='lat'><strong>:</strong></span> <span class='ocrx_word' id='word_1_439' title='bbox 2843 3346 2990 3400; x_wconf 87' lang='lat' dir='ltr'><strong>llanc</strong></span> <span class='ocrx_word' id='word_1_440' title='bbox 3021 3347 3511 3417; x_wconf 86' lang='lat' dir='ltr'><strong>interpretationem</strong></span> <span class='ocrx_word' id='word_1_441' title='bbox 3547 3361 3580 3402; x_wconf 84' lang='lat' dir='ltr'><strong>a</strong></span> 
     </span>
    </p>
   </div>
   <div class='ocr_carea' id='block_1_64' title="bbox 284 3437 1878 3504">
    <p class='ocr_par' dir='ltr' id='par_1_64' title="bbox 284 3437 1878 3504">
     <span class='ocr_line' id='line_1_64' title="bbox 284 3437 1878 3504; baseline -0.008 -1"><span class='ocrx_word' id='word_1_442' title='bbox 284 3449 391 3504; x_wconf 89' lang='lat' dir='ltr'><strong>hoc</strong></span> <span class='ocrx_word' id='word_1_443' title='bbox 424 3446 590 3502; x_wconf 89' lang='lat' dir='ltr'><strong>modo</strong></span> <span class='ocrx_word' id='word_1_444' title='bbox 613 3459 910 3501; x_wconf 88' lang='lat' dir='ltr'><strong>conversus</strong></span> <span class='ocrx_word' id='word_1_445' title='bbox 938 3451 1042 3499; x_wconf 88' lang='lat' dir='ltr'><strong>est.</strong></span> <span class='ocrx_word' id='word_1_446' title='bbox 1074 3441 1370 3498; x_wconf 89' lang='lat' dir='ltr'><strong>Undecimo</strong></span> <span class='ocrx_word' id='word_1_447' title='bbox 1399 3439 1486 3494; x_wconf 92' lang='lat' dir='ltr'><strong>die</strong></span> <span class='ocrx_word' id='word_1_448' title='bbox 1510 3438 1711 3493; x_wconf 90' lang='lat' dir='ltr'><strong>mensis</strong></span> <span class='ocrx_word' id='word_1_449' title='bbox 1735 3437 1878 3502; x_wconf 91' lang='lat' dir='ltr'><strong>Tibi,</strong></span> 
     </span>
    </p>
   </div>
   <div class='ocr_carea' id='block_1_65' title="bbox 283 3530 1882 3606">
    <p class='ocr_par' dir='ltr' id='par_1_65' title="bbox 283 3530 1882 3606">
     <span class='ocr_line' id='line_1_65' title="bbox 283 3530 1882 3606; baseline -0.006 -10"><span class='ocrx_word' id='word_1_450' title='bbox 283 3539 334 3596; x_wconf 88' lang='lat' dir='ltr'><strong>id</strong></span> <span class='ocrx_word' id='word_1_451' title='bbox 363 3549 491 3606; x_wconf 92' lang='lat' dir='ltr'><strong>est,</strong></span> <span class='ocrx_word' id='word_1_452' title='bbox 521 3549 716 3595; x_wconf 88' lang='lat' dir='ltr'><strong>octavo</strong></span> <span class='ocrx_word' id='word_1_453' title='bbox 745 3536 822 3593; x_wconf 92' lang='lat' dir='ltr'><strong>ld.</strong></span> <span class='ocrx_word' id='word_1_454' title='bbox 850 3537 971 3592; x_wconf 84' lang='lat' dir='ltr'><strong>Jan.</strong></span> <span class='ocrx_word' id='word_1_455' title='bbox 1007 3535 1125 3605; x_wconf 79' lang='lat'><strong>(‘55)</strong></span> <span class='ocrx_word' id='word_1_456' title='bbox 1152 3533 1397 3605; x_wconf 83' lang='lat' dir='ltr'><strong>quaedam</strong></span> <span class='ocrx_word' id='word_1_457' title='bbox 1425 3531 1567 3603; x_wconf 92' lang='lat' dir='ltr'><strong>apud</strong></span> <span class='ocrx_word' id='word_1_458' title='bbox 1590 3530 1882 3602; x_wconf 60' lang='lat' dir='ltr'><strong>IEgyptum</strong></span> 
     </span>
    </p>
   </div>
   <div class='ocr_carea' id='block_1_66' title="bbox 285 3626 1882 3695">
    <p class='ocr_par' dir='ltr' id='par_1_66' title="bbox 285 3626 1882 3695">
     <span class='ocr_line' id='line_1_66' title="bbox 285 3626 1882 3695; baseline -0.006 -8"><span class='ocrx_word' id='word_1_459' title='bbox 285 3633 596 3688; x_wconf 91' lang='lat' dir='ltr'><strong>celebratur</strong></span> <span class='ocrx_word' id='word_1_460' title='bbox 624 3646 689 3686; x_wconf 88' lang='lat' dir='ltr'><strong>ex</strong></span> <span class='ocrx_word' id='word_1_461' title='bbox 715 3644 865 3685; x_wconf 92' lang='lat' dir='ltr'><strong>more</strong></span> <span class='ocrx_word' id='word_1_462' title='bbox 889 3627 1167 3685; x_wconf 89' lang='lat' dir='ltr'><strong>festtvitas.</strong></span> <span class='ocrx_word' id='word_1_463' title='bbox 1195 3626 1439 3682; x_wconf 87' lang='lat' dir='ltr'><strong>Cernens</strong></span> <span class='ocrx_word' id='word_1_464' title='bbox 1462 3626 1643 3695; x_wconf 91' lang='lat' dir='ltr'><strong>itaque</strong></span> <span class='ocrx_word' id='word_1_465' title='bbox 1664 3627 1882 3679; x_wconf 90' lang='lat' dir='ltr'><strong>domum</strong></span> 
     </span>
    </p>
   </div>
   <div class='ocr_carea' id='block_1_67' title="bbox 284 3717 1884 3792">
    <p class='ocr_par' dir='ltr' id='par_1_67' title="bbox 284 3717 1884 3792">
     <span class='ocr_line' id='line_1_67' title="bbox 284 3717 1884 3792; baseline -0.009 -8"><span class='ocrx_word' id='word_1_466' title='bbox 284 3743 441 3784; x_wconf 82' lang='lat' dir='ltr'><strong>suam</strong></span> <span class='ocrx_word' id='word_1_467' title='bbox 477 3725 636 3780; x_wconf 91' lang='lat' dir='ltr'><strong>nimis</strong></span> <span class='ocrx_word' id='word_1_468' title='bbox 662 3725 894 3792; x_wconf 88' lang='lat' dir='ltr'><strong>amplam</strong></span> <span class='ocrx_word' id='word_1_469' title='bbox 924 3738 988 3778; x_wconf 94' lang='lat' dir='ltr'><strong>ac</strong></span> <span class='ocrx_word' id='word_1_470' title='bbox 1017 3717 1383 3791; x_wconf 73' lang='lat' dir='ltr'><strong>splendidam:</strong></span> <span class='ocrx_word' id='word_1_471' title='bbox 1412 3733 1476 3774; x_wconf 91' lang='lat' dir='ltr'><strong>ac</strong></span> <span class='ocrx_word' id='word_1_472' title='bbox 1515 3717 1672 3773; x_wconf 89' lang='lat' dir='ltr'><strong>bonis</strong></span> <span class='ocrx_word' id='word_1_473' title='bbox 1710 3717 1884 3772; x_wconf 84' lang='lat' dir='ltr'><strong>omni-</strong></span> 
     </span>
    </p>
   </div>
   <div class='ocr_carea' id='block_1_68' title="bbox 285 3798 1884 3886">
    <p class='ocr_par' dir='ltr' id='par_1_68' title="bbox 285 3798 1884 3886">
     <span class='ocr_line' id='line_1_68' title="bbox 285 3798 1884 3886; baseline -0.01 -8"><span class='ocrx_word' id='word_1_474' title='bbox 285 3822 386 3878; x_wconf 85' lang='lat' dir='ltr'><strong>bus</strong></span> <span class='ocrx_word' id='word_1_475' title='bbox 418 3817 808 3882; x_wconf 86' lang='lat' dir='ltr'><strong>abundantem,</strong></span> <span class='ocrx_word' id='word_1_476' title='bbox 833 3830 928 3886; x_wconf 93' lang='lat' dir='ltr'><strong>per</strong></span> <span class='ocrx_word' id='word_1_477' title='bbox 953 3814 1044 3869; x_wconf 93' lang='lat' dir='ltr'><strong>Dei</strong></span> <span class='ocrx_word' id='word_1_478' title='bbox 1068 3814 1293 3884; x_wconf 89' lang='lat' dir='ltr'><strong>gratiam</strong></span> <span class='ocrx_word' id='word_1_479' title='bbox 1309 3798 1486 3867; x_wconf 73' lang='lat' dir='ltr'><strong>&#39;corde</strong></span> <span class='ocrx_word' id='word_1_480' title='bbox 1505 3819 1884 3878; x_wconf 86' lang='lat' dir='ltr'><strong>compunctus,</strong></span> 
     </span>
    </p>
   </div>
   <div class='ocr_carea' id='block_1_69' title="bbox 288 3903 1888 3982">
    <p class='ocr_par' dir='ltr' id='par_1_69' title="bbox 288 3903 1888 3982">
     <span class='ocr_line' id='line_1_69' title="bbox 288 3903 1888 3982; baseline -0.009 -11"><span class='ocrx_word' id='word_1_481' title='bbox 288 3917 415 3971; x_wconf 87' lang='lat' dir='ltr'><strong>talia</strong></span> <span class='ocrx_word' id='word_1_482' title='bbox 469 3928 652 3968; x_wconf 87' lang='lat' dir='ltr'><strong>secum</strong></span> <span class='ocrx_word' id='word_1_483' title='bbox 699 3912 863 3982; x_wconf 75' lang='lat' dir='ltr'><strong>cmpit</strong></span> <span class='ocrx_word' id='word_1_484' title='bbox 904 3911 1125 3965; x_wconf 80' lang='lat' dir='ltr'><strong>volvere</strong></span> <span class='ocrx_word' id='word_1_485' title='bbox 1159 3927 1170 3962; x_wconf 95' lang='lat'>:</span> <span class='ocrx_word' id='word_1_486' title='bbox 1204 3906 1340 3976; x_wconf 87' lang='lat' dir='ltr'><strong>Quid</strong></span> <span class='ocrx_word' id='word_1_487' title='bbox 1386 3907 1480 3962; x_wconf 91' lang='lat' dir='ltr'><strong>tibi</strong></span> <span class='ocrx_word' id='word_1_488' title='bbox 1514 3905 1775 3974; x_wconf 89' lang='lat' dir='ltr'><strong>proderit,</strong></span> <span class='ocrx_word' id='word_1_489' title='bbox 1807 3903 1888 3957; x_wconf 87' lang='lat' dir='ltr'><strong>in-</strong></span> 
     </span>
    </p>
   </div>
   <div class='ocr_carea' id='block_1_70' title="bbox 289 3997 1888 4072">
    <p class='ocr_par' dir='ltr' id='par_1_70' title="bbox 289 3997 1888 4072">
     <span class='ocr_line' id='line_1_70' title="bbox 289 3997 1888 4072; baseline -0.01 -6"><span class='ocrx_word' id='word_1_490' title='bbox 289 4013 420 4067; x_wconf 90' lang='lat' dir='ltr'><strong>felix</strong></span> <span class='ocrx_word' id='word_1_491' title='bbox 467 4007 773 4072; x_wconf 87' lang='lat' dir='ltr'><strong>Theodore,</strong></span> <span class='ocrx_word' id='word_1_492' title='bbox 824 4005 870 4060; x_wconf 93' lang='lat' dir='ltr'><strong>si</strong></span> <span class='ocrx_word' id='word_1_493' title='bbox 920 4013 1089 4059; x_wconf 76' lang='lat' dir='ltr'><strong>totum</strong></span> <span class='ocrx_word' id='word_1_494' title='bbox 1141 4001 1398 4056; x_wconf 89' lang='lat' dir='ltr'><strong>mundum</strong></span> <span class='ocrx_word' id='word_1_495' title='bbox 1448 3999 1683 4053; x_wconf 89' lang='lat' dir='ltr'><strong>lucratus</strong></span> <span class='ocrx_word' id='word_1_496' title='bbox 1727 3997 1888 4052; x_wconf 89' lang='lat' dir='ltr'><strong>fueris</strong></span> 
     </span>
    </p>
   </div>
   <div class='ocr_carea' id='block_1_71' title="bbox 290 4095 1889 4175">
    <p class='ocr_par' dir='ltr' id='par_1_71' title="bbox 290 4095 1889 4175">
     <span class='ocr_line' id='line_1_71' title="bbox 290 4095 1889 4175; baseline -0.01 -17"><span class='ocrx_word' id='word_1_497' title='bbox 290 4104 516 4175; x_wconf 73' lang='lat' dir='ltr'><strong>(Matth.</strong></span> <span class='ocrx_word' id='word_1_498' title='bbox 572 4100 710 4166; x_wconf 80' lang='lat' dir='ltr'><strong>xvi),</strong></span> <span class='ocrx_word' id='word_1_499' title='bbox 768 4105 824 4154; x_wconf 91' lang='lat' dir='ltr'><strong>et</strong></span> <span class='ocrx_word' id='word_1_500' title='bbox 877 4095 1258 4164; x_wconf 82' lang='lat' dir='ltr'><strong>temporalibus</strong></span> <span class='ocrx_word' id='word_1_501' title='bbox 1305 4103 1460 4148; x_wconf 88' lang='lat' dir='ltr'><strong>utens</strong></span> <span class='ocrx_word' id='word_1_502' title='bbox 1507 4103 1889 4161; x_wconf 79' lang='lat' dir='ltr'><strong>usquequaque</strong></span> 
     </span>
    </p>
   </div>
   <div class='ocr_carea' id='block_1_72' title="bbox 290 4178 1891 4256">
    <p class='ocr_par' dir='ltr' id='par_1_72' title="bbox 290 4178 1891 4256">
     <span class='ocr_line' id='line_1_72' title="bbox 290 4178 1891 4256; baseline -0.012 -5"><span class='ocrx_word' id='word_1_503' title='bbox 290 4192 524 4256; x_wconf 84' lang='lat' dir='ltr'><strong>deliciis,</strong></span> <span class='ocrx_word' id='word_1_504' title='bbox 549 4190 616 4244; x_wconf 91' lang='lat' dir='ltr'><strong>ab</strong></span> <span class='ocrx_word' id='word_1_505' title='bbox 647 4189 752 4244; x_wconf 91' lang='lat' dir='ltr'><strong>illis</strong></span> <span class='ocrx_word' id='word_1_506' title='bbox 781 4187 996 4242; x_wconf 66' lang='lat' dir='ltr'><strong>(sternis</strong></span> <span class='ocrx_word' id='word_1_507' title='bbox 1024 4185 1179 4239; x_wconf 91' lang='lat' dir='ltr'><strong>bonis</strong></span> <span class='ocrx_word' id='word_1_508' title='bbox 1205 4191 1259 4238; x_wconf 92' lang='lat' dir='ltr'><strong>et</strong></span> <span class='ocrx_word' id='word_1_509' title='bbox 1285 4179 1680 4237; x_wconf 88' lang='lat' dir='ltr'><strong>immortalibus</strong></span> <span class='ocrx_word' id='word_1_510' title='bbox 1706 4178 1891 4234; x_wconf 85' lang='lat' dir='ltr'><strong>exclu-</strong></span> 
     </span>
    </p>
   </div>
   <div class='ocr_carea' id='block_1_73' title="bbox 289 4272 1890 4348">
    <p class='ocr_par' dir='ltr' id='par_1_73' title="bbox 289 4272 1890 4348">
     <span class='ocr_line' id='line_1_73' title="bbox 289 4272 1890 4348; baseline -0.011 -5"><span class='ocrx_word' id='word_1_511' title='bbox 289 4285 481 4343; x_wconf 86' lang='lat' dir='ltr'><strong>daris?</strong></span> <span class='ocrx_word' id='word_1_512' title='bbox 529 4281 716 4337; x_wconf 84' lang='lat' dir='ltr'><strong>Nullus</strong></span> <span class='ocrx_word' id='word_1_513' title='bbox 759 4279 901 4334; x_wconf 89' lang='lat' dir='ltr'><strong>enim</strong></span> <span class='ocrx_word' id='word_1_514' title='bbox 961 4285 1137 4348; x_wconf 90' lang='lat' dir='ltr'><strong>potest</strong></span> <span class='ocrx_word' id='word_1_515' title='bbox 1186 4285 1240 4332; x_wconf 91' lang='lat' dir='ltr'><strong>et</strong></span> <span class='ocrx_word' id='word_1_516' title='bbox 1286 4273 1639 4345; x_wconf 80' lang='lat' dir='ltr'><strong>praesentibus</strong></span> <span class='ocrx_word' id='word_1_517' title='bbox 1684 4272 1890 4327; x_wconf 88' lang='lat' dir='ltr'><strong>deliciis</strong></span> 
     </span>
    </p>
   </div>
   <div class='ocr_carea' id='block_1_74' title="bbox 290 4363 1892 4451">
    <p class='ocr_par' dir='ltr' id='par_1_74' title="bbox 290 4363 1892 4451">
     <span class='ocr_line' id='line_1_74' title="bbox 290 4363 1892 4451; baseline -0.009 -16"><span class='ocrx_word' id='word_1_518' title='bbox 290 4378 522 4451; x_wconf 89' lang='lat' dir='ltr'><strong>perfrui,</strong></span> <span class='ocrx_word' id='word_1_519' title='bbox 551 4384 603 4431; x_wconf 91' lang='lat' dir='ltr'><strong>et</strong></span> <span class='ocrx_word' id='word_1_520' title='bbox 631 4373 882 4444; x_wconf 87' lang='lat' dir='ltr'><strong>perennis</strong></span> <span class='ocrx_word' id='word_1_521' title='bbox 913 4371 1098 4441; x_wconf 84' lang='lat' dir='ltr'><strong>gloriae</strong></span> <span class='ocrx_word' id='word_1_522' title='bbox 1127 4369 1340 4438; x_wconf 61' lang='lat' dir='ltr'><strong>praemia</strong></span> <span class='ocrx_word' id='word_1_523' title='bbox 1375 4365 1694 4435; x_wconf 90' lang='lat' dir='ltr'><strong>promereri.</strong></span> <span class='ocrx_word' id='word_1_524' title='bbox 1718 4363 1892 4432; x_wconf 86' lang='lat' dir='ltr'><strong>Super</strong></span> 
     </span>
    </p>
   </div>
   <div class='ocr_carea' id='block_1_75' title="bbox 295 4458 1892 4540">
    <p class='ocr_par' dir='ltr' id='par_1_75' title="bbox 295 4458 1892 4540">
     <span class='ocr_line' id='line_1_75' title="bbox 295 4458 1892 4540; baseline -0.011 -12"><span class='ocrx_word' id='word_1_525' title='bbox 295 4474 379 4528; x_wconf 87' lang='lat' dir='ltr'><strong>his</strong></span> <span class='ocrx_word' id='word_1_526' title='bbox 409 4485 544 4540; x_wconf 91' lang='lat' dir='ltr'><strong>ergo</strong></span> <span class='ocrx_word' id='word_1_527' title='bbox 576 4469 780 4522; x_wconf 88' lang='lat' dir='ltr'><strong>fortiter</strong></span> <span class='ocrx_word' id='word_1_528' title='bbox 808 4466 1167 4535; x_wconf 84' lang='lat' dir='ltr'><strong>ingemiscens</strong></span> <span class='ocrx_word' id='word_1_529' title='bbox 1186 4503 1203 4530; x_wconf 91' lang='lat'><strong>,</strong></span> <span class='ocrx_word' id='word_1_530' title='bbox 1234 4459 1528 4530; x_wconf 89' lang='lat' dir='ltr'><strong>penetralia</strong></span> <span class='ocrx_word' id='word_1_531' title='bbox 1561 4474 1670 4514; x_wconf 70' lang='lat' dir='ltr'><strong>sua:</strong></span> <span class='ocrx_word' id='word_1_532' title='bbox 1700 4458 1892 4513; x_wconf 90' lang='lat' dir='ltr'><strong>domus</strong></span> 
     </span>
    </p>
   </div>
   <div class='ocr_carea' id='block_1_76' title="bbox 296 4552 1892 4634">
    <p class='ocr_par' dir='ltr' id='par_1_76' title="bbox 296 4552 1892 4634">
     <span class='ocr_line' id='line_1_76' title="bbox 296 4552 1892 4634; baseline -0.009 -15"><span class='ocrx_word' id='word_1_533' title='bbox 296 4564 579 4634; x_wconf 83' lang='lat' dir='ltr'><strong>ingressus</strong></span> <span class='ocrx_word' id='word_1_534' title='bbox 608 4570 688 4615; x_wconf 86' lang='lat' dir='ltr'><strong>est</strong></span> <span class='ocrx_word' id='word_1_535' title='bbox 715 4579 728 4625; x_wconf 92' lang='lat'>;</span> <span class='ocrx_word' id='word_1_536' title='bbox 760 4568 814 4614; x_wconf 93' lang='lat' dir='ltr'><strong>et</strong></span> <span class='ocrx_word' id='word_1_537' title='bbox 839 4558 1124 4628; x_wconf 89' lang='lat' dir='ltr'><strong>procidens</strong></span> <span class='ocrx_word' id='word_1_538' title='bbox 1155 4557 1206 4610; x_wconf 92' lang='lat' dir='ltr'><strong>in</strong></span> <span class='ocrx_word' id='word_1_539' title='bbox 1240 4555 1427 4610; x_wconf 88' lang='lat' dir='ltr'><strong>faciem</strong></span> <span class='ocrx_word' id='word_1_540' title='bbox 1461 4569 1636 4618; x_wconf 89' lang='lat' dir='ltr'><strong>suam,</strong></span> <span class='ocrx_word' id='word_1_541' title='bbox 1667 4568 1788 4608; x_wconf 90' lang='lat' dir='ltr'><strong>cum</strong></span> <span class='ocrx_word' id='word_1_542' title='bbox 1818 4552 1892 4606; x_wconf 85' lang='lat' dir='ltr'><strong>la-</strong></span> 
     </span>
    </p>
   </div>
   <div class='ocr_carea' id='block_1_77' title="bbox 294 4648 1893 4726">
    <p class='ocr_par' dir='ltr' id='par_1_77' title="bbox 294 4648 1893 4726">
     <span class='ocr_line' id='line_1_77' title="bbox 294 4648 1893 4726; baseline -0.009 -14"><span class='ocrx_word' id='word_1_543' title='bbox 294 4655 503 4726; x_wconf 80' lang='lat' dir='ltr'><strong>crymis</strong></span> <span class='ocrx_word' id='word_1_544' title='bbox 553 4654 674 4706; x_wconf 90' lang='lat' dir='ltr'><strong>ait:</strong></span> <span class='ocrx_word' id='word_1_545' title='bbox 727 4652 1081 4721; x_wconf 86' lang='lat' dir='ltr'><strong>Omnipotens</strong></span> <span class='ocrx_word' id='word_1_546' title='bbox 1127 4650 1290 4713; x_wconf 86' lang='lat' dir='ltr'><strong>Deus,</strong></span> <span class='ocrx_word' id='word_1_547' title='bbox 1323 4648 1410 4716; x_wconf 88' lang='lat' dir='ltr'><strong>qui</strong></span> <span class='ocrx_word' id='word_1_548' title='bbox 1461 4649 1786 4702; x_wconf 90' lang='lat' dir='ltr'><strong>occultorum</strong></span> <span class='ocrx_word' id='word_1_549' title='bbox 1835 4659 1893 4698; x_wconf 88' lang='lat' dir='ltr'><strong>es</strong></span> 
     </span>
    </p>
   </div>
   <div class='ocr_carea' id='block_1_78' title="bbox 1989 3438 3581 3510">
    <p class='ocr_par' dir='ltr' id='par_1_78' title="bbox 1989 3438 3581 3510">
     <span class='ocr_line' id='line_1_78' title="bbox 1989 3438 3581 3510; baseline 0.003 -18"><span class='ocrx_word' id='word_1_550' title='bbox 1989 3446 2175 3493; x_wconf 89' lang='lat' dir='ltr'><strong>sancto</strong></span> <span class='ocrx_word' id='word_1_551' title='bbox 2199 3446 2347 3506; x_wconf 89' lang='lat' dir='ltr'><strong>patre</strong></span> <span class='ocrx_word' id='word_1_552' title='bbox 2380 3448 2564 3492; x_wconf 91' lang='lat' dir='ltr'><strong>nostro</strong></span> <span class='ocrx_word' id='word_1_553' title='bbox 2587 3438 2875 3494; x_wconf 88' lang='lat' dir='ltr'><strong>Pachomio</strong></span> <span class='ocrx_word' id='word_1_554' title='bbox 2910 3439 3092 3505; x_wconf 89' lang='lat' dir='ltr'><strong>didici,</strong></span> <span class='ocrx_word' id='word_1_555' title='bbox 3138 3441 3227 3510; x_wconf 92' lang='lat' dir='ltr'><strong>qui</strong></span> <span class='ocrx_word' id='word_1_556' title='bbox 3273 3442 3324 3495; x_wconf 93' lang='lat' dir='ltr'><strong>in</strong></span> <span class='ocrx_word' id='word_1_557' title='bbox 3367 3441 3581 3497; x_wconf 80' lang='lat' dir='ltr'><strong>Tabell-</strong></span> 
     </span>
    </p>
   </div>
   <div class='ocr_carea' id='block_1_79' title="bbox 1989 3532 3580 3604">
    <p class='ocr_par' dir='ltr' id='par_1_79' title="bbox 1989 3532 3580 3604">
     <span class='ocr_line' id='line_1_79' title="bbox 1989 3532 3580 3604; baseline 0.001 -17"><span class='ocrx_word' id='word_1_558' title='bbox 1989 3532 2140 3587; x_wconf 90' lang='lat' dir='ltr'><strong>nensi</strong></span> <span class='ocrx_word' id='word_1_559' title='bbox 2191 3533 2522 3587; x_wconf 83' lang='lat' dir='ltr'><strong>monasterio</strong></span> <span class='ocrx_word' id='word_1_560' title='bbox 2563 3533 2855 3588; x_wconf 88' lang='lat' dir='ltr'><strong>monachos</strong></span> <span class='ocrx_word' id='word_1_561' title='bbox 2897 3533 3146 3604; x_wconf 89' lang='lat' dir='ltr'><strong>primitus</strong></span> <span class='ocrx_word' id='word_1_562' title='bbox 3190 3535 3580 3604; x_wconf 87' lang='lat' dir='ltr'><strong>congregavit,</strong></span> 
     </span>
    </p>
   </div>
   <div class='ocr_carea' id='block_1_80' title="bbox 1989 3627 3583 3698">
    <p class='ocr_par' dir='ltr' id='par_1_80' title="bbox 1989 3627 3583 3698">
     <span class='ocr_line' id='line_1_80' title="bbox 1989 3627 3583 3698; baseline 0.002 -16"><span class='ocrx_word' id='word_1_563' title='bbox 1989 3642 2110 3683; x_wconf 92' lang='lat' dir='ltr'><strong>cum</strong></span> <span class='ocrx_word' id='word_1_564' title='bbox 2138 3627 2330 3696; x_wconf 90' lang='lat' dir='ltr'><strong>quibus</strong></span> <span class='ocrx_word' id='word_1_565' title='bbox 2361 3629 2411 3681; x_wconf 94' lang='lat' dir='ltr'><strong>in</strong></span> <span class='ocrx_word' id='word_1_566' title='bbox 2457 3627 2572 3682; x_wconf 91' lang='lat' dir='ltr'><strong>dies</strong></span> <span class='ocrx_word' id='word_1_567' title='bbox 2620 3628 2844 3683; x_wconf 85' lang='lat' dir='ltr'><strong>Domino</strong></span> <span class='ocrx_word' id='word_1_568' title='bbox 2889 3629 3202 3694; x_wconf 82' lang='lat' dir='ltr'><strong>auxiliante,</strong></span> <span class='ocrx_word' id='word_1_569' title='bbox 3241 3630 3465 3698; x_wconf 88' lang='lat' dir='ltr'><strong>profeci.</strong></span> <span class='ocrx_word' id='word_1_570' title='bbox 3517 3627 3583 3686; x_wconf 86' lang='lat' dir='ltr'><strong>Et</strong></span> 
     </span>
    </p>
   </div>
   <div class='ocr_carea' id='block_1_81' title="bbox 1990 3719 3582 3789">
    <p class='ocr_par' dir='ltr' id='par_1_81' title="bbox 1990 3719 3582 3789">
     <span class='ocr_line' id='line_1_81' title="bbox 1990 3719 3582 3789; baseline 0.003 -17"><span class='ocrx_word' id='word_1_571' title='bbox 1990 3720 2151 3775; x_wconf 87' lang='lat' dir='ltr'><strong>credo</strong></span> <span class='ocrx_word' id='word_1_572' title='bbox 2177 3761 2192 3785; x_wconf 93' lang='lat'><strong>,</strong></span> <span class='ocrx_word' id='word_1_573' title='bbox 2247 3719 2369 3788; x_wconf 85' lang='lat' dir='ltr'><strong>quia</strong></span> <span class='ocrx_word' id='word_1_574' title='bbox 2398 3720 2529 3774; x_wconf 91' lang='lat' dir='ltr'><strong>tanti</strong></span> <span class='ocrx_word' id='word_1_575' title='bbox 2553 3719 2652 3773; x_wconf 92' lang='lat' dir='ltr'><strong>viri</strong></span> <span class='ocrx_word' id='word_1_576' title='bbox 2687 3720 3000 3775; x_wconf 89' lang='lat' dir='ltr'><strong>recordatus</strong></span> <span class='ocrx_word' id='word_1_577' title='bbox 3026 3735 3144 3774; x_wconf 90' lang='lat' dir='ltr'><strong>sum</strong></span> <span class='ocrx_word' id='word_1_578' title='bbox 3187 3721 3327 3789; x_wconf 77' lang='grc'><strong>(56),</strong></span> <span class='ocrx_word' id='word_1_579' title='bbox 3363 3730 3582 3789; x_wconf 83' lang='lat' dir='ltr'><strong>peccata</strong></span> 
     </span>
    </p>
   </div>
   <div class='ocr_carea' id='block_1_82' title="bbox 1992 3812 3582 3880">
    <p class='ocr_par' dir='ltr' id='par_1_82' title="bbox 1992 3812 3582 3880">
     <span class='ocr_line' id='line_1_82' title="bbox 1992 3812 3582 3880; baseline 0.001 -13"><span class='ocrx_word' id='word_1_580' title='bbox 1992 3828 2110 3867; x_wconf 89' lang='lat' dir='ltr'><strong>mea</strong></span> <span class='ocrx_word' id='word_1_581' title='bbox 2141 3813 2481 3867; x_wconf 91' lang='lat' dir='ltr'><strong>remittentur</strong></span> <span class='ocrx_word' id='word_1_582' title='bbox 2508 3813 2776 3868; x_wconf 89' lang='lat' dir='ltr'><strong>universa.</strong></span> <span class='ocrx_word' id='word_1_583' title='bbox 2838 3812 3076 3868; x_wconf 85' lang='lat' dir='ltr'><strong>Audiens</strong></span> <span class='ocrx_word' id='word_1_584' title='bbox 3108 3815 3207 3866; x_wconf 92' lang='lat' dir='ltr'><strong>ista</strong></span> <span class='ocrx_word' id='word_1_585' title='bbox 3245 3813 3582 3880; x_wconf 85' lang='lat' dir='ltr'><strong>Theodorus,</strong></span> 
     </span>
    </p>
   </div>
   <div class='ocr_carea' id='block_1_83' title="bbox 1992 3904 3583 3973">
    <p class='ocr_par' dir='ltr' id='par_1_83' title="bbox 1992 3904 3583 3973">
     <span class='ocr_line' id='line_1_83' title="bbox 1992 3904 3583 3973; baseline 0.001 -14"><span class='ocrx_word' id='word_1_586' title='bbox 1992 3918 2252 3960; x_wconf 89' lang='lat' dir='ltr'><strong>accensus</strong></span> <span class='ocrx_word' id='word_1_587' title='bbox 2284 3913 2365 3958; x_wconf 90' lang='lat' dir='ltr'><strong>est</strong></span> <span class='ocrx_word' id='word_1_588' title='bbox 2391 3904 2593 3969; x_wconf 87' lang='lat' dir='ltr'><strong>animo,</strong></span> <span class='ocrx_word' id='word_1_589' title='bbox 2639 3912 2694 3958; x_wconf 95' lang='lat' dir='ltr'><strong>et</strong></span> <span class='ocrx_word' id='word_1_590' title='bbox 2743 3904 2880 3958; x_wconf 90' lang='lat' dir='ltr'><strong>intra</strong></span> <span class='ocrx_word' id='word_1_591' title='bbox 2933 3905 3281 3973; x_wconf 89' lang='lat' dir='ltr'><strong>semetipsum</strong></span> <span class='ocrx_word' id='word_1_592' title='bbox 3338 3913 3583 3973; x_wconf 79' lang='lat' dir='ltr'><strong>precatus</strong></span> 
     </span>
    </p>
   </div>
   <div class='ocr_carea' id='block_1_84' title="bbox 1993 3995 3585 4066">
    <p class='ocr_par' dir='ltr' id='par_1_84' title="bbox 1993 3995 3585 4066">
     <span class='ocr_line' id='line_1_84' title="bbox 1993 3995 3585 4066; baseline 0 -13"><span class='ocrx_word' id='word_1_593' title='bbox 1993 4009 2095 4064; x_wconf 91' lang='lat' dir='ltr'><strong>est,</strong></span> <span class='ocrx_word' id='word_1_594' title='bbox 2126 3997 2310 4053; x_wconf 89' lang='lat' dir='ltr'><strong>dicens</strong></span> <span class='ocrx_word' id='word_1_595' title='bbox 2347 4016 2356 4048; x_wconf 90' lang='lat'>:</span> <span class='ocrx_word' id='word_1_596' title='bbox 2388 3997 2609 4052; x_wconf 91' lang='lat' dir='ltr'><strong>Domine</strong></span> <span class='ocrx_word' id='word_1_597' title='bbox 2641 3995 2802 4058; x_wconf 84' lang='lat' dir='ltr'><strong>Deus,</strong></span> <span class='ocrx_word' id='word_1_598' title='bbox 2844 3997 2887 4051; x_wconf 92' lang='lat' dir='ltr'><strong>si</strong></span> <span class='ocrx_word' id='word_1_599' title='bbox 2922 3997 3042 4052; x_wconf 90' lang='lat' dir='ltr'><strong>talis</strong></span> <span class='ocrx_word' id='word_1_600' title='bbox 3088 4005 3173 4053; x_wconf 89' lang='lat' dir='ltr'><strong>est</strong></span> <span class='ocrx_word' id='word_1_601' title='bbox 3201 3998 3284 4052; x_wconf 90' lang='lat' dir='ltr'><strong>vir</strong></span> <span class='ocrx_word' id='word_1_602' title='bbox 3326 3998 3501 4066; x_wconf 89' lang='lat' dir='ltr'><strong>justus</strong></span> <span class='ocrx_word' id='word_1_603' title='bbox 3532 3998 3585 4053; x_wconf 93' lang='lat' dir='ltr'><strong>in</strong></span> 
     </span>
    </p>
   </div>
   <div class='ocr_carea' id='block_1_85' title="bbox 1996 4089 3588 4160">
    <p class='ocr_par' dir='ltr' id='par_1_85' title="bbox 1996 4089 3588 4160">
     <span class='ocr_line' id='line_1_85' title="bbox 1996 4089 3588 4160; baseline -0.001 -15"><span class='ocrx_word' id='word_1_604' title='bbox 1996 4092 2174 4156; x_wconf 91' lang='lat' dir='ltr'><strong>terris,</strong></span> <span class='ocrx_word' id='word_1_605' title='bbox 2204 4090 2421 4157; x_wconf 86' lang='lat' dir='ltr'><strong>dignum</strong></span> <span class='ocrx_word' id='word_1_606' title='bbox 2451 4104 2538 4143; x_wconf 91' lang='lat' dir='ltr'><strong>me</strong></span> <span class='ocrx_word' id='word_1_607' title='bbox 2569 4089 2673 4154; x_wconf 91' lang='lat' dir='ltr'><strong>fac,</strong></span> <span class='ocrx_word' id='word_1_608' title='bbox 2727 4099 2782 4143; x_wconf 94' lang='lat' dir='ltr'><strong>ut</strong></span> <span class='ocrx_word' id='word_1_609' title='bbox 2822 4105 2943 4144; x_wconf 90' lang='lat' dir='ltr'><strong>eum</strong></span> <span class='ocrx_word' id='word_1_610' title='bbox 2985 4090 3215 4156; x_wconf 88' lang='lat' dir='ltr'><strong>videam,</strong></span> <span class='ocrx_word' id='word_1_611' title='bbox 3267 4099 3322 4144; x_wconf 91' lang='lat' dir='ltr'><strong>et</strong></span> <span class='ocrx_word' id='word_1_612' title='bbox 3357 4103 3588 4160; x_wconf 90' lang='lat' dir='ltr'><strong>sequens</strong></span> 
     </span>
    </p>
   </div>
   <div class='ocr_carea' id='block_1_86' title="bbox 1995 4179 3588 4250">
    <p class='ocr_par' dir='ltr' id='par_1_86' title="bbox 1995 4179 3588 4250">
     <span class='ocr_line' id='line_1_86' title="bbox 1995 4179 3588 4250; baseline -0.001 -14"><span class='ocrx_word' id='word_1_613' title='bbox 1995 4181 2217 4250; x_wconf 85' lang='lat' dir='ltr'><strong>vestigia</strong></span> <span class='ocrx_word' id='word_1_614' title='bbox 2267 4179 2385 4248; x_wconf 80' lang='lat' dir='ltr'><strong>ejus</strong></span> <span class='ocrx_word' id='word_1_615' title='bbox 2411 4222 2424 4246; x_wconf 96' lang='lat'><strong>,</strong></span> <span class='ocrx_word' id='word_1_616' title='bbox 2481 4179 2726 4234; x_wconf 88' lang='lat' dir='ltr'><strong>universa</strong></span> <span class='ocrx_word' id='word_1_617' title='bbox 2765 4179 3012 4234; x_wconf 88' lang='lat' dir='ltr'><strong>mandata</strong></span> <span class='ocrx_word' id='word_1_618' title='bbox 3053 4180 3359 4249; x_wconf 82' lang='lat' dir='ltr'><strong>perficiam;</strong></span> <span class='ocrx_word' id='word_1_619' title='bbox 3408 4180 3588 4235; x_wconf 88' lang='lat' dir='ltr'><strong>salvus</strong></span> 
     </span>
    </p>
   </div>
   <div class='ocr_carea' id='block_1_87' title="bbox 1995 4270 3590 4343">
    <p class='ocr_par' dir='ltr' id='par_1_87' title="bbox 1995 4270 3590 4343">
     <span class='ocr_line' id='line_1_87' title="bbox 1995 4270 3590 4343; baseline 0.001 -16"><span class='ocrx_word' id='word_1_620' title='bbox 1995 4286 2208 4343; x_wconf 84' lang='lat' dir='ltr'><strong>quoque</strong></span> <span class='ocrx_word' id='word_1_621' title='bbox 2236 4271 2405 4325; x_wconf 91' lang='lat' dir='ltr'><strong>factus</strong></span> <span class='ocrx_word' id='word_1_622' title='bbox 2428 4312 2442 4334; x_wconf 94' lang='lat'><strong>,</strong></span> <span class='ocrx_word' id='word_1_623' title='bbox 2475 4270 2610 4324; x_wconf 90' lang='lat' dir='ltr'><strong>bona</strong></span> <span class='ocrx_word' id='word_1_624' title='bbox 2660 4279 2783 4335; x_wconf 92' lang='lat' dir='ltr'><strong>tua,</strong></span> <span class='ocrx_word' id='word_1_625' title='bbox 2826 4287 2944 4340; x_wconf 84' lang='lat' dir='ltr'><strong>qua:</strong></span> <span class='ocrx_word' id='word_1_626' title='bbox 2995 4272 3338 4340; x_wconf 88' lang='lat' dir='ltr'><strong>diligentibus</strong></span> <span class='ocrx_word' id='word_1_627' title='bbox 3383 4281 3434 4328; x_wconf 90' lang='lat' dir='ltr'><strong>te</strong></span> <span class='ocrx_word' id='word_1_628' title='bbox 3464 4286 3590 4340; x_wconf 86' lang='lat' dir='ltr'><strong>pro-</strong></span> 
     </span>
    </p>
   </div>
   <div class='ocr_carea' id='block_1_88' title="bbox 1997 4363 3590 4437">
    <p class='ocr_par' dir='ltr' id='par_1_88' title="bbox 1997 4363 3590 4437">
     <span class='ocr_line' id='line_1_88' title="bbox 1997 4363 3590 4437; baseline -0.001 -16"><span class='ocrx_word' id='word_1_629' title='bbox 1997 4365 2227 4428; x_wconf 81' lang='lat' dir='ltr'><strong>misisti,</strong></span> <span class='ocrx_word' id='word_1_630' title='bbox 2279 4378 2604 4433; x_wconf 89' lang='lat' dir='ltr'><strong>promerear.</strong></span> <span class='ocrx_word' id='word_1_631' title='bbox 2645 4363 2769 4418; x_wconf 68' lang='lat' dir='ltr'><strong>llatc</strong></span> <span class='ocrx_word' id='word_1_632' title='bbox 2801 4363 2983 4420; x_wconf 90' lang='lat' dir='ltr'><strong>dicens</strong></span> <span class='ocrx_word' id='word_1_633' title='bbox 3015 4381 3135 4419; x_wconf 91' lang='lat' dir='ltr'><strong>cum</strong></span> <span class='ocrx_word' id='word_1_634' title='bbox 3163 4366 3445 4437; x_wconf 82' lang='lat' dir='ltr'><strong>lacryrnis,</strong></span> <span class='ocrx_word' id='word_1_635' title='bbox 3474 4368 3590 4420; x_wconf 90' lang='lat' dir='ltr'><strong>vin-</strong></span> 
     </span>
    </p>
   </div>
   <div class='ocr_carea' id='block_1_89' title="bbox 1998 4455 3591 4528">
    <p class='ocr_par' dir='ltr' id='par_1_89' title="bbox 1998 4455 3591 4528">
     <span class='ocr_line' id='line_1_89' title="bbox 1998 4455 3591 4528; baseline 0.001 -15"><span class='ocrx_word' id='word_1_636' title='bbox 1998 4459 2219 4514; x_wconf 89' lang='lat' dir='ltr'><strong>cebatur</strong></span> <span class='ocrx_word' id='word_1_637' title='bbox 2243 4471 2426 4510; x_wconf 88' lang='lat' dir='ltr'><strong>amore</strong></span> <span class='ocrx_word' id='word_1_638' title='bbox 2453 4455 2633 4509; x_wconf 88' lang='lat' dir='ltr'><strong>divino</strong></span> <span class='ocrx_word' id='word_1_639' title='bbox 2656 4457 2865 4510; x_wconf 88' lang='lat' dir='ltr'><strong>fortiter</strong></span> <span class='ocrx_word' id='word_1_640' title='bbox 2891 4457 3181 4511; x_wconf 89' lang='lat' dir='ltr'><strong>sauciatus.</strong></span> <span class='ocrx_word' id='word_1_641' title='bbox 3227 4458 3352 4511; x_wconf 89' lang='lat' dir='ltr'><strong>Post</strong></span> <span class='ocrx_word' id='word_1_642' title='bbox 3387 4458 3591 4528; x_wconf 89' lang='lat' dir='ltr'><strong>aliquot</strong></span> 
     </span>
    </p>
   </div>
   <div class='ocr_carea' id='block_1_90' title="bbox 1997 4547 3585 4616">
    <p class='ocr_par' dir='ltr' id='par_1_90' title="bbox 1997 4547 3585 4616">
     <span class='ocr_line' id='line_1_90' title="bbox 1997 4547 3585 4616; baseline 0.001 -12"><span class='ocrx_word' id='word_1_643' title='bbox 1997 4561 2176 4605; x_wconf 91' lang='lat' dir='ltr'><strong>autem</strong></span> <span class='ocrx_word' id='word_1_644' title='bbox 2232 4550 2346 4603; x_wconf 87' lang='lat' dir='ltr'><strong>dies</strong></span> <span class='ocrx_word' id='word_1_645' title='bbox 2395 4549 2541 4602; x_wconf 91' lang='lat' dir='ltr'><strong>venit</strong></span> <span class='ocrx_word' id='word_1_646' title='bbox 2589 4547 2654 4600; x_wconf 91' lang='lat' dir='ltr'><strong>ad</strong></span> <span class='ocrx_word' id='word_1_647' title='bbox 2711 4563 2805 4602; x_wconf 89' lang='lat' dir='ltr'><strong>eos</strong></span> <span class='ocrx_word' id='word_1_648' title='bbox 2844 4547 3057 4616; x_wconf 89' lang='lat' dir='ltr'><strong>quidam</strong></span> <span class='ocrx_word' id='word_1_649' title='bbox 3112 4549 3435 4604; x_wconf 89' lang='lat' dir='ltr'><strong>venerabilis</strong></span> <span class='ocrx_word' id='word_1_650' title='bbox 3465 4551 3585 4616; x_wconf 86' lang='lat' dir='ltr'><strong>vir,</strong></span> 
     </span>
    </p>
   </div>
   <div class='ocr_carea' id='block_1_91' title="bbox 2002 4639 3594 4706">
    <p class='ocr_par' dir='ltr' id='par_1_91' title="bbox 2002 4639 3594 4706">
     <span class='ocr_line' id='line_1_91' title="bbox 2002 4639 3594 4706; baseline 0 -8"><span class='ocrx_word' id='word_1_651' title='bbox 2002 4642 2259 4698; x_wconf 88' lang='lat' dir='ltr'><strong>Pecusius</strong></span> <span class='ocrx_word' id='word_1_652' title='bbox 2300 4640 2514 4694; x_wconf 90' lang='lat' dir='ltr'><strong>nomine</strong></span> <span class='ocrx_word' id='word_1_653' title='bbox 2535 4639 2812 4706; x_wconf 74' lang='lat' dir='ltr'><strong>,.long:.eva</strong></span> <span class='ocrx_word' id='word_1_654' title='bbox 2865 4649 3144 4694; x_wconf 89' lang='lat' dir='ltr'><strong>senectute</strong></span> <span class='ocrx_word' id='word_1_655' title='bbox 3172 4641 3459 4697; x_wconf 86' lang='lat' dir='ltr'><strong>decoratus</strong></span> <span class='ocrx_word' id='word_1_656' title='bbox 3486 4683 3500 4705; x_wconf 85' lang='lat'><strong>,</strong></span> <span class='ocrx_word' id='word_1_657' title='bbox 3535 4654 3594 4698; x_wconf 93' lang='lat' dir='ltr'><strong>ut</strong></span> 
     </span>
    </p>
   </div>
   <div class='ocr_carea' id='block_1_92' title="bbox 297 4727 3593 4817">
    <p class='ocr_par' dir='ltr' id='par_1_92' title="bbox 297 4727 3593 4817">
     <span class='ocr_line' id='line_1_92' title="bbox 297 4727 3593 4817; baseline -0.005 -15"><span class='ocrx_word' id='word_1_658' title='bbox 297 4746 568 4817; x_wconf 86' lang='lat' dir='ltr'><strong>cognitor,</strong></span> <span class='ocrx_word' id='word_1_659' title='bbox 602 4753 656 4799; x_wconf 94' lang='lat' dir='ltr'><strong>tu</strong></span> <span class='ocrx_word' id='word_1_660' title='bbox 683 4743 788 4798; x_wconf 88' lang='lat' dir='ltr'><strong>scis</strong></span> <span class='ocrx_word' id='word_1_661' title='bbox 818 4743 938 4813; x_wconf 89' lang='lat' dir='ltr'><strong>quia</strong></span> <span class='ocrx_word' id='word_1_662' title='bbox 971 4740 1103 4795; x_wconf 89' lang='lat' dir='ltr'><strong>nihil</strong></span> <span class='ocrx_word' id='word_1_663' title='bbox 1133 4741 1324 4794; x_wconf 87' lang='lat' dir='ltr'><strong>horum</strong></span> <span class='ocrx_word' id='word_1_664' title='bbox 1367 4753 1486 4808; x_wconf 69' lang='lat' dir='ltr'><strong>quae</strong></span> <span class='ocrx_word' id='word_1_665' title='bbox 1515 4747 1640 4792; x_wconf 92' lang='lat' dir='ltr'><strong>sunt</strong></span> <span class='ocrx_word' id='word_1_666' title='bbox 1689 4739 1742 4792; x_wconf 92' lang='lat' dir='ltr'><strong>in</strong></span> <span class='ocrx_word' id='word_1_667' title='bbox 1793 4737 1894 4793; x_wconf 93' lang='lat' dir='ltr'><strong>hoc</strong></span> <span class='ocrx_word' id='word_1_668' title='bbox 1929 4727 1978 4787; x_wconf 82' lang='grc' dir='ltr'><strong>Ι)</strong></span> <span class='ocrx_word' id='word_1_669' title='bbox 2008 4735 2254 4789; x_wconf 88' lang='lat' dir='ltr'><strong>visitaret</strong></span> <span class='ocrx_word' id='word_1_670' title='bbox 2270 4731 2489 4793; x_wconf 90' lang='lat' dir='ltr'><strong>fratres,</strong></span> <span class='ocrx_word' id='word_1_671' title='bbox 2523 4729 2786 4797; x_wconf 88' lang='lat' dir='ltr'><strong>simulque</strong></span> <span class='ocrx_word' id='word_1_672' title='bbox 2807 4733 3035 4798; x_wconf 87' lang='lat' dir='ltr'><strong>qualiter</strong></span> <span class='ocrx_word' id='word_1_673' title='bbox 3059 4735 3431 4801; x_wconf 89' lang='lat' dir='ltr'><strong>agerentscire</strong></span> <span class='ocrx_word' id='word_1_674' title='bbox 3452 4735 3593 4788; x_wconf 90' lang='lat' dir='ltr'><strong>desi-</strong></span> 
     </span>
    </p>
   </div>
   <div class='ocr_carea' id='block_1_93' title="bbox 297 4830 1896 4903">
    <p class='ocr_par' dir='ltr' id='par_1_93' title="bbox 297 4830 1896 4903">
     <span class='ocr_line' id='line_1_93' title="bbox 297 4830 1896 4903; baseline -0.005 -10"><span class='ocrx_word' id='word_1_675' title='bbox 297 4838 526 4900; x_wconf 68' lang='lat' dir='ltr'><strong>sazculo,</strong></span> <span class='ocrx_word' id='word_1_676' title='bbox 556 4835 727 4890; x_wconf 92' lang='lat' dir='ltr'><strong>amori</strong></span> <span class='ocrx_word' id='word_1_677' title='bbox 759 4844 850 4888; x_wconf 90' lang='lat' dir='ltr'><strong>tuo</strong></span> <span class='ocrx_word' id='word_1_678' title='bbox 881 4847 1154 4903; x_wconf 67' lang='lat' dir='ltr'><strong>praepono.</strong></span> <span class='ocrx_word' id='word_1_679' title='bbox 1209 4831 1432 4901; x_wconf 86' lang='lat' dir='ltr'><strong>Propter</strong></span> <span class='ocrx_word' id='word_1_680' title='bbox 1479 4830 1620 4900; x_wconf 89' lang='lat' dir='ltr'><strong>quod</strong></span> <span class='ocrx_word' id='word_1_681' title='bbox 1669 4831 1896 4886; x_wconf 88' lang='lat' dir='ltr'><strong>obsecro</strong></span> 
     </span>
    </p>
   </div>
   <div class='ocr_carea' id='block_1_94' title="bbox 304 4923 1898 4993">
    <p class='ocr_par' dir='ltr' id='par_1_94' title="bbox 304 4923 1898 4993">
     <span class='ocr_line' id='line_1_94' title="bbox 304 4923 1898 4993; baseline -0.005 -7"><span class='ocrx_word' id='word_1_682' title='bbox 304 4940 360 4986; x_wconf 92' lang='lat' dir='ltr'><strong>te</strong></span> <span class='ocrx_word' id='word_1_683' title='bbox 384 4930 715 4992; x_wconf 86' lang='lat' dir='ltr'><strong>misericors,</strong></span> <span class='ocrx_word' id='word_1_684' title='bbox 747 4937 805 4980; x_wconf 93' lang='lat' dir='ltr'><strong>ut</strong></span> <span class='ocrx_word' id='word_1_685' title='bbox 833 4928 885 4981; x_wconf 92' lang='lat' dir='ltr'><strong>in</strong></span> <span class='ocrx_word' id='word_1_686' title='bbox 914 4927 1190 4981; x_wconf 84' lang='lat' dir='ltr'><strong>voluntate</strong></span> <span class='ocrx_word' id='word_1_687' title='bbox 1221 4932 1310 4979; x_wconf 91' lang='lat' dir='ltr'><strong>tua</strong></span> <span class='ocrx_word' id='word_1_688' title='bbox 1338 4939 1421 4980; x_wconf 92' lang='lat' dir='ltr'><strong>me</strong></span> <span class='ocrx_word' id='word_1_689' title='bbox 1449 4923 1668 4993; x_wconf 89' lang='lat' dir='ltr'><strong>dirigas,</strong></span> <span class='ocrx_word' id='word_1_690' title='bbox 1702 4923 1898 4978; x_wconf 58' lang='lat' dir='ltr'><strong>illumi-</strong></span> 
     </span>
    </p>
   </div>
   <div class='ocr_carea' id='block_1_95' title="bbox 304 5019 1899 5086">
    <p class='ocr_par' dir='ltr' id='par_1_95' title="bbox 304 5019 1899 5086">
     <span class='ocr_line' id='line_1_95' title="bbox 304 5019 1899 5086; baseline -0.004 -7"><span class='ocrx_word' id='word_1_691' title='bbox 304 5039 444 5079; x_wconf 85' lang='lat' dir='ltr'><strong>uans</strong></span> <span class='ocrx_word' id='word_1_692' title='bbox 467 5025 700 5078; x_wconf 87' lang='lat' dir='ltr'><strong>animam</strong></span> <span class='ocrx_word' id='word_1_693' title='bbox 731 5035 904 5076; x_wconf 91' lang='lat' dir='ltr'><strong>meam</strong></span> <span class='ocrx_word' id='word_1_694' title='bbox 935 5022 1218 5086; x_wconf 90' lang='lat' dir='ltr'><strong>miseram,</strong></span> <span class='ocrx_word' id='word_1_695' title='bbox 1251 5033 1319 5073; x_wconf 90' lang='lat' dir='ltr'><strong>ne</strong></span> <span class='ocrx_word' id='word_1_696' title='bbox 1345 5019 1397 5072; x_wconf 93' lang='lat' dir='ltr'><strong>in</strong></span> <span class='ocrx_word' id='word_1_697' title='bbox 1449 5026 1666 5073; x_wconf 69' lang='lat' dir='ltr'><strong>aeternae</strong></span> <span class='ocrx_word' id='word_1_698' title='bbox 1710 5019 1899 5072; x_wconf 89' lang='lat' dir='ltr'><strong>mortis</strong></span> 
     </span>
    </p>
   </div>
   <div class='ocr_carea' id='block_1_96' title="bbox 303 5111 1902 5184">
    <p class='ocr_par' dir='ltr' id='par_1_96' title="bbox 303 5111 1902 5184">
     <span class='ocr_line' id='line_1_96' title="bbox 303 5111 1902 5184; baseline -0.006 -8"><span class='ocrx_word' id='word_1_699' title='bbox 303 5117 691 5176; x_wconf 75' lang='lat' dir='ltr'><strong>contenebrata</strong></span> <span class='ocrx_word' id='word_1_700' title='bbox 723 5113 954 5184; x_wconf 90' lang='lat' dir='ltr'><strong>peccatis</strong></span> <span class='ocrx_word' id='word_1_701' title='bbox 980 5113 1316 5179; x_wconf 86' lang='lat' dir='ltr'><strong>obdormiat,</strong></span> <span class='ocrx_word' id='word_1_702' title='bbox 1347 5112 1441 5168; x_wconf 90' lang='lat' dir='ltr'><strong>sed</strong></span> <span class='ocrx_word' id='word_1_703' title='bbox 1481 5111 1754 5180; x_wconf 86' lang='lat' dir='ltr'><strong>redempta</strong></span> <span class='ocrx_word' id='word_1_704' title='bbox 1809 5121 1902 5166; x_wconf 88' lang='lat' dir='ltr'><strong>tuo</strong></span> 
     </span>
    </p>
   </div>
   <div class='ocr_carea' id='block_1_97' title="bbox 307 5205 1901 5278">
    <p class='ocr_par' dir='ltr' id='par_1_97' title="bbox 307 5205 1901 5278">
     <span class='ocr_line' id='line_1_97' title="bbox 307 5205 1901 5278; baseline -0.005 -12"><span class='ocrx_word' id='word_1_705' title='bbox 307 5225 560 5275; x_wconf 89' lang='lat' dir='ltr'><strong>munere,</strong></span> <span class='ocrx_word' id='word_1_706' title='bbox 589 5223 683 5278; x_wconf 89' lang='lat' dir='ltr'><strong>per</strong></span> <span class='ocrx_word' id='word_1_707' title='bbox 707 5207 884 5262; x_wconf 91' lang='lat' dir='ltr'><strong>omnia</strong></span> <span class='ocrx_word' id='word_1_708' title='bbox 915 5216 966 5262; x_wconf 92' lang='lat' dir='ltr'><strong>te</strong></span> <span class='ocrx_word' id='word_1_709' title='bbox 990 5205 1254 5261; x_wconf 76' lang='lat' dir='ltr'><strong>collaudat</strong></span> <span class='ocrx_word' id='word_1_710' title='bbox 1283 5214 1441 5276; x_wconf 89' lang='lat' dir='ltr'><strong>atque</strong></span> <span class='ocrx_word' id='word_1_711' title='bbox 1461 5205 1744 5274; x_wconf 83' lang='lat' dir='ltr'><strong>glorificet.</strong></span> <span class='ocrx_word' id='word_1_712' title='bbox 1776 5205 1901 5259; x_wconf 72' lang='lat' dir='ltr'><strong>Haec</strong></span> 
     </span>
    </p>
   </div>
   <div class='ocr_carea' id='block_1_98' title="bbox 309 5295 1904 5366">
    <p class='ocr_par' dir='ltr' id='par_1_98' title="bbox 309 5295 1904 5366">
     <span class='ocr_line' id='line_1_98' title="bbox 309 5295 1904 5366; baseline -0.004 -7"><span class='ocrx_word' id='word_1_713' title='bbox 309 5317 380 5358; x_wconf 87' lang='lat' dir='ltr'><strong>eo</strong></span> <span class='ocrx_word' id='word_1_714' title='bbox 407 5309 596 5356; x_wconf 91' lang='lat' dir='ltr'><strong>orante</strong></span> <span class='ocrx_word' id='word_1_715' title='bbox 618 5343 633 5366; x_wconf 93' lang='lat'><strong>,</strong></span> <span class='ocrx_word' id='word_1_716' title='bbox 665 5299 809 5354; x_wconf 89' lang='lat' dir='ltr'><strong>venit</strong></span> <span class='ocrx_word' id='word_1_717' title='bbox 836 5309 1008 5353; x_wconf 90' lang='lat' dir='ltr'><strong>mater</strong></span> <span class='ocrx_word' id='word_1_718' title='bbox 1038 5298 1200 5363; x_wconf 86' lang='lat' dir='ltr'><strong>illius,</strong></span> <span class='ocrx_word' id='word_1_719' title='bbox 1232 5306 1288 5351; x_wconf 91' lang='lat' dir='ltr'><strong>et</strong></span> <span class='ocrx_word' id='word_1_720' title='bbox 1336 5295 1538 5354; x_wconf 91' lang='lat' dir='ltr'><strong>invenit</strong></span> <span class='ocrx_word' id='word_1_721' title='bbox 1568 5297 1757 5354; x_wconf 90' lang='lat' dir='ltr'><strong>oculos</strong></span> <span class='ocrx_word' id='word_1_722' title='bbox 1787 5295 1904 5363; x_wconf 81' lang='lat' dir='ltr'><strong>ejus</strong></span> 
     </span>
    </p>
   </div>
   <div class='ocr_carea' id='block_1_99' title="bbox 311 5389 1904 5464">
    <p class='ocr_par' dir='ltr' id='par_1_99' title="bbox 311 5389 1904 5464">
     <span class='ocr_line' id='line_1_99' title="bbox 311 5389 1904 5464; baseline -0.004 -15"><span class='ocrx_word' id='word_1_723' title='bbox 311 5396 503 5464; x_wconf 90' lang='lat' dir='ltr'><strong>plenos</strong></span> <span class='ocrx_word' id='word_1_724' title='bbox 532 5391 800 5462; x_wconf 85' lang='lat' dir='ltr'><strong>lacrymis,</strong></span> <span class='ocrx_word' id='word_1_725' title='bbox 832 5401 881 5445; x_wconf 91' lang='lat' dir='ltr'><strong>et</strong></span> <span class='ocrx_word' id='word_1_726' title='bbox 913 5391 987 5447; x_wconf 90' lang='lat' dir='ltr'><strong>ait</strong></span> <span class='ocrx_word' id='word_1_727' title='bbox 1017 5409 1028 5445; x_wconf 90' lang='lat'>:</span> <span class='ocrx_word' id='word_1_728' title='bbox 1060 5390 1189 5457; x_wconf 83' lang='lat' dir='ltr'><strong>Quis</strong></span> <span class='ocrx_word' id='word_1_729' title='bbox 1216 5400 1267 5445; x_wconf 92' lang='lat' dir='ltr'><strong>te</strong></span> <span class='ocrx_word' id='word_1_730' title='bbox 1295 5389 1628 5444; x_wconf 88' lang='lat' dir='ltr'><strong>contristavit</strong></span> <span class='ocrx_word' id='word_1_731' title='bbox 1652 5430 1666 5452; x_wconf 87' lang='lat'><strong>,</strong></span> <span class='ocrx_word' id='word_1_732' title='bbox 1701 5389 1904 5442; x_wconf 87' lang='lat' dir='ltr'><strong>charis-</strong></span> 
     </span>
    </p>
   </div>
   <div class='ocr_carea' id='block_1_100' title="bbox 312 5481 1905 5554">
    <p class='ocr_par' dir='ltr' id='par_1_100' title="bbox 312 5481 1905 5554">
     <span class='ocr_line' id='line_1_100' title="bbox 312 5481 1905 5554; baseline -0.004 -11"><span class='ocrx_word' id='word_1_733' title='bbox 312 5494 449 5543; x_wconf 83' lang='lat' dir='ltr'><strong>slme</strong></span> <span class='ocrx_word' id='word_1_734' title='bbox 483 5489 577 5550; x_wconf 85' lang='lat' dir='ltr'><strong>fili,</strong></span> <span class='ocrx_word' id='word_1_735' title='bbox 610 5496 668 5540; x_wconf 94' lang='lat' dir='ltr'><strong>ut</strong></span> <span class='ocrx_word' id='word_1_736' title='bbox 694 5484 1051 5554; x_wconf 88' lang='lat' dir='ltr'><strong>sequestreris</strong></span> <span class='ocrx_word' id='word_1_737' title='bbox 1079 5499 1109 5538; x_wconf 92' lang='lat' dir='ltr'><strong>a</strong></span> <span class='ocrx_word' id='word_1_738' title='bbox 1157 5482 1350 5538; x_wconf 83' lang='lat' dir='ltr'><strong>nobis?</strong></span> <span class='ocrx_word' id='word_1_739' title='bbox 1397 5481 1529 5536; x_wconf 75' lang='lat' dir='ltr'><strong>Nam</strong></span> <span class='ocrx_word' id='word_1_740' title='bbox 1580 5481 1792 5536; x_wconf 90' lang='lat' dir='ltr'><strong>solliciti</strong></span> <span class='ocrx_word' id='word_1_741' title='bbox 1843 5496 1905 5536; x_wconf 90' lang='lat' dir='ltr'><strong>ac</strong></span> 
     </span>
    </p>
   </div>
   <div class='ocr_carea' id='block_1_101' title="bbox 312 5576 1907 5648">
    <p class='ocr_par' dir='ltr' id='par_1_101' title="bbox 312 5576 1907 5648">
     <span class='ocr_line' id='line_1_101' title="bbox 312 5576 1907 5648; baseline -0.001 -15"><span class='ocrx_word' id='word_1_742' title='bbox 312 5579 561 5635; x_wconf 78' lang='lat' dir='ltr'><strong>dolentes</strong></span> <span class='ocrx_word' id='word_1_743' title='bbox 591 5580 787 5648; x_wconf 88' lang='lat' dir='ltr'><strong>ubique</strong></span> <span class='ocrx_word' id='word_1_744' title='bbox 819 5588 872 5634; x_wconf 89' lang='lat' dir='ltr'><strong>te</strong></span> <span class='ocrx_word' id='word_1_745' title='bbox 896 5578 1288 5647; x_wconf 70' lang='lat' dir='ltr'><strong>quaerebamus,</strong></span> <span class='ocrx_word' id='word_1_746' title='bbox 1321 5585 1383 5630; x_wconf 89' lang='lat' dir='ltr'><strong>ut</strong></span> <span class='ocrx_word' id='word_1_747' title='bbox 1403 5577 1680 5631; x_wconf 90' lang='lat' dir='ltr'><strong>nobiscum</strong></span> <span class='ocrx_word' id='word_1_748' title='bbox 1705 5576 1907 5645; x_wconf 88' lang='lat' dir='ltr'><strong>pariter</strong></span> 
     </span>
    </p>
   </div>
   <div class='ocr_carea' id='block_1_102' title="bbox 316 5670 1910 5741">
    <p class='ocr_par' dir='ltr' id='par_1_102' title="bbox 316 5670 1910 5741">
     <span class='ocr_line' id='line_1_102' title="bbox 316 5670 1910 5741; baseline 0 -16"><span class='ocrx_word' id='word_1_749' title='bbox 316 5672 633 5741; x_wconf 87' lang='lat' dir='ltr'><strong>epulareris.</strong></span> <span class='ocrx_word' id='word_1_750' title='bbox 667 5672 768 5736; x_wconf 82' lang='lat' dir='ltr'><strong>Qui</strong></span> <span class='ocrx_word' id='word_1_751' title='bbox 799 5670 1076 5740; x_wconf 88' lang='lat' dir='ltr'><strong>respondit</strong></span> <span class='ocrx_word' id='word_1_752' title='bbox 1109 5688 1123 5722; x_wconf 89' lang='lat'><strong><em>:</em></strong></span> <span class='ocrx_word' id='word_1_753' title='bbox 1161 5671 1328 5741; x_wconf 90' lang='lat' dir='ltr'><strong>Perge</strong></span> <span class='ocrx_word' id='word_1_754' title='bbox 1349 5715 1362 5737; x_wconf 92' lang='lat'><strong>,</strong></span> <span class='ocrx_word' id='word_1_755' title='bbox 1395 5684 1600 5740; x_wconf 87' lang='lat' dir='ltr'><strong>quaeso.</strong></span> <span class='ocrx_word' id='word_1_756' title='bbox 1633 5679 1824 5736; x_wconf 91' lang='lat' dir='ltr'><strong>mater,</strong></span> <span class='ocrx_word' id='word_1_757' title='bbox 1853 5680 1910 5725; x_wconf 92' lang='lat' dir='ltr'><strong>et</strong></span> 
     </span>
    </p>
   </div>
   <div class='ocr_carea' id='block_1_103' title="bbox 317 5761 1902 5833">
    <p class='ocr_par' dir='ltr' id='par_1_103' title="bbox 317 5761 1902 5833">
     <span class='ocr_line' id='line_1_103' title="bbox 317 5761 1902 5833; baseline -0.001 -17"><span class='ocrx_word' id='word_1_758' title='bbox 317 5762 496 5817; x_wconf 89' lang='lat' dir='ltr'><strong>cibum</strong></span> <span class='ocrx_word' id='word_1_759' title='bbox 529 5778 704 5825; x_wconf 90' lang='lat' dir='ltr'><strong>sume,</strong></span> <span class='ocrx_word' id='word_1_760' title='bbox 734 5764 854 5833; x_wconf 87' lang='lat' dir='ltr'><strong>quia</strong></span> <span class='ocrx_word' id='word_1_761' title='bbox 884 5777 984 5832; x_wconf 84' lang='lat' dir='ltr'><strong>ego</strong></span> <span class='ocrx_word' id='word_1_762' title='bbox 1015 5777 1156 5816; x_wconf 92' lang='lat' dir='ltr'><strong>nunc</strong></span> <span class='ocrx_word' id='word_1_763' title='bbox 1184 5761 1508 5817; x_wconf 86' lang='lat' dir='ltr'><strong>manducare</strong></span> <span class='ocrx_word' id='word_1_764' title='bbox 1532 5777 1635 5815; x_wconf 89' lang='lat' dir='ltr'><strong>non</strong></span> <span class='ocrx_word' id='word_1_765' title='bbox 1666 5774 1902 5829; x_wconf 89' lang='lat' dir='ltr'><strong>possum.</strong></span> 
     </span>
    </p>
   </div>
   <div class='ocr_carea' id='block_1_104' title="bbox 323 5856 1904 5927">
    <p class='ocr_par' dir='ltr' id='par_1_104' title="bbox 323 5856 1904 5927">
     <span class='ocr_line' id='line_1_104' title="bbox 323 5856 1904 5927; baseline -0.001 -19"><span class='ocrx_word' id='word_1_766' title='bbox 323 5856 434 5910; x_wconf 78' lang='lat' dir='ltr'><strong>Nec</strong></span> <span class='ocrx_word' id='word_1_767' title='bbox 463 5857 729 5927; x_wconf 87' lang='lat' dir='ltr'><strong>acquievit</strong></span> <span class='ocrx_word' id='word_1_768' title='bbox 760 5859 1004 5926; x_wconf 84' lang='lat' dir='ltr'><strong>precibus</strong></span> <span class='ocrx_word' id='word_1_769' title='bbox 1035 5858 1172 5926; x_wconf 91' lang='lat' dir='ltr'><strong>ejus,</strong></span> <span class='ocrx_word' id='word_1_770' title='bbox 1207 5867 1263 5910; x_wconf 91' lang='lat' dir='ltr'><strong>ut</strong></span> <span class='ocrx_word' id='word_1_771' title='bbox 1304 5870 1424 5910; x_wconf 89' lang='lat' dir='ltr'><strong>cum</strong></span> <span class='ocrx_word' id='word_1_772' title='bbox 1465 5870 1528 5910; x_wconf 90' lang='lat' dir='ltr'><strong>ea</strong></span> <span class='ocrx_word' id='word_1_773' title='bbox 1579 5856 1904 5910; x_wconf 89' lang='lat' dir='ltr'><strong>comederet.</strong></span> 
     </span>
    </p>
   </div>
   <div class='ocr_carea' id='block_1_105' title="bbox 334 5949 1909 6024">
    <p class='ocr_par' dir='ltr' id='par_1_105' title="bbox 334 5949 1909 6024">
     <span class='ocr_line' id='line_1_105' title="bbox 334 5949 1909 6024; baseline -0.007 -8"><span class='ocrx_word' id='word_1_774' title='bbox 334 5954 491 6024; x_wconf 63' lang='lat'><strong>125</strong></span> <span class='ocrx_word' id='word_1_775' title='bbox 520 5953 588 6011; x_wconf 73' lang='lat' dir='ltr'><strong>Et</strong></span> <span class='ocrx_word' id='word_1_776' title='bbox 617 5968 740 6009; x_wconf 88' lang='lat' dir='ltr'><strong>cum</strong></span> <span class='ocrx_word' id='word_1_777' title='bbox 763 5953 829 6008; x_wconf 80' lang='lat' dir='ltr'><strong>ad</strong></span> <span class='ocrx_word' id='word_1_778' title='bbox 850 5952 1087 6010; x_wconf 77' lang='lat' dir='ltr'><strong>scholam</strong></span> <span class='ocrx_word' id='word_1_779' title='bbox 1115 5949 1413 6010; x_wconf 81' lang='lat' dir='ltr'><strong>ambularet</strong></span> <span class='ocrx_word' id='word_1_780' title='bbox 1435 5958 1491 6004; x_wconf 89' lang='lat' dir='ltr'><strong>ut</strong></span> <span class='ocrx_word' id='word_1_781' title='bbox 1512 5949 1716 6006; x_wconf 83' lang='lat' dir='ltr'><strong>litteras</strong></span> <span class='ocrx_word' id='word_1_782' title='bbox 1739 5949 1909 6006; x_wconf 77' lang='lat' dir='ltr'><strong>disce-</strong></span> 
     </span>
    </p>
   </div>
   <div class='ocr_carea' id='block_1_106' title="bbox 2007 4822 3592 4895">
    <p class='ocr_par' dir='ltr' id='par_1_106' title="bbox 2007 4822 3592 4895">
     <span class='ocr_line' id='line_1_106' title="bbox 2007 4822 3592 4895; baseline -0.004 -11"><span class='ocrx_word' id='word_1_783' title='bbox 2007 4828 2224 4883; x_wconf 89' lang='lat' dir='ltr'><strong>derans.</strong></span> <span class='ocrx_word' id='word_1_784' title='bbox 2274 4825 2440 4890; x_wconf 90' lang='lat' dir='ltr'><strong>Quem</strong></span> <span class='ocrx_word' id='word_1_785' title='bbox 2485 4824 2641 4879; x_wconf 87' lang='lat' dir='ltr'><strong>valde</strong></span> <span class='ocrx_word' id='word_1_786' title='bbox 2694 4822 3008 4879; x_wconf 84' lang='lat' dir='ltr'><strong>Theodorus</strong></span> <span class='ocrx_word' id='word_1_787' title='bbox 3059 4825 3416 4895; x_wconf 87' lang='lat' dir='ltr'><strong>precabatur,</strong></span> <span class='ocrx_word' id='word_1_788' title='bbox 3458 4833 3513 4877; x_wconf 93' lang='lat' dir='ltr'><strong>ut</strong></span> <span class='ocrx_word' id='word_1_789' title='bbox 3535 4839 3592 4877; x_wconf 90' lang='lat' dir='ltr'><strong>se</strong></span> 
     </span>
    </p>
   </div>
   <div class='ocr_carea' id='block_1_107' title="bbox 2005 4916 3594 4988">
    <p class='ocr_par' dir='ltr' id='par_1_107' title="bbox 2005 4916 3594 4988">
     <span class='ocr_line' id='line_1_107' title="bbox 2005 4916 3594 4988; baseline -0.005 -14"><span class='ocrx_word' id='word_1_790' title='bbox 2005 4920 2256 4975; x_wconf 90' lang='lat' dir='ltr'><strong>comitem</strong></span> <span class='ocrx_word' id='word_1_791' title='bbox 2289 4921 2618 4988; x_wconf 89' lang='lat' dir='ltr'><strong>susciperet,</strong></span> <span class='ocrx_word' id='word_1_792' title='bbox 2652 4926 2706 4971; x_wconf 92' lang='lat' dir='ltr'><strong>et</strong></span> <span class='ocrx_word' id='word_1_793' title='bbox 2736 4917 2800 4970; x_wconf 86' lang='lat' dir='ltr'><strong>ad</strong></span> <span class='ocrx_word' id='word_1_794' title='bbox 2834 4927 3076 4971; x_wconf 87' lang='lat' dir='ltr'><strong>sanctum</strong></span> <span class='ocrx_word' id='word_1_795' title='bbox 3108 4916 3450 4970; x_wconf 86' lang='lat' dir='ltr'><strong>Pachomium</strong></span> <span class='ocrx_word' id='word_1_796' title='bbox 3475 4928 3594 4982; x_wconf 59' lang='lat' dir='ltr'><strong>per.</strong></span> 
     </span>
    </p>
   </div>
   <div class='ocr_carea' id='block_1_108' title="bbox 2009 5010 3594 5082">
    <p class='ocr_par' dir='ltr' id='par_1_108' title="bbox 2009 5010 3594 5082">
     <span class='ocr_line' id='line_1_108' title="bbox 2009 5010 3594 5082; baseline -0.004 -15"><span class='ocrx_word' id='word_1_797' title='bbox 2009 5015 2206 5067; x_wconf 89' lang='lat' dir='ltr'><strong>ducere</strong></span> <span class='ocrx_word' id='word_1_798' title='bbox 2251 5013 2578 5082; x_wconf 84' lang='lat' dir='ltr'><strong>dignaretur.</strong></span> <span class='ocrx_word' id='word_1_799' title='bbox 2625 5011 2727 5077; x_wconf 89' lang='lat' dir='ltr'><strong>Qui</strong></span> <span class='ocrx_word' id='word_1_800' title='bbox 2761 5010 2892 5064; x_wconf 92' lang='lat' dir='ltr'><strong>nihil</strong></span> <span class='ocrx_word' id='word_1_801' title='bbox 2918 5011 3207 5072; x_wconf 76' lang='lat' dir='ltr'><strong>differens,</strong></span> <span class='ocrx_word' id='word_1_802' title='bbox 3251 5023 3370 5062; x_wconf 88' lang='lat' dir='ltr'><strong>eum</strong></span> <span class='ocrx_word' id='word_1_803' title='bbox 3411 5020 3594 5060; x_wconf 89' lang='lat' dir='ltr'><strong>secum</strong></span> 
     </span>
    </p>
   </div>
   <div class='ocr_carea' id='block_1_109' title="bbox 2009 5095 3592 5175">
    <p class='ocr_par' dir='ltr' id='par_1_109' title="bbox 2009 5095 3592 5175">
     <span class='ocr_line' id='line_1_109' title="bbox 2009 5095 3592 5175; baseline -0.005 -15"><span class='ocrx_word' id='word_1_804' title='bbox 2009 5115 2287 5175; x_wconf 89' lang='lat' dir='ltr'><strong>gratanter</strong></span> <span class='ocrx_word' id='word_1_805' title='bbox 2311 5105 2617 5174; x_wconf 81' lang='lat' dir='ltr'><strong>assumpsit.</strong></span> <span class='ocrx_word' id='word_1_806' title='bbox 2641 5103 2878 5174; x_wconf 88' lang='lat' dir='ltr'><strong>Cumque</strong></span> <span class='ocrx_word' id='word_1_807' title='bbox 2903 5102 3270 5172; x_wconf 89' lang='lat' dir='ltr'><strong>pervenissent</strong></span> <span class='ocrx_word' id='word_1_808' title='bbox 3305 5095 3371 5151; x_wconf 89' lang='lat' dir='ltr'><strong>ad</strong></span> <span class='ocrx_word' id='word_1_809' title='bbox 3393 5097 3592 5164; x_wconf 88' lang='lat' dir='ltr'><strong>locum,</strong></span> 
     </span>
    </p>
   </div>
   <div class='ocr_carea' id='block_1_110' title="bbox 2016 5189 3595 5259">
    <p class='ocr_par' dir='ltr' id='par_1_110' title="bbox 2016 5189 3595 5259">
     <span class='ocr_line' id='line_1_110' title="bbox 2016 5189 3595 5259; baseline -0.004 -7"><span class='ocrx_word' id='word_1_810' title='bbox 2016 5197 2330 5252; x_wconf 84' lang='lat' dir='ltr'><strong>Theodorus</strong></span> <span class='ocrx_word' id='word_1_811' title='bbox 2360 5197 2602 5251; x_wconf 88' lang='lat' dir='ltr'><strong>adoravit</strong></span> <span class='ocrx_word' id='word_1_812' title='bbox 2632 5197 2934 5259; x_wconf 89' lang='lat' dir='ltr'><strong>Dominum,</strong></span> <span class='ocrx_word' id='word_1_813' title='bbox 2979 5195 3163 5249; x_wconf 89' lang='lat' dir='ltr'><strong>dicens</strong></span> <span class='ocrx_word' id='word_1_814' title='bbox 3206 5209 3218 5243; x_wconf 92' lang='lat'><strong>:</strong></span> <span class='ocrx_word' id='word_1_815' title='bbox 3273 5189 3595 5246; x_wconf 90' lang='lat' dir='ltr'><strong>Benedictus</strong></span> 
     </span>
    </p>
   </div>
   <div class='ocr_carea' id='block_1_111' title="bbox 2010 5284 3598 5358">
    <p class='ocr_par' dir='ltr' id='par_1_111' title="bbox 2010 5284 3598 5358">
     <span class='ocr_line' id='line_1_111' title="bbox 2010 5284 3598 5358; baseline -0.004 -12"><span class='ocrx_word' id='word_1_816' title='bbox 2010 5306 2090 5356; x_wconf 89' lang='lat' dir='ltr'><strong>es,</strong></span> <span class='ocrx_word' id='word_1_817' title='bbox 2124 5290 2369 5352; x_wconf 88' lang='lat' dir='ltr'><strong>Domine.</strong></span> <span class='ocrx_word' id='word_1_818' title='bbox 2411 5289 2499 5358; x_wconf 90' lang='lat' dir='ltr'><strong>qui</strong></span> <span class='ocrx_word' id='word_1_819' title='bbox 2532 5289 2610 5344; x_wconf 90' lang='lat' dir='ltr'><strong>sic</strong></span> <span class='ocrx_word' id='word_1_820' title='bbox 2646 5289 2897 5344; x_wconf 86' lang='lat' dir='ltr'><strong>celeriter</strong></span> <span class='ocrx_word' id='word_1_821' title='bbox 2946 5284 3243 5340; x_wconf 88' lang='lat' dir='ltr'><strong>orationem</strong></span> <span class='ocrx_word' id='word_1_822' title='bbox 3294 5284 3598 5354; x_wconf 86' lang='lat' dir='ltr'><strong>peccatoris</strong></span> 
     </span>
    </p>
   </div>
   <div class='ocr_carea' id='block_1_112' title="bbox 2010 5377 3596 5452">
    <p class='ocr_par' dir='ltr' id='par_1_112' title="bbox 2010 5377 3596 5452">
     <span class='ocr_line' id='line_1_112' title="bbox 2010 5377 3596 5452; baseline -0.003 -13"><span class='ocrx_word' id='word_1_823' title='bbox 2010 5385 2240 5450; x_wconf 80' lang='lat' dir='ltr'><strong>audisti;</strong></span> <span class='ocrx_word' id='word_1_824' title='bbox 2263 5394 2318 5440; x_wconf 91' lang='lat' dir='ltr'><strong>et</strong></span> <span class='ocrx_word' id='word_1_825' title='bbox 2345 5383 2483 5438; x_wconf 91' lang='lat' dir='ltr'><strong>sicut</strong></span> <span class='ocrx_word' id='word_1_826' title='bbox 2502 5383 2597 5437; x_wconf 90' lang='lat' dir='ltr'><strong>abs</strong></span> <span class='ocrx_word' id='word_1_827' title='bbox 2620 5393 2672 5438; x_wconf 92' lang='lat' dir='ltr'><strong>te</strong></span> <span class='ocrx_word' id='word_1_828' title='bbox 2696 5395 3060 5452; x_wconf 82' lang='lat' dir='ltr'><strong>poposceram,</strong></span> <span class='ocrx_word' id='word_1_829' title='bbox 3081 5377 3402 5433; x_wconf 89' lang='lat' dir='ltr'><strong>desiderium</strong></span> <span class='ocrx_word' id='word_1_830' title='bbox 3418 5393 3596 5434; x_wconf 84' lang='lat' dir='ltr'><strong>meum</strong></span> 
     </span>
    </p>
   </div>
   <div class='ocr_carea' id='block_1_113' title="bbox 2011 5470 3592 5547">
    <p class='ocr_par' dir='ltr' id='par_1_113' title="bbox 2011 5470 3592 5547">
     <span class='ocr_line' id='line_1_113' title="bbox 2011 5470 3592 5547; baseline -0.004 -15"><span class='ocrx_word' id='word_1_831' title='bbox 2011 5477 2283 5547; x_wconf 85' lang='lat' dir='ltr'><strong>complere</strong></span> <span class='ocrx_word' id='word_1_832' title='bbox 2311 5476 2560 5544; x_wconf 84' lang='lat' dir='ltr'><strong>dignatus</strong></span> <span class='ocrx_word' id='word_1_833' title='bbox 2587 5489 2668 5530; x_wconf 86' lang='lat' dir='ltr'><strong>es.</strong></span> <span class='ocrx_word' id='word_1_834' title='bbox 2703 5472 2976 5527; x_wconf 81' lang='lat' dir='ltr'><strong>Accedens</strong></span> <span class='ocrx_word' id='word_1_835' title='bbox 3007 5485 3134 5541; x_wconf 87' lang='lat' dir='ltr'><strong>ergo</strong></span> <span class='ocrx_word' id='word_1_836' title='bbox 3153 5470 3220 5526; x_wconf 84' lang='lat' dir='ltr'><strong>ad</strong></span> <span class='ocrx_word' id='word_1_837' title='bbox 3250 5471 3447 5526; x_wconf 85' lang='lat' dir='ltr'><strong>ostium</strong></span> <span class='ocrx_word' id='word_1_838' title='bbox 3474 5487 3592 5526; x_wconf 87' lang='lat' dir='ltr'><strong>mo-</strong></span> 
     </span>
    </p>
   </div>
   <div class='ocr_carea' id='block_1_114' title="bbox 2011 5565 3600 5636">
    <p class='ocr_par' dir='ltr' id='par_1_114' title="bbox 2011 5565 3600 5636">
     <span class='ocr_line' id='line_1_114' title="bbox 2011 5565 3600 5636; baseline -0.003 -12"><span class='ocrx_word' id='word_1_839' title='bbox 2011 5571 2251 5636; x_wconf 87' lang='lat' dir='ltr'><strong>nasterii,</strong></span> <span class='ocrx_word' id='word_1_840' title='bbox 2281 5583 2405 5623; x_wconf 84' lang='lat' dir='ltr'><strong>mox</strong></span> <span class='ocrx_word' id='word_1_841' title='bbox 2438 5577 2494 5622; x_wconf 93' lang='lat' dir='ltr'><strong>ut</strong></span> <span class='ocrx_word' id='word_1_842' title='bbox 2523 5567 2654 5620; x_wconf 88' lang='lat' dir='ltr'><strong>vidit</strong></span> <span class='ocrx_word' id='word_1_843' title='bbox 2674 5565 3037 5632; x_wconf 84' lang='lat' dir='ltr'><strong>Pachomium,</strong></span> <span class='ocrx_word' id='word_1_844' title='bbox 3096 5565 3259 5635; x_wconf 71' lang='lat' dir='ltr'><strong>cmpit</strong></span> <span class='ocrx_word' id='word_1_845' title='bbox 3307 5565 3439 5621; x_wconf 83' lang='lat' dir='ltr'><strong>ﬂere</strong></span> <span class='ocrx_word' id='word_1_846' title='bbox 3489 5579 3600 5633; x_wconf 67' lang='lat' dir='ltr'><strong>pra:</strong></span> 
     </span>
    </p>
   </div>
   <div class='ocr_carea' id='block_1_115' title="bbox 2010 5656 3589 5732">
    <p class='ocr_par' dir='ltr' id='par_1_115' title="bbox 2010 5656 3589 5732">
     <span class='ocr_line' id='line_1_115' title="bbox 2010 5656 3589 5732; baseline -0.004 -16"><span class='ocrx_word' id='word_1_847' title='bbox 2010 5662 2224 5732; x_wconf 89' lang='lat' dir='ltr'><strong>gaudio.</strong></span> <span class='ocrx_word' id='word_1_848' title='bbox 2260 5661 2336 5714; x_wconf 83' lang='lat' dir='ltr'><strong>Ad</strong></span> <span class='ocrx_word' id='word_1_849' title='bbox 2368 5674 2526 5727; x_wconf 88' lang='lat' dir='ltr'><strong>quem</strong></span> <span class='ocrx_word' id='word_1_850' title='bbox 2554 5656 2880 5712; x_wconf 89' lang='lat' dir='ltr'><strong>venerabilis</strong></span> <span class='ocrx_word' id='word_1_851' title='bbox 2901 5667 3051 5728; x_wconf 90' lang='lat' dir='ltr'><strong>pater</strong></span> <span class='ocrx_word' id='word_1_852' title='bbox 3074 5659 3148 5711; x_wconf 91' lang='lat' dir='ltr'><strong>ait</strong></span> <span class='ocrx_word' id='word_1_853' title='bbox 3180 5677 3192 5710; x_wconf 89' lang='lat'><strong>:</strong></span> <span class='ocrx_word' id='word_1_854' title='bbox 3221 5658 3361 5725; x_wconf 83' lang='lat' dir='ltr'><strong>Noli,</strong></span> <span class='ocrx_word' id='word_1_855' title='bbox 3393 5657 3465 5712; x_wconf 83' lang='lat' dir='ltr'><strong>fili</strong></span> <span class='ocrx_word' id='word_1_856' title='bbox 3494 5659 3589 5722; x_wconf 92' lang='lat' dir='ltr'><strong>mi,</strong></span> 
     </span>
    </p>
   </div>
   <div class='ocr_carea' id='block_1_116' title="bbox 2013 5749 3593 5824">
    <p class='ocr_par' dir='ltr' id='par_1_116' title="bbox 2013 5749 3593 5824">
     <span class='ocr_line' id='line_1_116' title="bbox 2013 5749 3593 5824; baseline -0.006 -14"><span class='ocrx_word' id='word_1_857' title='bbox 2013 5756 2288 5824; x_wconf 85' lang='lat' dir='ltr'><strong>plangere,</strong></span> <span class='ocrx_word' id='word_1_858' title='bbox 2313 5750 2434 5820; x_wconf 88' lang='lat' dir='ltr'><strong>quia</strong></span> <span class='ocrx_word' id='word_1_859' title='bbox 2477 5761 2532 5804; x_wconf 91' lang='lat' dir='ltr'><strong>et</strong></span> <span class='ocrx_word' id='word_1_860' title='bbox 2559 5764 2659 5818; x_wconf 89' lang='lat' dir='ltr'><strong>ego</strong></span> <span class='ocrx_word' id='word_1_861' title='bbox 2689 5749 2848 5804; x_wconf 91' lang='lat' dir='ltr'><strong>homo</strong></span> <span class='ocrx_word' id='word_1_862' title='bbox 2875 5762 3121 5818; x_wconf 88' lang='lat' dir='ltr'><strong>peccator</strong></span> <span class='ocrx_word' id='word_1_863' title='bbox 3153 5766 3269 5806; x_wconf 86' lang='lat' dir='ltr'><strong>sum</strong></span> <span class='ocrx_word' id='word_1_864' title='bbox 3290 5790 3306 5813; x_wconf 90' lang='lat'><strong><em>.</em></strong></span> <span class='ocrx_word' id='word_1_865' title='bbox 3350 5749 3475 5804; x_wconf 88' lang='lat' dir='ltr'><strong>licet</strong></span> <span class='ocrx_word' id='word_1_866' title='bbox 3502 5749 3593 5801; x_wconf 87' lang='lat' dir='ltr'><strong>Dei</strong></span> 
     </span>
    </p>
   </div>
   <div class='ocr_carea' id='block_1_117' title="bbox 2013 5838 3602 5916">
    <p class='ocr_par' dir='ltr' id='par_1_117' title="bbox 2013 5838 3602 5916">
     <span class='ocr_line' id='line_1_117' title="bbox 2013 5838 3602 5916; baseline -0.006 -15"><span class='ocrx_word' id='word_1_867' title='bbox 2013 5860 2148 5916; x_wconf 82' lang='lat' dir='ltr'><strong>Opus</strong></span> <span class='ocrx_word' id='word_1_868' title='bbox 2169 5854 2450 5912; x_wconf 86' lang='lat' dir='ltr'><strong>aggressus</strong></span> <span class='ocrx_word' id='word_1_869' title='bbox 2475 5839 2577 5895; x_wconf 87' lang='lat' dir='ltr'><strong>sim</strong></span> <span class='ocrx_word' id='word_1_870' title='bbox 2598 5858 2611 5892; x_wconf 89' lang='lat'><strong>:</strong></span> <span class='ocrx_word' id='word_1_871' title='bbox 2630 5849 2686 5896; x_wconf 92' lang='lat' dir='ltr'><strong>et</strong></span> <span class='ocrx_word' id='word_1_872' title='bbox 2707 5841 2820 5896; x_wconf 66' lang='lat' dir='ltr'><strong>haec</strong></span> <span class='ocrx_word' id='word_1_873' title='bbox 2839 5842 3045 5910; x_wconf 88' lang='lat' dir='ltr'><strong>dicens,</strong></span> <span class='ocrx_word' id='word_1_874' title='bbox 3076 5839 3370 5898; x_wconf 81' lang='lat' dir='ltr'><strong>introduxit</strong></span> <span class='ocrx_word' id='word_1_875' title='bbox 3393 5855 3516 5901; x_wconf 86' lang='lat' dir='ltr'><strong>eum</strong></span> <span class='ocrx_word' id='word_1_876' title='bbox 3547 5838 3602 5892; x_wconf 92' lang='lat' dir='ltr'><strong>in</strong></span> 
     </span>
    </p>
   </div>
   <div class='ocr_carea' id='block_1_118' title="bbox 2014 5931 3602 6002">
    <p class='ocr_par' dir='ltr' id='par_1_118' title="bbox 2014 5931 3602 6002">
     <span class='ocr_line' id='line_1_118' title="bbox 2014 5931 3602 6002; baseline -0.008 -5"><span class='ocrx_word' id='word_1_877' title='bbox 2014 5936 2420 5997; x_wconf 81' lang='lat' dir='ltr'><strong>monasterium.</strong></span> <span class='ocrx_word' id='word_1_878' title='bbox 2473 5935 2574 6002; x_wconf 77' lang='lat' dir='ltr'><strong>Qui</strong></span> <span class='ocrx_word' id='word_1_879' title='bbox 2607 5949 2729 5991; x_wconf 87' lang='lat' dir='ltr'><strong>cum</strong></span> <span class='ocrx_word' id='word_1_880' title='bbox 2755 5935 2976 5994; x_wconf 85' lang='lat' dir='ltr'><strong>fratrum</strong></span> <span class='ocrx_word' id='word_1_881' title='bbox 2999 5937 3394 5994; x_wconf 82' lang='lat' dir='ltr'><strong>multitudinem</strong></span> <span class='ocrx_word' id='word_1_882' title='bbox 3426 5931 3602 5990; x_wconf 81' lang='lat' dir='ltr'><strong>vldis-</strong></span> 
     </span>
    </p>
   </div>
  </div>
