4142 6350
561 455 663 515 251

1588 450 1677 509 οε
1718 447 1899 508 vms
1940 417 2221 506 parauit
2262 443 2463 501 LIBER
2502 441 2774 500 annuus.

3720 448 3821 507 232

562 586 663 640 set,
690 571 1015 633 illuminatus
1048 580 1247 640 mente,
1272 571 1413 628 circa
1435 571 1667 629 divinum
1684 569 1882 627 cultum
1912 568 2000 641 pio
2022 570 2140 625 zelo
2168 563 2220 625 Α
2243 581 2355 621 rem
2382 580 2477 635 pro
2500 565 2713 619 nomine
2734 560 2953 629 Christi,
2988 578 3091 617 non
3136 577 3232 632 pro
3278 579 3411 621 vana
3463 566 3619 623 laude
3647 580 3827 625 custo-

562 669 910 725 vehementer
930 665 1171 735 incaluit,
1202 678 1263 721 ac
1283 681 1538 737 processu
1570 666 1827 734 temporis
1848 680 2036 734 magna
2082 664 2138 717 in

565 759 857 816 virtutibus
886 758 1213 815 incrementa
1250 758 1509 826 percepit.
1546 759 1671 812 Erat
1711 757 1851 811 enim
1892 755 2142 824 largitate

562 856 730 911 divini
758 853 991 909 muneris
1014 854 1288 922 prteditus,
1312 863 1363 908 et
1384 854 1436 907 in
1466 853 1721 923 operibus
1754 853 1904 908 bonis
1932 866 1993 907 ac
2024 869 2141 907 ver-

564 948 645 1003 bis
665 950 888 1003 multum
926 948 1191 1011 prudens;
1224 957 1277 1003 et
1306 947 1602 1002 humilitate
1633 956 1792 1015 atque
1818 948 2141 1001 contritione

560 1042 735 1097 cordis
764 1039 917 1094 valde
948 1038 1226 1100 mirabilis,
1278 1039 1564 1107 injejuniis
1589 1038 1827 1103 sedulus,
1872 1038 1925 1091 in
1950 1038 2142 1106 vigiliis

560 1132 835 1200 intentus,
886 1133 939 1187 in
989 1132 1230 1187 oratione
1266 1131 1561 1197 sollicitus,
1613 1146 1883 1201 nunquam
1930 1130 2142 1200 penitus

559 1226 833 1291 omittens,
866 1240 970 1295 quo
1012 1223 1185 1278 minus
1222 1224 1473 1292 Spiritalis
1506 1224 1692 1293 gratias
1721 1222 1919 1291 majora
1951 1236 2140 1276 mune-

560 1332 616 1371 ra
648 1326 962 1372 sectaretur.
1006 1315 1396 1371 Consolabatur
1419 1324 1592 1370 autem
1622 1316 1881 1384 plurimos
1910 1329 2143 1369 maerore

559 1411 876 1480 depressos;
929 1420 981 1465 et
1023 1427 1115 1466 eos
1158 1412 1248 1480 qui
1288 1412 1463 1477 aliqua
1514 1421 1729 1479 peccato
1776 1410 2141 1475 deviaverant,

558 1502 1139 1572 adntonitione3humili
1169 1512 1325 1569 atque
1345 1502 1597 1558 benevola
1629 1501 1943 1569 corrigebat.

631 1596 761 1650 Car.
798 1594 991 1650 XXXI.
1022 1626 1092 1637 -—
1124 1596 1359 1664 Denique
1390 1604 1494 1649 tam
1517 1595 1821 1661 prteclaram
1852 1608 1911 1647 ac
1940 1592 2145 1664 fulgen-

557 1694 665 1743 tem
697 1689 1162 1743 conversationem
1188 1688 1305 1759 ejus
1349 1688 1665 1742 Pachomius
1710 1700 1940 1741 cernens
1964 1726 1977 1749 ,
2012 1683 2145 1739 satis

558 1778 679 1838 eum
704 1781 909 1849 dilexit,
938 1792 993 1837 et
1022 1784 1073 1836 in
1106 1782 1267 1836 corde
1306 1796 1404 1835 suo
1431 1782 1720 1836 conseruit.
1776 1780 2014 1835 Audiens
2050 1794 2145 1832 au-

556 1881 664 1927 tem
690 1880 859 1927 mater
888 1872 1005 1941 ejus
1034 1872 1174 1941 quod
1215 1872 1353 1939 apud
1404 1871 1620 1928 beatum
1656 1870 1996 1925 Pachomium
2031 1884 2145 1922 mo-

2246 658 2419 725 diunt,
2458 660 2713 730 plurimas
2743 656 2983 714 utilitatis
3013 673 3170 715 causa
3197 659 3423 727 virtutes
3444 663 3653 717 casteris
3678 665 3825 719 adhi-

2244 753 2395 819 bere,
2455 750 2581 807 licet
2623 750 2902 806 videantur
2948 750 3013 804 ad
3070 750 3229 805 breve
3270 757 3480 821 tempus
3540 754 3828 811 nonnullos

2246 844 2536 901 offendere.

2318 939 2442 993 Cir.
2473 936 2935 1007 XXXIi.—igitur
2955 934 3090 991 sicut
3117 935 3277 1008 hujus
3304 936 3537 993 studium
3568 940 3633 994 ad
3663 956 3829 997 semu-

2246 1032 2497 1087 Iationem
2525 1046 2710 1084 eorum
2743 1030 2831 1103 qui
2856 1029 3075 1085 meliora
3104 1032 3323 1099 cupiunt
3354 1031 3547 1085 imitari
3601 1034 3827 1101 protuli-

2246 1129 2388 1191 mus,
2452 1124 2521 1177 ita
2568 1122 2911 1193 negngentias
2951 1121 3249 1191 aliquorum
3300 1121 3503 1192 justum
3551 1126 3827 1183 credimus

2247 1214 2504 1279 intimari,
2558 1213 2623 1267 ad
2656 1212 2916 1269 cautelam
2957 1226 3144 1268 eorum
3190 1230 3277 1284 qut
3305 1214 3402 1269 ista
3433 1216 3619 1271 lecturi
3676 1226 3827 1274 sunt.

2246 1303 2471 1371 Quidam
2511 1305 2757 1359 monachi
2781 1302 3076 1359 secundum
3100 1319 3313 1361 carnem
3341 1306 3580 1362 viventes
3602 1306 3828 1379 (Coloss.

2244 1398 2350 1465 tu),
2388 1413 2484 1452 nec
2515 1408 2747 1452 veterem
2776 1397 3041 1451 hominem
3061 1408 3311 1453 curantes
3336 1414 3555 1464 exuere,
3585 1384 3833 1457 sanctum

2247 1488 2589 1545 Pachomium
2644 1488 2850 1545 fortiter
2898 1489 3233 1560 afﬂigebant;
3306 1491 3611 1561 frequenter
3650 1495 3834 1565 itaque

2247 1582 2574 1636 salutaribus
2621 1595 2715 1635 eos
2764 1580 2981 1635 monitis
3010 1582 3325 1651 alloquens,
3365 1584 3567 1637 nullum
3622 1589 3836 1655 penitus

2248 1676 2541 1744 profectum
2566 1690 2751 1729 eorum
2794 1673 3075 1728 sentiebat.
3132 1672 3279 1729 Unde
3320 1674 3489 1730 tristis
3535 1688 3587 1731 et
3614 1680 3832 1747 anxius,

2249 1766 2476 1821 Domino
2506 1781 2600 1834 pro
2625 1767 2705 1820 eis
2737 1765 3072 1833 supplicabat
3096 1768 3415 1836 impensius,
3455 1769 3635 1824 dicens
3661 1788 3675 1823 :
3730 1772 3839 1825 Do—

2247 1860 2478 1913 minator
2507 1859 2751 1926 Domine,
2802 1865 2854 1912 tu
2886 1859 3186 1928 praecepisti
3219 1859 3370 1914 nobis
3400 1860 3619 1931 diligere
3648 1864 3839 1933 proxi-

558 1973 789 2028 raretur,
833 1963 899 2015 ad
944 1977 1063 2017 eum
1097 1963 1338 2030 protinus
1386 1963 1618 2025 advolat,
1674 1977 1854 2016 secum
1888 1961 2135 2015 deferens
2165 1952 2211 2017 Β
2246 1968 2358 2008 mOS
2380 1960 2439 2007 ιιι
2466 1967 2563 2007 "03
2591 1953 2733 2022 ἱρεοε
2776 1949 2957 2023 (ιευίι-
2992 1967 3109 2015 XIX;
3142 1952 3331 2006 Mallh-
3368 1954 3501 2023 xix).
3528 1955 3658 2021 Quia
3702 1971 3839 2027 ergo

557 2056 928 2125 episcoporum
959 2056 1175 2123 scripta,
1207 2069 1325 2124 qua:
1348 2055 1724 2123 praecipiebant
1766 2062 1822 2107 ut
1841 2054 1887 2109 ei
1919 2068 2047 2107 suus
2077 2052 2139 2106 ii-

535 2129 661 2203 ‘iius
689 2147 1031 2202 redderetur.
1060 2146 1207 2201 Hanc
1240 2161 1369 2214 ergo
1418 2156 1767 2217 susceperunt
1812 2146 2042 2215 virgines
2087 2146 2139 2201 in

554 2236 905 2300 monasterio,
962 2236 1101 2306 quod
1154 2250 1181 2289 a
1209 2236 1464 2294 virorum.
1518 2244 1575 2289 ut
1614 2251 1771 2303 supra
1803 2236 2003 2290 dictum
2036 2244 2139 2307 est,

556 2327 695 2384 baud
723 2327 906 2398 procul
945 2328 1165 2392 aberat;
1200 2343 1318 2399 qua:
1349 2343 1469 2383 mox
1497 2326 1659 2383 mittit
1679 2328 1931 2396 epistulas
1954 2337 2139 2384 sancto

556 2421 863 2487 Pachomio,
920 2420 1169 2477 similiter
1197 2421 1511 2487 obsecrans,
1550 2427 1609 2475 ut
1648 2421 1811 2476 lilium
1864 2422 2140 2491 proprium

557 2510 739 2567 videre
764 2513 1096 2581 permltteret
1133 2512 1387 2583 (Rufﬁn.,
1422 2513 1460 2568 I.
1496 2526 1574 2580 ill,
1609 2528 1661 2566 η.
1696 2512 1807 2581 54).
1856 2513 2007 2568 Tunc
2047 2515 2141 2567 ad-

559 2615 757 2657 vocans
779 2602 1120 2658 Theodorum
1153 2603 1505 2668 Pachomius,
1557 2603 1634 2656 ait
1658 2603 1725 2657 ad
1754 2618 1876 2658 eum
1914 2621 1927 2657 :
1980 2605 2142 2658 Com-

557 2694 696 2763 peri,
730 2693 825 2761 fili,
855 2694 993 2764 quod
1034 2696 1135 2748 huc
1158 2703 1330 2749 mater
1368 2704 1453 2749 tua
1479 2696 1728 2760 venerit,
1775 2704 1828 2748 et
1871 2704 1921 2750 te
1959 2697 2141 2751 videre

448 2794 528 2855 μζ
554 2787 827 2842 desideret
852 2803 866 2839 :
894 2801 1020 2843 ecce
1044 2788 1197 2842 nobis
1223 2788 1667 2858 etepiscoporum
1697 2788 1901 2845 litteras
1943 2791 2139 2847 attulit.

554 2874 786 2947 Pergens
820 2879 1000 2948 itaque
1040 2879 1334 2933 satisfacito
1390 2880 1579 2944 matri,
1630 2881 1863 2934 maxime
1911 2889 2133 2949 promer

558 2980 774 3027 sanctos
798 2972 1117 3043 pontifices,
1163 2974 1251 3042 qui
1291 2973 1445 3029 nobis
1484 2987 1579 3043 per
1625 2987 1741 3030 eam
1786 2974 1985 3045 dignati
2016 2984 2142 3032 sunt

559 3066 755 3134 scripta
786 3066 1034 3136 dirigere.
1100 3066 1396 3137 Respondit
1434 3067 1749 3124 Theodorus
1782 3086 1794 3123 :
1845 3068 1998 3125 Prius
2031 3085 2138 3134 me,

559 3158 882 3212 venerabilis
909 3166 1081 3227 pater,
1106 3166 1311 3213 certum
1343 3159 1505 3214 facito
1533 3200 1547 3225 ,
1597 3160 1739 3230 quod
1773 3169 1892 3229 post
1937 3170 2137 3217 tantam

550 3248 873 3317 spiritalium
901 3261 1079 3304 rerum
1130 3249 1516 3321 cognitionem,
1572 3250 1615 3304 si
1647 3250 1831 3305 videro
1858 3264 1999 3317 eam,
2032 3267 2138 3307 non

2246 2053 2453 2100 secreta
2478 2043 2653 2098 cordis
2684 2044 2787 2098 mei
2824 2044 3087 2112 agnoscis,
3122 2043 3366 2109 obsecro,
3396 2060 3462 2099 ne
3493 2060 3578 2100 me
3599 2047 3840 2104 claman-

2247 2152 2351 2199 tem
2385 2142 2450 2195 ad
2475 2152 2526 2197 te
2556 2155 2650 2209 pro
2682 2153 2865 2194 eorum
2891 2138 3061 2192 salute
3107 2138 3400 2205 deSpicias;
3444 2140 3538 2195 sed
3576 2143 3840 2202 misertus

2246 2248 2451 2299 eorum,
2484 2233 2549 2288 da
2583 2231 2689 2286 illis
2718 2231 2964 2286 timorem
2994 2242 3138 2283 tuum
3166 2272 3182 2297 ,
3222 2237 3279 2285 ut
3305 2230 3535 2285 divinam
3562 2240 3704 2288 tuam
3735 2251 3840 2305 p0-

2246 2326 2465 2382 tentiam
2484 2331 2888 2394 cognoscentes,
2933 2322 2985 2377 in
3014 2323 3237 2377 veritate
3270 2322 3361 2377 tibi
3384 2321 3709 2389 deserviant,
3736 2342 3842 2396 spe

2246 2415 2660 2487 promissionum
2700 2424 2910 2470 tuarum
2956 2429 3051 2483 per
3087 2414 3264 2469 omnia
3308 2416 3577 2482 roborali;
3605 2417 3727 2487 quia
3752 2419 3842 2475 ni.

2247 2512 2347 2566 tuis
2374 2511 2626 2580 affligitur
2650 2509 2828 2563 anima
2862 2523 2973 2563 mea
3008 2522 3104 2575 pro
3134 2508 3211 2563 eis
3238 2550 3251 2572 ,
3303 2517 3357 2562 et
3407 2524 3596 2565 omnes
3639 2526 3841 2569 sensus

2247 2605 2349 2659 mei
2383 2604 2661 2658 turbantur
2683 2616 3082 2672 usquequaque.
3118 2600 3239 2655 Haec
3270 2600 3475 2667 dicens,
3501 2603 3665 2658 siluit.
3702 2604 3842 2661 Post

2246 2696 2449 2766 aliquot
2479 2711 2606 2750 vero
2629 2696 2744 2750 dies
2776 2695 2966 2749 videns
2990 2694 3129 2762 quod
3156 2708 3252 2749 nec
3280 2710 3376 2763 per
3394 2696 3688 2751 orationem
3717 2715 3843 2755 me-

2244 2788 2407 2844 liores
2432 2787 2605 2842 elfeui
2628 2793 2770 2851 sunt,
2796 2788 2989 2841 iterum
3017 2795 3165 2840 stans
3192 2786 3256 2839 ad
3288 2788 3608 2853 orationem,
3635 2805 3732 2858 pro
3751 2791 3842 2849 eis

2247 2882 2470 2936 Domino
2493 2880 2838 2949 supplicavit;
2863 2890 2915 2934 et
2945 2868 3207 2949 quasdam
3236 2879 3469 2947 privatas
3497 2895 3560 2935 ac
3588 2884 3843 2950 proprias

2244 2972 2455 3044 regulas
2476 2972 2556 3027 eis
2588 2972 2774 3026 orandi
2811 2980 2971 3039 atque
3008 2971 3219 3026 vivendi
3249 2972 3498 3037 tradidit,
3547 2982 3602 3027 ut
3638 2974 3843 3032 saltem

2244 3064 2395 3134 quasi
2428 3064 2567 3119 servi
2598 3071 2791 3117 statuta
2823 3063 3174 3132 complentes,
3220 3064 3474 3132 paulatim
3506 3079 3842 3123 consuesce-

2242 3164 2365 3211 rent
2394 3156 2459 3209 ad
2491 3156 2721 3209 filiorum
2760 3168 2953 3209 munus
3001 3154 3295 3209 atTectionis
3326 3154 3591 3211 industria
3640 3174 3842 3225 perve-

2244 3249 2383 3303 nire.
2424 3247 2524 3314 Qui
2549 3255 2830 3301 cernentes
2876 3259 2935 3302 se
2964 3255 3083 3315 post
3102 3248 3565 3314 concupiscentiae
3598 3265 3725 3305 suas
3757 3254 3845 3309 ire

550 3340 690 3394 dabo
714 3341 837 3395 inde
872 3341 1135 3397 rationem
1178 3341 1406 3396 Domino
1449 3342 1501 3395 in
1525 3340 1611 3395 die
1639 3340 1844 3410 iudicii,
1902 3350 1956 3397 et
1995 3344 2135 3411 quod
2246 3352 2349 3393 non
2378 3352 2555 3407 posse,
2600 3338 3048 3408 pmsentiamque
3095 3338 3264 3392 sancti
3326 3338 3597 3394 Pachumii
3648 3342 3845 3400 formi-

552 3434 799 3501 praecipis
833 3431 1043 3488 faciam.
1070 3434 1217 3489 Hanc
1244 3436 1386 3490 enim
1427 3435 1577 3502 juxta
1605 3436 1913 3490 mandatum
1941 3435 2141 3492 Christi

552 3536 673 3578 cum
704 3533 817 3580 toto
845 3524 1046 3579 mundo
1066 3525 1299 3580 deserui.
1328 3525 1392 3580 Et
1423 3525 1689 3594 quomodo
1715 3541 1833 3582 eam
1875 3527 1928 3581 in
1967 3529 2140 3585 often-

553 3612 761 3669 sionem
812 3613 1034 3671 fratrum
1082 3630 1225 3670 nunc
1273 3618 1484 3673 audebo
1521 3619 1870 3688 conspicere?
1919 3620 2052 3675 Nam
2094 3623 2140 3677 si

555 3707 727 3778 prius,
751 3715 876 3763 ante
907 3708 1391 3764 manlfestationem
1418 3718 1574 3765 tanta
1604 3713 1824 3780 gratim,
1888 3711 1979 3766 ﬁlii
2012 3712 2140 3769 Levi

557 3811 809 3871 parentes
844 3804 1090 3872 proprios
1121 3803 1460 3873 ignorarunt,
1492 3810 1552 3858 ut
1571 3803 1982 3873 iustiﬁcationes
2006 3806 2140 3878 legis

554 3895 840 3963 implerent
873 3894 1070 3965 (Exodi
1107 3908 1295 3959 xxxu;
1350 3893 1501 3952 Deut.
1545 3908 1744 3961 xxxtu;
1791 3896 1953 3952 Leuit.
2001 3899 2135 3965 ut),

554 3995 756 4055 quanto
782 3986 951 4054 magis
981 3998 1103 4054 ego,
1134 3986 1223 4054 qui
1251 3986 1385 4039 tanti
1418 3987 1657 4042 muneris
1686 3987 1948 4058 particeps
1970 3987 2140 4044 factus

552 4090 692 4143 sum,
725 4088 976 4146 parentes
998 4090 1104 4130 non
1121 4076 1296 4131 debeo
1318 4077 1514 4132 divina:
1537 4092 1847 4147 praeponere
1869 4077 2134 4145 charitati,

554 4168 771 4224 dicente
793 4166 1022 4221 Domino
1042 4167 1095 4221 in
1118 4167 1446 4236 Evangelia:
1475 4168 1573 4235 Qui
1604 4167 1781 4238 diligit
1812 4180 2016 4238 patrem
2047 4178 2141 4224 aut

561 4261 721 4332 136
735 4267 956 4315 matrem
974 4272 1135 4328 super
1160 4274 1267 4325 me,
1286 4274 1389 4314 non
1413 4269 1495 4315 est
1511 4274 1598 4315 me
1615 4258 2035 4333 dignusﬂlatth.
2054 4261 2136 4331 x)?

556 4352 696 4408 Dicit
722 4352 772 4407 ei
797 4352 1112 4411 Pachomius
1143 4369 1156 4404 :
1201 4351 1258 4408 Si
1290 4353 1483 4422 probas
1513 4352 1563 4407 id
1602 4352 1698 4406 tibi
1719 4367 1823 4407 non
1855 4354 2136 4423 expedire,

556 4448 630 4500 Illi
658 4447 751 4512 mi,
784 4460 890 4501 non
922 4454 975 4501 te
997 4459 1149 4515 cogo.
1201 4446 1312 4501 Hoc
1338 4454 1515 4499 autem
1546 4458 1731 4500 eorum
1776 4455 1859 4501 est
1901 4446 1989 4515 qui
2020 4461 2141 4517 per-

556 4539 696 4595 fecte
720 4539 1025 4593 renuntiant
1054 4538 1177 4593 huic
1204 4538 1422 4603 mundo,
1458 4546 1511 4592 et
1539 4538 1744 4609 seipsos
1772 4539 1875 4595 sibi
1928 4542 2137 4611 penitus

558 4629 849 4699 abnegant.
880 4631 1101 4699 Oportet
1121 4632 1265 4685 enim
1290 4629 1602 4697 monachos,
1653 4631 1868 4686 inutiles
1888 4639 1942 4687 et
1971 4644 2139 4687 saecu-

2244 3431 2458 3496 dantes,
2492 3430 2684 3499 spiritu
2709 3430 2940 3494 timoris.
2965 3444 3069 3484 non
3096 3431 3238 3485 illius
3262 3432 3414 3498 casti,
3447 3432 3655 3503 decepti
3687 3447 3844 3506 sunt;

2245 3529 2300 3576 et
2331 3521 2580 3575 abierunt
2609 3530 2755 3577 retro
2782 3530 2899 3589 post
2921 3521 3193 3587 Satanam,
3216 3526 3684 3582 conversationem
3719 3530 3845 3597 ejus

2244 3612 2616 3666 admirabilem
2667 3626 2773 3665 non
2802 3610 3057 3666 ferentes.
3093 3613 3184 3667 His
3215 3611 3395 3683 itaque
3433 3618 3839 3689 recedentibus,

2244 3718 2375 3772 grex
2430 3704 2714 3758 universus
2767 3702 2820 3757 in
2851 3702 2932 3758 sui
2967 3712 3141 3758 status
3184 3706 3490 3775 integritate
3521 3713 3845 3781 permansit,

2252 3793 2423 3864 magis
2452 3809 2514 3850 ac
2544 3794 2715 3865 magis
2754 3796 2818 3849 ad
2862 3795 3190 3851 incrementa
3236 3798 3489 3853 virtutum
3521 3814 3842 3872 assurgens,

2245 3886 2405 3940 sicuti
2427 3886 2602 3940 solent
2631 3887 2681 3940 in
2712 3885 2855 3956 agris
2884 3888 3084 3956 optima
3127 3888 3390 3944 frumenta
3443 3890 3619 3946 latins
3673 3894 3837 3949 efﬂo-

2242 3992 2477 4043 rescere,
2494 3992 2616 4033 cum
2638 3977 2838 4033 fuerint
2858 3978 2925 4032 ah
2947 3979 3024 4034 eis
3044 3978 3246 4034 zizania
3266 3981 3521 4038 radicitus
3533 3995 3837 4053 amputata.

2243 4072 2370 4129 Haec
2397 4081 2576 4128 autem
2611 4072 2813 4138 retuli,
2870 4072 3060 4128 volens
3086 4074 3370 4131 ostendere
3391 4077 3513 4146 quia
3543 4076 3681 4133 sicut
3704 4080 3843 4137 nihil

2243 4166 2397 4223 obest
2426 4166 2733 4221 hominibus
2753 4165 2954 4221 saecqu
2978 4166 3197 4231 deditis,
3222 4168 3265 4221 si
3294 4183 3353 4224 se
3375 4169 3690 4226 tradiderint
3721 4187 3844 4228 mo-

2244 4259 2534 4315 nachorum
2560 4260 2835 4325 institutis,
2892 4260 2964 4315 ita
3011 4259 3142 4315 nihil
3173 4261 3418 4317 utilitatis
3447 4263 3599 4318 affert
3644 4280 3841 4321 mona-

2243 4351 2360 4407 chis
2388 4352 2654 4421 professio
2705 4351 3045 4418 venerabilis,
3092 4352 3137 4407 si
3186 4354 3517 4425 negligentes
3555 4355 3841 4427 existunt;

2242 4448 2336 4503 sed
2366 4462 2464 4504 nec
2485 4448 2657 4502 oratio
2686 4456 2928 4516 paterna,
2958 4462 3057 4504 nec
3086 4447 3474 4504 eondescensio
3510 4463 3604 4504 eos
3633 4451 3843 4520 poterit

2244 4541 2498 4609 adjuvare
2528 4548 2828 4608 torpentes.

2311 4632 2441 4686 CAP.
2466 4630 2707 4684 XXXIII.
2729 4660 2800 4671 -
2822 4628 3110 4686 Confessor
3138 4631 3339 4686 interea
3374 4630 3658 4701 Dionysius
3680 4647 3842 4703 pres-

556 4718 698 4776 lares
724 4719 1070 4775 salutationes
1099 4729 1153 4775 et
1182 4720 1447 4789 colloquia
1474 4734 1609 4776 vana
1639 4721 1922 4792 dilfugere,
1971 4732 2026 4778 et
2052 4723 2136 4779 his
2168 4738 2217 4800 υ
2248 4723 2402 4794 byter
2454 4733 2509 4778 et
2551 4737 2884 4789 mcunomus,
2934 4722 2985 4776 id
3034 4734 3137 4787 est,
3189 4722 3526 4793 dispensator
3569 4724 3834 4782 Ecclesia

558 4812 647 4880 qui
669 4810 911 4865 membra
946 4810 1147 4866 Christi
1179 4822 1302 4867 sunt
1346 4813 1431 4884 pia
1462 4823 1639 4870 mente
1667 4815 1882 4871 sociari.
1938 4817 1993 4869 Si
2019 4817 2139 4886 quis

554 4911 734 4959 autem
767 4902 1012 4971 passione
1031 4904 1257 4975 quadam
1288 4907 1469 4959 saeculi
1501 4915 1714 4975 captus,
1737 4906 1868 4962 dicit
1899 4924 1914 4963 :
1943 4908 2141 4964 Paren-

554 5000 635 5048 tes
656 5007 782 5048 caro
805 5007 921 5049 mea
953 5002 1097 5059 sunt,
1120 5008 1213 5049 eos
1242 4994 1465 5066 diligere
1489 4996 1681 5065 debeo,
1714 5000 1891 5054 audiat
1921 4999 2135 5056 beatum

553 5084 774 5141 Petrum
803 5086 1103 5155 apostolum
1128 5087 1506 5156 praedicantem
1544 5108 1554 5142 :
1605 5092 1641 5144 Δ
1673 5105 1779 5159 quo
1821 5091 1939 5161 quis
1981 5106 2137 5160 supe-

552 5189 724 5245 ratur,
751 5178 873 5234 huic
894 5186 945 5235 et
972 5193 1161 5234 servus
1202 5179 1433 5235 eflicitur
1465 5180 1555 5252 (II
1584 5180 1700 5235 Pet.
1732 5184 1823 5251 ιι).
1865 5182 1965 5248 Qui
2008 5198 2137 5252 ergo

556 5271 784 5324 vincitur
809 5285 994 5326 amore
1020 5271 1219 5334 carnis,
1252 5287 1437 5327 servus
1479 5274 1596 5329 sine
1624 5274 1790 5329 dubio
1834 5284 1918 5329 est
1938 5275 2131 5329 carnis.

554 5357 796 5427 Cumque
816 5374 923 5415 non
944 5363 1304 5433 acquievisset
1339 5363 1655 5419 Theodorus
1690 5365 1847 5420 matri
1898 5380 1958 5420 se
2003 5380 2138 5435 prte-

554 5460 790 5516 sentare,
813 5452 1047 5508 decrevit
1067 5464 1122 5511 et
1144 5455 1234 5510 illa
1260 5456 1313 5510 in
1343 5456 1459 5523 ipso
1490 5458 1821 5512 monasterio
1842 5472 1962 5511 cum
1986 5457 2139 5512 Chri-

554 5542 623 5596 sti
654 5533 972 5610 pe'rmauere
996 5548 1313 5618 virginibus.
1337 5552 1461 5605 haec
1494 5552 1632 5621 apud
1676 5568 1736 5608 se
1761 5559 2093 5623 pertractans
2121 5574 2133 5609 :

555 5633 612 5689 Si
642 5633 928 5690 voluntatis
962 5637 1169 5693 Domini
1204 5640 1399 5706 fuerit,
1454 5644 1596 5698 inter
1622 5642 1757 5698 alios
1787 5643 1977 5697 saltem
2021 5656 2139 5699 mo-

554 5726 759 5783 nachos
779 5727 970 5784 videbo
1008 5745 1130 5785 eum
1164 5748 1178 5785 :
1211 5723 1279 5787 'et
1333 5744 1551 5803 propter
1599 5735 1737 5790 hanc
1775 5737 2137 5802 occasionem,

554 5832 729 5874 meam
751 5833 964 5892 quoque
1005 5821 1253 5879 Iucrahor
1272 5826 1530 5894 animam,
1574 5829 1702 5883 dum
1746 5827 1799 5882 in
1831 5828 1931 5884 hac
1952 5838 2135 5885 sancta

555 5912 960 5975 conversatione
989 5914 1238 5987 persiste.
1260 5916 1488 5979 Constat
1540 5921 1702 5994 igitur
1742 5934 1836 5978 eos
1870 5924 1963 5994 qui
1992 5921 2133 5996 rigo-

2248 4817 2621 4887 Tentyrorum,
2655 4814 3016 4869 amicissimus
3037 4815 3209 4869 sancti
3234 4815 3527 4882 Pacbomii,
3567 4818 3839 4888 comperit

2245 4905 2314 4960 ab
2349 4906 2615 4976 aliquibus
2663 4904 2803 4976 quod
2854 4920 2922 4960 ex
2955 4905 3073 4961 aliis
3119 4906 3456 4963 monasteriis
3488 4908 3553 4963 ad
3580 4922 3707 4965 eum
3734 4926 3837 4967 ve-

2245 4997 2534 5062 nientibus,
2578 5014 2681 5051 non
2733 4998 2995 5052 concedat
3041 5012 3163 5052 cum
3210 5000 3320 5054 suis
3355 4998 3611 5056 fratribus
3660 5000 3837 5070 vesci,

2245 5088 2339 5142 sed
2364 5102 2454 5141 eos
2484 5094 2817 5155 sequestrata
2844 5088 2962 5144 Ioco
3007 5088 3154 5156 juxta
3206 5089 3518 5144 monasterii
3569 5090 3717 5146 fores
3741 5104 3841 5148 em-

2245 5181 2427 5249 cipiat.
2459 5178 2819 5235 Contristatus
2862 5181 3040 5250 itaque
3092 5180 3382 5249 plurimum
3409 5195 3573 5251 super
3615 5181 3718 5237 hac
3751 5196 3835 5250 re,

2246 5273 2391 5328 venit
2420 5273 2485 5326 ad
2538 5288 2691 5337 eum;
2723 5282 2777 5327 et
2827 5272 3152 5342 increpantis
3186 5273 3359 5342 potius
3405 5286 3690 5329 assumens
3717 5273 3839 5329 ani-

2246 5383 2389 5421 mum
2423 5383 2579 5434 quam
2620 5367 2905 5433 monentis,
2932 5368 3107 5423 aiebat
3133 5385 3147 5422 :
3174 5367 3290 5423 Non
3320 5376 3463 5423 recte
3488 5367 3636 5437 facis,
3668 5370 3835 5436 abba,

2244 5460 2559 5514 charitatem
2593 5458 2848 5515 fratribus
2877 5459 3111 5515 deditam
3144 5475 3246 5515 non
3269 5462 3549 5531 aequaliter
3579 5461 3835 5518 omnibus

2245 5550 2526 5605 exhibens.
2543 5550 2642 5616 Qui
2658 5550 3049 5607 correctionem
3072 5551 3189 5622 ejus
3202 5567 3319 5607 cum
3337 5553 3498 5608 multa
3518 5552 3840 5625 longanimi-

2247 5652 2359 5698 tate
2379 5641 2738 5712 patientiaque
2767 5643 3087 5711 suscipiens,
3120 5642 3189 5697 ita
3216 5642 3495 5713 respondit
3514 5660 3527 5698 :
3546 5643 3703 5701 Novit
3721 5643 3840 5699 Do-

2247 5733 2428 5787 minus
2459 5733 2794 5802 propositum
2836 5748 3036 5799 meum,
3062 5726 3115 5790 et
3148 5743 3367 5803 paterna
3410 5743 3498 5791 tua
3552 5734 3837 5805 cognoscit

2244 5824 2476 5889 allectio,
2528 5825 2671 5895 quod
2718 5842 2988 5897 nunquam
3032 5826 3316 5899 cujuslibet
3352 5828 3586 5885 animam
3614 5827 3836 5898 cupiam

2244 5918 2576 5987 contristari,
2611 5933 2711 5977 nec
2730 5919 2903 5979 dicam
2928 5932 3205 5993 spernere.
3238 5921 3520 5992 Quomodo
3544 5923 3706 5997 igitur
3726 5921 3836 5985 hoc
