4142 6350
264 466 376 529 256

1023 460 1186 517 VITA
1224 463 1472 525 SAHCTI
1509 460 1838 522 PACHOMII
1874 460 2171 524 ABBATIS
2209 467 2702 529 TABENNENSIS.

3427 470 3533 530 254

264 586 526 647 nudatam
546 597 731 657 agere.
754 593 815 641 ut
855 596 1034 640 meum
1062 590 1251 641 contra
1292 596 1382 640 me
1409 580 1693 639 Dominum
1722 595 1846 651 pro—
1870 580 1924 647 Δ
1949 580 2123 638 sciens
2154 584 2426 659 indignum
2457 586 2548 642 tali
2579 602 2822 656 munere,
2854 589 3066 647 diverso
3108 588 3265 647 modo
3308 604 3377 647 ne
3426 591 3531 650 hoc

272 691 475 736 vocans
501 677 895 747 irritarem,qui
916 676 1203 733 manifeste
1222 686 1449 735 testatur
1476 675 1528 731 in
1557 675 1848 746 Evangelia

266 773 457 830 dicens
484 788 507 831 ι
532 772 799 840 Quamdiu
854 772 1056 829 fecistis
1108 771 1199 829 uni
1238 787 1301 827 es
1336 771 1567 827 minimis
1596 770 1849 829 fratribus

268 866 430 929 meis,
456 863 585 919 mihi
614 862 817 921 fecistis
838 861 1059 931 (Matth.
1087 862 1237 934 xxv)?
1268 863 1461 932 Accipe
1486 861 1667 932 itaque
1691 861 1848 916 satis-

268 957 561 1015 factionem
598 970 795 1022 meam.
835 954 1157 1011 venerabilis
1188 964 1359 1024 pater,
1390 953 1512 1024 quia
1568 967 1675 1009 non
1706 953 1849 1009 velut

268 1047 449 1103 vitans
467 1056 906 1117 atquespernens
930 1060 1025 1105 eos
1050 1047 1143 1116 qui
1169 1046 1271 1100 huc
1304 1047 1543 1113 veniunt,
1582 1047 1684 1101 hoc
1706 1044 1847 1117 quod

265 1140 473 1199 anseris
496 1138 641 1199 facio
671 1158 685 1205 ς
721 1140 814 1199 sed
839 1140 963 1211 auia
1008 1141 1065 1197 in
1092 1141 1341 1198 οωυοὺὶο
1378 1140 1845 1211 congregationem

263 1234 509 1302 incepi.
548 1233 808 1301 plurimos
824 1233 918 1303 qui
946 1248 1117 1302 nuper
1145 1232 1389 1290 conversi
1416 1242 1560 1298 sunt,
1590 1240 1643 1287 et
1671 1230 1849 1288 diver-

262 1340 356 1383 sos
395 1340 588 1385 eorum
640 1342 820 1385 mores
864 1341 987 1385 esse
1028 1342 1317 1396 cognosco.
1349 1326 1643 1383 Nonnullos
1666 1336 1845 1383 autem

263 1418 390 1475 novi
431 1418 693 1473 intactum
744 1418 916 1488 ipsius
943 1419 1364 1475 conversationis
1402 1420 1635 1488 ignaros,
1665 1425 1722 1475 ut
1748 1432 1846 1475 nec

260 1509 653 1569 monachorum
680 1510 923 1567 habitum
949 1512 1217 1567 noverint.
1251 1511 1393 1567 Inter
1415 1526 1550 1582 quos
1574 1519 1698 1566 sunt
1718 1525 1845 1579 par-

265 1602 397 1669 vuli.
429 1610 576 1659 tanta
604 1601 949 1673 simplicitate
968 1603 1228 1670 viventes,
1259 1612 1432 1659 utnec
1454 1601 1727 1657 dexteram
1755 1616 1845 1657 va-

258 1694 412 1754 leant
452 1696 615 1765 scire,
666 1710 843 1765 neque
890 1694 1181 1752 sinistram.
1239 1692 1442 1750 Idcirco
1474 1692 1673 1750 credidi
1722 1708 1842 1751 esse

261 1790 619 1857 commodius,
664 1798 723 1845 ut
745 1790 1190 1859 supervenientes
1220 1789 1414 1844 fratres
1453 1802 1694 1845 seorsum
1725 1800 1845 1842 sus-

260 1882 595 1950 ciperentur,
624 1880 678 1940 in
709 1884 914 1937 honore
950 1882 1184 1937 maximo
1227 1880 1521 1937 constituti.
1555 1878 1689 1935 Hinc
1717 1892 1843 1948 ergo

1949 673 2125 746 ipsum
2156 677 2307 733 ﬁeret
2334 677 2634 735 differebat.
2668 680 2734 736 Et
2759 697 2879 737 cum
2901 681 3130 748 amplius
3162 682 3533 751 importunita-

1953 779 2056 825 tem
2088 770 2203 842 ejus
2233 773 2372 831 ferre
2405 788 2512 829 non
2539 784 2740 844 posset,
2771 777 2919 831 venit
2949 775 3013 830 ad
3042 788 3282 832 sanctum
3324 777 3531 834 Pacho-

1949 864 2139 933 mium,
2172 877 2362 924 cuncta
2383 884 2500 938 quae
2527 869 2726 939 negotii
2754 880 2907 926 erant
2935 870 3107 927 eidem
3134 872 3391 941 pandens,
3415 887 3532 928 cer—
3581 918 3585 923 .

1958 969 2043 1015 tus
2073 961 2213 1030 quod
2245 963 2358 1031 ipse
2387 963 2533 1018 solus
2575 965 2942 1019 contentiones
2992 965 3294 1034 ltujusmodi
3350 975 3532 1035 posset

1950 1052 2250 1111 absolvere.
2279 1054 2379 1125 Qui
2408 1070 2531 1111 cum
2578 1070 2790 1111 causam
2834 1058 3048 1125 penitus
3069 1057 3427 1128 cognovisset,
3456 1056 3531 1109 ait

1949 1147 2263 1216 presbytero
2288 1164 2303 1205 :
2335 1147 2521 1204 Nonne
2549 1149 2614 1204 ad
2649 1148 2748 1205 hoc
2768 1148 2982 1214 venisti,
3012 1160 3067 1205 ut
3098 1163 3191 1219 per
3216 1164 3302 1202 me
3330 1163 3531 1217 cogno—

1949 1253 2130 1297 sceres
2160 1238 2371 1295 Domini
2402 1241 2763 1297 voluntatem?
2808 1242 2944 1298 Audi
2969 1256 3097 1311 ergo
3128 1255 3232 1305 me,
3278 1248 3333 1294 et
3369 1240 3434 1292 da
3480 1238 3530 1315 ei

1950 1329 2091 1399 quod
2123 1331 2372 1399 postulat,
2404 1332 2537 1389 nihil
2571 1334 2621 1388 in
2655 1333 2753 1389 hac
2793 1343 2943 1404 parte
2968 1335 3278 1402 desperans.
3314 1331 3532 1385 Fortas-

1948 1419 2024 1480 sis
2050 1422 2191 1476 enim
2222 1437 2319 1492 per
2346 1422 2447 1477 hoc
2486 1422 2717 1479 officium
2748 1424 3064 1479 liberabitur
3094 1424 3263 1477 anima
3304 1422 3418 1491 ejus
3464 1420 3531 1475 tle

1950 1510 2257 1579 captivitate
2288 1512 2506 1568 diaboli.
2539 1513 2693 1583 Saepe
2714 1531 2943 1585 namque
2970 1516 3227 1584 contingit
3271 1523 3327 1569 ut
3367 1514 3527 1568 homo

1949 1602 2121 1658 malus
2143 1603 2364 1660 affectus
2394 1607 2686 1672 beneficiis,
2715 1608 2779 1663 ad
2804 1607 2971 1662 bonos
2990 1622 3045 1662 se
3060 1606 3303 1661 conferat
3325 1619 3524 1661 mores.

1951 1696 2285 1754 Desiderium
2317 1714 2546 1769 namque
2570 1702 2847 1757 meliorum
2874 1703 3013 1770 pium
3038 1702 3183 1757 novit
3213 1699 3528 1767 ingenerare

1948 1790 2301 1860 propositum,
2336 1791 2418 1847 liis
2445 1793 2703 1847 duntaxat
2732 1795 3031 1857 animabus,
3076 1808 3192 1863 quae
3222 1808 3327 1845 non
3359 1804 3527 1860 usque

1945 1880 2083 1937 adeo
2112 1882 2449 1953 negligentiae
2495 1896 2708 1954 torpore
2739 1887 2997 1955 prolapsa:
3036 1893 3179 1951 sunt,
3225 1892 3281 1939 ut
3323 1881 3527 1949 possint

262 1990 370 2033 non
398 1975 615 2031 aestimo
660 1974 901 2044 patribus
930 1974 1015 2033 vel
1044 1974 1296 2030 fratribus
1323 1975 1411 2045 qui
1450 1973 1514 2029 ad
1544 1988 1641 2027 nos
1666 1972 1840 2027 diver-
1868 1968 1919 2031 Β
1942 1974 2162 2031 studere
2175 1974 2476 2031 virtutibus.
2512 1976 2618 2033 Nos
2644 1993 2792 2048 ergo,
2824 1980 3004 2044 frater,
3036 1977 3142 2032 hoc
3169 1991 3325 2047 agere
3351 1975 3523 2040 decet,

258 2074 400 2129 tum,
439 2067 598 2125 ullam
646 2067 1028 2126 contumeliam
1085 2066 1223 2133 fieri,
1255 2067 1349 2123 sed
1399 2067 1569 2138 magis
1609 2064 1842 2123 debitam

260 2156 622 2217 reverentiam
677 2157 1052 2215 commodari;
1118 2141 1416 2229 praesertim
1466 2172 1585 2213 cum
1634 2153 1844 2209 statutis

256 2254 411 2310 horis
442 2252 507 2309 ad
538 2251 867 2312 reddendum
904 2251 1184 2309 nobiscum
1235 2251 1344 2307 Deo
1373 2259 1494 2305 vota
1522 2265 1616 2304 sua
1646 2262 1844 2303 conve-

251 2346 429 2411 niant,
467 2352 522 2401 et
546 2354 667 2416 post
694 2346 799 2401 hoc
843 2345 1032 2415 singuli
1071 2343 1139 2401 ad
1168 2345 1280 2399 loca
1313 2343 1577 2399 destinata
1622 2354 1846 2397 concur-

253 2448 401 2507 rant,
432 2437 600 2507 quieti
626 2452 843 2508 operam
867 2436 1082 2503 dantes,
1113 2451 1199 2493 me
1218 2434 1511 2493 secundum
1544 2434 1708 2489 Deum
1736 2432 1846 2487 sol-

251 2531 463 2589 licitius
494 2530 681 2589 usibus
725 2531 879 2603 127
924 2544 1109 2585 eorum
1157 2528 1459 2586 necessaria
1508 2526 1840 2597 providente.

232 2624 385 2701 llaec
434 2618 687 2680 audiens!
719 2622 975 2694 praefatus
998 2621 1303 2693 presbyter,
1342 2621 1487 2676 omni
1518 2635 1641 2691 eum
1684 2617 1843 2674 laude

252 2716 636 2788 dignissimum
690 2714 1096 2785 comprobavit,
1150 2723 1299 2771 certo
1325 2727 1655 2784 cognoscens
1704 2709 1844 2781 quod

225 2811 561 2879 secundum
584 2810 750 2869 Deum
772 2818 963 2867 cuncta
976 2817 1194 2880 ageret;
1223 2806 1553 2877 multumque
1576 2804 1844 2858 relevatus

248 2905 430 2965 sancti
486 2901 758 2965 Pachumii
804 2901 1203 2969 satisfactione,
1260 2902 1414 2958 laetus
1470 2900 1727 2956 remeavit
1776 2899 1843 2953 ad

228 3068 231 3071 Α
250 2998 499 3074 propria.

316 3089 461 3151 CAP.
502 3086 742 3147 XXXIV.
780 3118 845 3133 -—
885 3087 1076 3149 Mulier
1100 3093 1275 3143 autem
1301 3084 1543 3160 quaedam
1575 3085 1631 3140 in
1656 3084 1843 3141 eadem

252 3182 615 3257 Tentyrorum
646 3180 863 3240 civitate
886 3179 1186 3252 patiebatur
1213 3177 1414 3235 ﬂuxum
1451 3176 1741 3251 sanguinis,
1792 3184 1845 3229 et

250 3272 353 3331 bac
384 3272 703 3331 infirmitate
728 3271 839 3343 jam
870 3271 1079 3342 prolixo
1105 3279 1347 3341 tempore
1374 3268 1667 3327 laborabat.
1719 3265 1841 3322 llaec

1946 2064 2089 2133 quod
2108 2065 2215 2122 Deo
2238 2067 2465 2137 placeat.
2492 2068 2580 2123 Sic
2601 2068 2740 2126 enim
2763 2070 2977 2125 dilectio
3007 2068 3126 2139 ejus
3154 2070 3205 2124 in
3232 2067 3383 2122 nobis
3408 2082 3527 2123 esse

1946 2155 2280 2226 probabitur,
2314 2158 2361 2216 si
2382 2161 2769 2228 compatiamur
2798 2163 3137 2217 alterutrum.
3170 2159 3280 2215 Iloc
3305 2167 3526 2230 accepto

1944 2262 2228 2319 responso,
2258 2252 2444 2307 senior
2480 2254 2602 2310 fecit
2641 2254 2781 2325 quod
2828 2255 2929 2309 sibi
2974 2252 3143 2309 fuerat
3182 2252 3522 2321 imperatum.

1950 2345 2054 2400 Sed
2087 2346 2247 2402 frater
2290 2348 2383 2404 ille
2425 2353 2531 2404 voti
2570 2364 2788 2421 compos
2815 2348 3056 2413 effectus,
3086 2347 3150 2402 ad
3181 2348 3392 2403 beatum
3422 2345 3525 2399 Pa-

1946 2436 2217 2495 chomiutn
2243 2455 2495 2497 reversus
2516 2452 2617 2508 est,
2637 2442 2748 2512 jam
2770 2450 2947 2499 mente
2970 2441 3177 2496 sobrius
3199 2452 3357 2508 atque
3378 2453 3527 2493 com-

1948 2542 2201 2601 punctus,
2243 2540 2299 2589 et
2328 2534 2525 2591 cadens
2555 2536 2607 2589 in
2637 2536 2851 2599 faciem,
2896 2534 3250 2591 confitebatur
3296 2533 3478 2588 dicens
3507 2546 3525 2588 :

1946 2622 1989 2679 0
2021 2623 2183 2679 homo
2226 2626 2343 2692 Dei,
2392 2627 2614 2683 multum
2659 2628 2975 2683 sublimatus
3003 2642 3060 2683 es
3085 2642 3113 2682 a
3148 2626 3279 2692 Deo,
3307 2627 3398 2696 qui
3420 2622 3528 2679 dis-

1946 2732 2176 2773 cernens
2197 2733 2261 2774 ea
2284 2735 2401 2789 qute
2426 2721 2693 2790 pertinent
2720 2720 2785 2775 ad
2807 2721 3055 2788 salutem,
3079 2720 3277 2776 malum
3307 2720 3359 2773 in
3388 2719 3528 2775 bono

1946 2812 2139 2867 vicisti.
2172 2812 2228 2869 Si
2258 2818 2386 2884 ergo
2418 2830 2521 2870 non
2554 2816 2746 2872 fuisses
2783 2832 2905 2885 erga
2937 2832 3023 2872 me
3050 2816 3196 2871 mitis
3225 2825 3383 2885 atque
3416 2816 3528 2869 lon-

1932 2904 2199 2985 ganimis,
2240 2905 2336 2961 sed
2375 2905 2572 2975 aliquid
2615 2906 2665 2961 id
2686 2916 2781 2963 ‘me
2808 2906 3037 2979 rigidum
3077 2907 3410 2976 protulisses,
3461 2904 3529 2962 ab

1952 2993 2055 3048 hoc
2075 2995 2360 3051 discedens
2378 2996 2580 3063 habitu,
2614 3012 2642 3051 a
2666 2999 2773 3054 Deo
2797 3014 3014 3068 prorsus
3039 2999 3243 3053 alienus
3264 2998 3527 3054 efficerer.

1947 3087 2096 3143 Nunc
2125 3097 2305 3143 autem
2334 3089 2645 3145 benedictus
2673 3099 2727 3145 tu
2754 3090 3001 3157 Domino,
3034 3105 3131 3159 per
3157 3104 3312 3159 quem
3343 3088 3521 3142 anima
3618 3124 3627 3129 -

1947 3192 2064 3233 mea
2096 3179 2241 3234 salva
2270 3176 2407 3233 facta
2439 3188 2540 3235 est.
2577 3179 2727 3235 Tunc
2753 3181 2988 3235 allevans
3015 3195 3138 3235 eum
3167 3179 3233 3235 de
3264 3188 3406 3233 terra
3436 3192 3528 3232 ve-

1947 3271 2200 3327 nerabilis
2227 3284 2416 3334 senex,
2449 3271 2765 3327 hortabatur
2791 3272 3001 3339 sedulo,
3031 3280 3087 3326 ut
3113 3270 3271 3325 vitam
3295 3276 3529 3325 sumeret

252 3368 483 3427 audiens
531 3365 876 3425 Pachomium
928 3365 1021 3423 Dei
1067 3381 1189 3424 esse
1232 3366 1516 3427 cultorem,
1556 3370 1845 3432 sanctaque
1872 3352 1920 3415 C
1950 3376 2241 3433 ccttgrnam
2279 3361 2550 3433 dignitati,
2590 3376 2657 3416 ne
2704 3360 2919 3432 quando
2951 3360 3245 3432 negligens,
3278 3370 3529 3430 perpetua

222 3459 662 3531 conversatione
688 3458 1005 3526 mirabilem,
1033 3460 1249 3527 insuper
1273 3466 1328 3514 et
1350 3456 1660 3528 Dionysium
1694 3470 1843 3526 pres-

251 3553 515 3628 byterum
559 3550 789 3609 amicum
816 3549 937 3622 ejus
969 3564 1091 3608 esse
1122 3548 1516 3616 charissimum,
1550 3555 1701 3616 rogat
1721 3562 1842 3603 eum

224 3656 314 3723 λιιι
335 3646 429 3703 sui
465 3642 803 3709 misereatur,
835 3651 888 3698 et
911 3640 1063 3712 quasi
1089 3655 1187 3712 per
1214 3640 1549 3696 occasionem
1594 3651 1843 3693 necessa-

250 3737 387 3797 riam
420 3735 493 3793 ad
530 3749 590 3791 se
620 3732 967 3791 Pacbomium
1003 3741 1280 3789 convocet.
1311 3730 1412 3799 Qui
1450 3730 1696 3799 precibus
1724 3745 1845 3785 mu-

252 3828 402 3889 lieris
435 3829 631 3895 ﬂexus,
662 3827 766 3885 hoc
791 3841 950 3898 agere
994 3841 1102 3883 non
1133 3836 1395 3882 moratur.
1424 3825 1557 3881 Cum
1598 3840 1727 3897 ergo
1756 3839 1846 3879 ve-

221 3927 429 3999 nisset
476 3920 798 3981 Pachomins
824 3920 890 3975 ad
917 3919 1220 3987 ecclesiam,
1271 3928 1328 3974 et
1381 3927 1501 3988 post
1546 3917 1843 3974 orationem

252 4013 576 4087 Dionysium
624 4012 931 4080 salutasset,
969 4012 1123 4083 juxta
1174 4028 1292 4069 eum
1337 4011 1577 4080 protinus
1625 4008 1843 4066 assedit.

253 4106 506 4177 Dumque
534 4105 878 4176 loquerentur
906 4105 971 4163 ad
995 4104 1249 4173 invicem,
1275 4104 1465 4162 mulier
1496 4103 1689 4159 fiducia
1721 4104 1845 4163 fidei

252 4203 532 4268 roborata,
564 4200 897 4270 credensque
923 4198 1122 4256 dicenti
1148 4197 1365 4257 Christo
1397 4212 1412 4255 :
1439 4196 1681 4265 Coufide,
1714 4195 1846 4262 filia,

251 4296 389 4355 fides
419 4303 510 4353 tua
531 4293 733 4350 salvam
756 4302 810 4350 te
838 4292 959 4349 fecit
982 4290 1198 4361 (Matth.
1224 4290 1326 4361 ιι),
1355 4297 1475 4360 post
1504 4298 1706 4359 tergum
1732 4286 1849 4359 ejus

258 4393 496 4449 latenter
523 4388 776 4457 accessit,
814 4395 871 4445 et
907 4386 1194 4452 cucullum,
1227 4385 1368 4454 quod
1390 4382 1667 4454 operiebat
1692 4388 1851 4453 caput

255 4488 395 4555 ejus,
422 4494 664 4541 tremens
686 4482 891 4553 attigit;
918 4483 1206 4548 statimque
1234 4486 1419 4535 sanata
1455 4486 1557 4534 est.
1605 4477 1675 4533 Et
1723 4491 1849 4548 pro-

257 4579 449 4635 cidens
471 4578 524 4635 in
546 4575 738 4634 facient
757 4589 934 4641 suam,
951 4573 1194 4629 adoravit
1218 4571 1519 4638 Dominum,
1540 4568 1848 4641 glorificans

255 4671 375 4742 ejus
395 4668 759 4731 clementiam,
783 4665 925 4737 quod
948 4675 1090 4722 tanta
1112 4680 1207 4736 per
1230 4678 1414 4720 servos
1434 4679 1558 4718 suos
1586 4663 1846 4718 beneficia

1948 3457 2001 3515 in
2032 3457 2210 3511 futuro
2240 3465 2501 3512 tormenta
2529 3455 2771 3512 sentiret.
2796 3456 2863 3510 Et
2890 3455 3160 3511 osculatus
3185 3469 3327 3523 eum,
3373 3453 3529 3508 dimi.

1948 3549 2017 3607 sit
2065 3548 2120 3603 in
2170 3563 2328 3621 pace,
2384 3564 2541 3620 quem
2568 3548 2727 3605 etiam
2762 3561 2927 3617 usque
2957 3547 3023 3603 ad
3051 3546 3191 3605 fores
3220 3545 3529 3605 monasterii

1948 3652 2266 3712 prosecutus
2289 3651 2392 3696 est.

2020 3734 2149 3790 Car.
2193 3731 2433 3790 XXXVI.
2459 3762 2531 3776 —
2557 3731 2747 3787 Adhuc
2792 3740 2967 3788 autem
3007 3739 3191 3786 sancto
3243 3728 3529 3786 Paeliomio

1950 3826 2147 3882 ibidem
2178 3835 2375 3893 stante,
2405 3840 2531 3881 ecce
2561 3826 2641 3880 vir
2670 3840 2698 3879 a
2728 3826 2884 3896 longe
2924 3824 3149 3880 feSIinus
3191 3825 3432 3889 veniens,
3464 3823 3529 3877 ad

1949 3915 2069 3986 ejus
2102 3916 2327 3986 vestigia
2356 3915 2704 3987 provolvitur,
2731 3915 3022 3970 obsecrans
3052 3922 3108 3969 ut
3139 3915 3299 3970 filiam
3324 3930 3474 3971 suam
3503 3928 3529 3967 a

1954 4010 2221 4064 daemonio
2252 4018 2518 4076 vexatam,
2550 4022 2644 4078 per
2670 4005 2863 4063 Christi
2886 4005 3107 4077 gratiam
3137 4020 3325 4060 curare
3345 4005 3531 4076 digna-

1952 4112 2119 4161 retur.
2150 4103 2267 4172 Quo
2310 4103 2496 4157 relicto
2541 4116 2651 4171 prae
2692 4100 2895 4157 foribus
2934 4101 3223 4170 ingressus,
3272 4100 3383 4170 ipse
3432 4098 3530 4156 tale

1938 4190 2000 4251 ei
2028 4208 2343 4264 responsum
2374 4208 2468 4262 per
2495 4194 2771 4249 ostiarium
2817 4193 2996 4263 dirigit
3028 4210 3041 4247 :
3071 4192 3186 4248 Non
3238 4201 3325 4248 est
3379 4193 3530 4247 nobis

1951 4284 2284 4341 consuetudo
2306 4301 2427 4341 cum
2452 4285 2765 4341 mulieribus
2804 4284 2978 4355 loqui;
3008 4285 3101 4340 sed
3132 4285 3176 4340 si
3204 4284 3330 4347 quid
3364 4284 3529 4340 babes

1952 4393 2017 4435 ex
2047 4378 2380 4433 vestimentis
2401 4377 2540 4449 ejus,
2568 4378 2719 4432 mitte
2741 4377 2915 4443 nobis,
2947 4375 3084 4446 quod
3111 4378 3161 4430 itt
3188 4375 3401 4430 nomine
3428 4374 3528 4429 Do-

1954 4470 2083 4527 mini
2114 4470 2518 4539 benedicentes,
2549 4470 2642 4524 tibi
2673 4470 2913 4539 protinus
2939 4470 3237 4530 remittam;
3279 4474 3333 4520 et
3359 4463 3528 4519 credi-

1952 4578 2069 4619 mus
2098 4563 2149 4617 in
2180 4562 2394 4621 Christo
2423 4561 2564 4632 quod
2594 4561 2703 4615 lilia
2746 4568 2833 4614 tua
2875 4558 2977 4614 isto
3017 4556 3175 4611 modo
3224 4556 3291 4610 ab
3332 4557 3528 4613 inimici

1951 4656 2206 4712 liberetur
2235 4654 2470 4708 incursu.
2504 4652 2744 4722 Cumque
2767 4653 2939 4706 tunica
2971 4648 3166 4719 puellae
3192 4657 3378 4705 sancto
3403 4648 3527 4705 fuis-

261 4739 612 4817 credentibus
641 4755 975 4815 contulisset.
1005 4756 1155 4811 Tunc
1193 4764 1411 4810 sanctus
1446 4755 1525 4808 vir
1560 4754 1847 4825 Dionysius
1874 4750 1929 4814 D
1953 4756 2035 4801 set
2061 4744 2240 4809 allata,
2264 4757 2452 4799 severe
2482 4742 2637 4797 nimis
2665 4742 2886 4796 intuitus
2908 4740 2982 4794 ait
3009 4758 3021 4793 :
3047 4739 3162 4794 Non
3186 4749 3267 4795 est
3293 4739 3409 4811 ejus
3432 4740 3528 4796 iste

260 4853 465 4911 factum
495 4852 758 4918 sentiens,
805 4847 1079 4907 benedixit
1118 4847 1350 4915 mulieri,
1396 4854 1452 4902 et
1490 4848 1732 4917 protinus
1778 4846 1847 4899 ad

257 4958 354 5001 sua
385 4942 684 5015 repedavit.

325 5034 466 5093 Car.
508 5032 729 5091 XXXV.
760 5062 832 5075 —
876 5028 1176 5102 Aliquando
1198 5043 1324 5085 vero
1346 5026 1643 5084 necessitas
1671 5026 1847 5096 exegit

142 5106 201 5213 mi
260 5137 320 5187 ttt
346 5128 497 5199 scpis
534 5126 830 5184 munimine
857 5123 1236 5179 monasterium
1276 5122 1587 5187 vallaretur,
1638 5120 1689 5175 in
1741 5135 1846 5191 quo

151 5378 159 5403 t

226 5292 227 5295 η
260 5234 432 5291 opere
458 5217 823 5275 laborantibus
844 5214 1118 5281 fratribus,
1148 5212 1261 5283 ipso
1283 5212 1435 5268 laetus
1452 5210 1656 5267 ferebat
1677 5211 1845 5267 maxi-

260 5325 413 5369 mum
442 5307 718 5365 auxilium.

333 5399 778 5469 Postaliquantos
796 5404 974 5452 autem
990 5396 1106 5451 dies
1133 5395 1427 5450 monachus
1450 5392 1664 5462 quidam
1692 5408 1843 5462 pres-

262 5490 441 5564 byter,
478 5491 765 5547 multorum
818 5488 1041 5544 fratrum
1072 5495 1220 5557 pater
1246 5486 1501 5551 existens,
1532 5485 1621 5556 qui
1655 5486 1843 5540 solitus

263 5592 383 5641 erat
420 5591 662 5640 sanctum
700 5579 1044 5636 Pachumium
1078 5580 1267 5636 crebro
1294 5577 1530 5641 visitare,
1577 5577 1723 5633 venit
1775 5578 1841 5633 ad

267 5695 394 5741 euut
423 5696 545 5741 cum
576 5695 683 5739 uno
710 5677 895 5751 fratre,
945 5688 1162 5755 propter
1207 5681 1601 5736 contentionem
1643 5692 1759 5749 quae
1792 5677 1845 5733 in

269 5773 597 5831 tnomterio
632 5781 748 5831 orta
798 5772 995 5840 fuerat,
1042 5786 1109 5828 ex
1159 5771 1258 5828 hac
1287 5772 1537 5827 videlicet
1563 5786 1723 5828 causa
1758 5790 1769 5824 :
1803 5772 1848 5826 is

268 5863 387 5931 ipse
416 5862 607 5932 frater,
636 5865 724 5936 qui
753 5879 873 5922 eum
909 5878 975 5922 eo
1002 5872 1337 5937 pervenerat,
1371 5864 1627 5921 molestus
1657 5870 1774 5919 erat
1799 5864 1849 5921 ei

266 5959 516 6039 uitulum,
562 5958 845 6025 clericatus
891 5956 1203 6019 desiderans
1256 5959 1567 6032 dignitatem
1620 5974 1634 6017 :
1690 5972 1847 6040 quem

1952 4837 2191 4890 vestitus.
2250 4831 2564 4889 Affirmante
2603 4847 2731 4887 vero
2775 4842 2925 4902 patre
2966 4841 3124 4903 atque
3162 4833 3373 4888 dicente
3413 4832 3528 4899 ejus

1955 4945 2093 4994 esse,
2127 4926 2403 4999 respondit
2421 4928 2469 4981 ei
2497 4944 2509 4980 :
2542 4928 2606 4980 Et
2629 4940 2727 4995 ego
2748 4926 2871 4980 novi
2895 4925 3033 4996 quod
3056 4924 3172 4997 ejus
3195 4925 3291 4989 sit;
3317 4924 3409 4978 sed
3433 4923 3525 4975 vir-

1948 5022 2223 5094 ginitatem
2261 5034 2410 5076 suam
2460 5019 2569 5074 Deo
2614 5019 2888 5083 dedicans,
2922 5034 3026 5071 non
3055 5019 3287 5070 servavit
3326 5011 3524 5066 sancti-

1952 5115 2143 5169 monia:
2185 5115 2470 5184 puritatem
2506 5130 2519 5163 :
2556 5122 2773 5182 prepter
2802 5108 2904 5164 hoc
2929 5112 3043 5181 ejus
3075 5102 3357 5177 inspiciens
3390 5102 3527 5156 tuni-

1950 5222 2087 5273 cam,
2107 5216 2158 5261 et
2175 5205 2473 5272 intelligens
2489 5190 2785 5261 castitatem
2804 5218 2952 5257 suam
2972 5201 3187 5255 minime
3208 5194 3524 5263 custodisse,

1953 5315 2057 5355 non
2090 5299 2205 5368 ejus
2236 5313 2353 5353 esse
2390 5306 2613 5354 testatus
2659 5313 2798 5352 sum.
2827 5292 3095 5362 Spondeat
3141 5289 3316 5358 itaque
3348 5288 3439 5342 tibi
3473 5288 3524 5345 in

1952 5401 2240 5463 conspectu
2295 5392 2503 5447 Domini
2550 5391 2801 5458 deinceps
2848 5385 3029 5441 vivere
3068 5381 3421 5447 continenter,
3472 5389 3527 5436 et

1953 5486 2323 5558 propitiabitttr
2362 5487 2409 5539 ei
2440 5484 2705 5545 Christus,
2744 5492 3031 5545 sanamque
3061 5472 3320 5531 restituet.
3371 5474 3525 5530 Pater

1951 5582 2109 5652 igitur
2138 5580 2415 5650 indignans
2447 5588 2499 5633 et
2523 5589 2779 5638 maerens,
2804 5570 2963 5625 filiam
2990 5585 3138 5625 suam
3163 5576 3525 5639 perscrutatus

1949 5686 2051 5741 est,
2084 5686 2137 5730 et
2157 5676 2235 5729 sic
2263 5687 2384 5728 esse
2413 5682 2468 5726 ut
2498 5678 2712 5725 sanctus
2744 5664 3062 5720 Pacltomitts
3091 5662 3295 5717 dixerat
3334 5658 3523 5731 puellae

1951 5768 2290 5824 confessione
2318 5761 2585 5831 cognovit.
2616 5760 2744 5829 Quae
2778 5770 2898 5812 cum
2938 5756 3241 5827 jurameuto
3286 5748 3522 5819 pollicita

1951 5862 2136 5919 fuisset
2162 5870 2429 5927 nunquam
2459 5869 2515 5911 se
2545 5852 2667 5908 talia
2696 5866 2883 5925 gerere
2908 5850 3064 5920 velle,
3097 5864 3192 5919 pro
3213 5862 3274 5901 ea
3301 5845 3380 5901 vir
3403 5845 3525 5900 bea-

1954 5968 2037 6014 tus
2072 5951 2296 6017 Domino
2325 5947 2661 6021 supplicavit,
2696 5946 3122 6017 benedicensque
3148 5940 3327 6003 oleum
3357 5936 3521 5997 misit.
