4142 6350
607 489 716 545 255

1646 475 1738 533 DE
1777 472 1956 532 VITIS
1994 466 2279 529 PATBUM
2319 469 2522 527 LIBER
2560 469 2842 528 PRIMUS.

3777 453 3882 522 256

609 603 727 672 Quo
746 605 1023 673 peruncta,
1054 595 1172 652 sine
1212 606 1362 649 mora
1400 598 1586 659 curata
1628 598 1730 657 est,
1776 597 1832 644 et
1860 585 2192 659 glorificabat
2217 582 2538 656 ACumque
2584 592 2915 642 memoratus
2948 581 3160 654 iuvenis
3200 580 3255 637 tn
3298 581 3513 654 propria
3566 581 3882 651 persisteret

612 698 894 755 Dominum
913 694 1125 766 iugiter,
1146 689 1285 760 quod
1304 703 1409 744 non
1425 687 1601 742 solum
1623 685 1890 745 daemone,
1916 681 2007 736 sed
2037 679 2195 752 128

610 793 773 848 etiam
804 786 1102 844 detestabili
1132 782 1547 839 conversatione
1584 778 1865 841 caruisset,
1897 775 2029 829 etin
2062 771 2194 827 reli.

608 897 771 949 quum
799 876 1147 936 continentiae
1174 890 1234 930 se
1261 873 1452 929 studiis
1481 886 1579 943 per
1603 869 1808 925 Christi
1837 866 2197 937 mancipasset

609 973 883 1030 auxilium.

679 1066 810 1124 CAP.
852 1060 1119 1120 XXXVII.
1149 1092 1220 1103 —
1262 1060 1378 1117 Tali
1404 1055 1569 1130 igitur
1597 1054 1850 1126 opinione
1893 1068 1962 1109 ue
2007 1059 2195 1107 sancto

608 1160 725 1215 viro
754 1158 950 1228 ubique
987 1163 1264 1218 currente,
1321 1152 1461 1207 alius
1501 1148 1848 1205 nihilominus
1886 1145 1981 1217 qui
2029 1144 2195 1199 filium

606 1266 761 1307 suum
791 1266 820 1306 a
862 1250 1131 1306 daemonio
1161 1260 1493 1315 possessum,
1524 1245 1642 1299 sine
1670 1240 2072 1297 intermissione
2097 1238 2195 1292 de-

605 1344 791 1410 ﬂebat,
842 1357 940 1398 nec
965 1358 1087 1399 eum
1120 1341 1419 1412 perducere
1446 1344 1655 1409 poterat
1690 1334 1753 1390 ad
1785 1331 2192 1396 monasterium,

606 1451 747 1507 genu
777 1434 936 1490 nixus
964 1432 1298 1503 supplicabat
1326 1427 1636 1493 Pachumio,
1675 1434 1732 1480 ut
1761 1439 1857 1493 pro
1899 1438 1967 1477 eo
2004 1435 2197 1492 preca-

606 1538 753 1583 retur
780 1526 1222 1596 omnipotentiam
1253 1522 1473 1579 Christi.
1515 1521 1615 1587 Qui
1647 1533 1767 1573 cum
1792 1526 2023 1581 orasset,
2050 1513 2199 1569 dedit

605 1623 656 1678 ei
702 1622 1044 1677 benedictum
1094 1634 1310 1690 panem,
1354 1615 1586 1671 sollicite
1632 1610 1947 1684 praecipiens
1975 1616 2035 1663 ut
2072 1616 2197 1663 ante

604 1713 783 1768 cibum
810 1728 873 1768 ex
899 1727 964 1768 eo
984 1711 1261 1782 paululum
1278 1722 1492 1778 semper
1512 1718 1908 1776 energumenus
1938 1710 2194 1755 sumeret.
2230 1774 2237 1783 Ι

607 1803 849 1873 Cumque
870 1802 1131 1857 esurisset
1150 1800 1290 1854 filius
1319 1799 1455 1866 eius,
1482 1812 1549 1851 ex
1569 1796 1686 1863 ipso
1719 1808 1853 1862 pane
1884 1790 2194 1862 particulari

606 1898 656 1952 ei
690 1895 926 1957 tradidit.
960 1893 1054 1948 sed
1094 1907 1199 1946 non
1240 1889 1484 1961 permisit
1522 1885 1827 1941 immundus
1876 1882 2096 1953 spiritus
2139 1891 2196 1935 ut

2295 677 2578 745 pravitate,
2608 686 2663 732 et
2691 676 2809 731 aliis
2834 676 3141 744 exemplum
3184 673 3504 744 perditionis
3551 674 3880 737 ostenderet,

2295 768 2363 822 ad
2393 777 2719 837 postremum
2749 769 2920 823 visum
2951 777 3032 823 est
3062 765 3310 822 omnibus
3348 773 3408 819 ut
3451 779 3479 818 a
3522 773 3707 820 sancta
3748 779 3884 820 cou-

2296 861 2604 932 gregatione
2628 861 2776 916 velut
2814 860 3214 931 indignissimus
3239 866 3530 915 arceretur.
3561 858 3667 913 Sed
3695 858 3886 914 beatus

2298 951 2617 1008 Pachumius
2665 954 2767 1008 hoc
2812 953 2951 1007 idem
3000 951 3231 1007 credidit
3278 950 3653 1008 differendum.
3712 951 3885 1019 Quem

2297 1046 2461 1101 etiam
2488 1044 2766 1100 mitissima
2792 1054 2948 1113 atque
2973 1044 3365 1113 sapientissima
3389 1045 3733 1114 correptione
3755 1059 3889 1100 con-

2297 1137 2540 1206 veniens,
2575 1144 2630 1192 et
2665 1136 2971 1197 ctelestibus
3001 1136 3254 1193 erudiens
3279 1137 3558 1198 institutis.
3608 1137 3679 1191 ita
3705 1136 3889 1193 divino

2300 1232 2492 1288 timore
2538 1215 2833 1297 succendit,
2862 1238 2916 1286 et
2943 1230 3023 1285 sic
3065 1231 3239 1287 anima
3280 1231 3399 1301 ejus
3440 1230 3741 1287 futurorum
3782 1231 3889 1288 fide

2298 1334 2616 1394 eompuncta
2642 1334 2745 1390 est,
2776 1334 2833 1379 ut
2850 1338 2909 1379 se
2934 1325 3191 1395 deinceps
3217 1326 3491 1381 abStinere
3517 1340 3623 1380 non
3648 1333 3830 1394 posset
3855 1340 3887 1381 ι

2301 1417 2574 1490 lacrymis.
2608 1417 2934 1473 Emendatus
2956 1417 3133 1487 itaque
3157 1434 3251 1487 per
3270 1420 3471 1485 omnia,
3502 1434 3752 1490 maguum
3781 1434 3890 1474 ea:-

2302 1513 2430 1567 teris
2485 1512 2865 1566 documentum
2910 1512 3277 1567 conversionis
3333 1511 3591 1567 exhibuit.
3643 1510 3702 1566 In
3739 1512 3890 1568 omni

2301 1618 2531 1672 namque
2560 1603 2680 1658 loco
2708 1611 2763 1659 et
2793 1603 2845 1658 in
2874 1604 3021 1658 omni
3047 1606 3357 1673 operatione
3388 1606 3549 1661 flebat
3568 1606 3798 1676 iugiter;
3838 1616 3893 1662 et

2302 1711 2403 1752 nec
2428 1706 2554 1751 tunc
2582 1696 2815 1766 quidem,
2848 1712 2968 1752 cum
3000 1697 3176 1752 cibum
3201 1698 3343 1753 inter
3372 1697 3564 1753 fratres
3591 1709 3834 1768 caperet,
3859 1716 3892 1756 ι

2302 1794 2684 1848 lamentatione
2714 1793 2979 1848 cessabat.
3012 1793 3142 1859 Quae
3171 1808 3259 1846 res
3289 1795 3449 1848 etiam
3473 1794 3734 1862 permovit
3754 1794 3893 1848 mul-

2305 1895 2386 1941 tos
2424 1901 2488 1941 ex
2519 1887 2818 1953 monachis,
2851 1887 2939 1955 qui
2964 1895 3018 1942 et
3041 1887 3287 1941 dixerunt
3313 1904 3327 1941 :
3354 1887 3591 1943 Tandem
3617 1902 3646 1942 a
3676 1889 3893 1956 planctu

605 1988 800 2046 exinde
830 1987 1050 2041 omnino
1079 1960 1351 2055 gustaret;
1386 1998 1452 2037 ex
1477 1980 1596 2037 aliis
1624 1987 1802 2033 autem
1833 1976 2059 2043 panibus
2101 1974 2190 2043 qui
2222 1960 2271 2025 Β
2299 1987 2351 2032 te
2373 1978 2587 2045 cohibe,
2629 1993 2728 2033 nec
2750 1987 2918 2044 tanta,
2960 1994 3293 2049 quaesumus,
3323 1978 3617 2035 afflictione
3644 1980 3892 2050 deiicias.

607 2091 759 2138 erant
783 2078 1012 2152 appositi
1039 2091 1230 2133 manus
1272 2090 1398 2130 suas
1430 2073 1692 2144 implevit,
1722 2069 1990 2138 coepitque
2015 2084 2196 2123 come-

614 2176 765 2231 dere.
794 2174 953 2229 Pater
981 2187 1108 2242 ergo
1131 2169 1469 2225 benedictum
1512 2182 1701 2235 panem
1730 2181 1822 2236 per
1851 2167 2015 2220 frusta
2046 2178 2200 2218 com-

612 2268 883 2332 minuens,
934 2265 986 2319 in
1028 2262 1371 2318 interioribus
1400 2260 1717 2329 palmarum,
1750 2256 1973 2313 sublatis
2002 2255 2198 2311 exinde

604 2362 836 2424 ossibus,
868 2357 1121 2423 immisit;
1168 2366 1223 2412 et
1249 2357 1347 2409 has
1376 2355 1425 2409 ei
1456 2361 1659 2408 tantum
1690 2352 1850 2407 modo
1877 2351 2081 2420 palmas
2104 2364 2201 2419 ap-

604 2454 805 2526 posuit,
834 2461 893 2506 ut
914 2451 1162 2506 nesciens
1183 2448 1234 2503 id
1256 2446 1397 2518 quod
1420 2445 1617 2502 factum
1638 2456 1741 2508 est,
1767 2443 2196 2499 benedictionem

606 2547 888 2616 percipere
902 2552 1222 2600 mereretur.
1242 2542 1383 2609 Quas
1406 2539 1745 2609 adapericns,
1770 2537 1860 2593 ille
1889 2537 2057 2592 frusta
2080 2550 2200 2606 quae

609 2639 805 2708 injecta
833 2636 1049 2693 fuerant
1078 2634 1423 2705 proiiciebat;
1476 2641 1532 2687 et
1571 2632 1715 2698 ipsas
1742 2637 2051 2685 exsecratus
2088 2628 2202 2697 pal-

605 2745 745 2795 mas,
796 2730 925 2784 nihil
972 2728 1185 2799 penitus
1237 2740 1374 2782 escte
1404 2724 1620 2779 volebat
1661 2724 1930 2790 accipere.
1963 2721 2203 2788 Cumque

609 2831 762 2894 pater
791 2837 911 2876 eum
942 2822 1061 2876 sine
1100 2801 1222 2875 cibo
1263 2832 1482 2874 manere
1524 2816 1713 2870 diebus
1764 2814 2007 2884 plurimis
2055 2827 2205 2867 com-

606 2913 850 2985 pulisset,
893 2913 1037 2968 fame
1083 2919 1323 2974 coactus,
1352 2924 1416 2964 ex
1449 2907 1733 2963 benedicto
1759 2921 1895 2976 pane
1922 2904 2199 2974 percepit;

608 3020 671 3061 ac
705 3005 945 3074 protinus
975 3016 1166 3058 somno
1194 3002 1466 3069 detentus,
1497 3016 1527 3055 a
1561 3000 1798 3070 maligno
1838 2997 2028 3068 spiritu
2068 2988 2203 3051 Iibe-

606 3105 753 3152 ratus
781 3105 882 3151 est.
916 3095 1085 3163 Quem
1114 3109 1297 3149 secum
1329 3101 1480 3163 pater
1509 3092 1574 3146 ad
1602 3092 1769 3146 sancti
1800 3089 2073 3145 Pacbomii
2108 3103 2203 3143 ve-

615 3186 773 3257 stigia
805 3186 1072 3256 perduxit,
1099 3184 1324 3240 laudans
1349 3193 1404 3239 et
1427 3184 1735 3254 glorificans
1759 3184 1943 3251 Deum,
1979 3184 2068 3253 qui
2109 3199 2205 3255 per

607 3293 793 3333 servos
840 3294 966 3334 suos
1019 3288 1274 3349 operatur
1314 3277 1575 3347 magnalia
1605 3286 1659 3331 et
1684 3277 1941 3347 gloriosa,
1974 3294 2201 3347 quorum

608 3389 716 3428 non
748 3384 829 3428 est
857 3348 1130 3427 numerus.
1158 3372 1304 3427 Alias
1333 3385 1545 3441 quoque
1563 3372 1824 3426 sanitates
1849 3372 2110 3441 plurimas
2145 3373 2196 3429 in
2225 3348 2275 3414 C

607 3464 805 3518 virtute
845 3464 1014 3518 sancti
1066 3463 1294 3531 Spiritus
1336 3463 1417 3517 vir
1464 3463 1802 3517 beatissimus
1832 3461 2057 3531 faciens,
2091 3480 2197 3520 non

606 3555 988 3617 extollebatur,
1012 3569 1111 3609 nec
1134 3562 1369 3623 unquam
1394 3569 1487 3608 cor
1516 3552 1636 3621 ejus
1664 3554 1862 3609 elatum
1890 3564 1995 3609 est.
2014 3554 2197 3611 Habe-

607 3648 698 3704 bat
726 3656 905 3703 autem
934 3646 1070 3701 banc
1096 3662 1127 3700 a
1158 3646 1385 3700 Domino
1413 3646 1656 3715 gratiam,
1711 3655 1768 3699 ut
1809 3645 1949 3700 idem
1980 3660 2197 3716 semper

606 3748 665 3795 et
686 3738 911 3809 aequalis
936 3745 1083 3795 esset
1102 3737 1154 3792 in
1172 3737 1443 3802 omnibus,
1472 3736 1816 3808 animumque
1841 3738 1894 3792 in
1918 3737 2197 3807 disciplina

608 3831 818 3887 Domini
842 3830 1127 3886 sollicitum
1156 3829 1430 3885 retineret.
1457 3828 1521 3883 Et
1547 3829 1590 3882 si
1619 3828 1834 3899 quando
1856 3843 2082 3899 poscens
2101 3829 2199 3885 ali-

608 3924 736 3995 quid
764 3939 793 3978 a
826 3924 1074 3989 Domino,
1108 3923 1380 3992 petitionis
1410 3937 1520 3977 sua?
1545 3937 1650 3977 non
1672 3935 2094 3992 consequeretur
2120 3922 2198 3977 ef-

605 4016 823 4082 fectum,
852 4030 961 4071 non
983 4015 1400 4070 contristabatur
1413 4017 1654 4082 omnino,
1676 4016 1771 4070 sed
1795 4016 2199 4085 patientissime

604 4107 926 4174 sustinebat,
959 4105 1133 4161 sciens
1164 4108 1265 4160 hoc
1296 4108 1549 4175 expedire
1576 4107 1661 4161 vel
1692 4107 1791 4161 sibi
1811 4107 1891 4162 vel
1924 4108 2193 4173 omnibus,

605 4197 860 4270 quidquid
905 4198 1079 4253 divina
1134 4198 1505 4253 misericordia
1536 4200 1871 4265 censuisset;
1913 4198 2037 4269 quia
2086 4200 2195 4255 fre-

605 4299 829 4362 quenter
878 4291 1175 4345 intentione
1218 4291 1426 4345 sincera
1470 4290 1718 4344 videmur
1748 4293 2018 4360 postulare
2066 4308 2196 4348 con-

605 4386 791 4451 traria,
822 4401 941 4456 quae
972 4384 1180 4439 Domini
1207 4383 1440 4450 bonitas,
1473 4399 1595 4438 cum
1619 4400 1725 4440 non
1748 4386 2019 4449 concedit,
2056 4403 2197 4457 pra:-

603 4485 750 4530 stare
769 4476 1014 4547 dignatur
1032 4494 1046 4543 ;
1070 4482 1126 4531 et
1147 4485 1273 4531 tunc
1298 4477 1475 4545 potius
1494 4477 1789 4532 clementer
1808 4477 2049 4544 exaudit,
2071 4493 2192 4533 cum

605 4579 722 4624 vota
747 4579 944 4624 nostra:
976 4571 1290 4640 ignorantia:
1319 4578 1476 4625 nocte
1497 4570 1669 4625 velata
1700 4586 1804 4626 non
1830 4572 2057 4641 perficit.

676 4660 803 4715 Car.
846 4659 1135 4715 XXXVIII.
1161 4691 1231 4702 —
1252 4661 1477 4729 Quidam
1505 4662 1735 4733 denique
1755 4663 1991 4734 juvenis,
2023 4665 2197 4720 Silva-

605 4768 706 4809 nus
730 4752 966 4819 nomine,
1000 4754 1065 4807 de
1088 4770 1247 4809 scena
1274 4770 1586 4823 conversus,
1620 4758 1687 4812 ad
1716 4769 1955 4813 sanetum
1986 4760 2193 4815 Pacho-
2225 4736 2279 4798 D

607 4850 775 4903 tnium
799 4848 957 4909 venit,
991 4848 1177 4903 volens
1222 4854 1275 4902 in
1320 4852 1434 4918 ejus
1480 4853 1806 4907 monasterio
1850 4854 2194 4911 commorari.

606 4940 704 5007 Qui
740 4956 861 4995 cum
892 4948 1173 5009 susceptus
1202 4950 1367 5007 esset,
1427 4942 1654 4998 infectus
1678 4959 1931 5012 perversa
1961 4961 2193 5001 consue-

609 5030 793 5085 tudine
814 5029 1020 5096 saaculi,
1053 5030 1216 5084 nullis
1244 5030 1543 5099 disciplinae
1572 5034 1771 5103 regulis
1800 5044 2010 5104 poterat
2035 5050 2192 5092 coer-

607 5123 754 5184 ceri;
790 5123 1123 5192 salutemque
1149 5123 1416 5192 propriam
1447 5124 1743 5195 negligens,
1794 5128 1909 5183 dies
1940 5142 2066 5183 suos
2095 5145 2192 5182 va-

606 5214 861 5269 nitatibus
917 5214 1156 5285 pristinis
1205 5224 1365 5285 atque
1407 5216 1647 5273 ridiculis
1685 5222 2023 5289 occupabat:
2056 5222 2194 5278 adeo

607 5313 664 5358 ut
692 5308 977 5362 nonnullos
1015 5323 1079 5363 ex
1128 5308 1377 5364 fratribus
1422 5320 1712 5376 everteret,
1748 5322 1801 5367 et
1846 5313 1913 5368 ad
1960 5314 2193 5371 studium

606 5394 784 5450 simile
811 5408 1197 5455 commoveret.
1221 5400 1375 5468 Quod
1404 5402 1620 5472 plurimi
1652 5419 1756 5457 non
1787 5404 2041 5471 ferentes,
2072 5422 2194 5463 san-

606 5492 697 5538 cto
723 5483 1015 5542 Pachomio
1044 5501 1336 5563 suggerunt
1377 5501 1433 5547 ut
1460 5507 1583 5548 eum
1616 5493 1683 5548 de
1713 5498 2038 5551 monasterio
2071 5498 2191 5567 pelli

605 5576 945 5646 praeciperet.
976 5579 1057 5634 Ad
1088 5596 1245 5651 quam
1269 5599 1382 5640 rem
1409 5601 1514 5641 non
1544 5587 1625 5643 eis
1651 5589 1867 5654 annuit;
1892 5590 1986 5645 sed
2013 5606 2191 5661 aequa-

608 5667 825 5724 nimiter
851 5668 1049 5735 ferens,
1075 5672 1348 5731 admonuit
1370 5678 1650 5747 praefatum
1678 5679 1893 5737 fratrem
1916 5690 1972 5736 ut
1993 5696 2052 5738 se
2072 5698 2193 5738 cor-

609 5760 830 5829 rigeret,
878 5768 934 5815 et
981 5761 1213 5833 antiquae
1255 5771 1648 5827 conversationi
1688 5774 2039 5831 renuntiaret.
2089 5775 2227 5837 Pro.

607 5870 714 5925 quo
735 5857 891 5912 etiam
919 5856 1118 5928 iugiter
1140 5858 1368 5918 Domino
1390 5868 1744 5935 supplicabat,
1779 5878 1835 5923 ut
1863 5870 1909 5925 ei
1937 5885 2195 5940 compun-

602 5948 841 6009 ctionem
868 5952 1048 6009 cordis
1095 5950 1252 6011 solita
1281 5955 1496 6023 pietatis
1526 5961 1847 6017 abundantia
1882 5962 2184 6027 largiretur.

2299 2073 2401 2139 Qui
2429 2071 2706 2141 respondit
2732 2089 2747 2125 :
2778 2072 2954 2126 Conor
2975 2072 3212 2141 quidem,
3242 2071 3381 2128 sicut
3404 2073 3625 2143 iubetis,
3655 2088 3682 2125 a
3717 2074 3895 2145 lacry-

2302 2165 2405 2220 mis
2448 2175 2773 2233 temperare,
2807 2180 2908 2220 nec
2938 2179 3172 2234 possum.
3204 2165 3395 2221 Pectus
3421 2165 3563 2221 enim
3597 2181 3773 2222 meum
3802 2181 3897 2223 ve-

2301 2256 2403 2312 luti
2433 2257 2674 2327 quaedam
2706 2257 2919 2311 ﬂamma
2952 2258 3294 2326 comburens,
3346 2260 3584 2329 quietum
3636 2274 3723 2315 me
3774 2274 3899 2318 esse

2302 2365 2407 2404 non
2436 2350 2582 2404 sinit.
2612 2348 2844 2404 Rursum
2878 2349 2976 2419 ipsi
3007 2348 3258 2405 dixerunt
3290 2369 3303 2404 :
3336 2351 3488 2420 Apud
3519 2360 3571 2405 te
3600 2350 3651 2404 in
3681 2360 3895 2406 secreto

2303 2452 2416 2507 tuo,
2443 2444 2525 2498 vel
2549 2453 2697 2499 certe
2729 2444 2781 2497 in
2810 2443 3142 2499 orationibus
3174 2444 3437 2516 plangito;
3466 2459 3585 2500 cum
3613 2458 3742 2499 vero
3766 2459 3899 2500 con—

2304 2538 2548 2592 venimus
2578 2538 2643 2592 ad
2675 2553 2933 2604 mensam,
2962 2538 3139 2594 cibum
3162 2553 3376 2594 sumere
3399 2538 3589 2608 debes,
3616 2548 3671 2593 et
3698 2553 3728 2592 a
3758 2538 3899 2594 ﬂeti-

2303 2630 2403 2684 bus
2434 2629 2726 2686 abstinere.
2760 2630 2895 2685 Nam
2921 2631 3176 2701 possibile
3200 2640 3286 2687 est
3306 2630 3538 2685 animam
3561 2639 3615 2686 et
3636 2631 3753 2686 sine
3778 2631 3900 2687 istis

2306 2725 2663 2780 exterioribus
2693 2725 2943 2795 lar-rymis
2970 2740 3183 2793 semper
3220 2725 3273 2779 in
3304 2727 3716 2794 compunctioue
3771 2739 3896 2796 per-

2307 2816 2499 2871 sistere
2528 2835 2540 2869 :
2567 2818 2693 2887 quia
2725 2817 2903 2886 plures
2931 2833 2963 2873 e
2986 2816 3239 2873 fratribus
3269 2817 3512 2874 videntes
3557 2826 3609 2874 te
3653 2818 3897 2885 flentem,

2312 2910 2639 2965 manducare
2662 2927 2767 2965 non
2794 2920 3035 2980 possunt.
3070 2911 3136 2966 Et
3163 2912 3424 2982 cogebant
3441 2926 3561 2967 eum
3593 2910 3771 2977 fateri,
3802 2927 3897 2967 cur

2307 3002 2379 3056 ita
2404 3016 2463 3056 se
2489 3003 2602 3057 suis
2631 3002 2861 3058 dilueret
2906 3002 3138 3059 fletibus.
3170 3003 3321 3058 Tunc
3362 3005 3437 3057 ait
3478 3002 3544 3058 ad
3587 3018 3680 3058 eos
3726 3019 3742 3057 :
3780 3003 3898 3060 Non

2307 3095 2466 3150 vultis
2498 3104 2554 3149 ut
2580 3096 2846 3166 plangam,
2880 3111 3002 3151 cum
3031 3097 3238 3152 videam
3268 3112 3354 3152 me
3383 3097 3548 3152 foveri
3579 3098 3765 3152 multis
3795 3098 3895 3153 ob-

2306 3185 2507 3256 sequiis
2535 3196 2840 3241 sanctorum
2876 3186 3100 3241 fratrum
3130 3205 3142 3242 :
3175 3202 3399 3257 quorum
3427 3197 3481 3243 et
3510 3187 3679 3257 pulvis
3699 3189 3899 3258 pedum

2310 3278 2442 3331 mihi
2471 3278 2808 3333 venerandus
2849 3286 2951 3345 est,
3004 3293 3104 3334 nec
3144 3280 3223 3335 eis
3265 3294 3350 3335 me
3401 3279 3648 3335 conferre
3678 3279 3903 3350 dignum

2306 3384 2525 3441 prorsus
2561 3370 2835 3426 existimo.
2868 3371 2981 3425 Non
3006 3385 3133 3441 ergo
3162 3371 3432 3441 plangam,
3463 3372 3604 3443 quod
3636 3372 3798 3427 homo
3832 3372 3905 3429 de

2306 3478 2467 3520 scena
2498 3464 2678 3519 multis
2704 3466 2937 3534 peccatis
2981 3466 3271 3532 obnoxius,
3308 3465 3496 3521 officia
3530 3477 3671 3523 tanta
3718 3468 3906 3538 perci-

2307 3557 2485 3625 piatn?
2514 3555 2699 3611 Timeo
2727 3556 2881 3611 valde
2911 3572 3000 3620 ne,
3032 3557 3170 3611 sicut
3200 3556 3405 3613 Dathan
3449 3570 3503 3614 et
3532 3558 3756 3628 Abirou,
3810 3575 3906 3616 me

2304 3662 2518 3717 quoque
2541 3647 2818 3717 profanum
2838 3646 2984 3702 hiatu
3005 3663 3103 3703 suo
3125 3658 3262 3703 terra
3284 3649 3571 3719 deglutiat(
3579 3649 3743 3704 Num.
3759 3655 3906 3722 xvr).

2306 3740 2386 3794 Illi
2418 3755 2646 3809 namque
2673 3742 2851 3809 impiis
2876 3742 3093 3795 ausibus
3113 3743 3466 3813 manibusque
3510 3743 3728 3812 pollutis
3770 3759 3906 3801 san-

2305 3843 2390 3888 cta
2416 3834 2631 3889 sibimet
2663 3849 2926 3903 usurpare
2951 3845 3325 3903 tentaverunt;
3350 3851 3450 3907 ego
3470 3852 3599 3893 vero
3628 3848 3748 3904 post
3773 3847 3907 3895 tan-

2304 3934 2410 3979 tam
2439 3924 2794 3994 cognitionem
2818 3925 2979 3979 divini
3004 3927 3263 3994 muneris,
3288 3928 3483 3982 animae
3509 3942 3640 3981 mea:
3666 3928 3905 3986 salutem

2304 4018 2577 4073 desidiosa
2608 4020 3023 4077 conversatione
3049 4019 3281 4089 neglexi.
3313 4019 3437 4075 ldeo
3458 4020 3651 4091 quippe
3678 4020 3779 4075 ista
3810 4038 3907 4078 re.

2304 4109 2512 4174 colens,
2562 4124 2668 4163 non
2728 4110 2990 4165 erubesco
3038 4109 3167 4165 flere
3215 4124 3394 4165 coram
3450 4111 3720 4174 omnibus,
3772 4114 3906 4181 quia

2304 4202 2467 4257 multa
2494 4203 2726 4257 facinora
2752 4217 2869 4258 mea
2901 4216 3019 4257 esse
3042 4216 3327 4273 cognosco,
3353 4203 3696 4274 qumiugibns
3722 4204 3905 4277 lacry-

2302 4309 2509 4349 marum
2537 4294 2770 4348 fontibus
2795 4294 3018 4349 debeam
3036 4294 3274 4363 expiare.
3300 4295 3457 4365 129
3481 4295 3634 4363 Quod
3655 4296 3697 4350 si
3724 4297 3901 4364 ipsam

2303 4387 2559 4441 miseram
2605 4389 2835 4441 animam
2888 4400 3059 4441 meam
3096 4402 3189 4454 per
3232 4388 3464 4442 lamenta
3515 4388 3900 4455 diffunderem,

2304 4481 2437 4536 nihil
2485 4480 2716 4535 facerem
2766 4495 3035 4550 magnum,
3070 4482 3195 4551 quia
3223 4482 3424 4535 nullum
3456 4497 3553 4551 pro
3579 4484 3732 4537 factis
3760 4488 3904 4542 meis

2302 4575 2357 4629 in
2389 4573 2640 4645 praesenti
2669 4573 2885 4644 dignum
2920 4589 3135 4643 possum
3166 4574 3405 4644 reperire
3425 4574 3764 4645 supplicium.

2372 4670 2611 4737 Cumque
2641 4683 2734 4739 per
2760 4667 2878 4721 dies
2907 4668 3141 4738 singulos
3186 4668 3325 4723 idem
3356 4668 3526 4725 frater
3553 4669 3618 4724 ad
3670 4670 3900 4726 meliora

2303 4764 2589 4830 proficeret
2608 4803 2623 4830 ,
2654 4775 2945 4829 omnesque
2974 4762 3353 4830 propemodum
3383 4761 3437 4816 in
3480 4762 3779 4818 humilitate
3805 4780 3902 4818 su-

2308 4863 2547 4923 peraret,
2579 4854 2651 4907 ita
2682 4856 2749 4909 de
2790 4868 2855 4909 eo
2896 4863 3114 4910 sanctus
3160 4853 3477 4910 Pachumius
3505 4855 3668 4925 coepit
3708 4870 3900 4912 coram

2304 4946 2552 4999 omnibus
2582 4944 2796 4999 dicere:
2831 4943 3024 5000 Testor
3056 4959 3175 5011 vos,
3219 4944 3411 5000 fratres
3440 4960 3503 5000 ac
3549 4945 3676 5011 filii,
3704 4960 3898 5004 coram

2304 5038 2415 5092 Deo
2445 5048 2499 5092 et
2542 5038 2742 5093 sanctis
2769 5038 2885 5108 ejus
2932 5039 3156 5108 angelis,
3185 5042 3307 5109 quia
3352 5055 3417 5096 ex
3448 5055 3554 5111 quo
3582 5041 3899 5099 coenobium

2306 5127 2407 5182 hoc
2438 5128 2712 5182 fundatum
2761 5138 2875 5197 est,
2912 5131 3116 5185 nullum
3161 5131 3229 5187 de
3268 5132 3523 5187 fratribus
3563 5132 3654 5203 qui
3682 5149 3902 5192 mecum

2301 5228 2426 5275 sunt
2454 5220 2537 5273 vel
2579 5221 2825 5288 fuerunt,
2855 5223 3209 5278 humilitatem
3259 5240 3431 5280 meam
3481 5236 3726 5283 secutum
3771 5243 3902 5286 esse

2300 5318 2585 5381 cognosco.
2619 5312 2717 5365 nisi
2760 5328 2921 5368 unum
2954 5314 3338 5371 mutummodo.
3371 5318 3508 5383 Quo,
3541 5315 3759 5386 fratres,
3787 5334 3894 5373 au-

2300 5402 2432 5467 dito,
2464 5406 2701 5459 nonnulli
2733 5407 2989 5473 putabant
3020 5407 3160 5462 hunc
3187 5424 3351 5463 unum
3380 5423 3501 5465 esse
3519 5410 3899 5478 Theodorum,

2300 5497 2393 5551 alii
2425 5496 2764 5565 Petronium,
2798 5500 2887 5554 alii
2918 5514 3045 5554 vero
3071 5500 3368 5556 Orsesium.
3400 5502 3641 5575 Cumque
3674 5512 3896 5574 rogaret

2300 5587 2617 5643 Theodorus
2655 5605 2806 5654 eum,
2846 5598 2902 5643 ut
2945 5590 3064 5660 quis
3111 5592 3197 5646 ille
3239 5602 3383 5648 esset
3429 5594 3805 5665 depromeret,
3834 5603 3899 5651 et

2299 5692 2517 5736 sanctus
2540 5683 2620 5736 vir
2639 5682 2876 5758 indicare
2904 5682 3174 5751 differret,
3201 5700 3387 5742 rursus
3416 5701 3540 5742 eum
3573 5687 3899 5744 Theodorus

2299 5774 2648 5831 vehementer
2668 5776 2905 5847 urgebat.
2931 5777 3036 5833 Alii
3062 5792 3276 5850 quoque
3296 5781 3525 5849 maiores
3546 5795 3611 5836 ex
3633 5779 3897 5836 fratribus

2300 5868 2586 5937 plurimum
2618 5872 2972 5939 precabantur
2997 5880 3056 5927 ut
3081 5872 3284 5930 diceret
3312 5874 3432 5945 quis
3456 5884 3599 5930 esset
3622 5876 3709 5929 cui
3743 5876 3901 5931 testi-

2301 5958 2539 6017 monium
2565 5962 2671 6020 tale
2694 5963 3016 6032 perhiberet.
3040 5964 3189 6023 Tunc
3213 5965 3495 6036 respondit
3523 5964 3846 6023 Pacltomius
3878 5983 3895 6019 :
