4142 6350
280 379 380 432 257

1072 376 1226 432 VlTA
1268 376 1511 434 SANCTI
1554 375 1883 434 PACHOM‘H
1919 375 2211 434 ABBATIS
2251 379 2746 438 TABENNENSIS.

3444 383 3554 438 238

277 491 336 548 Si
377 504 572 548 scirem
613 505 735 545 eum
773 489 838 545 de
885 504 990 559 quo
1039 491 1278 546 dicturus
1321 507 1438 546 sum
1484 506 1632 546 vanae
1677 490 1864 559 gloriae
1889 489 1941 549 A
1969 501 2249 559 cmperunt
2279 503 2526 562 parentes
2553 493 2820 558 defuncti,
2852 494 3131 562 culpantes
3153 509 3299 561 eum,
3332 495 3550 550 dicere:

276 583 509 642 stimulis
555 581 800 648 incitari,
850 597 1123 650 nunquam
1174 598 1298 638 eum
1344 583 1717 648 ostenderem;
1769 579 1865 636 sed

275 679 401 747 quia
451 676 804 745 proculdubio
849 676 1014 735 credo
1066 677 1207 747 quod
1256 693 1349 744 per
1393 678 1589 732 Christi
1638 680 1862 748 gratiam

274 776 532 837 quantum
579 767 748 821 laudis
789 767 837 822 ei
887 769 1203 833 accesserit,
1251 776 1452 824 tantum
1504 770 1617 837 ipse
1667 783 1861 823 munus

275 861 595 916 humilitatis
619 861 890 930 acquiret,
919 861 1138 927 idcirco,
1165 873 1222 916 ut
1247 877 1364 918 eum
1395 863 1610 931 possitis
1639 862 1857 928 imitari,

272 956 393 1010 sine
420 963 568 1010 metu
599 955 773 1023 palam
804 954 1110 1010 beatiﬁcare
1139 972 1240 1009 non
1268 956 1479 1010 desino.
1508 956 1587 1010 Tu
1613 955 1825 1024 quidem
1845 995 1859 1019 ,

272 1046 580 1113 Theodore,
609 1058 660 1100 et
690 1048 989 1116 quicunque
1040 1048 1112 1101 tui
1158 1055 1283 1102 sunt
1310 1049 1532 1114 similes,
1565 1047 1776 1102 fortiter
1806 1048 1858 1100 in

271 1141 604 1196 monasterio
651 1152 941 1205 certantes,
972 1139 1240 1195 diabolum
1286 1142 1530 1196 vinxistis
1573 1151 1625 1194 ut
1676 1155 1860 1209 passe-

272 1249 389 1289 rem
425 1232 562 1303 (57),
589 1245 643 1288 et
691 1233 791 1287 sub
822 1233 1012 1288 vestris
1050 1232 1272 1302 pedibus
1305 1233 1542 1288 allisistis
1581 1247 1734 1297 eum,
1769 1247 1862 1299 per

273 1326 371 1381 Dei
398 1326 621 1395 gratiam
648 1325 1025 1380 conculcantes
1053 1337 1110 1380 ut
1141 1327 1450 1394 pulverem';
1484 1325 1573 1380 sed
1604 1329 1650 1380 si
1692 1325 1859 1397 (quod

270 1417 436 1486 absit)
488 1415 834 1486 neglexeritis
865 1416 916 1468 in
955 1416 1155 1484 aliquo,
1189 1431 1517 1484 consurgens
1567 1415 1612 1469 is
1642 1416 1733 1485 qui
1762 1416 1861 1469 sub

269 1508 512 1578 vestigiis
545 1509 739 1562 vestris
769 1516 882 1572 est,
915 1507 1174 1564 adversus
1203 1524 1302 1564 vos
1334 1509 1480 1578 gravi
1529 1509 1705 1564 furere
1737 1507 1860 1564 bac-

267 1599 536 1654 ehabitur.
568 1598 792 1655 Juvenis
817 1609 996 1654 autem
1028 1598 1295 1662 Silvanus,
1328 1615 1486 1668 quem
1514 1599 1713 1654 dudum
1743 1615 1861 1668 pro-

265 1700 390 1762 pter
432 1693 807 1762 negligentiam
847 1692 915 1747 de
963 1695 1290 1748 monasterio
1342 1694 1541 1761 pellere
1572 1695 1851 1761 volebatis,

265 1785 344 1840 ita
376 1785 664 1855 prosuavit
689 1785 960 1840 inimicum
980 1827 995 1853 ,
1023 1796 1077 1840 et
1103 1803 1133 1838 a
1165 1785 1276 1839 suis
1301 1785 1548 1843 sensibus
1572 1783 1852 1856 effugavit,

1970 582 2108 650 Quid
2137 594 2219 638 est
2251 586 2349 640 hoc
2389 588 2752 654 spectaculum
2791 588 3022 641 novum?
3050 590 3180 654 Quis
3208 588 3401 642 mortui
3446 603 3553 642 non

1966 678 2308 745 misereatur,
2342 681 2466 737 licet
2498 682 2569 736 sit
2615 683 2902 737 inimicus?
2933 685 3215 739 Sufﬁciens
3245 701 3342 755 per
3371 699 3430 740 se
3472 695 3555 740 est

1963 770 2076 838 ipsa
2127 772 2423 828 calamitas.
2475 773 2624 839 Noli,
2674 790 3010 844 quaesumus,
3071 776 3269 832 inferre
3319 787 3551 843 mortuo,

1963 861 2103 928 quod
2140 878 2239 918 nec
2279 865 2468 919 bellua:
2512 865 2784 931 facerent,
2828 883 2925 922 nec
2970 877 3110 922 tuam
3155 867 3416 923 condecet
3462 885 3554 938 pe-

1965 953 2105 1008 nitus
2134 957 2490 1010 sanctitatem.
2522 957 2650 1011 Nam
2677 968 2731 1012 et
2761 974 2857 1014 nos
2890 960 3013 1014 hinc
3042 971 3288 1015 notamur
3316 959 3553 1014 maximo

1964 1046 2272 1114 opprobrio,
2297 1049 2505 1117 aliaque
2531 1053 2922 1120 quamplurima
2953 1057 3321 1116 suspicionum
3351 1056 3543 1122 probra

1966 1150 2279 1196 nascuntur.
2313 1141 2523 1196 Utinam
2558 1159 2829 1214 nunquam
2863 1144 2928 1197 ad
2977 1145 3116 1200 hunc
3163 1147 3332 1200 locum
3368 1146 3552 1200 venis—

1968 1235 2179 1287 semus!
2211 1235 2409 1289 utinam
2455 1251 2554 1290 nec
2593 1237 2694 1291 iste
2736 1237 3031 1292 monachus
3082 1238 3266 1293 fuisset
3295 1238 3549 1294 effectus!

1969 1338 2074 1375 non
2107 1324 2249 1378 hunc
2277 1335 2533 1381 aeternum
2565 1328 2803 1382 dnlorem
2845 1329 2996 1383 nobis
3047 1329 3329 1398 infligeret.
3375 1329 3552 1398 Roga-

1967 1431 2086 1469 mus
2126 1433 2254 1489 ergo
2282 1431 2338 1473 ut
2367 1421 2576 1474 solitam
2610 1422 2958 1488 psalmodiam
2990 1422 3239 1478 defuncto
3278 1425 3550 1479 restituas.

1964 1506 2064 1573 Qui
2095 1513 2426 1577 respondens
2453 1521 2528 1565 ait
2554 1530 2564 1564 :
2598 1512 2756 1577 Vere,
2785 1511 2977 1567 fratres
3005 1529 3070 1567 ac
3102 1514 3218 1581 ﬁlii,
3251 1515 3370 1580 plus
3404 1514 3556 1569 vobis

1965 1603 2248 1666 praesentis
2301 1602 2496 1655 mortui
2543 1603 2823 1668 misereor,
2872 1605 3132 1659 intentum
3184 1614 3242 1658 ut
3287 1606 3437 1660 vobis
3489 1606 3554 1661 de

1965 1687 2165 1743 visibili
2192 1705 2250 1746 re
2279 1707 2339 1746 ac
2371 1695 2647 1761 temporali
2690 1696 3022 1761 curantibus,
3074 1711 3175 1766 ego
3204 1698 3271 1752 de
3298 1697 3552 1753 invisibili

1963 1781 2080 1849 ejus
2118 1785 2414 1840 substantia
2443 1789 2858 1845 sollicitudinem
2885 1805 3099 1860 geram,
3129 1801 3185 1846 et
3210 1792 3409 1847 idcirco
3439 1793 3554 1848 haec

267 1887 328 1932 ut
357 1893 616 1948 nusquam
640 1892 819 1934 coram
849 1894 914 1933 eo
943 1886 1277 1948 compareat,
1308 1878 1518 1948 altaque
1548 1879 1850 1933 humilitate
1884 1881 1933 1942 Β
1958 1887 2083 1943 erga
2123 1889 2247 1930 eum
2296 1878 2412 1932 ﬁeri
2462 1879 2772 1935 decernam.
2803 1881 2871 1935 Et
2918 1897 3014 1936 vos
3058 1883 3271 1952 quidem
3322 1883 3554 1952 majores

263 1987 390 2026 eum
424 1987 519 2042 per
544 1971 723 2028 omnia
757 1972 1048 2041 superavit.
1086 1972 1151 2026 Et
1173 1986 1268 2026 vos
1296 1973 1510 2041 quidem
1539 1971 1732 2028 fratres
1761 1972 1856 2026 ha-

262 2065 458 2121 bentes
485 2080 649 2134 opera
685 2064 929 2134 jusutize,
965 2067 1017 2118 in
1050 2063 1134 2119 bis
1172 2080 1294 2134 quae
1332 2064 1593 2134 gessistis,
1637 2066 1854 2135 gloriosi

262 2155 568 2220 confiditis;
606 2155 692 2210 hic
715 2167 894 2210 autem
919 2164 1118 2225 quanto
1152 2153 1338 2209 fui-tius
1365 2165 1592 2226 pugnat,
1623 2163 1768 2210 tanto
1797 2171 1856 2211 se

262 2249 592 2304 deteriorem
639 2249 886 2303 omnibus
913 2247 1147 2316 judicat.
1179 2263 1250 2302 ex
1285 2255 1392 2302 tota
1425 2259 1605 2303 mente
1637 2257 1855 2316 totaque

261 2346 466 2396 virtute
510 2341 748 2395 inutilem
787 2355 846 2395 se
895 2340 1290 2408 reprobumque
1323 2341 1694 2408 pronuntians.
1731 2340 1856 2395 Ideo

257 2433 501 2502 denique
529 2443 583 2487 et
613 2432 878 2502 lacrymas
915 2432 1073 2487 habet
1112 2433 1165 2486 in
1197 2442 1474 2502 promptu,
1508 2433 1630 2502 quia
1661 2442 1856 2487 semetr

257 2525 441 2595 ipsum
475 2525 632 2579 nimis
676 2525 921 2579 humiliat
964 2535 1018 2577 et
1058 2524 1307 2590 inclinat,
1352 2540 1448 2578 nec
1488 2523 1711 2592 alioujus
1741 2540 1860 2578 mo-

255 2617 432 2671 menti
464 2618 607 2686 quod
636 2622 864 2688 gesserit
906 2620 1191 2673 existimat.
1229 2618 1508 2672 Diabolum
1549 2625 1729 2672 autem
1780 2617 1854 2672 nil

255 2709 331 2763 ita
377 2709 555 2764 reddit
586 2710 909 2776 invalidum,
942 2712 1078 2766 sicut
1110 2711 1382 2766 humilitas
1411 2711 1476 2765 de
1505 2711 1667 2766 corde
1698 2726 1851 2779 puro,

255 2801 347 2856 cui
381 2812 560 2858 tamen
587 2804 936 2858 correctionis
962 2819 1120 2873 opera
1147 2803 1440 2874 probantur
1464 2805 1733 2872 adjuncta.
1764 2804 1855 2860 Sic

255 2897 449 2966 itaque
481 2898 704 2954 viriliter
751 2899 1020 2954 antelatus
1063 2897 1277 2966 juvenis
1323 2898 1570 2952 Silvanus
1614 2913 1705 2968 per
1732 2908 1854 2953 octo

254 3003 527 3044 annorum
576 2990 839 3045 curricula
870 2990 980 3046 Deo
1022 2990 1284 3057 militans,
1325 3005 1542 3046 cursum
1587 2993 1713 3046 vita:
1741 3006 1852 3045 suae

252 3081 439 3136 ﬁniVit
469 3082 519 3136 in
563 3098 713 3151 pace.
757 3082 832 3138 De
872 3082 1029 3153 cujus
1075 3083 1219 3138 exitu
1269 3091 1494 3138 testatus
1533 3091 1619 3138 est
1667 3083 1854 3138 beatus

253 3171 608 3242 Pachomius,
657 3174 802 3244 quod
852 3175 1141 3230 multitudo
1186 3185 1495 3230 sanctorum
1540 3176 1850 3244 angelorum

1959 1961 2034 2016 illi
2066 1963 2282 2019 dolores
2315 1983 2410 2035 per
2437 1968 2579 2023 hunc
2606 1969 2897 2038 honorem,
2928 1987 3085 2041 quem
3121 1975 3338 2041 putatis,
3373 1975 3556 2043 acqui-

1957 2055 2105 2120 rilis;
2135 2071 2232 2126 ego
2253 2071 2428 2113 autem
2461 2063 2983 2132 quantulamcunque
3011 2065 3058 2118 ei
3091 2060 3444 2134 requiem'vel
3465 2081 3554 2119 sa-

1957 2145 2320 2204 tisfactionem
2341 2152 2454 2221 (59)
2485 2169 2582 2223 per
2604 2155 2742 2209 hanc
2764 2156 3013 2225 injuriam
3042 2173 3302 2225 praeparo.
3329 2159 3554 2226 Propter

1957 2241 2097 2308 quod
2146 2256 2252 2295 non
2299 2258 2432 2298 curo
2472 2260 2568 2314 pro
2616 2251 2717 2302 hoc
2756 2247 2986 2301 exanimi
3023 2248 3178 2319 13o
3207 2252 3552 2317 corpusculo,

1957 2331 2054 2387 sed
2093 2347 2188 2402 pro
2218 2335 2504 2391 immortali
2552 2338 2672 2408 ejus
2712 2339 2890 2394 anima
2929 2349 3136 2410 satago,
3169 2356 3287 2411 quae
3318 2352 3373 2397 et
3413 2343 3551 2398 hanc
3583 2406 3592 2413 _

1955 2439 2173 2481 carnem
2205 2442 2389 2482 rursus
2416 2431 2468 2483 in
2498 2433 2894 2486 resurrectione
2935 2440 3216 2500 receptura
3246 2443 3330 2488 est
3374 2433 3551 2488 incor-

1958 2531 2171 2588 ruptam
2203 2533 2258 2577 et
2286 2522 2571 2594 integram.
2607 2525 2764 2594 Alias,
2784 2536 2961 2580 autem
2994 2527 3037 2580 si
3069 2525 3172 2580 hoc
3210 2528 3349 2596 quod
3391 2528 3552 2582 vultis

1957 2627 2221 2684 annuero,
2256 2616 2420 2670 veluti
2461 2618 2678 2687 placens
2719 2617 3020 2673 hominibus
3044 2618 3358 2688 judicabor;
3391 2629 3552 2689 atque

1958 2715 2018 2761 ut
2052 2708 2117 2762 ad
2155 2724 2396 2778 praesens
2435 2710 2588 2765 vobis
2617 2711 2946 2766 satisfecisse
2975 2712 3180 2780 videar,
3212 2712 3263 2767 id
3298 2711 3549 2781 dispicio.

1957 2798 2103 2866 quod
2131 2801 2179 2853 ei
2226 2801 2482 2869 prodesse
2513 2801 2707 2868 poterit
2734 2801 2787 2855 iu
2820 2802 3018 2856 futuro.
3045 2803 3185 2857 Fons
3214 2802 3357 2856 enim
3399 2802 3553 2856 boui-

1960 2890 2082 2944 tatis
2125 2890 2264 2944 Deus
2312 2899 2493 2945 noster
2531 2893 2789 2958 existens,
2831 2907 3144 2948 occasiones
3189 2893 3409 2963 quaerit,
3457 2909 3551 2962 per

1959 2997 2091 3053 quas
2119 2985 2371 3052 opulenta
2403 2998 2563 3053 super
2596 3000 2694 3038 nos
2721 2986 2842 3039 data
2891 2986 3106 3054 pietatis
3136 3001 3244 3038 sua:
3277 2986 3550 3052 effundat,

1958 3077 2304 3145 remittatque
2327 3076 2482 3130 nobis
2516 3085 2754 3143 peccata,
2781 3091 2888 3131 non
2918 3078 3092 3131 solum
3122 3077 3176 3130 in
3207 3075 3307 3130 hoc
3329 3078 3549 3142 stmulo,

1957 3169 2050 3222 sed
2082 3169 2242 3222 etiam
2285 3170 2339 3222 in
2375 3169 2567 3224 futuro.
2599 3169 2731 3223 Nam
2774 3183 2895 3221 cum
2941 3169 3083 3223 dicat
3129 3170 3182 3224 in
3233 3169 3546 3240 Evangelio,

252 3281 386 3320 cum
433 3281 622 3337 magna
675 3266 856 3322 laetitia
906 3275 1181 3323 sumentes
1226 3267 1459 3321 animam
1510 3267 1655 3334 ejus,
1711 3263 1926 3326 velutC
1959 3263 2046 3332 qui
2089 3263 2541 3331 blasphcmaverit
2587 3264 2640 3316 in
2688 3262 2944 3332 Spiritum
2998 3271 3273 3329 sanctum,
3309 3279 3414 3318 non
3461 3279 3550 3320 re-

252 3360 491 3418 electam
521 3360 749 3416 hostiam
780 3359 980 3418 Christi
1007 3361 1384 3430 conSpectibus
1415 3358 1743 3414 obtulerunt.

325 3453 464 3508 Car.
500 3453 740 3508 XXXIV.
766 3483 837 3494 —
867 3453 1066 3509 Eodem
1115 3463 1358 3522 tempore
1405 3451 1581 3506 Panos
1622 3451 1852 3504 civitatis

199 3549 204 3554 '
251 3544 573 3613 episcopus,
608 3544 774 3601 Varus
803 3551 1017 3601 nomine
1041 3545 1178 3618 (38),
1211 3561 1306 3615 per
1326 3546 1499 3599 omnia
1529 3543 1850 3598 venerabilis

251 3648 317 3688 ac
368 3633 481 3688 Deo
528 3633 756 3701 deditus,
793 3647 1058 3705 rectthue
1085 3635 1214 3690 ﬁdei
1248 3635 1671 3690 ferventissimus
1699 3649 1852 3687 ama-

253 3738 346 3782 tor
397 3728 673 3795 existens,
725 3730 926 3784 audivit
979 3729 1382 3799 dispositionem
1429 3727 1852 3784 conversationis

251 3817 564 3873 Pacliomii.
597 3819 765 3886 Quem
808 3820 984 3876 missis
1031 3821 1270 3890 epistolis
1298 3821 1568 3886 evocavit,
1611 3819 1852 3890 plurimis

251 3911 444 3966 verbis
472 3926 704 3968 exorans
731 3922 787 3967 ut
823 3913 983 3968 etiam
1016 3914 1159 3968 circa
1209 3915 1478 3969 civitatem
1519 3913 1638 3982 ejus
1669 3928 1852 3966 mona—

251 4004 430 4060 steria
468 4017 650 4076 optata
681 4015 1046 4062 construeret.
1078 3989 1317 4076 Cumque
1356 4007 1538 4061 multis
1576 4021 1642 4060 ex
1673 4008 1851 4061 causis

256 4101 520 4169 precibus
574 4101 927 4171 acquievisset
977 4102 1247 4171 episcopi,
1300 4104 1425 4155 dum
1485 4109 1732 4169 properat
1783 4098 1851 4152 ad

253 4211 389 4252 eum
411 4235 426 4260 ,
453 4195 658 4266 justum
689 4196 917 4251 credidit
955 4205 1012 4250 ut
1053 4211 1148 4266 per
1191 4197 1290 4250 iter
1317 4195 1496 4250 omnia
1529 4193 1850 4249 monasteria

252 4305 386 4360 quae
407 4289 475 4342 ab
500 4303 566 4343 eo
594 4290 938 4358 curabantur,
969 4290 1242 4345 inviseret.
1267 4292 1333 4345 Et
1357 4305 1478 4343 cum
1509 4289 1598 4343 uni
1627 4303 1689 4343 ex
1722 4288 1852 4356 ipsis

257 4366 614 4438 monasteriis
645 4385 1053 4454 propinquasset
1071 4428 1086 4452 ,
1112 4384 1392 4455 cujusdam
1420 4384 1599 4440 fratris
1622 4383 1853 4439 occurrit

253 4478 561 4545 exsequiis,
586 4478 676 4546 qui
699 4481 858 4532 vitam
887 4492 1038 4532 suam
1066 4479 1395 4548 negligenter
1421 4485 1847 4546 consumpserat.

255 4567 491 4624 Fratres
516 4578 695 4623 autem
727 4568 892 4639 ipsius
922 4569 1231 4625 monasterii
1259 4567 1419 4625 funus
1448 4570 1848 4638 prosequeban-

1957 3355 2197 3408 mittetur
2225 3355 2308 3421 ei,
2337 3369 2510 3424 neque
2540 3355 2592 3408 in
2639 3355 2740 3410 hoc
2769 3356 2986 3420 saeculo,
3017 3370 3189 3424 neque
3234 3356 3288 3410 in
3334 3355 3545 3422 futuro,

1957 3446 2048 3500 dat
2079 3446 2446 3500 indubitanter
2476 3446 2704 3514 intelligi
2735 3447 2873 3515 quod
2902 3457 3026 3501 sunt
3054 3446 3295 3517 quaedam
3325 3450 3544 3518 delicta,

1955 3546 2327 3607 quiepossunt
2363 3546 2418 3592 et
2443 3545 2564 3605 post
2588 3537 2729 3593 hanc
2757 3538 2947 3605 vitam,
2975 3537 3020 3592 si
3051 3553 3148 3608 pro
3172 3538 3250 3593 eis
3281 3539 3548 3610 supplice-

1955 3640 2063 3693 tur,
2093 3628 2293 3698 ignosci
2322 3627 2535 3698 (Matth.
2568 3627 2686 3695 xu).
2716 3628 2824 3682 an
2852 3645 2979 3700 ergo
3009 3645 3144 3698 quos
3190 3631 3380 3702 dignos
3403 3632 3545 3699 judi-

1955 3722 2154 3777 dicavit
2197 3722 2397 3777 Christi
2442 3723 2676 3791 potentia
2724 3723 2918 3777 divina:
2966 3739 3078 3778 suae
3130 3725 3544 3794 dispensationis

1954 3831 2209 3871 exercere
2258 3815 2617 3882 medicinam,
2661 3817 2708 3870 si
2759 3832 2862 3871 non
2914 3815 3200 3886 unicuique
3246 3832 3548 3887 congruens

1955 3908 2285 3978 adjutorium
2311 3909 2664 3978 proferamus,
2694 3910 2936 3980 profecto
2963 3910 3124 3965 veluti
3149 3921 3548 3982 contemptores

1958 4003 2371 4070 aestimabimur,
2413 4013 2468 4058 et
2511 4004 2789 4059 audiemus
2829 4004 2958 4060 illud
3002 4006 3142 4076 quod
3181 4007 3437 4077 scriptum
3465 4016 3550 4064 est

1954 4100 2011 4154 in
2063 4097 2341 4168 prophetia
2385 4098 2523 4168 (Act.
2553 4113 2680 4165 xui;
2716 4098 2916 4155 Habac.
2944 4101 2989 4170 ι)
3020 4117 3035 4156 :
3083 4101 3268 4157 Videte
3307 4109 3549 4158 contem-

1955 4199 2136 4262 ptores
2185 4201 2240 4246 et
2290 4191 2667 4257 admiramini,
2715 4199 2769 4247 et
2824 4192 3221 4264 disperdimini.
3275 4193 3342 4249 Et
3393 4195 3545 4262 ideo,

1953 4300 2160 4355 quaeso,
2191 4285 2350 4340 sinite
2374 4282 2688 4340 defunctum
2709 4300 2739 4340 a
2767 4287 2998 4358 propriis
3028 4288 3183 4343 malis
3207 4287 3545 4358 aliquatenus

1954 4379 2114 4448 exui,
2161 4389 2216 4434 et
2261 4381 2781 4449 quantulamcunque
2830 4379 3072 4448 requiem
3120 4383 3176 4434 in
3223 4380 3314 4434 illo
3363 4381 3544 4437 futuro

1954 4474 2202 4528 examine
2233 4474 2551 4543 promereri.
2584 4472 2820 4541 Sepelite
2849 4488 2977 4542 ergo
3007 4487 3128 4528 eum
3155 4474 3273 4529 sine
3304 4476 3544 4543 psalmis,

1955 4573 2013 4618 ut
2035 4565 2164 4620 dixi.
2195 4565 2387 4620 Potens
2413 4575 2495 4619 est
2516 4565 2712 4619 etenim
2743 4564 2881 4618 Deus
2906 4563 3164 4631 benignus
3204 4575 3260 4620 et
3283 4566 3545 4633 clemens,

257 4669 353 4716 tur
387 4661 706 4728 honoriﬁce,
739 4661 974 4730 psalmos
1004 4661 1189 4716 solitos
1215 4661 1582 4727 concinentes,
1621 4675 1855 4730 praesen-
1882 4644 1940 4706 Ι)
1964 4657 2300 4727 multumque
2356 4656 2694 4722 misericors,
2753 4669 2850 4724 pro
2904 4655 3294 4724 supplicatione
3347 4667 3548 4714 nostra:

260 4753 418 4808 tibus
453 4767 667 4822 quoque
699 4753 934 4808 defuncti
966 4752 1274 4821 parentibus
1303 4766 1365 4808 ac
1394 4751 1722 4822 prepiuquis.
1756 4750 1858 4818 Qui

258 4845 679 4906 curn_vidissent
716 4845 1093 4912 Pachomium,
1125 4844 1378 4899 feretrum
1408 4845 1658 4899 continuo
1689 4844 1857 4913 depo-

259 4945 529 5004 suerunt,
560 4947 618 4992 ut
647 4947 754 4994 tam
788 4954 885 5008 pro
916 4947 1128 4993 mortuo
1169 4953 1331 5008 quam
1382 4952 1478 5006 pro
1528 4953 1587 4992 se
1637 4936 1859 4992 Domino

260 5033 619 5104 supplicaret.
644 5031 746 5098 Qui
770 5047 897 5086 mox
927 5042 988 5086 ut
1015 5031 1310 5087 orationem
1342 5031 1573 5086 debitam
1602 5030 1712 5086 Deo
1741 5045 1861 5099 per-

263 5126 465 5190 solvit,
506 5140 798 5180 conversus
838 5125 904 5179 ad
953 5126 1145 5181 fratres
1176 5125 1290 5179 ait:
1322 5124 1558 5179 Desinite
1607 5123 1854 5193 psallere.

255 5218 649 5304 frmcepitque
699 5218 935 5273 defuncti
983 5221 1302 5273 vestimenta
1333 5217 1631 5286 splendida,
1663 5217 1858 5285 quibus

263 5309 493 5365 indutus
515 5321 652 5376 erat,
679 5311 905 5365 auferri:
923 5326 1042 5381 quae
1061 5325 1243 5365 coram
1265 5309 1515 5363 omnibus
1537 5308 1662 5362 fecit
1682 5307 1853 5372 exuri,

262 5412 324 5458 et
359 5404 428 5457 ita
461 5401 695 5458 cadaver
722 5402 900 5458 efferri
928 5402 1122 5473 jussit,
1149 5416 1212 5457 ac
1240 5411 1434 5471 praeter
1465 5402 1694 5470 aliquam
1729 5400 1858 5470 psal-

265 5496 512 5551 modiam
555 5495 792 5566 sepeliri.
823 5495 986 5566 igitur
1015 5496 1207 5550 fratres
1257 5510 1376 5549 cum
1408 5494 1712 5563 parentibus
1743 5492 1860 5563 ejus

264 5600 325 5647 et
359 5589 624 5645 universis
651 5589 742 5660 qui
771 5600 896 5645 tunc
922 5590 1174 5655 aderant,
1207 5604 1401 5642 novum
1431 5602 1603 5657 genus
1645 5597 1857 5656 specta—

264 5685 379 5739 culi
405 5692 746 5750 contuentes,
772 5691 825 5740 et
847 5681 1196 5753 obstupefacti
1227 5682 1477 5747 nimium,
1507 5681 1862 5750 precabantur

266 5792 495 5842 senem,
527 5787 585 5831 ut
614 5786 921 5833 consuetam
966 5792 1128 5846 super
1164 5792 1283 5831 eum
1329 5775 1678 5845 psalmodiam
1718 5774 1861 5829 cele-

270 5873 422 5928 brari
472 5874 823 5941 permitteret.
873 5872 1075 5941 Quibus
1132 5888 1250 5929 cum
1309 5890 1415 5927 non
1467 5872 1859 5941 acquievisset,

1963 4749 2238 4820 parvitatis
2268 4765 2390 4804 eum
2422 4750 2472 4803 in
2520 4757 2776 4804 aeternam
2802 4764 2954 4805 suam
2989 4752 3229 4820 requiem
3259 4752 3549 4808 collocare.

1961 4843 2089 4899 Haec
2116 4859 2236 4899 cum
2266 4843 2518 4910 dixisset,
2551 4843 2827 4911 abierunt,
2861 4854 2915 4899 et
2951 4845 3243 4900 secundum
3284 4847 3425 4915 quod
3455 4860 3547 4900 ve-

1965 4937 2220 4992 nerabilis
2243 4936 2402 4991 Pater
2433 4944 2786 5006 praeceperat,
2815 4952 2937 4992 eum
2963 4937 3016 4992 in
3047 4947 3254 5004 monte,
3280 4938 3370 4991 ubi
3398 4945 3551 4992 erant

1966 5040 2147 5103 parata
2180 5041 2548 5098 monumenta,
2572 5032 2801 5102 sepelire
2831 5041 3173 5087 curaverunt.

2038 5127 2166 5181 CAP.
2196 5125 2309 5181 XL.
2337 5156 2407 5167 -—
2445 5127 2680 5182 Moratus
2719 5135 2805 5182 est
2852 5135 3030 5181 autem
3086 5133 3303 5179 sanctus
3355 5122 3550 5177 ibidem

1968 5236 2088 5278 cum
2120 5220 2399 5276 monachis
2426 5220 2633 5276 duobus
2672 5220 2882 5287 diebus,
2911 5219 3244 5286 docebatque
3275 5217 3329 5271 in
3365 5217 3549 5286 primis

1967 5315 2208 5385 singulos
2239 5317 2483 5369 timorem
2516 5313 2755 5379 Domini,
2787 5311 2981 5367 deinde
3019 5308 3248 5380 qualiter
3291 5308 3551 5366 adversus

1969 5407 2237 5463 diabolum
2287 5407 2543 5462 dimicare
2588 5405 2885 5467 deberent,
2926 5409 2980 5456 et
3028 5398 3248 5455 insidias
3295 5399 3413 5471 ejus
3462 5416 3554 5473 per

1968 5498 2164 5555 Christi
2189 5508 2409 5570 possent
2430 5495 2700 5554 declinare
2729 5492 2976 5564 gratiam.

2039 5592 2193 5649 Tunc
2223 5593 2501 5648 nuntiatur
2529 5589 2578 5644 ei
2625 5585 2767 5658 quod
2813 5585 2977 5640 frater
3004 5584 3223 5655 quidam
3251 5585 3318 5643 de
3356 5586 3557 5641 Cliino-

1967 5686 2272 5743 bosciorum
2327 5680 2656 5740 monasterio
2702 5679 2849 5749 gravi
2907 5678 3212 5735 infirmitate
3274 5679 3555 5746 detentus,

1971 5780 2398 5836 benedictionem
2430 5777 2604 5848 precis
2633 5774 2765 5846 ejus
2808 5775 3046 5831 ultimam
3079 5773 3392 5845 postulaiet.
3427 5774 3554 5828 llaac

1972 5875 2193 5929 audiens
2231 5872 2391 5928 domo
2443 5869 2567 5938 Dei,
2600 5870 2884 5929 confestim
2935 5876 3150 5941 secutus
3198 5875 3279 5923 est
3327 5880 3421 5921 eos
3462 5864 3553 5932 qui
