4142 6350
602 291 710 348 259

1610 292 1696 348 DE
1740 293 1918 351 VlTlS
1958 297 2238 354 PATRUM
2280 295 2482 353 LIBER
2524 299 2777 355 PRIMUS

3773 304 3875 363 260

541 393 559 451 ἓ
599 402 717 456 haec
739 400 839 456 sibi
865 403 1180 458 retulerant.
1205 403 1446 471 Cumque
1469 404 1708 460 concitus
1737 406 2183 477 proficisceretur,
2217 417 2266 474 Α
2294 409 2498 465 delatus
2524 419 2636 478 est,
2665 411 2805 481 quod
2833 414 3106 482 sapientiae
3132 415 3327 483 geratis
3349 415 3577 472 studium
3595 458 3609 483 ,
3638 426 3692 472 et
3718 420 3865 492 131

599 505 653 552 et
698 496 909 552 duobus
953 499 1032 552 vel
1077 497 1247 552 tribus
1288 498 1526 552 millibus
1555 498 1770 554 abesset
1797 516 1826 554 a
1858 505 2190 559 monasterio

601 593 742 664 quod
770 594 1002 662 petebat,
1025 595 1223 647 audivit
1243 594 1613 648 suavissimam
1637 611 1822 650 vocem
1850 596 1900 650 in
1925 611 2048 652 aere
2075 613 2192 667 per-

599 697 919 753 sonantem;
949 687 1355 756 suspiciensque
1383 687 1518 740 vidit
1549 688 1714 756 ipsius
1746 688 1926 744 fratris
1955 690 2188 744 animam

601 778 773 834 veloci
807 793 965 832 cursu
996 779 1063 832 ab
1094 778 1296 846 angelis
1346 779 1553 833 Domini
1592 779 1934 835 laudantibus
1960 781 2028 835 ad
2062 783 2191 834 bea-

600 877 704 924 tam
739 869 900 923 vitam
939 885 1336 939 perennemque
1365 872 1594 925 sustolli.
1621 870 1854 926 Comites
1882 884 2061 927 autem
2090 874 2192 928 Pa-

598 962 794 1018 chumii
834 978 954 1018 cum
999 978 1171 1030 neque
1216 978 1401 1018 vocem
1447 965 1723 1033 audirent,
1759 980 1860 1021 nec
1899 967 2189 1036 quidquam

597 1057 862 1110 sentirent
892 1056 1123 1123 penitus,
1147 1056 1241 1111 sed
1268 1057 1638 1113 tantummodo
1661 1067 1948 1114 cernerent
1973 1075 2094 1114 eum
2121 1060 2190 1114 ad

597 1147 870 1203 Orientem
893 1149 986 1203 diu
1007 1149 1302 1218 suspirem,
1325 1150 1508 1206 dicunt
1531 1150 1580 1204 ei
1603 1168 1616 1204 :
1639 1150 1750 1205 Cur
1767 1153 1982 1211 stetisti.
2009 1153 2192 1206 Pater?

596 1241 972 1312 Properemus,
1009 1253 1067 1298 ut
1099 1246 1363 1312 possimus
1391 1259 1702 1299 occurrere.
1733 1246 1835 1312 Qui
1869 1246 2186 1315 respondit:

598 1335 817 1391 Frustra
845 1336 957 1406 jam
985 1336 1280 1400 currimus;
1317 1339 1418 1391 hoc
1447 1337 1589 1392 enim
1621 1346 1706 1392 est
1748 1337 1888 1406 quod
1931 1338 2022 1391 diu
2051 1354 2186 1393 con-

594 1431 795 1495 sidero,
820 1433 1269 1501 quemadmodum
1292 1431 1459 1487 frater
1481 1433 1596 1501 ipse
1617 1433 1682 1487 ad
1711 1433 1903 1502 gaudia
1932 1444 2185 1502 perpetua

595 1524 906 1580 deducatur.
959 1524 1126 1592 Quem
1175 1541 1294 1579 cum
1345 1534 1598 1594 rogarent
1650 1534 1708 1578 ut
1757 1527 1835 1580 eis
1884 1535 2185 1596 exponeret

594 1619 867 1686 quomodo
889 1619 1111 1674 vidisset
1137 1620 1369 1673 animam
1387 1659 1402 1683 ,
1426 1629 1680 1688 quantum
1708 1629 1956 1686 poterant
1976 1622 2184 1689 audire,

592 1710 829 1764 narravit
870 1712 948 1765 eis
990 1726 1056 1765 ex
1097 1711 1180 1765 his
1224 1727 1343 1779 quae
1389 1714 1501 1778 ipse
1543 1721 1922 1781 conspexerat.
1954 1713 2181 1779 Quidam

2287 502 2438 570 juxta
2455 503 2765 573 religionem
2787 515 3039 571 vestram,
3055 508 3285 573 quietem
3305 509 3537 578 diligati
3560 510 3867 578 impensius,

2294 597 2512 665 insuper
2540 599 2702 653 etiam
2737 599 3027 669 prudenter
3065 600 3147 655 bis
3193 603 3282 671 qui
3333 610 3636 668 proponunt
3679 603 3873 672 aliquid

2291 690 2597 748 satisfacere
2624 693 2934 759 videamini,
2960 703 3014 750 et
3040 694 3160 750 ideo
3186 695 3253 749 de
3286 694 3369 748 bis
3396 712 3515 765 quin
3547 697 3753 765 legistis
3781 712 3872 752 vos

2295 782 2630 851 interrogare
2678 785 2938 853 disposui.
2988 786 3086 840 Cui
3134 787 3489 843 Theodorus:
3523 787 3731 853 Profer,
3765 791 3868 856 ait,

2293 874 2434 943 quod
2464 876 2565 929 vis.
2596 875 2661 930 Et
2693 876 3082 945 philosophus:
3117 877 3311 944 Habes,
3344 880 3549 949 inqult,
3585 891 3638 934 tu
3667 896 3876 937 mecum

2296 965 2772 1035 disceptationem,
2805 977 2865 1022 ut
2910 984 3029 1038 qua
3072 967 3270 1024 fuerint
3307 973 3530 1038 quaesita
3576 971 3878 1026 dissolvas?

2293 1056 2390 1112 Cui
2422 1059 2735 1115 Theodorus
2768 1062 3080 1132 respondit:
3112 1063 3363 1131 Exprinie
3386 1063 3496 1133 jam
3527 1065 3670 1134 quod
3700 1064 3878 1120 inten-

2293 1151 2395 1205 dis.
2421 1151 2573 1206 Tunc
2602 1152 2946 1223 philosophus
2967 1156 3041 1209 ait
3065 1169 3080 1208 :
3107 1155 3259 1220 Quis,
3290 1168 3396 1209 non
3426 1165 3604 1219 natus,
3635 1164 3881 1213 mortuus

2293 1243 2408 1296 est?
2449 1244 2578 1308 Quis
2627 1260 2840 1299 rursum
2888 1255 3063 1312 natus,
3112 1261 3141 1300 a
3190 1257 3364 1302 morte
3408 1247 3714 1302 subtractus
3757 1249 3883 1303 est?

2292 1333 2422 1401 Quis
2454 1345 2664 1404 autem,
2697 1352 2820 1392 cum
2861 1339 2932 1393 sit
2974 1347 3232 1402 mortuus.
3266 1355 3371 1393 non
3419 1347 3501 1393 est
3533 1339 3706 1395 fetore
3755 1355 3882 1395 cor-

2293 1427 2509 1495 ruptus?
2538 1427 2605 1481 Et
2633 1429 2708 1482 ait
2733 1427 3088 1485 Theodorus:
3119 1429 3234 1485 Non
3259 1429 3494 1500 grandis,
3527 1431 3733 1502 inquit,
3765 1433 3884 1488 haec

2294 1521 2590 1590 propositio
2639 1533 2750 1591 tua,
2788 1540 2822 1579 ο
2853 1524 3198 1595 philosOphe;
3246 1540 3368 1579 nam
3411 1524 3570 1581 facile
3615 1525 3756 1595 quod
3799 1526 3883 1581 in.

2293 1613 2460 1680 quirls
2489 1618 2718 1675 solvam.
2746 1619 2873 1684 Quis
2905 1633 3009 1672 non
3041 1628 3218 1683 natus,
3250 1629 3492 1674 mortuus
3514 1626 3623 1683 est,
3654 1618 3886 1675 habetur

2293 1709 2461 1763 Adam
2495 1712 2880 1780 protoplastus.
2927 1712 3027 1780 Qui
3058 1727 3189 1767 vero
3219 1724 3376 1766 natus
3405 1720 3522 1778 est,
3556 1726 3654 1767 nee
3701 1721 3886 1768 tamen

592 1800 754 1868 igitur
776 1815 840 1854 ex
876 1801 959 1854 his
985 1810 1172 1855 euntes
1200 1802 1268 1856 ad
1297 1810 1652 1856 memoratum
1684 1805 2066 1858 monasterium
2087 1848 2100 1869 ,
2133 1814 2188 1859 et
2219 1818 2266 1878 Β
2296 1812 2537 1856 mortuus
2575 1812 2688 1868 est,
2720 1803 2902 1858 existit
2952 1803 3168 1870 Enoch,
3199 1804 3288 1872 qui
3319 1802 3430 1858 Deo
3459 1803 3690 1871 placuit,
3723 1813 3888 1872 atque

592 1892 878 1962 diligenter
905 1893 1235 1963 inquirentes
1258 1910 1359 1962 qua
1392 1896 1522 1949 hora
1555 1895 1720 1950 frater
1750 1897 1840 1952 ille
1868 1897 2186 1967 dormisset,

592 1999 653 2038 ea
685 2001 804 2054 qua:
832 2001 860 2038 a
894 1994 1081 2040 sancto
1107 1986 1404 2041 didicerant
1435 1981 1572 2053 viro,
1604 2005 1730 2044 vera
1774 1992 1952 2045 omnia
1983 2007 2183 2063 cogno-

594 2089 803 2133 verunt.
857 2079 981 2134 Haec
1029 2089 1204 2135 autem
1253 2084 1530 2137 retulimus
1588 2084 1795 2139 duabus
1845 2102 1910 2140 ex
1960 2090 2184 2142 causis:

593 2173 855 2242 primum,
886 2174 1132 2230 volentes
1163 2177 1448 2232 ostendere
1489 2178 1700 2232 beatum
1747 2195 1930 2235 senem
1965 2183 2185 2238 nimium

595 2263 765 2319 fuisse
792 2265 1312 2334 perspicacissimum
1331 2313 1343 2334 ,
1375 2269 1708 2339 gratiamque
1737 2273 2037 2341 possedisse
2069 2291 2190 2343 pro-

592 2358 896 2426 plieticam,
948 2373 1011 2413 ac
1060 2360 1218 2430 longe
1268 2362 1440 2428 posita
1499 2363 1954 2420 intellectualibus
2012 2369 2185 2425 oculis

593 2450 937 2518 praevidisse;
967 2451 1183 2515 deinde,
1221 2463 1277 2506 ut
1317 2453 1450 2508 tales
1481 2469 1696 2522 semper
1744 2458 2035 2528 imitantes,
2070 2478 2186 2515 ma-

596 2541 767 2596 lorum
790 2543 1060 2596 consortia
1081 2543 1316 2597 sollicite
1337 2545 1645 2604 vitaremus.
1675 2549 1740 2604 Et
1767 2550 1835 2604 de
1862 2551 1943 2604 his
1965 2553 2180 2622 quidem

600 2634 756 2690 nobis
787 2635 1046 2690 hactenus
1075 2637 1217 2690 dicta
1239 2638 1509 2693 sufficiant

661 2729 791 2782 CAP.
816 2729 948 2784 XLI.
966 2761 1036 2772 —
1058 2731 1286 2788 Sanctus
1307 2748 1436 2803 ergo
1459 2734 1778 2789 Pachomius
1801 2737 1865 2790 ad
1891 2740 2184 2794 antcfatum

594 2822 901 2891 episcopum
947 2840 1068 2880 cum
1119 2827 1228 2880 suis
1280 2827 1558 2883 monachis
1610 2831 1860 2896 veniens,
1908 2833 1976 2886 ah
2022 2849 2084 2888 eo
2131 2835 2186 2891 in

594 2925 802 2968 summa
832 2918 1178 2971 veneratione
1219 2929 1500 2986 susceptus
1540 2930 1644 2975 est.
1677 2921 1808 2976 Nam
1842 2922 2185 2983 festivitatem

594 3009 882 3063 maximam
930 3011 981 3064 in
1024 3013 1140 3080 ejus
1185 3012 1474 3068 celebravit
1523 3015 1791 3083 adventu,
1835 3017 2090 3089 deditque
2135 3023 2185 3078 ei

535 3123 538 3126 ’
594 3101 708 3158 loca
753 3103 840 3158 ubi
888 3115 1099 3174 sperata
1131 3105 1454 3162 monasteria
1485 3109 1772 3178 conderet,
1807 3113 1945 3166 sicut
1985 3113 2183 3170 dudum

2298 1894 2586 1947 translatus
2617 1903 2719 1949 est.
2762 1893 2861 1961 Qui
2895 1903 3134 1948 mortuus
3176 1903 3259 1948 est
3303 1902 3483 1947 autem
3510 1935 3524 1957 ,
3567 1906 3666 1948 nec
3711 1892 3888 1949 fetore

2292 1982 2402 2036 ullo
2431 1995 2736 2052 corruptus,
2765 2000 2900 2039 uxor
2923 1995 3006 2040 est
3035 1984 3204 2050 Loth,
3232 1999 3352 2053 quso
3383 1999 3642 2040 conversa
3683 1983 3737 2041 in
3770 1993 3889 2038 stac

2295 2083 2441 2129 tuam
2467 2077 2596 2130 salis
2629 2076 2783 2146 (Gen.
2814 2077 2946 2146 xu),
2991 2093 3109 2147 qua
3140 2093 3308 2148 usque
3342 2091 3483 2136 nunc
3517 2077 3571 2132 in
3600 2090 3667 2134 eo
3696 2075 3886 2131 habitu

2293 2181 2390 2236 pro
2419 2169 2814 2225 ittcrcdulorum
2855 2169 3108 2238 perdurat
3147 2171 3416 2239 exemplo.
3452 2171 3520 2225 Et
3551 2171 3671 2225 ideo
3697 2172 3883 2225 consi-

2293 2259 2424 2315 lium
2466 2261 2534 2315 do
2567 2261 2691 2327 tibi,
2726 2278 2758 2316 ο
2792 2261 3128 2332 philosophe,
3171 2271 3228 2316 ut
3255 2261 3352 2316 has
3381 2262 3588 2332 ineptas
3635 2263 3887 2332 promsi-

2293 2354 2466 2409 tiones
2497 2364 2613 2410 tuas
2641 2364 2696 2410 et
2721 2356 2906 2411 inanes
2935 2356 3194 2411 deserens
3219 2358 3566 2426 quaestiones,
3596 2357 3660 2412 ad
3691 2371 3887 2413 verum

2293 2448 2458 2503 Deum
2507 2465 2663 2520 quem
2709 2452 2957 2518 colimus,
3001 2461 3052 2505 te
3105 2453 3222 2506 sine
3268 2451 3526 2508 dilatione
3571 2462 3884 2518 convenas,

2290 2544 2780 2615 remissionemque
2812 2554 3148 2614 peccatorum
3186 2554 3397 2600 tuorum
3427 2561 3522 2616 pro
3565 2555 3767 2601 eterna
3803 2561 3890 2601 sa-

2290 2633 2399 2689 lute
2447 2636 2728 2704 percipias.
2776 2637 2854 2691 Ad
2904 2637 3018 2691 haec
3066 2635 3416 2708 philosophus
3455 2637 3889 2706 obstupefactus,

2289 2725 2419 2780 nihil
2453 2727 2723 2796 inquisivit
2751 2729 3009 2794 ulterius;
3042 2729 3136 2784 sed
3165 2729 3470 2797 discedens,
3497 2743 3720 2785 acumen
3745 2731 3888 2796 viri,

2296 2818 2814 2888 responsionemque
2860 2829 2965 2874 tam
3017 2820 3250 2876 celerem
3310 2831 3659 2891 paratamque
3714 2823 3892 2876 mira-

2292 2921 2376 2966 tus
2405 2922 2509 2966 εει.

2358 3004 2487 3062 Cas.
2513 3004 2697 3059 XLIII.
2723 3035 2794 3047 —-
2820 3005 3051 3062 Proinde
3078 3005 3396 3062 Pachumius
3425 3006 3478 3060 in
3518 3005 3709 3061 iisdem
3753 3019 3880 3059 mo-

2294 3097 2548 3152 nasteriis
2576 3111 2746 3167 nuper
2774 3097 3093 3165 exstructis,
3126 3097 3314 3153 diebus
3342 3095 3588 3167 plurimis
3616 3095 3884 3150 immora-

595 3211 689 3267 per
719 3198 916 3266 scripta
944 3209 1257 3269 ragaverat,
1283 3215 1402 3270 qua:
1426 3202 1585 3256 etiam
1615 3204 1939 3258 venerabilis
1965 3206 2044 3259 vir
2065 3222 2184 3262 cum

2295 3202 2379 3246 tus
2407 3201 2507 3246 est.
2542 3191 2748 3247 Exinde
2778 3189 3047 3261 profectus
3089 3199 3203 3256 est,
3237 3199 3399 3261 atque
3424 3190 3491 3248 ad
3520 3188 3662 3244 aliud
3695 3204 3893 3244 mona-

593 3288 868 3344 alacritate
907 3293 1222 3347 construxit.
1265 3293 1328 3346 Et
1365 3309 1484 3349 cum
1529 3297 1776 3351 maceriae
1823 3300 2099 3354 munimen
2131 3317 2185 3356 in

594 3382 822 3436 circuitu
869 3383 1118 3448 duceret,
1153 3400 1219 3440 ne
1258 3387 1376 3456 quis
1428 3386 1580 3441 facile
1629 3399 1808 3457 posset
1855 3390 2182 3462 irrumpere,

547 3513 553 3524 .
596 3472 812 3540 quidam
862 3477 1176 3542 pestilentes
1213 3476 1486 3544 homines,
1534 3495 1668 3549 quos
1713 3481 1911 3537 diaboli
1963 3487 2182 3541 caecavit

521 3569 524 3572 ’
597 3563 826 3631 invidia,
876 3575 1033 3620 nocte
1077 3569 1382 3634 venientes,
1430 3586 1548 3638 qua:
1607 3581 1914 3628 constructa
1969 3577 2178 3633 fuerant

589 3653 963 3711 destruebant.
999 3659 1103 3714 Sed
1136 3675 1240 3714 non
1279 3661 1330 3715 in
1363 3661 1576 3730 longum
1613 3665 1960 3736 malignitatis
2001 3685 2186 3727 eorum

597 3763 754 3816 poena
787 3749 949 3803 dilata
980 3761 1081 3806 est.
1115 3751 1249 3808 Nam
1293 3770 1412 3810 cum
1443 3771 1605 3811 senex
1634 3758 1923 3828 discipulos
1965 3778 2090 3816 suos
2119 3765 2187 3820 ad

597 3840 934 3896 tolerantiam
987 3856 1392 3914 commoneret,
1439 3858 1490 3902 et
1541 3849 1616 3902 illi
1669 3851 1981 3919 nequissimi
2035 3851 2189 3922 juxta

595 3937 1039 3990 consuetudinem
1079 3940 1490 4006 convenissent,
1525 3952 1582 3996 ut
1623 3942 1922 3998 facinorum
1967 3961 2185 4001 suorum

597 4037 770 4097 empta
804 4031 1151 4098 perlicerent,
1184 4033 1252 4085 ab
1283 4035 1471 4102 angelo
1499 4035 1709 4090 Domini
1743 4037 1983 4106 protinus
2011 4039 2189 4094 exusti

594 4128 748 4186 sunt,
783 4129 837 4175 et
867 4121 1014 4175 velut
1039 4136 1162 4177 cera
1190 4138 1218 4176 a
1253 4123 1392 4178 facie
1431 4125 1567 4195 ignis
1598 4128 1662 4179 ad
1695 4127 1919 4182 nihilum
1949 4141 2073 4184 sunt
2105 4147 2188 4185 re-

595 4212 758 4267 dacti.
809 4214 1023 4270 Fratres
1061 4232 1190 4289 ergo
1221 4219 1474 4274 velociter
1503 4221 1810 4277 universum
1842 4238 2187 4278 consumma-

596 4316 784 4360 verunt
808 4308 1124 4375 aedificium;
1160 4312 1210 4363 in
1237 4327 1342 4378 quo
1365 4313 1549 4369 beatus
1571 4314 1888 4370 Paciiomius
1910 4317 2189 4373 constituit

595 4401 912 4465 monachos,
957 4402 1237 4471 religiosos
1269 4404 1429 4471 viros,
1467 4407 1660 4473 quibus
1705 4408 2010 4463 Samuelem
2050 4423 2186 4476 prc-

592 4494 794 4561 posuit,
825 4493 1047 4549 hilarem
1075 4495 1278 4561 virum,
1307 4507 1360 4552 et
1382 4499 1521 4553 dono
1549 4499 1868 4570 frugalitatis
1893 4504 2180 4556 eximium.

591 4789 758 4841 usque
795 4774 920 4827 dum
953 4775 1008 4829 hi
1039 4791 1175 4844 quos
1207 4778 1580 4844 ordinaverat,
1611 4779 1808 4835 Christi
1839 4795 2059 4835 munere
2092 4781 2185 4834 lir-

593 4880 676 4918 ma
686 4874 887 4918 rentur.

661 4959 790 5011 Car.
820 4955 980 5010 XLll.
1002 4984 1074 4997 -—-
1096 4957 1298 5013 Interea
1327 4959 1675 5029 philosophus
1701 4962 1918 5030 quidam
1946 4965 2180 5021 civitatis

592 5052 777 5121 ipsius,
816 5053 993 5107 audita
1025 5068 1298 5108 servorum
1348 5054 1440 5109 Dei
1471 5055 1745 5125 opinione,
1776 5059 1922 5114 venit
1963 5061 2026 5112 ad
2060 5075 2172 5128 eos,

587 5148 724 5202 scire
769 5150 954 5204 volens
998 5148 1123 5219 quid
1173 5161 1382 5216 essent,
1431 5150 1627 5219 quidve
1673 5154 2081 5220 proﬁterentur;
2123 5163 2177 5208 et

591 5239 777 5296 videns
800 5243 1010 5312 aliquos
1033 5257 1098 5296 ex
1125 5242 1429 5309 monachis,
1454 5245 1528 5296 ait
1555 5244 1620 5297 ad
1651 5257 1746 5299 eos
1769 5262 1781 5297 :
1817 5244 2015 5300 Vocate
2046 5245 2176 5301 mihi

591 5330 802 5387 Patrem
833 5347 1099 5402 vestrum,
1131 5338 1254 5404 quia
1295 5336 1364 5391 de
1407 5336 1568 5392 rebus
1603 5339 1921 5393 necessariis
1961 5354 2080 5393 cum
2111 5354 2179 5394 eo

590 5422 952 5491 disputaturos
995 5443 1134 5482 sum.
1178 5429 1311 5483 Cum
1345 5433 1683 5500 cognovisset
1737 5441 1913 5485 autem
1960 5440 2177 5486 sanctus

591 5513 672 5569 vir
698 5517 821 5584 quia
850 5519 1201 5589 pliil0$0phus
1227 5532 1402 5593 esset,
1435 5524 1581 5580 misit
1611 5525 1676 5579 ad
1717 5541 1838 5578 eum
1870 5525 2178 5580 Cornelium

591 5616 644 5660 et
673 5605 1048 5678 Theodorum,
1081 5615 1396 5684 praecipiens
1424 5617 1508 5672 eis
1557 5625 1614 5671 ut
1654 5617 1717 5670 ad
1750 5632 1810 5671 ea
1842 5632 1960 5685 qua:
1989 5619 2178 5673 scisci-

591 5703 783 5756 taverit
815 5703 1059 5771 prudenti
1092 5710 1442 5774 responsione
1480 5709 1871 5767 satisfacerent.
1920 5711 2178 5781 Egressus

589 5792 751 5866 igitur
772 5793 837 5849 ad
859 5809 978 5851 eum
1043 5796 1392 5856 nhilosonhus
1418 5802 1492 5857 ait
1518 5823 1530 5858 :
1566 5803 1760 5859 Multus
1784 5803 1848 5856 ad
1878 5815 1974 5857 nos
2000 5818 2181 5860 sermo

2293 3283 2540 3351 sterium,
2571 3282 2714 3353 quod
2743 3283 2844 3339 sub
2867 3283 2986 3352 ejus
3009 3291 3128 3338 erat
3153 3282 3375 3351 ditioris,
3407 3283 3674 3352 pervenit.
3708 3281 3888 3348 Quem

2289 3391 2409 3432 cum
2459 3376 2650 3431 fratres
2677 3391 2882 3440 omnes,
2919 3375 2972 3430 in
3011 3389 3294 3431 occursum
3341 3374 3464 3444 ejus
3510 3383 3892 3443 properantes,

2294 3484 2501 3523 summa
2543 3470 2891 3524 veneratione
2939 3470 3293 3539 susciperent,
3327 3467 3623 3523 infantulus
3669 3467 3893 3537 quidam

2290 3564 2356 3618 de
2397 3565 2506 3633 ipsa
2549 3564 2984 3634 congregatione,
3027 3563 3119 3632 qui
3167 3563 3308 3617 inter
3351 3561 3486 3618 alios
3527 3573 3890 3628 occurrerat;

2291 3655 2522 3711 clamare
2551 3655 2715 3724 coepit
2741 3669 2802 3710 ac
2830 3654 3010 3710 dicere
3035 3672 3048 3707 :
3073 3655 3231 3720 Vere,
3265 3655 3441 3720 Pater,
3487 3667 3554 3708 ex
3605 3666 3716 3724 quo
3763 3651 3893 3707 hine

2291 3749 2594 3815 ambulasti,
2631 3749 2809 3804 nullus
2841 3748 2996 3804 nobis
3039 3749 3185 3804 olera
3219 3762 3319 3802 nec
3366 3749 3613 3819 legumen
3663 3745 3892 3816 aliquod

2292 3846 2453 3899 coxit.
2483 3844 2561 3898 Ad
2593 3859 2754 3912 quem
2786 3853 3002 3898 sanctus
3029 3850 3178 3914 grata
3211 3849 3388 3896 mente
3418 3839 3693 3909 respondit
3727 3837 3891 3894 :Non

2292 3937 2645 4005 contristeris,
2678 3936 2753 3991 fili
2783 3937 2876 4000 mi,
2905 3950 3005 4005 ego
3046 3936 3154 4005 jam
3201 3950 3450 4005 coquam.
3500 3935 3893 4003 ingressusque

2294 4031 2697 4095 monasterium,
2735 4040 2852 4098 post
2880 4032 3175 4086 orationem
3207 4031 3353 4086 venit
3391 4030 3456 4084 ad
3489 4030 3809 4098 ooquinam;
3837 4037 3892 4084 et

2293 4124 2568 4179 inveniens
2605 4124 2822 4178 fratrem
2850 4125 2941 4193 qui
2985 4124 3227 4192 coquina:
3254 4131 3504 4192 praeerat,
3537 4122 3780 4190 psiathos
3813 4120 3890 4193 (id
3941 4104 3994 4184 λ

2292 4224 2398 4282 est,
2432 4215 2657 4286 tegetes)
2680 4224 3015 4284 operantem,
3043 4229 3177 4285 quas
3197 4221 3391 4268 mattas
3411 4214 3600 4283 vulgus
3621 4212 3887 4280 appellat,
3915 4204 3966 4266 \

2294 4309 2372 4361 ait
2401 4307 2465 4361 ad
2489 4322 2612 4362 eum
2644 4323 2657 4360 :
2693 4307 2785 4362 Dic
2816 4307 2968 4372 mihi,
2995 4306 3182 4372 frater,
3213 4316 3470 4377 quantum
3497 4305 3757 4374 temporis
3785 4304 3889 4360 ha-

2295 4401 2412 4466 bes,
2439 4417 2505 4457 ex
2535 4416 2643 4470 quo
2669 4416 2775 4456 non
2797 4400 2988 4457 ooxisti
3017 4400 3274 4455 fratribus
3295 4400 3440 4454 olera
3464 4397 3544 4454 vel
3574 4397 3889 4466 legumina?

2292 4496 2390 4562 Qui
2419 4496 2694 4563 reSpondit
2728 4510 2742 4549 :
2775 4494 2912 4550 Sunt
2953 4497 3064 4550 fere
3106 4494 3214 4549 duo
3262 4506 3494 4548 menses.
3547 4491 3616 4547 Et
3664 4500 3890 4546 sanctus

441 4640 490 4668 ,
525 4644 529 4650 ε
595 4584 729 4651 Quia
762 4601 888 4642 vero
922 4591 1174 4658 praedicta
1204 4595 1527 4647 monasteria
1555 4594 1607 4647 in
1642 4593 1948 4648 suburbano
1976 4596 2188 4650 fuerant
2219 4605 2266 4670 υ
2295 4590 2612 4645 Pachomius
2643 4591 2716 4644 ait
2745 4609 2754 4642 :
2797 4591 2977 4656 Quare
3005 4599 3191 4643 contra
3222 4596 3549 4658 pmceptum
3580 4584 3760 4640 facere
3793 4598 3886 4638 vo-

592 4678 854 4742 instituta,
904 4683 1041 4736 idem
1094 4694 1308 4738 sanctus
1359 4687 1429 4739 ibi
1480 4687 1647 4740 voluit
1691 4703 1912 4741 manere
1957 4689 2179 4753 diutius.

2288 4683 2455 4750 luisti,
2491 4693 2545 4737 ut
2577 4692 2718 4737 tanta
2752 4683 2972 4736 fratrum
3002 4682 3364 4752 negligeretur
3389 4679 3630 4734 utilitas?
3653 4677 3761 4744 Qui
3783 4677 3886 4732 sub

2288 4777 2471 4831 humili
2519 4778 2883 4832 satisfactione
2912 4778 3188 4845 respondit
3219 4793 3230 4828 :
3257 4777 3581 4842 Optaveram
3631 4771 3878 4841 quidem,

2285 4870 2611 4923 venerabilis
2671 4869 2827 4923 Pater
2861 4909 2876 4934 ,
2933 4867 3177 4938 quotidie
3237 4868 3457 4936 implere
3519 4865 3886 4919 ministerium

2285 4977 2491 5027 meum;
2526 4963 2618 5017 sed
2652 4962 2770 5032 quia
2816 4961 3074 5032 quidquid
3101 4961 3423 5031 coquebant,
3447 4973 3558 5015 non
3589 4973 3884 5015 consume-

2289 5055 2442 5109 batur
2470 5071 2498 5110 a
2530 5057 2804 5122 fratribus,
2838 5056 2961 5127 quia
2990 5072 3177 5111 omnes
3217 5057 3486 5112 abstinent
3511 5056 3638 5125 (soli
3680 5057 3885 5126 quippe

2289 5148 2437 5216 pueri
2471 5148 2671 5217 aliquid
2720 5159 2956 5204 cocturae
3003 5150 3348 5220 percipiunt),
3379 5165 3451 5205 ne
3497 5158 3646 5205 tanto
3696 5151 3884 5204 labore

2288 5252 2483 5310 parata:
2512 5245 2898 5312 projicerentur
2923 5258 3194 5315 expensze,
3227 5254 3510 5316 propterea
3543 5244 3894 5314 pulmentum

2287 5350 2390 5390 non
2419 5337 2559 5393 coxi.
2605 5339 2671 5390 At
2721 5354 2788 5392 ne
2835 5343 3040 5394 otiosus
3080 5353 3276 5404 essem,
3328 5337 3567 5408 psiathos
3595 5338 3710 5403 (40)
3737 5337 3917 5414 elegi/

2287 5442 2406 5482 cum
2439 5429 2687 5483 fratribus
2722 5439 2922 5495 texere,
2957 5433 3130 5486 sciens
3161 5446 3322 5485 unum
3352 5430 3420 5485 de
3468 5430 3551 5486 his
3598 5430 3691 5500 qui
3745 5430 3881 5486 mihi

2286 5520 2520 5589 deputati
2553 5532 2679 5575 sunt
2707 5523 2769 5576 ad
2802 5539 2937 5593 opus
2969 5523 3269 5592 liujusmodi
3297 5537 3460 5593 posse
3499 5521 3768 5588 sufﬁcere,
3819 5531 3881 5576 ut

2285 5628 2476 5682 parvas
2505 5629 2676 5677 escas,
2712 5615 2763 5669 id
2795 5626 2897 5680 est,
2923 5616 3092 5670 olivas
3121 5625 3177 5671 et
3209 5615 3458 5671 herbulas
3509 5615 3576 5669 ad
3625 5615 3881 5670 refectio—

2285 5726 2403 5766 nem
2435 5712 2690 5767 fratribus
2721 5722 2955 5780 pararet.
2999 5712 3122 5767 lizec
3149 5712 3374 5768 audiens
3406 5712 3724 5768 Pachumius
3758 5726 3768 5760 :
3808 5709 3878 5766 Et
3934 5765 3944 5782 _

2284 5816 2412 5876 quot
2441 5818 2581 5875 sunt,
2617 5809 2807 5878 inquit,
2839 5808 3054 5878 psiathi,
3080 5825 3215 5882 quos
3245 5821 3298 5868 te
3313 5810 3510 5866 fecisse
3535 5805 3875 5871 dixisti9Qui
