4142 6350
1074 339 1234 396 VlTA
1274 336 1520 395 SANCTI
1563 334 1897 397 PACHOMH
1933 332 2227 397 ABBATIS
2265 332 2760 397 TABENNENSIS.

3462 330 3573 392 963

278 454 560 526 respondit
584 471 598 508 :
622 453 928 526 Quingenti.
972 453 1045 509 Et
1070 452 1180 508 ille.
1211 452 1387 516 Defer,
1416 452 1604 522 inquit,
1636 453 1738 507 huc
1758 465 1876 507 om-
1900 446 1957 515 Α
1979 444 2057 500 Ex
2089 447 2191 502 hoc
2220 446 2476 503 innocens
2503 459 2625 511 ero;
2658 460 2755 502 vos
2783 444 3041 511 videritis,
3071 444 3117 500 si
3162 457 3228 500 ea
3273 458 3391 514 quas
3435 454 3569 502 sunt

281 562 407 613 nes,
439 555 497 602 ut
521 546 753 603 videam.
783 546 884 612 Qui
914 560 1035 601 cum
1058 544 1284 600 fuissent
1313 545 1483 611 allati,
1509 545 1754 613 protinus
1778 556 1877 599 eos

277 640 406 713 igne
434 647 711 711 supposito
736 637 1088 710 jussitexuri.
1123 638 1274 693 Tunc
1299 637 1373 692 ait
1403 638 1506 692 illis
1541 654 1553 689 :
1588 637 1737 693 Sicut
1781 650 1880 691 vos

280 737 532 789 traditam
559 733 712 790 vobis
735 747 861 802 erga
893 730 1349 800 dispensationem
1381 730 1605 785 fratrum
1634 730 1877 801 regulam

280 825 625 895 deapexistis,
654 828 733 881 sic
760 840 861 894 ego
893 828 1088 894 passim
1130 824 1345 880 labores
1391 831 1600 879 vestros
1629 821 1881 878 incendio

281 917 651 984 concremavi,
681 924 945 988 quatenus
969 916 1311 988 cognoscatis
1337 930 1495 986 quam
1518 913 1879 984 perniciosum

279 1012 355 1070 sit
384 1011 602 1069 Patrum
632 1012 874 1065 instituta
914 1008 1239 1076 convellere,
1270 1024 1390 1080 quas
1437 1022 1534 1078 pro
1581 1008 1878 1063 animarum

279 1104 459 1163 salute
487 1105 701 1175 provisa
729 1111 877 1159 sunt.
911 1104 993 1159 An
1022 1104 1280 1174 ignoratis
1312 1104 1453 1171 quod
1478 1102 1771 1172 gloriosum
1804 1101 1880 1159 sit

281 1211 504 1267 semper
528 1194 799 1254 abstinere
829 1196 1220 1265 praesentibus?
1249 1195 1380 1251 Nam
1398 1194 1452 1269 isi
1481 1194 1602 1265 quis
1630 1195 1699 1251 ab
1723 1209 1787 1251 ea
1819 1208 1880 1250 re

280 1289 477 1360 quain
510 1288 627 1358 ejus
673 1296 759 1345 est
806 1296 1067 1356 potestate
1110 1288 1291 1343 divina
1340 1288 1776 1345 consideratione
1819 1302 1883 1344 se

280 1380 543 1445 continet,
574 1394 828 1451 magnum
876 1380 1223 1449 consequitur
1251 1394 1281 1434 a
1316 1379 1545 1436 Domino
1576 1379 1878 1448 praemium.

279 1472 367 1528 Ab
393 1486 460 1529 ea
497 1486 628 1529 vero
658 1486 738 1539 re,
785 1470 939 1542 cujus
984 1471 1169 1527 utendi
1220 1470 1488 1527 licentiam
1535 1485 1644 1527 non
1695 1468 1876 1533 habet,

279 1564 513 1636 quadam
535 1563 776 1623 noscitur
795 1562 1120 1621 necessitate
1144 1562 1421 1629 cohiberi;
1446 1571 1499 1619 et
1520 1562 1640 1617 ideo
1665 1572 1880 1633 propter

278 1658 661 1716 abstinentiam
691 1666 933 1713 coactam
963 1666 1123 1727 atque
1153 1657 1398 1714 inutilem
1427 1656 1626 1712 frustra
1666 1655 1879 1713 videtur

279 1760 599 1821 exspectare
629 1750 954 1807 mercedem.
982 1751 1221 1820 Denique
1249 1764 1371 1806 cum
1402 1751 1580 1819 plures
1608 1763 1749 1804 escas
1776 1764 1876 1819 ap-

282 1844 475 1916 positae
500 1842 718 1911 fuerint,
752 1843 797 1901 si
826 1844 1019 1900 fratres
1049 1844 1260 1914 parcius
1289 1843 1369 1900 his
1414 1854 1635 1899 utuntur
1661 1851 1880 1913 propter
1909 1833 1960 1899 Β

284 1935 481 2004 Deum,
514 1948 641 1993 tunc
666 1937 807 2008 apud
841 1937 1008 1993 Deum
1040 1936 1142 1995 sibi
1187 1937 1475 1993 maximam
1525 1952 1674 2007 Spem
1722 1952 1881 2007 repo-

284 2043 444 2089 nunt.
474 2033 551 2089 De
589 2032 724 2088 cibis
765 2042 941 2087 autem
989 2048 1122 2102 quos
1162 2048 1269 2087 non
1325 2033 1522 2100 vident,
1558 2048 1655 2087 nec
1696 2033 1776 2089 eis
1812 2031 1882 2089 ad

280 2123 686 2196 percipiendum
717 2124 945 2180 facultas
985 2124 1085 2179 ulla
1132 2124 1408 2190 tribuitur,
1461 2126 1730 2195 quomodo
1784 2141 1881 2195 pro

290 2217 624 2286 parcimonia
658 2216 936 2287 praemium
965 2218 1282 2275 conceditur
1310 2217 1333 2271 ἲ
1380 2217 1610 2287 ideoque
1664 2228 1882 2288 propter

280 2308 505 2379 exiguos
533 2318 781 2378 sumptus
808 2317 953 2365 tanta
985 2310 1207 2366 fratrum
1237 2323 1343 2373 non
1374 2309 1562 2366 debuit
1603 2309 1882 2366 intermitti

280 2402 659 2459 commoditas.

358 2494 489 2550 Car.
520 2493 707 2549 XLIV.
730 2523 798 2535 -
820 2494 948 2550 Haec
975 2508 1096 2553 cum
1127 2495 1438 2563 loqueretur
1465 2495 1529 2549 ad
1558 2510 1673 2562 eos,
1699 2503 1754 2551 et
1770 2496 1884 2551 suf-

282 2587 529 2644 ficienter
557 2602 744 2644 eorum
774 2586 969 2645 delicta
998 2588 1320 2658 corriperet,
1351 2587 1602 2643 ostiarius
1644 2588 1713 2642 ad
1757 2603 1882 2645 eum

281 2680 510 2737 festinus
540 2681 811 2750 ingressus
838 2689 943 2745 est,
974 2695 1198 2751 magnos
1246 2679 1387 2735 viros
1432 2688 1486 2735 et
1529 2680 1884 2738 anachoretas

282 2774 531 2846 egregios
561 2772 801 2830 indicans
828 2772 1131 2840 advenisse,
1166 2773 1256 2843 qui
1287 2788 1409 2829 eum
1440 2772 1627 2829 videre
1658 2773 1880 2829 deside-

282 2877 490 2924 rarent.
518 2868 665 2936 Quos
691 2867 838 2924 illico
861 2868 1024 2937 jussit
1054 2868 1287 2935 intrare,
1315 2867 1601 2938 debitaque
1630 2883 1883 2924 reveren-

281 2962 356 3015 tia
383 2959 627 3015 salutans
649 2973 764 3023 eos,
800 2968 921 3028 post
939 2960 1233 3017 orationem
1267 2975 1359 3028 per
1386 2957 1613 3015 fratrum
1643 2960 1885 3016 ducebat

282 3050 529 3117 cellulas,
556 3060 611 3109 et
647 3051 830 3107 omnia
874 3050 954 3107 eis
1000 3052 1312 3109 monasterii
1362 3051 1479 3107 loca
1524 3054 1878 3108 monstrabat.

283 3143 386 3213 Qui
417 3150 743 3213 rogaverunt
770 3157 955 3199 senem
983 3151 1042 3199 ut
1069 3157 1190 3198 eum
1221 3157 1286 3199 eo
1313 3140 1382 3197 de
1405 3141 1597 3211 quibus
1625 3150 1884 3211 cuperent

283 3235 447 3293 rebus
473 3211 684 3291 secreto
710 3236 1078 3304 loquerentur.
1104 3234 1254 3290 Tunc
1283 3248 1411 3290 vero
1431 3235 1583 3289 duxit
1606 3248 1701 3289 eos
1730 3249 1880 3290 senr-

286 3342 426 3397 sum,
458 3328 708 3397 seditque
735 3343 859 3384 cum
891 3328 993 3385 eis.
1024 3327 1136 3383 lllis
1161 3337 1337 3382 autem
1368 3325 1436 3381 de
1484 3326 1644 3382 rebus
1686 3326 1883 3384 abditis

284 3430 446 3491 atque
476 3419 689 3477 arcanis
718 3421 876 3476 altius
905 3421 1321 3490 disputantibus,
1353 3422 1515 3491 cmpit
1539 3431 1755 3479 sanctus
1782 3421 1884 3477 Pa-

286 3515 531 3569 cltomius
570 3515 791 3571 odorem
842 3516 1045 3573 sentire
1091 3516 1445 3572 teterrimum.
1479 3516 1710 3572 Videbat
1737 3516 1882 3573 enim

286 3623 380 3664 eos
408 3608 627 3664 exculto
656 3609 786 3663 satis
810 3607 887 3663 uti
913 3624 1182 3675 sermone,
1209 3617 1262 3665 et
1290 3609 1345 3665 in
1366 3609 1655 3679 Scripturis
1680 3610 1885 3665 sanctis

286 3711 508 3771 paratos
532 3702 789 3769 existere,
816 3716 914 3756 nec
964 3710 1175 3771 poterat
1203 3701 1270 3759 de
1296 3700 1644 3759 intolerantia
1696 3702 1885 3762 fetoris

287 3795 490 3866 aliquid
521 3796 601 3851 vel
629 3797 885 3866 cogitare,
920 3796 1004 3851 vel
1030 3795 1233 3854 dicere.
1266 3797 1367 3853 Ubi
1407 3812 1535 3867 ergo
1579 3797 1647 3853 de
1688 3796 1884 3857 divinis

287 3886 522 3957 eloquiis
546 3886 751 3944 diutius
778 3888 1133 3957 disputarem,
1164 3896 1221 3944 et
1264 3889 1395 3943 hora
1438 3904 1577 3944 nona
1604 3888 1714 3958 jam
1748 3890 1886 3946 refe-

292 3980 490 4036 ctionis
524 3991 733 4050 tempus
765 3981 1042 4046 indiceret,
1071 3990 1351 4051 surgentes
1383 3984 1501 4052 ipsi,
1557 3997 1679 4039 mox
1733 3983 1886 4041 abire

290 4075 599 4129 voluerunt.
632 4072 776 4140 Quos
814 4083 1030 4130 sanctus
1064 4076 1144 4129 vir
1170 4076 1380 4131 enixius
1408 4074 1596 4130 orabat
1624 4084 1679 4131 ut
1705 4076 1885 4134 cibum

289 4168 495 4238 pariter
522 4176 820 4224 sumerent.
845 4169 945 4236 Qui
969 4169 1257 4226 noluerunt
1283 4170 1492 4237 penitus
1515 4171 1880 4255 acquiescere,

288 4258 532 4315 dicentes
562 4259 816 4315 festinare
854 4274 914 4314 se
959 4266 1084 4315 ante
1131 4273 1380 4316 occasum
1429 4260 1560 4316 solis
1614 4260 1768 4332 132
1816 4262 1884 4317 ad

291 4356 509 4425 propria
558 4369 817 4410 remeare.
870 4353 939 4409 Et
974 4356 1095 4409 vale
1138 4353 1378 4412 dicentes
1428 4356 1517 4420 ei,
1570 4356 1687 4411 sine
1735 4371 1888 4415 mora

291 4448 520 4518 profecti
546 4457 690 4505 aunt.
722 4447 870 4503 Tunc
891 4457 1109 4504 sanctus
1137 4445 1455 4502 Pachomius
1479 4446 1663 4502 volens
1685 4450 1888 4505 certius

290 4556 512 4599 causam
543 4539 730 4595 fetoris
756 4554 1070 4610 agnoscere,
1097 4539 1150 4593 in
1176 4539 1470 4594 orationem
1504 4540 1886 4606 prosternitur,

1982 546 2128 594 recta
2157 537 2486 607 respueritis.
2530 536 2681 603 Quod
2720 536 2767 591 si
2816 535 2947 592 mihi
2997 536 3153 591 vultis
3196 536 3567 606 acquiescere,

1984 631 2199 702 Deoque
2229 632 2441 700 placere
2484 646 2578 699 per
2606 631 2809 695 omnia,
2840 641 3060 686 cunctos
3106 630 3349 699 Origenis
3402 631 3573 688 libros

1980 723 2033 780 in
2082 723 2281 780 flumen
2312 722 2557 794 mergite,
2591 737 2658 778 ne
2683 723 2750 781 ab
2789 722 2897 781 illis
2938 737 3034 779 vos
3081 721 3184 789 ipsi
3229 720 3566 791 mergamini.

1980 814 2106 871 Haec
2133 815 2340 881 dicens,
2371 814 2619 872 discessit
2644 818 2711 869 ab
2739 816 2838 870 eis.
2874 814 2940 870 Et
2989 814 3204 871 rediens
3251 814 3319 869 ad
3366 815 3571 871 exerci-

1979 908 2114 965 tiutn
2143 908 2317 967 solitae
2346 910 2576 974 virtutis,
2610 909 2813 977 reperit
2834 909 3029 966 fratres
3068 910 3120 963 in
3151 910 3394 969 oratione
3442 924 3573 967 con-

1980 1001 2174 1061 sistere
2193 1040 2211 1067 ,
2241 1015 2365 1059 cum
2393 1002 2587 1072 quibus
2614 1002 2865 1061 alacriter
2892 1002 3123 1073 hymnos
3149 1002 3433 1065 cantilenas
3457 1003 3579 1074 spi-

1980 1092 2151 1149 ritalis
2171 1092 2450 1166 explicuit.
2612 1162 2623 1172 .

2052 1207 2182 1262 Car.
2213 1207 2378 1264 XLV.
2403 1237 2471 1250 -—
2494 1206 2768 1263 Monaehia
2795 1208 2953 1278 igitur
2978 1208 3043 1263 ad
3083 1209 3406 1264 vescendum
3441 1223 3575 1264 con-

1983 1298 2344 1366 venientibus,
2376 1300 2697 1359 venerabilis
2722 1314 2892 1357 senex
2920 1299 2978 1355 in
3005 1299 3270 1366 cellulam,
3307 1299 3391 1355 ubi
3437 1315 3575 1355 eon-

1983 1402 2231 1447 sueverat
2258 1390 2560 1461 supplicare
2584 1392 2843 1460 Domino,
2875 1408 2938 1447 se
2966 1393 3187 1462 recepit.
3214 1393 3281 1448 Et
3308 1393 3573 1449 obseratis

1983 1482 2205 1551 ostium,
2227 1484 2419 1539 orabat
2440 1484 2663 1548 intente,
2691 1500 2900 1541 memor
2920 1486 3143 1540 visionis
3166 1500 3325 1553 quam
3345 1484 3563 1554 aliquan

1984 1574 2052 1628 do
2079 1587 2467 1646 conspexerat;
2501 1589 2552 1655 et
2602 1578 2920 1633 obsecrabat
2951 1578 3255 1648 Dominum,
3307 1588 3577 1650 quatenus

1985 1669 2035 1723 ei
2063 1668 2369 1726 declararet
2392 1681 2592 1726 statum
2620 1673 3003 1728 monachorum
3033 1674 3123 1744 qui
3157 1673 3366 1728 futurus
3392 1682 3571 1741 esset,

1987 1761 2069 1814 vel
2099 1760 2229 1832 quid
2277 1771 2407 1831 post
2443 1764 2560 1832 ejus
2615 1764 2817 1818 obitum
2868 1766 2921 1818 in
2966 1773 3110 1819 tanta
3157 1767 3578 1837 congregatione

1986 1854 2350 1925 contingeret;
2374 1865 2428 1910 et
2453 1856 2523 1910 ab
2549 1855 2681 1909 hora
2713 1872 2854 1911 nona
2879 1873 3052 1927 usque
3093 1857 3159 1911 ad
3191 1857 3316 1912 illud
3368 1869 3581 1926 tempus

1986 1950 2103 2015 quo
2122 1947 2286 2007 frater
2313 1948 2403 2019 qui
2434 1949 2715 2004 nocturnis
2755 1949 3089 2007 orationibus
3131 1958 3361 2019 praeerat
3386 1964 3578 2005 vocem

1988 2041 2247 2107 mitteret,
2280 2052 2336 2098 ct
2365 2043 2428 2097 ad
2480 2059 2668 2113 preces
2709 2045 2895 2099 solitas
2938 2046 3216 2109 excitaret,
3268 2045 3579 2101 instantiam

1984 2153 2095 2193 suae
2116 2140 2519 2209 supplicationis
2549 2140 2804 2196 extendit.
2854 2140 3097 2209 Cumque
3142 2149 3454 2210 precaretur
3497 2149 3581 2195 at-

1985 2230 2200 2295 tentius,
2228 2230 2410 2286 subito
2429 2233 2571 2286 circa
2596 2231 2829 2286 mediam
2858 2241 3068 2285 noctem
3093 2232 3354 2285 visionem
3381 2232 3579 2300 cernit,

1985 2336 2105 2392 qua:
2135 2338 2258 2381 cum
2284 2322 2441 2393 juxta
2472 2322 2781 2393 petitionem
2815 2324 3087 2394 propriam
3115 2323 3185 2378 de
3213 2331 3355 2378 statu
3395 2334 3580 2393 poste-

1983 2430 2166 2473 rorum
2197 2430 2418 2471 suorum
2446 2417 2651 2485 plenius
2673 2418 2947 2474 edoceret.
2975 2416 3107 2471 Nam
3133 2416 3455 2471 monasteria
3477 2431 3576 2472 sua

1984 2508 2353 2563 vehementius
2385 2509 2657 2563 dilatando
2676 2551 2690 2573 ,
2719 2510 3111 2579 nonnullasque
3143 2509 3229 2579 pie
3258 2510 3497 2564 victuros
3525 2516 3583 2565 et

1986 2602 2327 2656 continenter
2350 2602 2584 2672 agnovit,
2618 2601 2958 2672 neglecturus
2987 2603 3151 2655 etiam
3181 2600 3442 2669 plurimos
3491 2599 3579 2653 di-

1986 2692 2136 2754 dicit,
2171 2706 2429 2761 suamque
2450 2693 2677 2748 salutem
2703 2694 2915 2763 penitus
2942 2708 3062 2748 esse
3085 2692 3410 2763 perdituros.
3438 2691 3584 2751 Vidit

1987 2799 2142 2855 ergo,
2172 2784 2309 2839 sicut
2341 2786 2457 2854 ipse
2485 2786 2740 2851 narravit,
2766 2785 3163 2840 multitudinem
3193 2786 3579 2839 monachorum

1989 2878 2045 2932 in
2076 2876 2215 2932 valle
2243 2862 2472 2948 quadam
2506 2876 2765 2945 profunda
2796 2878 2928 2932 satis
2954 2886 3118 2946 atque
3137 2877 3428 2946 caliginosa
3450 2891 3584 2931 con-

1987 2972 2179 3025 sistere
2194 3010 2210 3035 ,
2229 2982 2283 3025 et
2307 2970 2443 3025 alios
2464 2970 2658 3025 exinde
2680 2970 2822 3025 velle
2845 2970 3229 3035 conscendere,
3254 2984 3353 3023 nec
3373 2966 3579 3034 valere,

1989 3066 2111 3134 quia
2140 3064 2497 3119 occurrebant
2523 3080 2588 3119 ex
2633 3064 2861 3119 adverso
2905 3063 3024 3129 sibi,
3074 3077 3174 3118 nec
3225 3059 3450 3115 invicem
3497 3060 3582 3114 di-

1989 3170 2250 3224 gnoscere
2282 3165 2550 3224 poterant,
2574 3170 2674 3210 nec
2701 3155 2769 3210 de
2799 3153 3062 3223 profundo
3088 3153 3179 3207 illo
3208 3162 3263 3208 et
3293 3152 3583 3208 tenebrosa

1993 3248 2112 3304 loco
2139 3261 2362 3317 prorsus
2391 3261 2670 3316 emergere
2698 3264 2713 3313 ;
2740 3246 2875 3303 alios
2918 3255 3097 3301 autem
3127 3244 3325 3300 frustra
3356 3251 3583 3301 conatos

1995 3355 2103 3408 pra:
2132 3339 2449 3399 lassitudine
2485 3354 2666 3406 ruere,
2696 3348 2857 3409 atque
2902 3338 2969 3394 ad
3016 3338 3217 3393 inferos
3261 3337 3577 3407 pervenire;

1990 3431 2143 3496 alios,
2165 3430 2425 3498 jacentes,
2452 3430 2743 3489 miserabili
2773 3444 2835 3485 ac
2861 3430 3156 3499 lacrymosa
3184 3442 3318 3485 voce
3339 3427 3577 3493 deﬂere;

1996 3524 2284 3583 nonnullos
2328 3540 2458 3581 vero
2505 3541 2625 3581 cum
2672 3524 2907 3579 maximo
2951 3522 3138 3579 labore
3179 3521 3575 3588 conscendere,

1989 3618 2179 3686 quibus
2208 3617 2260 3673 itt
2290 3630 2515 3673 ascensu
2545 3618 2660 3686 ipso
2708 3616 2795 3672 lux
2848 3615 3089 3685 protinus
3137 3614 3473 3677 Occurrebat,
3523 3614 3583 3672 in

1989 3724 2092 3778 qua
2121 3709 2396 3763 constituti
2426 3706 2729 3763 referebant
2758 3708 2868 3761 Deo
2911 3706 3110 3775 gratias
3152 3703 3297 3774 quod
3342 3704 3576 3761 evadere

1990 3801 2306 3870 potuissent.
2344 3800 2415 3855 lta
2448 3798 2764 3853 Pachumius
2796 3796 3056 3853 intellexit
3100 3811 3219 3865 quae
3266 3796 3580 3853 novissimis

1989 3901 2173 3948 essent
2224 3901 2481 3946 eventura
2532 3889 2898 3957 temporibus;
2940 3888 3343 3957 unitatemque
3389 3888 3585 3947 ruentia

1990 4000 2174 4049 eorum
2207 3984 2297 4055 qui
2328 3992 2447 4054 post
2477 3983 2639 4039 futuri
2672 3992 2814 4051 sunt,
2846 3991 2900 4037 et
2922 3997 3159 4039 errorem
3187 3982 3388 4049 cordis,
3413 3983 3585 4039 bono-

1991 4092 2220 4148 rumque
2247 4076 2513 4133 defectum
2543 4075 2699 4131 valde
2729 4075 2937 4142 doluit;
2970 4075 3204 4131 maxime
3246 4089 3401 4143 vero,
3433 4073 3581 4147 quod

1990 4170 2263 4243 praepositi
2297 4180 2420 4225 tunc
2450 4170 2779 4239 negligentes
2809 4182 2871 4223 ac
2900 4168 3116 4225 desides
3146 4168 3340 4236 forent,
3371 4184 3473 4227 nec
3522 4168 3578 4226 in

1992 4269 2104 4324 Deo
2123 4266 2478 4332 confiderent,
2501 4264 2598 4321 sed
2617 4262 2903 4320 concordia
2926 4262 3257 4323 discordiose
3276 4271 3578 4329 uterentur,

1990 4360 2263 4429 placentes
2294 4360 2471 4415 stultae
2510 4356 2855 4423 multitudini,
2890 4364 2942 4411 et
2970 4364 3302 4413 ostentantes
3333 4355 3574 4413 habitum

1994 4453 2403 4518 monachorum,
2437 4451 2684 4519 nullaque
2712 4450 2850 4505 bona
2892 4462 3054 4518 opera
3085 4446 3449 4517 praeferentes.
3485 4447 3585 4503 Se-

1996 4548 2103 4602 mel
2132 4555 2315 4603 autem
2358 4545 2603 4615 pessimis
2631 4545 2919 4613 primatum
2948 4541 3273 4606 tenentibus,
3301 4539 3588 4611 ipsumque

288 4650 524 4693 exorans
557 4635 837 4690 Dominum
867 4645 1130 4704 quatenus
1158 4632 1259 4689 sibi
1290 4634 1477 4700 quales
1522 4642 1707 4688 essent
1755 4648 1887 4703 pan-
1915 4618 1971 4691 D
1999 4656 2195 4697 nomen
2223 4650 2422 4696 sanctae
2463 4636 2885 4693 conversationis
2934 4634 3323 4704 ignorantibus,
3363 4649 3589 4695 necesse

288 4732 423 4789 dere
463 4732 797 4803 dignaretur.
830 4729 1063 4798 Moxque
1100 4728 1355 4797 cognovit
1404 4727 1548 4797 quod
1598 4727 1888 4796 impietatis

290 4840 483 4884 eorum
514 4826 783 4893 dogmata,
813 4821 1007 4892 quibus
1037 4820 1398 4889 probabantur
1429 4818 1637 4882 imbuti,
1685 4828 1886 4877 tantam

291 4920 590 4991 perniciem
620 4918 687 4973 de
711 4932 895 4971 eorum
925 4914 1179 4970 cordibus
1208 4912 1549 4969 exhalarunt.
1576 4910 1686 4967 Nec
1714 4927 1884 4978 mora,

286 5014 438 5071 viros
463 5011 614 5082 ipsos
641 5009 962 5079 insequitur,
983 5018 1035 5063 et
1061 5005 1411 5077 apprehensis
1431 5006 1505 5059 ait
1530 5024 1540 5057 :
1569 5004 1742 5060 Unum
1766 5005 1888 5063 volo

289 5125 389 5168 vos
416 5110 752 5177 interrogare
783 5118 1106 5162 sermonem.
1138 5102 1239 5170 Qui
1261 5102 1521 5157 dixerunt
1552 5122 1564 5156 :
1591 5101 1885 5172 Interroga.

287 5204 584 5275 Numquid,
619 5203 726 5268 ait,
749 5199 997 5270 Origenis
1024 5206 1328 5253 commenta
1373 5195 1612 5266 legistis?
1642 5194 1745 5262 Qui
1792 5209 1888 5251 ne-

288 5278 503 5373 gante;
537 5295 789 5351 dixerunt
835 5313 848 5347 :
897 5294 1263 5363 Nequaquam.
1314 5288 1519 5356 Quibus
1565 5288 1643 5345 ait
1688 5306 1702 5344 :
1749 5287 1888 5345 Ecce

289 5399 572 5449 contestor
598 5405 696 5446 vos
723 5405 904 5445 coram
936 5387 1186 5452 Domino,
1231 5384 1373 5457 quod
1400 5382 1574 5440 omnis
1603 5382 1764 5437 homo
1795 5382 1887 5453 qui

286 5485 422 5556 legit
449 5485 765 5555 Origevtera,
794 5493 850 5538 et
877 5481 1146 5538 consentit
1165 5479 1249 5535 his
1275 5493 1395 5549 qua:
1418 5492 1581 5546 prave
1607 5476 1883 5545 disseruit,

283 5581 339 5638 in
372 5578 635 5650 profunda
668 5576 944 5646 perveniet
986 5573 1299 5637 inferorum,
1332 5570 1724 5641 bereditasque
1770 5568 1892 5639 ejus

285 5683 446 5729 erunt
476 5685 692 5727 vermes
720 5678 775 5724 et
805 5670 1099 5724 exteriores
1139 5664 1397 5730 tenebrae,
1428 5662 1620 5733 quibus
1670 5660 1889 5732 iniquo-

290 5779 411 5819 rum
441 5762 638 5818 anima‘.
668 5762 786 5817 sine
818 5760 924 5816 fine
951 5758 1254 5829 punientur.
1285 5755 1362 5811 En
1392 5767 1527 5823 ego,
1560 5754 1704 5821 quod
1758 5753 1889 5811 mihi

289 5857 688 5915 manifestatum
716 5866 797 5910 est
838 5872 866 5910 a
901 5852 1147 5919 Domino,
1182 5850 1333 5907 vobis
1363 5847 1593 5906 sollicite
1620 5847 1884 5905 nuntiavi.

1904 5934 1941 5949 σφ’

1995 4743 2078 4789 est
2102 4731 2470 4787 aemulationes
2498 4743 2560 4784 ac
2585 4728 2759 4798 jurgia
2788 4729 3054 4796 generari,
3085 4736 3140 4783 et
3169 4728 3286 4797 quis
3314 4729 3496 4797 praesit
3520 4743 3587 4787 ac

1997 4824 2168 4894 major
2205 4826 2293 4891 sit,
2327 4822 2609 4877 ambitiosa
2660 4820 2753 4876 lite
2798 4821 3150 4887 contendere;
3202 4830 3256 4877 et
3303 4821 3584 4889 reprobari

1997 4918 2212 4988 quidem
2240 4916 2431 4980 bonos,
2461 4929 2523 4968 ac
2548 4913 2722 4969 malos
2748 4913 2903 4983 eligi;
2937 4929 3036 4971 nec
3062 4915 3325 4983 probitate
3347 4928 3580 4979 morum,

1997 5014 2093 5071 sed
2125 5010 2440 5082 antiquitate
2472 5009 2555 5063 vel
2584 5007 2770 5064 ordine
2801 5022 3232 5078 unumquemque
3260 5007 3399 5063 velle
3424 5013 3586 5061 caete-

1998 5106 2076 5165 ris
2102 5103 2379 5161 anteferri.
2407 5101 2559 5159 Unde
2588 5114 2763 5170 neque
2792 5099 2965 5171 aliqua
2995 5100 3152 5155 bonis
3177 5099 3306 5159 viris
3332 5096 3588 5167 loquendi

1996 5197 2191 5255 ﬁducia
2221 5194 2422 5255 suberit
2453 5208 2549 5265 pro
2579 5193 2805 5251 utilitate
2853 5191 3141 5256 communi,
3193 5190 3288 5247 sed
3332 5201 3491 5246 erunt
3532 5188 3589 5251 in

1998 5292 2216 5353 silentio
2258 5300 2313 5348 et
2341 5290 2553 5361 quiete,
2601 5297 2695 5343 aut
2731 5293 2879 5344 certe
2918 5286 3019 5343 sub
3068 5285 3249 5343 colore
3294 5284 3590 5343 honestatis

2000 5387 2208 5458 magnis
2233 5382 2704 5456 persecutiouibus
2740 5382 3064 5452 affligantur.
3099 5380 3163 5436 Et
3188 5380 3313 5449 quid
3344 5391 3421 5434 est
3455 5392 3592 5449 opus

1999 5482 2206 5552 singula
2234 5476 2545 5543 recenSere,
2577 5492 2696 5531 cum
2727 5476 2903 5528 omnia
2932 5490 3069 5543 pene
3096 5487 3218 5545 qua
3243 5483 3366 5530 smn
3394 5472 3594 5540 regulis

2002 5572 2232 5631 subnixa
2260 5569 2478 5638 divinis,
2512 5566 2760 5622 humanis
2787 5568 3257 5623 conmtutabuntur
3282 5561 3593 5632 illecebris?

2000 5664 2154 5719 Tunc
2184 5660 2507 5718 Pachumius
2535 5658 2850 5713 exclamavit
2881 5658 2947 5712 ad
2994 5659 3273 5717 Dominum
3293 5699 3308 5725 ,
3341 5670 3463 5715 sum
3508 5654 3591 5713 la-

2003 5754 2208 5829 crymis
2234 5753 2419 5808 dicens
2448 5750 2835 5819 :Omnipotens
2857 5749 3020 5819 Deus,
3053 5752 3099 5807 si
3126 5752 3204 5807 sic
3233 5751 3357 5818 erit,
3390 5746 3595 5817 utquid

2000 5844 2297 5916 permisisti
2325 5842 2571 5903 emnobia
2603 5842 2702 5901 ista
2730 5844 3015 5901 constitui?
3047 5844 3099 5902 Si
3132 5843 3274 5899 enim
3308 5841 3360 5895 in
3389 5850 3594 5907 tempo-
