  <div class='ocr_page' id='page_1' title='image "/cluster/home/n/w/nwhite01/storage/ocr_20150623/73/hvd.32044011474434/137.png"; bbox 0 0 4142 6350; ppageno 0'>
   <div class='ocr_carea' id='block_1_1' title="bbox 567 345 671 401">
    <p class='ocr_par' dir='ltr' id='par_1_1' title="bbox 567 345 671 401">
     <span class='ocr_line' id='line_1_1' title="bbox 567 345 671 401; baseline -0.019 0"><span class='ocrx_word' id='word_1_1' title='bbox 567 345 671 401; x_wconf 70' lang='grc'><strong>265</strong></span> 
     </span>
    </p>
   </div>
   <div class='ocr_carea' id='block_1_2' title="bbox 1554 347 3534 416">
    <p class='ocr_par' dir='ltr' id='par_1_2' title="bbox 1554 347 3534 416">
     <span class='ocr_line' id='line_1_2' title="bbox 1554 347 3534 416; baseline 0.002 -14"><span class='ocrx_word' id='word_1_2' title='bbox 1554 349 1644 404; x_wconf 86' lang='lat' dir='ltr'><strong>DE</strong></span> <span class='ocrx_word' id='word_1_3' title='bbox 1683 349 1864 407; x_wconf 82' lang='lat' dir='ltr'><strong>VITIS</strong></span> <span class='ocrx_word' id='word_1_4' title='bbox 1902 349 2190 408; x_wconf 83' lang='lat' dir='ltr'><strong>PATRUM</strong></span> <span class='ocrx_word' id='word_1_5' title='bbox 2227 347 2433 406; x_wconf 78' lang='lat' dir='ltr'><strong>LIBER</strong></span> <span class='ocrx_word' id='word_1_6' title='bbox 2472 348 2742 406; x_wconf 76' lang='lat' dir='ltr'><strong>PRIMUS.</strong></span> <span class='ocrx_word' id='word_1_7' title='bbox 3510 397 3534 416; x_wconf 78' lang='grc'><strong><em>,</em></strong></span> 
     </span>
    </p>
   </div>
   <div class='ocr_carea' id='block_1_3' title="bbox 3741 353 3851 410">
    <p class='ocr_par' dir='ltr' id='par_1_3' title="bbox 3741 353 3851 410">
     <span class='ocr_line' id='line_1_3' title="bbox 3741 353 3851 410; baseline 0 0"><span class='ocrx_word' id='word_1_8' title='bbox 3741 353 3851 410; x_wconf 69' lang='grc' dir='ltr'><strong>26ι</strong></span> 
     </span>
    </p>
   </div>
   <div class='ocr_carea' id='block_1_4' title="bbox 565 461 3904 534">
    <p class='ocr_par' dir='ltr' id='par_1_4' title="bbox 565 461 3904 534">
     <span class='ocr_line' id='line_1_4' title="bbox 565 461 3904 534; baseline 0.003 -18"><span class='ocrx_word' id='word_1_9' title='bbox 565 477 626 516; x_wconf 90' lang='lat' dir='ltr'><strong>re</strong></span> <span class='ocrx_word' id='word_1_10' title='bbox 657 462 968 527; x_wconf 90' lang='lat' dir='ltr'><strong>novissimo,</strong></span> <span class='ocrx_word' id='word_1_11' title='bbox 996 462 1300 533; x_wconf 84' lang='lat' dir='ltr'><strong>quicunque</strong></span> <span class='ocrx_word' id='word_1_12' title='bbox 1326 461 1577 518; x_wconf 73' lang='lat' dir='ltr'><strong>fratribus</strong></span> <span class='ocrx_word' id='word_1_13' title='bbox 1610 475 1880 533; x_wconf 77' lang='lat' dir='ltr'><strong>praeerant</strong></span> <span class='ocrx_word' id='word_1_14' title='bbox 1912 467 2147 533; x_wconf 83' lang='lat' dir='ltr'><strong>perversi</strong></span> <span class='ocrx_word' id='word_1_15' title='bbox 2175 465 2501 527; x_wconf 71' lang='lat' dir='ltr'><strong>Amonachi</strong></span> <span class='ocrx_word' id='word_1_16' title='bbox 2549 465 2698 534; x_wconf 90' lang='lat' dir='ltr'><strong>juxta</strong></span> <span class='ocrx_word' id='word_1_17' title='bbox 2747 463 3186 521; x_wconf 84' lang='lat' dir='ltr'><strong>consuetudinem</strong></span> <span class='ocrx_word' id='word_1_18' title='bbox 3233 478 3417 521; x_wconf 88' lang='lat' dir='ltr'><strong>coram</strong></span> <span class='ocrx_word' id='word_1_19' title='bbox 3463 480 3593 522; x_wconf 85' lang='lat' dir='ltr'><strong>sene</strong></span> <span class='ocrx_word' id='word_1_20' title='bbox 3641 469 3712 524; x_wconf 87' lang='lat' dir='ltr'><strong>ad</strong></span> <span class='ocrx_word' id='word_1_21' title='bbox 3756 485 3855 525; x_wconf 87' lang='lat' dir='ltr'><strong>au-</strong></span> <span class='ocrx_word' id='word_1_22' title='bbox 3901 471 3904 473; x_wconf 33' lang='grc' dir='ltr'>λ</span> 
     </span>
    </p>
   </div>
   <div class='ocr_carea' id='block_1_5' title="bbox 564 553 2154 628">
    <p class='ocr_par' dir='ltr' id='par_1_5' title="bbox 564 553 2154 628">
     <span class='ocr_line' id='line_1_5' title="bbox 564 553 2154 628; baseline 0.003 -20"><span class='ocrx_word' id='word_1_23' title='bbox 564 553 722 609; x_wconf 86' lang='lat' dir='ltr'><strong>futuri</strong></span> <span class='ocrx_word' id='word_1_24' title='bbox 750 564 896 620; x_wconf 91' lang='lat' dir='ltr'><strong>sunt,</strong></span> <span class='ocrx_word' id='word_1_25' title='bbox 928 555 1110 623; x_wconf 84' lang='lat' dir='ltr'><strong>quales</strong></span> <span class='ocrx_word' id='word_1_26' title='bbox 1141 566 1297 610; x_wconf 91' lang='lat' dir='ltr'><strong>erunt</strong></span> <span class='ocrx_word' id='word_1_27' title='bbox 1328 555 1401 610; x_wconf 89' lang='lat' dir='ltr'><strong>illi</strong></span> <span class='ocrx_word' id='word_1_28' title='bbox 1431 557 1519 624; x_wconf 90' lang='lat' dir='ltr'><strong>qui</strong></span> <span class='ocrx_word' id='word_1_29' title='bbox 1552 555 1653 610; x_wconf 86' lang='lat' dir='ltr'><strong>sub</strong></span> <span class='ocrx_word' id='word_1_30' title='bbox 1682 571 1870 611; x_wconf 90' lang='lat' dir='ltr'><strong>eorum</strong></span> <span class='ocrx_word' id='word_1_31' title='bbox 1893 559 2154 628; x_wconf 89' lang='lat' dir='ltr'><strong>regimine</strong></span> 
     </span>
    </p>
   </div>
   <div class='ocr_carea' id='block_1_6' title="bbox 565 646 2150 719">
    <p class='ocr_par' dir='ltr' id='par_1_6' title="bbox 565 646 2150 719">
     <span class='ocr_line' id='line_1_6' title="bbox 565 646 2150 719; baseline 0.003 -18"><span class='ocrx_word' id='word_1_32' title='bbox 565 647 952 702; x_wconf 82' lang='lat' dir='ltr'><strong>versabuntur?</strong></span> <span class='ocrx_word' id='word_1_33' title='bbox 980 646 1166 701; x_wconf 69' lang='lat' dir='ltr'><strong>Caicus</strong></span> <span class='ocrx_word' id='word_1_34' title='bbox 1190 647 1331 702; x_wconf 88' lang='lat' dir='ltr'><strong>enim</strong></span> <span class='ocrx_word' id='word_1_35' title='bbox 1361 649 1403 700; x_wconf 89' lang='lat' dir='ltr'><strong>si</strong></span> <span class='ocrx_word' id='word_1_36' title='bbox 1446 663 1593 703; x_wconf 88' lang='lat' dir='ltr'><strong>cacco</strong></span> <span class='ocrx_word' id='word_1_37' title='bbox 1629 648 1880 705; x_wconf 84' lang='lat' dir='ltr'><strong>ducatum</strong></span> <span class='ocrx_word' id='word_1_38' title='bbox 1928 651 2150 719; x_wconf 66' lang='lat' dir='ltr'><strong>praebet,</strong></span> 
     </span>
    </p>
   </div>
   <div class='ocr_carea' id='block_1_7' title="bbox 565 739 2154 815">
    <p class='ocr_par' dir='ltr' id='par_1_7' title="bbox 565 739 2154 815">
     <span class='ocr_line' id='line_1_7' title="bbox 565 739 2154 815; baseline 0.003 -21"><span class='ocrx_word' id='word_1_39' title='bbox 565 749 792 810; x_wconf 88' lang='lat' dir='ltr'><strong>uterque</strong></span> <span class='ocrx_word' id='word_1_40' title='bbox 822 741 873 794; x_wconf 93' lang='lat' dir='ltr'><strong>in</strong></span> <span class='ocrx_word' id='word_1_41' title='bbox 915 739 1118 795; x_wconf 83' lang='lat' dir='ltr'><strong>foveam</strong></span> <span class='ocrx_word' id='word_1_42' title='bbox 1150 742 1292 795; x_wconf 82' lang='lat' dir='ltr'><strong>cadit</strong></span> <span class='ocrx_word' id='word_1_43' title='bbox 1322 740 1538 810; x_wconf 76' lang='lat' dir='ltr'><strong>(Manli.</strong></span> <span class='ocrx_word' id='word_1_44' title='bbox 1572 742 1684 812; x_wconf 91' lang='lat' dir='ltr'><strong>xv).</strong></span> <span class='ocrx_word' id='word_1_45' title='bbox 1724 744 1836 799; x_wconf 83' lang='lat' dir='ltr'><strong>Heu</strong></span> <span class='ocrx_word' id='word_1_46' title='bbox 1879 745 1997 799; x_wconf 84' lang='lat' dir='ltr'><strong>me!</strong></span> <span class='ocrx_word' id='word_1_47' title='bbox 2032 746 2154 815; x_wconf 86' lang='lat' dir='ltr'><strong>quia</strong></span> 
     </span>
    </p>
   </div>
   <div class='ocr_carea' id='block_1_8' title="bbox 563 828 2153 902">
    <p class='ocr_par' dir='ltr' id='par_1_8' title="bbox 563 828 2153 902">
     <span class='ocr_line' id='line_1_8' title="bbox 563 828 2153 902; baseline 0.006 -20"><span class='ocrx_word' id='word_1_48' title='bbox 563 828 763 887; x_wconf 85' lang='lat' dir='ltr'><strong>frustra</strong></span> <span class='ocrx_word' id='word_1_49' title='bbox 796 839 851 888; x_wconf 90' lang='lat' dir='ltr'><strong>et</strong></span> <span class='ocrx_word' id='word_1_50' title='bbox 880 847 1208 902; x_wconf 90' lang='lat' dir='ltr'><strong>supervacue</strong></span> <span class='ocrx_word' id='word_1_51' title='bbox 1256 833 1519 889; x_wconf 84' lang='lat' dir='ltr'><strong>laboravi.</strong></span> <span class='ocrx_word' id='word_1_52' title='bbox 1568 833 1859 896; x_wconf 84' lang='lat' dir='ltr'><strong>Memento.</strong></span> <span class='ocrx_word' id='word_1_53' title='bbox 1909 837 2153 902; x_wconf 89' lang='lat' dir='ltr'><strong>Domine,</strong></span> 
     </span>
    </p>
   </div>
   <div class='ocr_carea' id='block_1_9' title="bbox 564 927 2155 999">
    <p class='ocr_par' dir='ltr' id='par_1_9' title="bbox 564 927 2155 999">
     <span class='ocr_line' id='line_1_9' title="bbox 564 927 2155 999; baseline 0.001 -17"><span class='ocrx_word' id='word_1_54' title='bbox 564 927 862 983; x_wconf 77' lang='lat' dir='ltr'><strong>studiorum</strong></span> <span class='ocrx_word' id='word_1_55' title='bbox 892 943 1156 992; x_wconf 90' lang='lat' dir='ltr'><strong>meorum,</strong></span> <span class='ocrx_word' id='word_1_56' title='bbox 1180 944 1297 998; x_wconf 64' lang='lat' dir='ltr'><strong>qua:</strong></span> <span class='ocrx_word' id='word_1_57' title='bbox 1331 939 1420 984; x_wconf 91' lang='lat' dir='ltr'><strong>tuo</strong></span> <span class='ocrx_word' id='word_1_58' title='bbox 1448 944 1671 985; x_wconf 90' lang='lat' dir='ltr'><strong>munere</strong></span> <span class='ocrx_word' id='word_1_59' title='bbox 1702 929 2008 999; x_wconf 89' lang='lat' dir='ltr'><strong>perfecisti;</strong></span> <span class='ocrx_word' id='word_1_60' title='bbox 2042 946 2155 984; x_wconf 89' lang='lat' dir='ltr'><strong>me-</strong></span> 
     </span>
    </p>
   </div>
   <div class='ocr_carea' id='block_1_10' title="bbox 561 1022 2157 1092">
    <p class='ocr_par' dir='ltr' id='par_1_10' title="bbox 561 1022 2157 1092">
     <span class='ocr_line' id='line_1_10' title="bbox 561 1022 2157 1092; baseline 0.001 -14"><span class='ocrx_word' id='word_1_61' title='bbox 561 1036 743 1078; x_wconf 90' lang='lat' dir='ltr'><strong>mento</strong></span> <span class='ocrx_word' id='word_1_62' title='bbox 774 1022 1095 1078; x_wconf 88' lang='lat' dir='ltr'><strong>famulorum</strong></span> <span class='ocrx_word' id='word_1_63' title='bbox 1128 1031 1364 1089; x_wconf 92' lang='lat' dir='ltr'><strong>tuorum,</strong></span> <span class='ocrx_word' id='word_1_64' title='bbox 1390 1023 1478 1092; x_wconf 92' lang='lat' dir='ltr'><strong>qui</strong></span> <span class='ocrx_word' id='word_1_65' title='bbox 1511 1024 1604 1078; x_wconf 87' lang='lat' dir='ltr'><strong>tibi</strong></span> <span class='ocrx_word' id='word_1_66' title='bbox 1633 1032 1742 1078; x_wconf 83' lang='lat' dir='ltr'><strong>tota</strong></span> <span class='ocrx_word' id='word_1_67' title='bbox 1765 1032 1946 1079; x_wconf 90' lang='lat' dir='ltr'><strong>mente</strong></span> <span class='ocrx_word' id='word_1_68' title='bbox 1971 1024 2157 1080; x_wconf 89' lang='lat' dir='ltr'><strong>deser-</strong></span> 
     </span>
    </p>
   </div>
   <div class='ocr_carea' id='block_1_11' title="bbox 567 1117 2156 1187">
    <p class='ocr_par' dir='ltr' id='par_1_11' title="bbox 567 1117 2156 1187">
     <span class='ocr_line' id='line_1_11' title="bbox 567 1117 2156 1187; baseline 0.001 -17"><span class='ocrx_word' id='word_1_69' title='bbox 567 1117 751 1182; x_wconf 89' lang='lat' dir='ltr'><strong>viunt;</strong></span> <span class='ocrx_word' id='word_1_70' title='bbox 784 1125 1054 1173; x_wconf 88' lang='lat' dir='ltr'><strong>memento</strong></span> <span class='ocrx_word' id='word_1_71' title='bbox 1083 1118 1387 1172; x_wconf 69' lang='lat' dir='ltr'><strong>testamenti</strong></span> <span class='ocrx_word' id='word_1_72' title='bbox 1419 1117 1530 1183; x_wconf 87' lang='lat' dir='ltr'><strong>tui,</strong></span> <span class='ocrx_word' id='word_1_73' title='bbox 1562 1117 1702 1186; x_wconf 90' lang='lat' dir='ltr'><strong>quod</strong></span> <span class='ocrx_word' id='word_1_74' title='bbox 1732 1132 1900 1187; x_wconf 91' lang='lat' dir='ltr'><strong>usque</strong></span> <span class='ocrx_word' id='word_1_75' title='bbox 1929 1117 1996 1171; x_wconf 90' lang='lat' dir='ltr'><strong>ad</strong></span> <span class='ocrx_word' id='word_1_76' title='bbox 2026 1132 2156 1172; x_wconf 83' lang='lat' dir='ltr'><strong>con-</strong></span> 
     </span>
    </p>
   </div>
   <div class='ocr_carea' id='block_1_12' title="bbox 559 1211 2155 1279">
    <p class='ocr_par' dir='ltr' id='par_1_12' title="bbox 559 1211 2155 1279">
     <span class='ocr_line' id='line_1_12' title="bbox 559 1211 2155 1279; baseline -0.001 -14"><span class='ocrx_word' id='word_1_77' title='bbox 559 1213 975 1266; x_wconf 87' lang='lat' dir='ltr'><strong>summationem</strong></span> <span class='ocrx_word' id='word_1_78' title='bbox 997 1211 1178 1265; x_wconf 59' lang='lat' dir='ltr'><strong>seculi</strong></span> <span class='ocrx_word' id='word_1_79' title='bbox 1201 1227 1228 1264; x_wconf 90' lang='lat' dir='ltr'><strong>a</strong></span> <span class='ocrx_word' id='word_1_80' title='bbox 1253 1212 1355 1266; x_wconf 91' lang='lat' dir='ltr'><strong>tuis</strong></span> <span class='ocrx_word' id='word_1_81' title='bbox 1380 1211 1673 1279; x_wconf 88' lang='lat' dir='ltr'><strong>promisisti</strong></span> <span class='ocrx_word' id='word_1_82' title='bbox 1701 1211 1956 1266; x_wconf 87' lang='lat' dir='ltr'><strong>custodiri</strong></span> <span class='ocrx_word' id='word_1_83' title='bbox 1984 1213 2155 1266; x_wconf 87' lang='lat' dir='ltr'><strong>culto-</strong></span> 
     </span>
    </p>
   </div>
   <div class='ocr_carea' id='block_1_13' title="bbox 560 1302 2158 1373">
    <p class='ocr_par' dir='ltr' id='par_1_13' title="bbox 560 1302 2158 1373">
     <span class='ocr_line' id='line_1_13' title="bbox 560 1302 2158 1373; baseline 0.001 -15"><span class='ocrx_word' id='word_1_84' title='bbox 560 1302 732 1359; x_wconf 85' lang='lat' dir='ltr'><strong>ribus.</strong></span> <span class='ocrx_word' id='word_1_85' title='bbox 766 1303 845 1358; x_wconf 89' lang='lat' dir='ltr'><strong>Tu</strong></span> <span class='ocrx_word' id='word_1_86' title='bbox 876 1303 1040 1368; x_wconf 86' lang='lat' dir='ltr'><strong>nosti,</strong></span> <span class='ocrx_word' id='word_1_87' title='bbox 1070 1302 1322 1367; x_wconf 90' lang='lat' dir='ltr'><strong>Domine,</strong></span> <span class='ocrx_word' id='word_1_88' title='bbox 1351 1303 1474 1372; x_wconf 83' lang='lat' dir='ltr'><strong>quia</strong></span> <span class='ocrx_word' id='word_1_89' title='bbox 1504 1318 1570 1357; x_wconf 82' lang='lat' dir='ltr'><strong>ex</strong></span> <span class='ocrx_word' id='word_1_90' title='bbox 1603 1318 1710 1373; x_wconf 91' lang='lat' dir='ltr'><strong>quo</strong></span> <span class='ocrx_word' id='word_1_91' title='bbox 1755 1303 1969 1372; x_wconf 85' lang='lat' dir='ltr'><strong>suscepi</strong></span> <span class='ocrx_word' id='word_1_92' title='bbox 2016 1302 2158 1359; x_wconf 90' lang='lat' dir='ltr'><strong>hunc</strong></span> 
     </span>
    </p>
   </div>
   <div class='ocr_carea' id='block_1_14' title="bbox 560 1395 2157 1468">
    <p class='ocr_par' dir='ltr' id='par_1_14' title="bbox 560 1395 2157 1468">
     <span class='ocr_line' id='line_1_14' title="bbox 560 1395 2157 1468; baseline 0.001 -17"><span class='ocrx_word' id='word_1_93' title='bbox 560 1395 802 1452; x_wconf 86' lang='lat' dir='ltr'><strong>habitum</strong></span> <span class='ocrx_word' id='word_1_94' title='bbox 825 1396 1096 1464; x_wconf 83' lang='lat' dir='ltr'><strong>monachi,</strong></span> <span class='ocrx_word' id='word_1_95' title='bbox 1121 1397 1280 1451; x_wconf 89' lang='lat' dir='ltr'><strong>nimis</strong></span> <span class='ocrx_word' id='word_1_96' title='bbox 1306 1397 1614 1452; x_wconf 87' lang='lat' dir='ltr'><strong>humiliatus</strong></span> <span class='ocrx_word' id='word_1_97' title='bbox 1641 1412 1758 1451; x_wconf 90' lang='lat' dir='ltr'><strong>sum</strong></span> <span class='ocrx_word' id='word_1_98' title='bbox 1788 1398 1841 1452; x_wconf 92' lang='lat' dir='ltr'><strong>in</strong></span> <span class='ocrx_word' id='word_1_99' title='bbox 1868 1410 2157 1468; x_wconf 87' lang='lat' dir='ltr'><strong>conspectu</strong></span> 
     </span>
    </p>
   </div>
   <div class='ocr_carea' id='block_1_15' title="bbox 562 1490 2157 1560">
    <p class='ocr_par' dir='ltr' id='par_1_15' title="bbox 562 1490 2157 1560">
     <span class='ocr_line' id='line_1_15' title="bbox 562 1490 2157 1560; baseline -0.002 -14"><span class='ocrx_word' id='word_1_100' title='bbox 562 1499 678 1556; x_wconf 89' lang='lat' dir='ltr'><strong>tuo,</strong></span> <span class='ocrx_word' id='word_1_101' title='bbox 708 1505 980 1560; x_wconf 82' lang='lat' dir='ltr'><strong>nunquam</strong></span> <span class='ocrx_word' id='word_1_102' title='bbox 1009 1490 1233 1544; x_wconf 85' lang='lat' dir='ltr'><strong>satiatus</strong></span> <span class='ocrx_word' id='word_1_103' title='bbox 1260 1506 1377 1545; x_wconf 87' lang='lat' dir='ltr'><strong>sum</strong></span> <span class='ocrx_word' id='word_1_104' title='bbox 1414 1505 1573 1559; x_wconf 87' lang='lat' dir='ltr'><strong>pane,</strong></span> <span class='ocrx_word' id='word_1_105' title='bbox 1604 1499 1660 1545; x_wconf 90' lang='lat' dir='ltr'><strong>et</strong></span> <span class='ocrx_word' id='word_1_106' title='bbox 1685 1504 1846 1560; x_wconf 89' lang='lat' dir='ltr'><strong>aqua,</strong></span> <span class='ocrx_word' id='word_1_107' title='bbox 1879 1490 1959 1546; x_wconf 91' lang='lat' dir='ltr'><strong>vel</strong></span> <span class='ocrx_word' id='word_1_108' title='bbox 1987 1491 2157 1560; x_wconf 91' lang='lat' dir='ltr'><strong>quali-</strong></span> 
     </span>
    </p>
   </div>
   <div class='ocr_carea' id='block_1_16' title="bbox 559 1581 1474 1653">
    <p class='ocr_par' dir='ltr' id='par_1_16' title="bbox 559 1581 1474 1653">
     <span class='ocr_line' id='line_1_16' title="bbox 559 1581 1474 1653; baseline -0.007 -13"><span class='ocrx_word' id='word_1_109' title='bbox 559 1583 652 1640; x_wconf 85' lang='lat' dir='ltr'><strong>bet</strong></span> <span class='ocrx_word' id='word_1_110' title='bbox 680 1593 926 1640; x_wconf 86' lang='lat' dir='ltr'><strong>creatura</strong></span> <span class='ocrx_word' id='word_1_111' title='bbox 953 1583 1056 1638; x_wconf 87' lang='lat' dir='ltr'><strong>alia</strong></span> <span class='ocrx_word' id='word_1_112' title='bbox 1088 1598 1244 1653; x_wconf 87' lang='lat' dir='ltr'><strong>quam</strong></span> <span class='ocrx_word' id='word_1_113' title='bbox 1274 1581 1474 1638; x_wconf 89' lang='lat' dir='ltr'><strong>fecisti.</strong></span> 
     </span>
    </p>
   </div>
   <div class='ocr_carea' id='block_1_17' title="bbox 632 1676 2160 1746">
    <p class='ocr_par' dir='ltr' id='par_1_17' title="bbox 632 1676 2160 1746">
     <span class='ocr_line' id='line_1_17' title="bbox 632 1676 2160 1746; baseline 0 -12"><span class='ocrx_word' id='word_1_114' title='bbox 632 1679 758 1734; x_wconf 66' lang='lat' dir='ltr'><strong>Haec</strong></span> <span class='ocrx_word' id='word_1_115' title='bbox 783 1694 850 1733; x_wconf 91' lang='lat' dir='ltr'><strong>eo</strong></span> <span class='ocrx_word' id='word_1_116' title='bbox 873 1679 1109 1746; x_wconf 85' lang='lat' dir='ltr'><strong>dicente,</strong></span> <span class='ocrx_word' id='word_1_117' title='bbox 1142 1693 1244 1732; x_wconf 90' lang='lat' dir='ltr'><strong>vox</strong></span> <span class='ocrx_word' id='word_1_118' title='bbox 1268 1679 1335 1732; x_wconf 88' lang='lat' dir='ltr'><strong>ad</strong></span> <span class='ocrx_word' id='word_1_119' title='bbox 1362 1692 1483 1733; x_wconf 90' lang='lat' dir='ltr'><strong>eum</strong></span> <span class='ocrx_word' id='word_1_120' title='bbox 1516 1676 1654 1733; x_wconf 87' lang='lat' dir='ltr'><strong>facta</strong></span> <span class='ocrx_word' id='word_1_121' title='bbox 1685 1686 1786 1745; x_wconf 85' lang='lat' dir='ltr'><strong>est,</strong></span> <span class='ocrx_word' id='word_1_122' title='bbox 1821 1678 2007 1733; x_wconf 90' lang='lat' dir='ltr'><strong>dicens</strong></span> <span class='ocrx_word' id='word_1_123' title='bbox 2043 1679 2160 1734; x_wconf 84' lang='lat' dir='ltr'><strong>:Ne</strong></span> 
     </span>
    </p>
   </div>
   <div class='ocr_carea' id='block_1_18' title="bbox 559 1769 2158 1841">
    <p class='ocr_par' dir='ltr' id='par_1_18' title="bbox 559 1769 2158 1841">
     <span class='ocr_line' id='line_1_18' title="bbox 559 1769 2158 1841; baseline 0.001 -17"><span class='ocrx_word' id='word_1_124' title='bbox 559 1771 827 1841; x_wconf 74' lang='lat' dir='ltr'><strong>glorieris,</strong></span> <span class='ocrx_word' id='word_1_125' title='bbox 859 1770 1137 1834; x_wconf 83' lang='lat' dir='ltr'><strong>Pachomi,</strong></span> <span class='ocrx_word' id='word_1_126' title='bbox 1171 1785 1291 1824; x_wconf 93' lang='lat' dir='ltr'><strong>cum</strong></span> <span class='ocrx_word' id='word_1_127' title='bbox 1319 1771 1393 1824; x_wconf 89' lang='lat' dir='ltr'><strong>sis</strong></span> <span class='ocrx_word' id='word_1_128' title='bbox 1417 1769 1598 1836; x_wconf 88' lang='lat' dir='ltr'><strong>homo,</strong></span> <span class='ocrx_word' id='word_1_129' title='bbox 1633 1778 1689 1825; x_wconf 91' lang='lat' dir='ltr'><strong>et</strong></span> <span class='ocrx_word' id='word_1_130' title='bbox 1717 1769 1960 1839; x_wconf 78' lang='lat' dir='ltr'><strong>indigeas</strong></span> <span class='ocrx_word' id='word_1_131' title='bbox 1995 1771 2158 1826; x_wconf 90' lang='lat' dir='ltr'><strong>mise-</strong></span> 
     </span>
    </p>
   </div>
   <div class='ocr_carea' id='block_1_19' title="bbox 2255 555 3856 628">
    <p class='ocr_par' dir='ltr' id='par_1_19' title="bbox 2255 555 3856 628">
     <span class='ocr_line' id='line_1_19' title="bbox 2255 555 3856 628; baseline 0.004 -18"><span class='ocrx_word' id='word_1_132' title='bbox 2255 556 2509 611; x_wconf 90' lang='lat' dir='ltr'><strong>diendum</strong></span> <span class='ocrx_word' id='word_1_133' title='bbox 2543 556 2764 611; x_wconf 82' lang='lat' dir='ltr'><strong>verbum</strong></span> <span class='ocrx_word' id='word_1_134' title='bbox 2796 555 2890 610; x_wconf 89' lang='lat' dir='ltr'><strong>Dei</strong></span> <span class='ocrx_word' id='word_1_135' title='bbox 2920 555 3299 612; x_wconf 88' lang='lat' dir='ltr'><strong>constiterunt.</strong></span> <span class='ocrx_word' id='word_1_136' title='bbox 3346 557 3449 622; x_wconf 90' lang='lat' dir='ltr'><strong>Qui</strong></span> <span class='ocrx_word' id='word_1_137' title='bbox 3497 559 3747 628; x_wconf 89' lang='lat' dir='ltr'><strong>aperiens</strong></span> <span class='ocrx_word' id='word_1_138' title='bbox 3792 575 3856 616; x_wconf 87' lang='lat' dir='ltr'><strong>os</strong></span> 
     </span>
    </p>
   </div>
   <div class='ocr_carea' id='block_1_20' title="bbox 2257 648 3859 721">
    <p class='ocr_par' dir='ltr' id='par_1_20' title="bbox 2257 648 3859 721">
     <span class='ocr_line' id='line_1_20' title="bbox 2257 648 3859 721; baseline 0.002 -18"><span class='ocrx_word' id='word_1_139' title='bbox 2257 664 2444 716; x_wconf 85' lang='lat' dir='ltr'><strong>suum,</strong></span> <span class='ocrx_word' id='word_1_140' title='bbox 2469 648 2697 704; x_wconf 88' lang='lat' dir='ltr'><strong>docebat</strong></span> <span class='ocrx_word' id='word_1_141' title='bbox 2723 663 2848 714; x_wconf 79' lang='lat' dir='ltr'><strong>eos,</strong></span> <span class='ocrx_word' id='word_1_142' title='bbox 2881 648 3068 703; x_wconf 90' lang='lat' dir='ltr'><strong>dicens</strong></span> <span class='ocrx_word' id='word_1_143' title='bbox 3095 665 3107 702; x_wconf 92' lang='lat'><strong>:</strong></span> <span class='ocrx_word' id='word_1_144' title='bbox 3137 649 3312 704; x_wconf 88' lang='lat' dir='ltr'><strong>Filioli</strong></span> <span class='ocrx_word' id='word_1_145' title='bbox 3343 651 3487 716; x_wconf 90' lang='lat' dir='ltr'><strong>mei,</strong></span> <span class='ocrx_word' id='word_1_146' title='bbox 3517 659 3859 721; x_wconf 89' lang='lat' dir='ltr'><strong>quantacun-</strong></span> 
     </span>
    </p>
   </div>
   <div class='ocr_carea' id='block_1_21' title="bbox 2257 742 3858 814">
    <p class='ocr_par' dir='ltr' id='par_1_21' title="bbox 2257 742 3858 814">
     <span class='ocr_line' id='line_1_21' title="bbox 2257 742 3858 814; baseline 0.004 -18"><span class='ocrx_word' id='word_1_147' title='bbox 2257 758 2361 812; x_wconf 89' lang='lat' dir='ltr'><strong>que</strong></span> <span class='ocrx_word' id='word_1_148' title='bbox 2389 743 2545 797; x_wconf 91' lang='lat' dir='ltr'><strong>vobis</strong></span> <span class='ocrx_word' id='word_1_149' title='bbox 2588 752 2672 798; x_wconf 89' lang='lat' dir='ltr'><strong>est</strong></span> <span class='ocrx_word' id='word_1_150' title='bbox 2713 742 2883 798; x_wconf 88' lang='lat' dir='ltr'><strong>virtus</strong></span> <span class='ocrx_word' id='word_1_151' title='bbox 2925 752 3085 812; x_wconf 87' lang='lat' dir='ltr'><strong>atque</strong></span> <span class='ocrx_word' id='word_1_152' title='bbox 3133 742 3481 808; x_wconf 84' lang='lat' dir='ltr'><strong>possibilitas,</strong></span> <span class='ocrx_word' id='word_1_153' title='bbox 3535 759 3632 814; x_wconf 92' lang='lat' dir='ltr'><strong>pro</strong></span> <span class='ocrx_word' id='word_1_154' title='bbox 3679 747 3858 802; x_wconf 84' lang='lat' dir='ltr'><strong>salute</strong></span> 
     </span>
    </p>
   </div>
   <div class='ocr_carea' id='block_1_22' title="bbox 2257 834 3854 903">
    <p class='ocr_par' dir='ltr' id='par_1_22' title="bbox 2257 834 3854 903">
     <span class='ocr_line' id='line_1_22' title="bbox 2257 834 3854 903; baseline 0.003 -13"><span class='ocrx_word' id='word_1_155' title='bbox 2257 847 2435 892; x_wconf 90' lang='lat' dir='ltr'><strong>vestra</strong></span> <span class='ocrx_word' id='word_1_156' title='bbox 2465 845 2674 892; x_wconf 86' lang='lat' dir='ltr'><strong>certate</strong></span> <span class='ocrx_word' id='word_1_157' title='bbox 2703 834 2935 903; x_wconf 86' lang='lat' dir='ltr'><strong>fortiter,</strong></span> <span class='ocrx_word' id='word_1_158' title='bbox 2967 843 3022 892; x_wconf 92' lang='lat' dir='ltr'><strong>et</strong></span> <span class='ocrx_word' id='word_1_159' title='bbox 3048 835 3307 892; x_wconf 88' lang='lat' dir='ltr'><strong>adversus</strong></span> <span class='ocrx_word' id='word_1_160' title='bbox 3348 846 3613 892; x_wconf 89' lang='lat' dir='ltr'><strong>armatum</strong></span> <span class='ocrx_word' id='word_1_161' title='bbox 3643 838 3854 894; x_wconf 81' lang='lat' dir='ltr'><strong>hostem</strong></span> 
     </span>
    </p>
   </div>
   <div class='ocr_carea' id='block_1_23' title="bbox 2257 923 3856 1002">
    <p class='ocr_par' dir='ltr' id='par_1_23' title="bbox 2257 923 3856 1002">
     <span class='ocr_line' id='line_1_23' title="bbox 2257 923 3856 1002; baseline 0.003 -18"><span class='ocrx_word' id='word_1_162' title='bbox 2257 931 2481 986; x_wconf 84' lang='lat' dir='ltr'><strong>viriliter</strong></span> <span class='ocrx_word' id='word_1_163' title='bbox 2509 929 2761 986; x_wconf 90' lang='lat' dir='ltr'><strong>dimicate</strong></span> <span class='ocrx_word' id='word_1_164' title='bbox 2795 948 2807 982; x_wconf 90' lang='lat'><strong>:</strong></span> <span class='ocrx_word' id='word_1_165' title='bbox 2837 923 3002 1000; x_wconf 86' lang='lat' dir='ltr'><strong>prius</strong></span> <span class='ocrx_word' id='word_1_166' title='bbox 3047 945 3205 997; x_wconf 89' lang='lat' dir='ltr'><strong>quam</strong></span> <span class='ocrx_word' id='word_1_167' title='bbox 3249 933 3424 986; x_wconf 86' lang='lat' dir='ltr'><strong>veniat</strong></span> <span class='ocrx_word' id='word_1_168' title='bbox 3471 941 3700 1002; x_wconf 87' lang='lat' dir='ltr'><strong>tempus,</strong></span> <span class='ocrx_word' id='word_1_169' title='bbox 3747 948 3856 1000; x_wconf 90' lang='lat' dir='ltr'><strong>quo</strong></span> 
     </span>
    </p>
   </div>
   <div class='ocr_carea' id='block_1_24' title="bbox 2257 1023 3852 1095">
    <p class='ocr_par' dir='ltr' id='par_1_24' title="bbox 2257 1023 3852 1095">
     <span class='ocr_line' id='line_1_24' title="bbox 2257 1023 3852 1095; baseline 0.001 -15"><span class='ocrx_word' id='word_1_170' title='bbox 2257 1026 2642 1095; x_wconf 87' lang='lat' dir='ltr'><strong>nosmetipsos,</strong></span> <span class='ocrx_word' id='word_1_171' title='bbox 2685 1025 2732 1080; x_wconf 91' lang='lat' dir='ltr'><strong>si</strong></span> <span class='ocrx_word' id='word_1_172' title='bbox 2770 1035 2945 1080; x_wconf 87' lang='lat' dir='ltr'><strong>tamen</strong></span> <span class='ocrx_word' id='word_1_173' title='bbox 2983 1026 3183 1079; x_wconf 90' lang='lat' dir='ltr'><strong>inertes</strong></span> <span class='ocrx_word' id='word_1_174' title='bbox 3219 1023 3476 1081; x_wconf 78' lang='lat' dir='ltr'><strong>fuerimus</strong></span> <span class='ocrx_word' id='word_1_175' title='bbox 3513 1040 3574 1080; x_wconf 89' lang='lat' dir='ltr'><strong>ac</strong></span> <span class='ocrx_word' id='word_1_176' title='bbox 3613 1026 3852 1094; x_wconf 74' lang='lat' dir='ltr'><strong>desides,</strong></span> 
     </span>
    </p>
   </div>
   <div class='ocr_carea' id='block_1_25' title="bbox 2261 1117 3858 1188">
    <p class='ocr_par' dir='ltr' id='par_1_25' title="bbox 2261 1117 3858 1188">
     <span class='ocr_line' id='line_1_25' title="bbox 2261 1117 3858 1188; baseline 0.003 -18"><span class='ocrx_word' id='word_1_177' title='bbox 2261 1117 2556 1171; x_wconf 88' lang='lat' dir='ltr'><strong>miserabili</strong></span> <span class='ocrx_word' id='word_1_178' title='bbox 2584 1117 2967 1171; x_wconf 87' lang='lat' dir='ltr'><strong>lamentatione</strong></span> <span class='ocrx_word' id='word_1_179' title='bbox 3017 1117 3349 1187; x_wconf 82' lang='lat' dir='ltr'><strong>plangamus.</strong></span> <span class='ocrx_word' id='word_1_180' title='bbox 3383 1117 3496 1172; x_wconf 83' lang='lat' dir='ltr'><strong>Non</strong></span> <span class='ocrx_word' id='word_1_181' title='bbox 3525 1117 3858 1188; x_wconf 76' lang='lat' dir='ltr'><strong>negligamus</strong></span> 
     </span>
    </p>
   </div>
   <div class='ocr_carea' id='block_1_26' title="bbox 2259 1208 3858 1279">
    <p class='ocr_par' dir='ltr' id='par_1_26' title="bbox 2259 1208 3858 1279">
     <span class='ocr_line' id='line_1_26' title="bbox 2259 1208 3858 1279; baseline 0.003 -16"><span class='ocrx_word' id='word_1_182' title='bbox 2259 1209 2374 1264; x_wconf 90' lang='lat' dir='ltr'><strong>dies</strong></span> <span class='ocrx_word' id='word_1_183' title='bbox 2414 1220 2657 1273; x_wconf 88' lang='lat' dir='ltr'><strong>nostros,</strong></span> <span class='ocrx_word' id='word_1_184' title='bbox 2688 1224 2823 1279; x_wconf 86' lang='lat' dir='ltr'><strong>quos</strong></span> <span class='ocrx_word' id='word_1_185' title='bbox 2870 1208 3095 1278; x_wconf 86' lang='lat' dir='ltr'><strong>largitus</strong></span> <span class='ocrx_word' id='word_1_186' title='bbox 3125 1220 3206 1264; x_wconf 88' lang='lat' dir='ltr'><strong>est</strong></span> <span class='ocrx_word' id='word_1_187' title='bbox 3247 1211 3400 1264; x_wconf 80' lang='lat' dir='ltr'><strong>nobis</strong></span> <span class='ocrx_word' id='word_1_188' title='bbox 3430 1210 3722 1277; x_wconf 91' lang='lat' dir='ltr'><strong>Dominus;</strong></span> <span class='ocrx_word' id='word_1_189' title='bbox 3759 1211 3858 1268; x_wconf 89' lang='lat' dir='ltr'><strong>sed</strong></span> 
     </span>
    </p>
   </div>
   <div class='ocr_carea' id='block_1_27' title="bbox 2261 1303 3856 1374">
    <p class='ocr_par' dir='ltr' id='par_1_27' title="bbox 2261 1303 3856 1374">
     <span class='ocr_line' id='line_1_27' title="bbox 2261 1303 3856 1374; baseline 0.001 -14"><span class='ocrx_word' id='word_1_190' title='bbox 2261 1317 2550 1374; x_wconf 84' lang='lat' dir='ltr'><strong>Operemur</strong></span> <span class='ocrx_word' id='word_1_191' title='bbox 2580 1305 2630 1357; x_wconf 92' lang='lat' dir='ltr'><strong>in</strong></span> <span class='ocrx_word' id='word_1_192' title='bbox 2669 1305 2747 1358; x_wconf 89' lang='lat' dir='ltr'><strong>eis</strong></span> <span class='ocrx_word' id='word_1_193' title='bbox 2774 1318 2896 1358; x_wconf 89' lang='lat' dir='ltr'><strong>cum</strong></span> <span class='ocrx_word' id='word_1_194' title='bbox 2935 1304 3080 1358; x_wconf 83' lang='lat' dir='ltr'><strong>omni</strong></span> <span class='ocrx_word' id='word_1_195' title='bbox 3111 1303 3387 1359; x_wconf 87' lang='lat' dir='ltr'><strong>alacritate</strong></span> <span class='ocrx_word' id='word_1_196' title='bbox 3415 1304 3687 1360; x_wconf 89' lang='lat' dir='ltr'><strong>virtutem.</strong></span> <span class='ocrx_word' id='word_1_197' title='bbox 3726 1306 3856 1362; x_wconf 91' lang='lat' dir='ltr'><strong>Dico</strong></span> 
     </span>
    </p>
   </div>
   <div class='ocr_carea' id='block_1_28' title="bbox 2260 1395 3854 1466">
    <p class='ocr_par' dir='ltr' id='par_1_28' title="bbox 2260 1395 3854 1466">
     <span class='ocr_line' id='line_1_28' title="bbox 2260 1395 3854 1466; baseline 0.004 -16"><span class='ocrx_word' id='word_1_198' title='bbox 2260 1395 2404 1450; x_wconf 91' lang='lat' dir='ltr'><strong>enim</strong></span> <span class='ocrx_word' id='word_1_199' title='bbox 2454 1397 2626 1463; x_wconf 88' lang='lat' dir='ltr'><strong>vobis,</strong></span> <span class='ocrx_word' id='word_1_200' title='bbox 2671 1398 2920 1465; x_wconf 87' lang='lat' dir='ltr'><strong>quoniam</strong></span> <span class='ocrx_word' id='word_1_201' title='bbox 2971 1396 3018 1451; x_wconf 87' lang='lat' dir='ltr'><strong>si</strong></span> <span class='ocrx_word' id='word_1_202' title='bbox 3059 1397 3271 1452; x_wconf 87' lang='lat' dir='ltr'><strong>sciretis</strong></span> <span class='ocrx_word' id='word_1_203' title='bbox 3309 1407 3507 1466; x_wconf 85' lang='lat' dir='ltr'><strong>quanta</strong></span> <span class='ocrx_word' id='word_1_204' title='bbox 3556 1401 3754 1454; x_wconf 88' lang='lat' dir='ltr'><strong>sanctis</strong></span> <span class='ocrx_word' id='word_1_205' title='bbox 3799 1402 3854 1457; x_wconf 85' lang='lat' dir='ltr'><strong>in</strong></span> 
     </span>
    </p>
   </div>
   <div class='ocr_carea' id='block_1_29' title="bbox 2260 1487 3854 1558">
    <p class='ocr_par' dir='ltr' id='par_1_29' title="bbox 2260 1487 3854 1558">
     <span class='ocr_line' id='line_1_29' title="bbox 2260 1487 3854 1558; baseline 0.004 -17"><span class='ocrx_word' id='word_1_206' title='bbox 2260 1487 2566 1541; x_wconf 44' lang='lat' dir='ltr'><strong>coelestibus</strong></span> <span class='ocrx_word' id='word_1_207' title='bbox 2606 1489 2743 1541; x_wconf 89' lang='lat' dir='ltr'><strong>bona</strong></span> <span class='ocrx_word' id='word_1_208' title='bbox 2788 1501 2971 1556; x_wconf 89' lang='lat' dir='ltr'><strong>parata</strong></span> <span class='ocrx_word' id='word_1_209' title='bbox 3016 1496 3170 1552; x_wconf 89' lang='lat' dir='ltr'><strong>sunt,</strong></span> <span class='ocrx_word' id='word_1_210' title='bbox 3203 1497 3256 1543; x_wconf 92' lang='lat' dir='ltr'><strong>et</strong></span> <span class='ocrx_word' id='word_1_211' title='bbox 3282 1504 3401 1558; x_wconf 77' lang='lat' dir='ltr'><strong>qua:</strong></span> <span class='ocrx_word' id='word_1_212' title='bbox 3435 1497 3703 1545; x_wconf 82' lang='lat' dir='ltr'><strong>tormenta</strong></span> <span class='ocrx_word' id='word_1_213' title='bbox 3733 1506 3854 1547; x_wconf 89' lang='lat' dir='ltr'><strong>ma-</strong></span> 
     </span>
    </p>
   </div>
   <div class='ocr_carea' id='block_1_30' title="bbox 2262 1581 3853 1655">
    <p class='ocr_par' dir='ltr' id='par_1_30' title="bbox 2262 1581 3853 1655">
     <span class='ocr_line' id='line_1_30' title="bbox 2262 1581 3853 1655; baseline 0.003 -21"><span class='ocrx_word' id='word_1_214' title='bbox 2262 1589 2426 1635; x_wconf 89' lang='lat' dir='ltr'><strong>neant</strong></span> <span class='ocrx_word' id='word_1_215' title='bbox 2454 1595 2567 1645; x_wconf 87' lang='lat' dir='ltr'><strong>eos,</strong></span> <span class='ocrx_word' id='word_1_216' title='bbox 2600 1581 2689 1650; x_wconf 87' lang='lat' dir='ltr'><strong>qui</strong></span> <span class='ocrx_word' id='word_1_217' title='bbox 2721 1594 2751 1634; x_wconf 91' lang='lat' dir='ltr'><strong>a</strong></span> <span class='ocrx_word' id='word_1_218' title='bbox 2785 1581 2995 1635; x_wconf 83' lang='lat' dir='ltr'><strong>virtutis</strong></span> <span class='ocrx_word' id='word_1_219' title='bbox 3040 1581 3231 1636; x_wconf 89' lang='lat' dir='ltr'><strong>itinere</strong></span> <span class='ocrx_word' id='word_1_220' title='bbox 3264 1581 3636 1650; x_wconf 77' lang='lat' dir='ltr'><strong>deviaverunt,</strong></span> <span class='ocrx_word' id='word_1_221' title='bbox 3669 1585 3853 1655; x_wconf 90' lang='lat' dir='ltr'><strong>cogni-</strong></span> 
     </span>
    </p>
   </div>
   <div class='ocr_carea' id='block_1_31' title="bbox 2263 1674 3858 1744">
    <p class='ocr_par' dir='ltr' id='par_1_31' title="bbox 2263 1674 3858 1744">
     <span class='ocr_line' id='line_1_31' title="bbox 2263 1674 3858 1744; baseline 0.004 -17"><span class='ocrx_word' id='word_1_222' title='bbox 2263 1683 2422 1743; x_wconf 91' lang='lat' dir='ltr'><strong>taque</strong></span> <span class='ocrx_word' id='word_1_223' title='bbox 2451 1674 2694 1738; x_wconf 88' lang='lat' dir='ltr'><strong>veritate,</strong></span> <span class='ocrx_word' id='word_1_224' title='bbox 2727 1687 2833 1729; x_wconf 90' lang='lat' dir='ltr'><strong>non</strong></span> <span class='ocrx_word' id='word_1_225' title='bbox 2873 1675 2924 1729; x_wconf 92' lang='lat' dir='ltr'><strong>in</strong></span> <span class='ocrx_word' id='word_1_226' title='bbox 2955 1690 3015 1729; x_wconf 90' lang='lat' dir='ltr'><strong>ea</strong></span> <span class='ocrx_word' id='word_1_227' title='bbox 3045 1675 3206 1744; x_wconf 90' lang='lat' dir='ltr'><strong>digne</strong></span> <span class='ocrx_word' id='word_1_228' title='bbox 3230 1677 3427 1731; x_wconf 88' lang='lat' dir='ltr'><strong>versati</strong></span> <span class='ocrx_word' id='word_1_229' title='bbox 3457 1687 3600 1742; x_wconf 92' lang='lat' dir='ltr'><strong>sunt,</strong></span> <span class='ocrx_word' id='word_1_230' title='bbox 3631 1679 3858 1734; x_wconf 84' lang='lat' dir='ltr'><strong>summis</strong></span> 
     </span>
    </p>
   </div>
   <div class='ocr_carea' id='block_1_32' title="bbox 2263 1767 3859 1837">
    <p class='ocr_par' dir='ltr' id='par_1_32' title="bbox 2263 1767 3859 1837">
     <span class='ocr_line' id='line_1_32' title="bbox 2263 1767 3859 1837; baseline 0.002 -15"><span class='ocrx_word' id='word_1_231' title='bbox 2263 1769 2445 1837; x_wconf 91' lang='lat' dir='ltr'><strong>utique</strong></span> <span class='ocrx_word' id='word_1_232' title='bbox 2478 1767 2679 1822; x_wconf 90' lang='lat' dir='ltr'><strong>viribus</strong></span> <span class='ocrx_word' id='word_1_233' title='bbox 2720 1777 2918 1822; x_wconf 60' lang='lat' dir='ltr'><strong>aeterna</strong></span> <span class='ocrx_word' id='word_1_234' title='bbox 2965 1768 3225 1836; x_wconf 86' lang='lat' dir='ltr'><strong>supplicia</strong></span> <span class='ocrx_word' id='word_1_235' title='bbox 3268 1769 3530 1835; x_wconf 87' lang='lat' dir='ltr'><strong>vitantes,</strong></span> <span class='ocrx_word' id='word_1_236' title='bbox 3575 1769 3859 1825; x_wconf 69' lang='lat' dir='ltr'><strong>haeredita-</strong></span> 
     </span>
    </p>
   </div>
   <div class='ocr_carea' id='block_1_33' title="bbox 559 1847 3856 1934">
    <p class='ocr_par' dir='ltr' id='par_1_33' title="bbox 559 1847 3856 1934">
     <span class='ocr_line' id='line_1_33' title="bbox 559 1847 3856 1934; baseline 0.001 -17"><span class='ocrx_word' id='word_1_237' title='bbox 559 1862 815 1930; x_wconf 71' lang='lat' dir='ltr'><strong>ricoidia,</strong></span> <span class='ocrx_word' id='word_1_238' title='bbox 853 1861 976 1933; x_wconf 89' lang='lat' dir='ltr'><strong>quia</strong></span> <span class='ocrx_word' id='word_1_239' title='bbox 1001 1870 1190 1916; x_wconf 89' lang='lat' dir='ltr'><strong>cuncta</strong></span> <span class='ocrx_word' id='word_1_240' title='bbox 1233 1878 1352 1931; x_wconf 60' lang='lat' dir='ltr'><strong>qua)</strong></span> <span class='ocrx_word' id='word_1_241' title='bbox 1381 1861 1618 1924; x_wconf 83' lang='lat' dir='ltr'><strong>condidi,</strong></span> <span class='ocrx_word' id='word_1_242' title='bbox 1651 1876 1769 1916; x_wconf 88' lang='lat' dir='ltr'><strong>mea</strong></span> <span class='ocrx_word' id='word_1_243' title='bbox 1803 1862 2150 1917; x_wconf 90' lang='lat' dir='ltr'><strong>miseratione</strong></span> <span class='ocrx_word' id='word_1_244' title='bbox 2180 1847 2230 1910; x_wconf 79' lang='grc' dir='ltr'><strong>Β</strong></span> <span class='ocrx_word' id='word_1_245' title='bbox 2256 1869 2362 1917; x_wconf 89' lang='lat' dir='ltr'><strong>tem</strong></span> <span class='ocrx_word' id='word_1_246' title='bbox 2411 1862 2555 1916; x_wconf 83' lang='lat' dir='ltr'><strong>illam</strong></span> <span class='ocrx_word' id='word_1_247' title='bbox 2596 1864 2830 1928; x_wconf 85' lang='lat' dir='ltr'><strong>beatam,</strong></span> <span class='ocrx_word' id='word_1_248' title='bbox 2886 1878 3003 1933; x_wconf 69' lang='lat' dir='ltr'><strong>quae</strong></span> <span class='ocrx_word' id='word_1_249' title='bbox 3035 1863 3129 1918; x_wconf 91' lang='lat' dir='ltr'><strong>Dei</strong></span> <span class='ocrx_word' id='word_1_250' title='bbox 3179 1863 3392 1918; x_wconf 89' lang='lat' dir='ltr'><strong>famulis</strong></span> <span class='ocrx_word' id='word_1_251' title='bbox 3441 1863 3699 1934; x_wconf 66' lang='lat' dir='ltr'><strong>promissa</strong></span> <span class='ocrx_word' id='word_1_252' title='bbox 3752 1875 3856 1929; x_wconf 85' lang='lat' dir='ltr'><strong>est,</strong></span> 
     </span>
    </p>
   </div>
   <div class='ocr_carea' id='block_1_34' title="bbox 559 1956 2157 2026">
    <p class='ocr_par' dir='ltr' id='par_1_34' title="bbox 559 1956 2157 2026">
     <span class='ocr_line' id='line_1_34' title="bbox 559 1956 2157 2026; baseline -0.001 -14"><span class='ocrx_word' id='word_1_253' title='bbox 559 1956 882 2012; x_wconf 86' lang='lat' dir='ltr'><strong>subsistunt.</strong></span> <span class='ocrx_word' id='word_1_254' title='bbox 907 1956 1011 2022; x_wconf 85' lang='lat' dir='ltr'><strong>Qui</strong></span> <span class='ocrx_word' id='word_1_255' title='bbox 1039 1956 1321 2010; x_wconf 87' lang='lat' dir='ltr'><strong>confestim</strong></span> <span class='ocrx_word' id='word_1_256' title='bbox 1343 1966 1641 2026; x_wconf 88' lang='lat' dir='ltr'><strong>prostratus</strong></span> <span class='ocrx_word' id='word_1_257' title='bbox 1668 1958 1722 2011; x_wconf 91' lang='lat' dir='ltr'><strong>in</strong></span> <span class='ocrx_word' id='word_1_258' title='bbox 1753 1965 1914 2024; x_wconf 90' lang='lat' dir='ltr'><strong>terra,</strong></span> <span class='ocrx_word' id='word_1_259' title='bbox 1944 1957 2157 2013; x_wconf 72' lang='lat' dir='ltr'><strong>miSeri-</strong></span> 
     </span>
    </p>
   </div>
   <div class='ocr_carea' id='block_1_35' title="bbox 558 2046 2156 2117">
    <p class='ocr_par' dir='ltr' id='par_1_35' title="bbox 558 2046 2156 2117">
     <span class='ocr_line' id='line_1_35' title="bbox 558 2046 2156 2117; baseline 0.001 -16"><span class='ocrx_word' id='word_1_260' title='bbox 558 2047 797 2102; x_wconf 89' lang='lat' dir='ltr'><strong>cordiam</strong></span> <span class='ocrx_word' id='word_1_261' title='bbox 856 2046 1067 2101; x_wconf 90' lang='lat' dir='ltr'><strong>Domini</strong></span> <span class='ocrx_word' id='word_1_262' title='bbox 1121 2047 1454 2115; x_wconf 89' lang='lat' dir='ltr'><strong>postulabat,</strong></span> <span class='ocrx_word' id='word_1_263' title='bbox 1504 2047 1690 2103; x_wconf 86' lang='lat' dir='ltr'><strong>dicens</strong></span> <span class='ocrx_word' id='word_1_264' title='bbox 1737 2066 1749 2102; x_wconf 93' lang='lat'><strong>:</strong></span> <span class='ocrx_word' id='word_1_265' title='bbox 1801 2049 2156 2117; x_wconf 80' lang='lat' dir='ltr'><strong>Omnipotens</strong></span> 
     </span>
    </p>
   </div>
   <div class='ocr_carea' id='block_1_36' title="bbox 559 2139 2153 2209">
    <p class='ocr_par' dir='ltr' id='par_1_36' title="bbox 559 2139 2153 2209">
     <span class='ocr_line' id='line_1_36' title="bbox 559 2139 2153 2209; baseline 0.001 -14"><span class='ocrx_word' id='word_1_266' title='bbox 559 2139 744 2208; x_wconf 88' lang='lat' dir='ltr'><strong>Deus,</strong></span> <span class='ocrx_word' id='word_1_267' title='bbox 802 2140 1025 2196; x_wconf 83' lang='lat' dir='ltr'><strong>veniant</strong></span> <span class='ocrx_word' id='word_1_268' title='bbox 1073 2139 1204 2194; x_wconf 90' lang='lat' dir='ltr'><strong>mihi</strong></span> <span class='ocrx_word' id='word_1_269' title='bbox 1262 2141 1634 2196; x_wconf 86' lang='lat' dir='ltr'><strong>miserationes</strong></span> <span class='ocrx_word' id='word_1_270' title='bbox 1687 2153 1826 2209; x_wconf 63' lang='lat' dir='ltr'><strong>tuae,</strong></span> <span class='ocrx_word' id='word_1_271' title='bbox 1877 2152 1932 2197; x_wconf 91' lang='lat' dir='ltr'><strong>et</strong></span> <span class='ocrx_word' id='word_1_272' title='bbox 1981 2142 2153 2197; x_wconf 91' lang='lat' dir='ltr'><strong>vivam</strong></span> 
     </span>
    </p>
   </div>
   <div class='ocr_carea' id='block_1_37' title="bbox 557 2229 2152 2304">
    <p class='ocr_par' dir='ltr' id='par_1_37' title="bbox 557 2229 2152 2304">
     <span class='ocr_line' id='line_1_37' title="bbox 557 2229 2152 2304; baseline 0.003 -19"><span class='ocrx_word' id='word_1_273' title='bbox 557 2229 733 2304; x_wconf 74' lang='lat' dir='ltr'><strong>(Psal.</strong></span> <span class='ocrx_word' id='word_1_274' title='bbox 760 2230 977 2298; x_wconf 81' lang='lat' dir='ltr'><strong>cxvttt);</strong></span> <span class='ocrx_word' id='word_1_275' title='bbox 1003 2242 1056 2287; x_wconf 91' lang='lat' dir='ltr'><strong>et</strong></span> <span class='ocrx_word' id='word_1_276' title='bbox 1083 2247 1150 2285; x_wconf 87' lang='lat' dir='ltr'><strong>ne</strong></span> <span class='ocrx_word' id='word_1_277' title='bbox 1181 2231 1395 2287; x_wconf 87' lang='lat' dir='ltr'><strong>auferas</strong></span> <span class='ocrx_word' id='word_1_278' title='bbox 1415 2231 1819 2288; x_wconf 86' lang='lat' dir='ltr'><strong>misericordias</strong></span> <span class='ocrx_word' id='word_1_279' title='bbox 1848 2242 1968 2288; x_wconf 90' lang='lat' dir='ltr'><strong>tuas</strong></span> <span class='ocrx_word' id='word_1_280' title='bbox 1993 2249 2025 2288; x_wconf 90' lang='lat' dir='ltr'><strong>a</strong></span> <span class='ocrx_word' id='word_1_281' title='bbox 2048 2249 2152 2299; x_wconf 89' lang='lat' dir='ltr'><strong>me,</strong></span> 
     </span>
    </p>
   </div>
   <div class='ocr_carea' id='block_1_38' title="bbox 556 2324 2157 2396">
    <p class='ocr_par' dir='ltr' id='par_1_38' title="bbox 556 2324 2157 2396">
     <span class='ocr_line' id='line_1_38' title="bbox 556 2324 2157 2396; baseline -0.001 -17"><span class='ocrx_word' id='word_1_282' title='bbox 556 2324 680 2396; x_wconf 85' lang='lat' dir='ltr'><strong>quia</strong></span> <span class='ocrx_word' id='word_1_283' title='bbox 710 2325 1077 2381; x_wconf 88' lang='lat' dir='ltr'><strong>misericordia</strong></span> <span class='ocrx_word' id='word_1_284' title='bbox 1106 2333 1160 2380; x_wconf 92' lang='lat' dir='ltr'><strong>et</strong></span> <span class='ocrx_word' id='word_1_285' title='bbox 1191 2325 1387 2380; x_wconf 90' lang='lat' dir='ltr'><strong>veritas</strong></span> <span class='ocrx_word' id='word_1_286' title='bbox 1427 2334 1514 2381; x_wconf 89' lang='lat' dir='ltr'><strong>tua</strong></span> <span class='ocrx_word' id='word_1_287' title='bbox 1547 2340 1762 2396; x_wconf 83' lang='lat' dir='ltr'><strong>semper</strong></span> <span class='ocrx_word' id='word_1_288' title='bbox 1801 2334 2157 2396; x_wconf 89' lang='lat' dir='ltr'><strong>susceperunt</strong></span> 
     </span>
    </p>
   </div>
   <div class='ocr_carea' id='block_1_39' title="bbox 557 2416 2156 2489">
    <p class='ocr_par' dir='ltr' id='par_1_39' title="bbox 557 2416 2156 2489">
     <span class='ocr_line' id='line_1_39' title="bbox 557 2416 2156 2489; baseline 0.001 -17"><span class='ocrx_word' id='word_1_289' title='bbox 557 2432 644 2473; x_wconf 89' lang='lat' dir='ltr'><strong>me</strong></span> <span class='ocrx_word' id='word_1_290' title='bbox 674 2416 850 2486; x_wconf 79' lang='lat' dir='ltr'><strong>(Psal.</strong></span> <span class='ocrx_word' id='word_1_291' title='bbox 877 2418 1072 2487; x_wconf 82' lang='lat' dir='ltr'><strong>xxxii).</strong></span> <span class='ocrx_word' id='word_1_292' title='bbox 1095 2416 1219 2474; x_wconf 92' lang='lat' dir='ltr'><strong>Scio</strong></span> <span class='ocrx_word' id='word_1_293' title='bbox 1242 2419 1386 2474; x_wconf 90' lang='lat' dir='ltr'><strong>enim</strong></span> <span class='ocrx_word' id='word_1_294' title='bbox 1416 2433 1534 2488; x_wconf 77' lang='lat' dir='ltr'><strong>ego,</strong></span> <span class='ocrx_word' id='word_1_295' title='bbox 1569 2419 1812 2486; x_wconf 91' lang='lat' dir='ltr'><strong>Domine,</strong></span> <span class='ocrx_word' id='word_1_296' title='bbox 1844 2419 1967 2488; x_wconf 91' lang='lat' dir='ltr'><strong>quia</strong></span> <span class='ocrx_word' id='word_1_297' title='bbox 2001 2418 2156 2489; x_wconf 80' lang='lat'><strong>133</strong></span> 
     </span>
    </p>
   </div>
   <div class='ocr_carea' id='block_1_40' title="bbox 557 2510 2156 2581">
    <p class='ocr_par' dir='ltr' id='par_1_40' title="bbox 557 2510 2156 2581">
     <span class='ocr_line' id='line_1_40' title="bbox 557 2510 2156 2581; baseline 0 -16"><span class='ocrx_word' id='word_1_298' title='bbox 557 2521 746 2565; x_wconf 87' lang='lat' dir='ltr'><strong>nutant</strong></span> <span class='ocrx_word' id='word_1_299' title='bbox 777 2519 831 2564; x_wconf 87' lang='lat' dir='ltr'><strong>et</strong></span> <span class='ocrx_word' id='word_1_300' title='bbox 860 2510 1161 2565; x_wconf 81' lang='lat' dir='ltr'><strong>claudicant</strong></span> <span class='ocrx_word' id='word_1_301' title='bbox 1188 2514 1443 2566; x_wconf 78' lang='lat' dir='ltr'><strong>universa</strong></span> <span class='ocrx_word' id='word_1_302' title='bbox 1482 2511 1600 2568; x_wconf 90' lang='lat' dir='ltr'><strong>sine</strong></span> <span class='ocrx_word' id='word_1_303' title='bbox 1645 2512 1998 2581; x_wconf 87' lang='lat' dir='ltr'><strong>protectionis</strong></span> <span class='ocrx_word' id='word_1_304' title='bbox 2051 2520 2156 2565; x_wconf 82' lang='lat' dir='ltr'><strong>tuae</strong></span> 
     </span>
    </p>
   </div>
   <div class='ocr_carea' id='block_1_41' title="bbox 557 2603 2157 2675">
    <p class='ocr_par' dir='ltr' id='par_1_41' title="bbox 557 2603 2157 2675">
     <span class='ocr_line' id='line_1_41' title="bbox 557 2603 2157 2675; baseline 0.003 -19"><span class='ocrx_word' id='word_1_305' title='bbox 557 2603 775 2657; x_wconf 82' lang='lat' dir='ltr'><strong>auxilio.</strong></span> <span class='ocrx_word' id='word_1_306' title='bbox 805 2603 931 2658; x_wconf 61' lang='lat' dir='ltr'><strong>Hasc</strong></span> <span class='ocrx_word' id='word_1_307' title='bbox 959 2617 1080 2658; x_wconf 91' lang='lat' dir='ltr'><strong>cum</strong></span> <span class='ocrx_word' id='word_1_308' title='bbox 1111 2604 1358 2671; x_wconf 70' lang='lat' dir='ltr'><strong>dixisset,</strong></span> <span class='ocrx_word' id='word_1_309' title='bbox 1385 2605 1670 2660; x_wconf 89' lang='lat' dir='ltr'><strong>astiterunt</strong></span> <span class='ocrx_word' id='word_1_310' title='bbox 1698 2621 1860 2675; x_wconf 91' lang='lat' dir='ltr'><strong>super</strong></span> <span class='ocrx_word' id='word_1_311' title='bbox 1909 2621 2032 2661; x_wconf 90' lang='lat' dir='ltr'><strong>eum</strong></span> <span class='ocrx_word' id='word_1_312' title='bbox 2061 2621 2157 2660; x_wconf 87' lang='lat' dir='ltr'><strong>an-</strong></span> 
     </span>
    </p>
   </div>
   <div class='ocr_carea' id='block_1_42' title="bbox 559 2695 2156 2767">
    <p class='ocr_par' dir='ltr' id='par_1_42' title="bbox 559 2695 2156 2767">
     <span class='ocr_line' id='line_1_42' title="bbox 559 2695 2156 2767; baseline 0.001 -17"><span class='ocrx_word' id='word_1_313' title='bbox 559 2695 665 2765; x_wconf 87' lang='lat' dir='ltr'><strong>geii</strong></span> <span class='ocrx_word' id='word_1_314' title='bbox 697 2695 858 2761; x_wconf 90' lang='lat' dir='ltr'><strong>lucis;</strong></span> <span class='ocrx_word' id='word_1_315' title='bbox 891 2704 945 2751; x_wconf 90' lang='lat' dir='ltr'><strong>et</strong></span> <span class='ocrx_word' id='word_1_316' title='bbox 965 2696 1178 2765; x_wconf 87' lang='lat' dir='ltr'><strong>juvenis</strong></span> <span class='ocrx_word' id='word_1_317' title='bbox 1212 2699 1264 2753; x_wconf 92' lang='lat' dir='ltr'><strong>in</strong></span> <span class='ocrx_word' id='word_1_318' title='bbox 1295 2698 1474 2752; x_wconf 85' lang='lat' dir='ltr'><strong>medio</strong></span> <span class='ocrx_word' id='word_1_319' title='bbox 1501 2712 1723 2765; x_wconf 91' lang='lat' dir='ltr'><strong>eorum,</strong></span> <span class='ocrx_word' id='word_1_320' title='bbox 1755 2698 2010 2753; x_wconf 72' lang='lat' dir='ltr'><strong>ineffabili</strong></span> <span class='ocrx_word' id='word_1_321' title='bbox 2039 2698 2156 2767; x_wconf 88' lang='lat' dir='ltr'><strong>pul-</strong></span> 
     </span>
    </p>
   </div>
   <div class='ocr_carea' id='block_1_43' title="bbox 559 2786 2157 2861">
    <p class='ocr_par' dir='ltr' id='par_1_43' title="bbox 559 2786 2157 2861">
     <span class='ocr_line' id='line_1_43' title="bbox 559 2786 2157 2861; baseline 0.002 -19"><span class='ocrx_word' id='word_1_322' title='bbox 559 2786 863 2842; x_wconf 87' lang='lat' dir='ltr'><strong>chritudine</strong></span> <span class='ocrx_word' id='word_1_323' title='bbox 892 2797 1053 2857; x_wconf 89' lang='lat' dir='ltr'><strong>atque</strong></span> <span class='ocrx_word' id='word_1_324' title='bbox 1080 2789 1324 2845; x_wconf 87' lang='lat' dir='ltr'><strong>claritate</strong></span> <span class='ocrx_word' id='word_1_325' title='bbox 1350 2791 1720 2858; x_wconf 88' lang='lat' dir='ltr'><strong>resplendens,</strong></span> <span class='ocrx_word' id='word_1_326' title='bbox 1745 2792 1834 2861; x_wconf 91' lang='lat' dir='ltr'><strong>qui</strong></span> <span class='ocrx_word' id='word_1_327' title='bbox 1867 2790 2038 2845; x_wconf 90' lang='lat' dir='ltr'><strong>instar</strong></span> <span class='ocrx_word' id='word_1_328' title='bbox 2066 2805 2157 2845; x_wconf 86' lang='lat' dir='ltr'><strong>so—</strong></span> 
     </span>
    </p>
   </div>
   <div class='ocr_carea' id='block_1_44' title="bbox 561 2880 2157 2957">
    <p class='ocr_par' dir='ltr' id='par_1_44' title="bbox 561 2880 2157 2957">
     <span class='ocr_line' id='line_1_44' title="bbox 561 2880 2157 2957; baseline 0.003 -21"><span class='ocrx_word' id='word_1_329' title='bbox 561 2880 627 2936; x_wconf 88' lang='lat' dir='ltr'><strong>lis</strong></span> <span class='ocrx_word' id='word_1_330' title='bbox 677 2897 742 2936; x_wconf 81' lang='lat' dir='ltr'><strong>ex</strong></span> <span class='ocrx_word' id='word_1_331' title='bbox 792 2898 851 2938; x_wconf 93' lang='lat' dir='ltr'><strong>se</strong></span> <span class='ocrx_word' id='word_1_332' title='bbox 898 2882 1119 2954; x_wconf 76' lang='lat' dir='ltr'><strong>fulgoris</strong></span> <span class='ocrx_word' id='word_1_333' title='bbox 1166 2885 1344 2940; x_wconf 88' lang='lat' dir='ltr'><strong>radios</strong></span> <span class='ocrx_word' id='word_1_334' title='bbox 1392 2887 1704 2955; x_wconf 87' lang='lat' dir='ltr'><strong>emittebat,</strong></span> <span class='ocrx_word' id='word_1_335' title='bbox 1739 2885 1942 2941; x_wconf 88' lang='lat' dir='ltr'><strong>habens</strong></span> <span class='ocrx_word' id='word_1_336' title='bbox 1993 2901 2157 2957; x_wconf 89' lang='lat' dir='ltr'><strong>super</strong></span> 
     </span>
    </p>
   </div>
   <div class='ocr_carea' id='block_1_45' title="bbox 559 2977 2154 3046">
    <p class='ocr_par' dir='ltr' id='par_1_45' title="bbox 559 2977 2154 3046">
     <span class='ocr_line' id='line_1_45' title="bbox 559 2977 2154 3046; baseline 0.002 -15"><span class='ocrx_word' id='word_1_337' title='bbox 559 2985 720 3045; x_wconf 87' lang='lat' dir='ltr'><strong>caput</strong></span> <span class='ocrx_word' id='word_1_338' title='bbox 740 2990 995 3031; x_wconf 88' lang='lat' dir='ltr'><strong>coronam</strong></span> <span class='ocrx_word' id='word_1_339' title='bbox 1027 2977 1291 3046; x_wconf 88' lang='lat' dir='ltr'><strong>spineam.</strong></span> <span class='ocrx_word' id='word_1_340' title='bbox 1325 2979 1391 3033; x_wconf 84' lang='lat' dir='ltr'><strong>Et</strong></span> <span class='ocrx_word' id='word_1_341' title='bbox 1431 2979 1671 3034; x_wconf 87' lang='lat' dir='ltr'><strong>levantes</strong></span> <span class='ocrx_word' id='word_1_342' title='bbox 1698 2993 1728 3033; x_wconf 85' lang='lat' dir='ltr'><strong>a</strong></span> <span class='ocrx_word' id='word_1_343' title='bbox 1772 2987 1916 3035; x_wconf 89' lang='lat' dir='ltr'><strong>terra</strong></span> <span class='ocrx_word' id='word_1_344' title='bbox 1945 2979 2154 3034; x_wconf 87' lang='lat' dir='ltr'><strong>Pacho-</strong></span> 
     </span>
    </p>
   </div>
   <div class='ocr_carea' id='block_1_46' title="bbox 559 3070 2147 3143">
    <p class='ocr_par' dir='ltr' id='par_1_46' title="bbox 559 3070 2147 3143">
     <span class='ocr_line' id='line_1_46' title="bbox 559 3070 2147 3143; baseline 0.004 -19"><span class='ocrx_word' id='word_1_345' title='bbox 559 3070 722 3125; x_wconf 90' lang='lat' dir='ltr'><strong>mium</strong></span> <span class='ocrx_word' id='word_1_346' title='bbox 753 3071 948 3141; x_wconf 86' lang='lat' dir='ltr'><strong>angeli,</strong></span> <span class='ocrx_word' id='word_1_347' title='bbox 981 3071 1166 3128; x_wconf 92' lang='lat' dir='ltr'><strong>dicunt</strong></span> <span class='ocrx_word' id='word_1_348' title='bbox 1192 3073 1240 3127; x_wconf 92' lang='lat' dir='ltr'><strong>ei</strong></span> <span class='ocrx_word' id='word_1_349' title='bbox 1274 3089 1289 3127; x_wconf 90' lang='lat'><strong>:</strong></span> <span class='ocrx_word' id='word_1_350' title='bbox 1320 3072 1582 3140; x_wconf 84' lang='lat' dir='ltr'><strong>Quoniam</strong></span> <span class='ocrx_word' id='word_1_351' title='bbox 1614 3073 1789 3143; x_wconf 90' lang='lat' dir='ltr'><strong>petisti</strong></span> <span class='ocrx_word' id='word_1_352' title='bbox 1835 3089 1866 3129; x_wconf 93' lang='lat' dir='ltr'><strong>a</strong></span> <span class='ocrx_word' id='word_1_353' title='bbox 1920 3074 2147 3131; x_wconf 81' lang='lat' dir='ltr'><strong>Domino</strong></span> 
     </span>
    </p>
   </div>
   <div class='ocr_carea' id='block_1_47' title="bbox 558 3166 2150 3236">
    <p class='ocr_par' dir='ltr' id='par_1_47' title="bbox 558 3166 2150 3236">
     <span class='ocr_line' id='line_1_47' title="bbox 558 3166 2150 3236; baseline 0.003 -16"><span class='ocrx_word' id='word_1_354' title='bbox 558 3166 1004 3236; x_wconf 86' lang='lat' dir='ltr'><strong>misericordiam,</strong></span> <span class='ocrx_word' id='word_1_355' title='bbox 1031 3181 1161 3222; x_wconf 90' lang='lat' dir='ltr'><strong>ecce</strong></span> <span class='ocrx_word' id='word_1_356' title='bbox 1184 3166 1329 3222; x_wconf 89' lang='lat' dir='ltr'><strong>venit</strong></span> <span class='ocrx_word' id='word_1_357' title='bbox 1352 3167 1446 3223; x_wconf 86' lang='lat' dir='ltr'><strong>tibi</strong></span> <span class='ocrx_word' id='word_1_358' title='bbox 1478 3167 1842 3224; x_wconf 86' lang='lat' dir='ltr'><strong>misericordia</strong></span> <span class='ocrx_word' id='word_1_359' title='bbox 1873 3177 1980 3234; x_wconf 86' lang='lat' dir='ltr'><strong>tua,</strong></span> <span class='ocrx_word' id='word_1_360' title='bbox 2009 3168 2150 3225; x_wconf 89' lang='lat' dir='ltr'><strong>Deus</strong></span> 
     </span>
    </p>
   </div>
   <div class='ocr_carea' id='block_1_48' title="bbox 2256 1955 3850 2026">
    <p class='ocr_par' dir='ltr' id='par_1_48' title="bbox 2256 1955 3850 2026">
     <span class='ocr_line' id='line_1_48' title="bbox 2256 1955 3850 2026; baseline 0.001 -15"><span class='ocrx_word' id='word_1_361' title='bbox 2256 1955 2582 2012; x_wconf 90' lang='lat' dir='ltr'><strong>festinaretis</strong></span> <span class='ocrx_word' id='word_1_362' title='bbox 2630 1957 2851 2026; x_wconf 88' lang='lat' dir='ltr'><strong>adipisci</strong></span> <span class='ocrx_word' id='word_1_363' title='bbox 2893 1973 2907 2010; x_wconf 90' lang='lat'><strong>:</strong></span> <span class='ocrx_word' id='word_1_364' title='bbox 2957 1972 3114 2026; x_wconf 82' lang='lat' dir='ltr'><strong>quam</strong></span> <span class='ocrx_word' id='word_1_365' title='bbox 3166 1972 3361 2021; x_wconf 86' lang='lat' dir='ltr'><strong>nemo,</strong></span> <span class='ocrx_word' id='word_1_366' title='bbox 3415 1957 3516 2011; x_wconf 92' lang='lat' dir='ltr'><strong>nisi</strong></span> <span class='ocrx_word' id='word_1_367' title='bbox 3565 1958 3736 2011; x_wconf 90' lang='lat' dir='ltr'><strong>malus</strong></span> <span class='ocrx_word' id='word_1_368' title='bbox 3787 1973 3850 2012; x_wconf 90' lang='lat' dir='ltr'><strong>ac</strong></span> 
     </span>
    </p>
   </div>
   <div class='ocr_carea' id='block_1_49' title="bbox 2260 2049 3852 2120">
    <p class='ocr_par' dir='ltr' id='par_1_49' title="bbox 2260 2049 3852 2120">
     <span class='ocr_line' id='line_1_49' title="bbox 2260 2049 3852 2120; baseline -0.001 -16"><span class='ocrx_word' id='word_1_369' title='bbox 2260 2051 2524 2120; x_wconf 79' lang='lat' dir='ltr'><strong>perditus,</strong></span> <span class='ocrx_word' id='word_1_370' title='bbox 2559 2049 2688 2120; x_wconf 86' lang='lat' dir='ltr'><strong>fugit</strong></span> <span class='ocrx_word' id='word_1_371' title='bbox 2730 2066 2793 2105; x_wconf 91' lang='lat' dir='ltr'><strong>ac</strong></span> <span class='ocrx_word' id='word_1_372' title='bbox 2824 2051 3076 2120; x_wconf 85' lang='lat' dir='ltr'><strong>negligit;</strong></span> <span class='ocrx_word' id='word_1_373' title='bbox 3119 2053 3242 2120; x_wconf 89' lang='lat' dir='ltr'><strong>quia</strong></span> <span class='ocrx_word' id='word_1_374' title='bbox 3280 2051 3405 2120; x_wconf 91' lang='lat' dir='ltr'><strong>quid</strong></span> <span class='ocrx_word' id='word_1_375' title='bbox 3435 2054 3665 2116; x_wconf 88' lang='lat' dir='ltr'><strong>amittat,</strong></span> <span class='ocrx_word' id='word_1_376' title='bbox 3702 2053 3852 2119; x_wconf 80' lang='lat' dir='ltr'><strong>peni-</strong></span> 
     </span>
    </p>
   </div>
   <div class='ocr_carea' id='block_1_50' title="bbox 2260 2137 3854 2214">
    <p class='ocr_par' dir='ltr' id='par_1_50' title="bbox 2260 2137 3854 2214">
     <span class='ocr_line' id='line_1_50' title="bbox 2260 2137 3854 2214; baseline 0.001 -15"><span class='ocrx_word' id='word_1_377' title='bbox 2260 2155 2345 2199; x_wconf 91' lang='lat' dir='ltr'><strong>tus</strong></span> <span class='ocrx_word' id='word_1_378' title='bbox 2377 2145 2582 2209; x_wconf 87' lang='lat' dir='ltr'><strong>nescit;</strong></span> <span class='ocrx_word' id='word_1_379' title='bbox 2638 2160 2795 2214; x_wconf 90' lang='lat' dir='ltr'><strong>quem</strong></span> <span class='ocrx_word' id='word_1_380' title='bbox 2840 2137 2946 2214; x_wconf 85' lang='lat' dir='ltr'><strong>jam</strong></span> <span class='ocrx_word' id='word_1_381' title='bbox 2994 2143 3214 2214; x_wconf 89' lang='lat' dir='ltr'><strong>jamque</strong></span> <span class='ocrx_word' id='word_1_382' title='bbox 3245 2145 3566 2212; x_wconf 90' lang='lat' dir='ltr'><strong>resipiscere</strong></span> <span class='ocrx_word' id='word_1_383' title='bbox 3617 2151 3854 2213; x_wconf 86' lang='lat' dir='ltr'><strong>oportet,</strong></span> 
     </span>
    </p>
   </div>
   <div class='ocr_carea' id='block_1_51' title="bbox 2259 2223 3857 2307">
    <p class='ocr_par' dir='ltr' id='par_1_51' title="bbox 2259 2223 3857 2307">
     <span class='ocr_line' id='line_1_51' title="bbox 2259 2223 3857 2307; baseline -0.001 -13"><span class='ocrx_word' id='word_1_384' title='bbox 2259 2252 2306 2294; x_wconf 89' lang='lat' dir='ltr'><strong>et</strong></span> <span class='ocrx_word' id='word_1_385' title='bbox 2345 2240 2578 2294; x_wconf 88' lang='lat' dir='ltr'><strong>terrenis</strong></span> <span class='ocrx_word' id='word_1_386' title='bbox 2618 2238 2821 2292; x_wconf 88' lang='lat' dir='ltr'><strong>absolvi</strong></span> <span class='ocrx_word' id='word_1_387' title='bbox 2866 2223 3277 2307; x_wconf 74' lang='lat' dir='ltr'><strong>cupiditatibus,</strong></span> <span class='ocrx_word' id='word_1_388' title='bbox 3318 2245 3378 2290; x_wconf 92' lang='lat' dir='ltr'><strong>ut</strong></span> <span class='ocrx_word' id='word_1_389' title='bbox 3417 2237 3553 2290; x_wconf 84' lang='lat' dir='ltr'><strong>mala</strong></span> <span class='ocrx_word' id='word_1_390' title='bbox 3587 2238 3857 2306; x_wconf 69' lang='lat' dir='ltr'><strong>praeterita</strong></span> 
     </span>
    </p>
   </div>
   <div class='ocr_carea' id='block_1_52' title="bbox 2259 2329 3855 2403">
    <p class='ocr_par' dir='ltr' id='par_1_52' title="bbox 2259 2329 3855 2403">
     <span class='ocr_line' id='line_1_52' title="bbox 2259 2329 3855 2403; baseline 0.001 -18"><span class='ocrx_word' id='word_1_391' title='bbox 2259 2333 2505 2388; x_wconf 79' lang='lat' dir='ltr'><strong>deflendo</strong></span> <span class='ocrx_word' id='word_1_392' title='bbox 2551 2331 2774 2403; x_wconf 80' lang='lat' dir='ltr'><strong>jugiter,</strong></span> <span class='ocrx_word' id='word_1_393' title='bbox 2807 2331 3189 2401; x_wconf 84' lang='lat' dir='ltr'><strong>indulgentiam</strong></span> <span class='ocrx_word' id='word_1_394' title='bbox 3220 2329 3427 2384; x_wconf 92' lang='lat' dir='ltr'><strong>Domini</strong></span> <span class='ocrx_word' id='word_1_395' title='bbox 3476 2337 3855 2400; x_wconf 81' lang='lat' dir='ltr'><strong>consequatur,</strong></span> 
     </span>
    </p>
   </div>
   <div class='ocr_carea' id='block_1_53' title="bbox 2257 2424 3855 2494">
    <p class='ocr_par' dir='ltr' id='par_1_53' title="bbox 2257 2424 3855 2494">
     <span class='ocr_line' id='line_1_53' title="bbox 2257 2424 3855 2494; baseline -0.002 -13"><span class='ocrx_word' id='word_1_396' title='bbox 2257 2439 2310 2481; x_wconf 90' lang='lat' dir='ltr'><strong>et</strong></span> <span class='ocrx_word' id='word_1_397' title='bbox 2338 2428 2417 2481; x_wconf 88' lang='lat' dir='ltr'><strong>sic</strong></span> <span class='ocrx_word' id='word_1_398' title='bbox 2446 2427 2510 2480; x_wconf 86' lang='lat' dir='ltr'><strong>ad</strong></span> <span class='ocrx_word' id='word_1_399' title='bbox 2540 2427 2763 2480; x_wconf 87' lang='lat' dir='ltr'><strong>meliora</strong></span> <span class='ocrx_word' id='word_1_400' title='bbox 2802 2440 3114 2489; x_wconf 91' lang='lat' dir='ltr'><strong>conversus,</strong></span> <span class='ocrx_word' id='word_1_401' title='bbox 3146 2425 3246 2480; x_wconf 88' lang='lat' dir='ltr'><strong>iter</strong></span> <span class='ocrx_word' id='word_1_402' title='bbox 3274 2440 3426 2479; x_wconf 92' lang='lat' dir='ltr'><strong>suum</strong></span> <span class='ocrx_word' id='word_1_403' title='bbox 3459 2424 3679 2494; x_wconf 83' lang='lat' dir='ltr'><strong>dirigat,</strong></span> <span class='ocrx_word' id='word_1_404' title='bbox 3716 2439 3855 2494; x_wconf 88' lang='lat' dir='ltr'><strong>qua-</strong></span> 
     </span>
    </p>
   </div>
   <div class='ocr_carea' id='block_1_54' title="bbox 2263 2515 3855 2580">
    <p class='ocr_par' dir='ltr' id='par_1_54' title="bbox 2263 2515 3855 2580">
     <span class='ocr_line' id='line_1_54' title="bbox 2263 2515 3855 2580; baseline 0.001 -10"><span class='ocrx_word' id='word_1_405' title='bbox 2263 2527 2420 2572; x_wconf 89' lang='lat' dir='ltr'><strong>tenus</strong></span> <span class='ocrx_word' id='word_1_406' title='bbox 2457 2518 2506 2570; x_wconf 91' lang='lat' dir='ltr'><strong>in</strong></span> <span class='ocrx_word' id='word_1_407' title='bbox 2540 2518 2683 2571; x_wconf 80' lang='lat' dir='ltr'><strong>exitu</strong></span> <span class='ocrx_word' id='word_1_408' title='bbox 2717 2517 2838 2571; x_wconf 64' lang='lat' dir='ltr'><strong>vita;</strong></span> <span class='ocrx_word' id='word_1_409' title='bbox 2869 2515 3024 2570; x_wconf 76' lang='lat' dir='ltr'><strong>ltetus</strong></span> <span class='ocrx_word' id='word_1_410' title='bbox 3055 2516 3313 2580; x_wconf 82' lang='lat' dir='ltr'><strong>existens,</strong></span> <span class='ocrx_word' id='word_1_411' title='bbox 3345 2516 3408 2567; x_wconf 84' lang='lat' dir='ltr'><strong>ad</strong></span> <span class='ocrx_word' id='word_1_412' title='bbox 3441 2516 3716 2571; x_wconf 64' lang='lat' dir='ltr'><strong>caelestem</strong></span> <span class='ocrx_word' id='word_1_413' title='bbox 3749 2515 3855 2571; x_wconf 80' lang='lat' dir='ltr'><strong>Re-</strong></span> 
     </span>
    </p>
   </div>
   <div class='ocr_carea' id='block_1_55' title="bbox 2259 2608 3856 2683">
    <p class='ocr_par' dir='ltr' id='par_1_55' title="bbox 2259 2608 3856 2683">
     <span class='ocr_line' id='line_1_55' title="bbox 2259 2608 3856 2683; baseline -0.003 -16"><span class='ocrx_word' id='word_1_414' title='bbox 2259 2628 2378 2683; x_wconf 75' lang='lat' dir='ltr'><strong>gem</strong></span> <span class='ocrx_word' id='word_1_415' title='bbox 2416 2627 2535 2666; x_wconf 89' lang='lat' dir='ltr'><strong>cum</strong></span> <span class='ocrx_word' id='word_1_416' title='bbox 2575 2628 2762 2682; x_wconf 85' lang='lat' dir='ltr'><strong>magna</strong></span> <span class='ocrx_word' id='word_1_417' title='bbox 2807 2612 2964 2665; x_wconf 90' lang='lat' dir='ltr'><strong>laude</strong></span> <span class='ocrx_word' id='word_1_418' title='bbox 2993 2611 3298 2679; x_wconf 89' lang='lat' dir='ltr'><strong>perveniat;</strong></span> <span class='ocrx_word' id='word_1_419' title='bbox 3340 2608 3555 2679; x_wconf 87' lang='lat' dir='ltr'><strong>quando</strong></span> <span class='ocrx_word' id='word_1_420' title='bbox 3601 2616 3856 2663; x_wconf 79' lang='lat' dir='ltr'><strong>terrestre</strong></span> 
     </span>
    </p>
   </div>
   <div class='ocr_carea' id='block_1_56' title="bbox 2261 2702 3854 2772">
    <p class='ocr_par' dir='ltr' id='par_1_56' title="bbox 2261 2702 3854 2772">
     <span class='ocr_line' id='line_1_56' title="bbox 2261 2702 3854 2772; baseline -0.003 -12"><span class='ocrx_word' id='word_1_421' title='bbox 2261 2708 2362 2761; x_wconf 93' lang='lat' dir='ltr'><strong>hoc</strong></span> <span class='ocrx_word' id='word_1_422' title='bbox 2407 2707 2768 2761; x_wconf 85' lang='lat' dir='ltr'><strong>habitaculum</strong></span> <span class='ocrx_word' id='word_1_423' title='bbox 2819 2708 3076 2760; x_wconf 88' lang='lat' dir='ltr'><strong>deserens</strong></span> <span class='ocrx_word' id='word_1_424' title='bbox 3127 2705 3326 2768; x_wconf 89' lang='lat' dir='ltr'><strong>anima,</strong></span> <span class='ocrx_word' id='word_1_425' title='bbox 3380 2703 3444 2757; x_wconf 86' lang='lat' dir='ltr'><strong>ad</strong></span> <span class='ocrx_word' id='word_1_426' title='bbox 3493 2702 3854 2772; x_wconf 82' lang='lat' dir='ltr'><strong>cognitionem</strong></span> 
     </span>
    </p>
   </div>
   <div class='ocr_carea' id='block_1_57' title="bbox 2258 2798 3854 2869">
    <p class='ocr_par' dir='ltr' id='par_1_57' title="bbox 2258 2798 3854 2869">
     <span class='ocr_line' id='line_1_57' title="bbox 2258 2798 3854 2869; baseline -0.003 -15"><span class='ocrx_word' id='word_1_427' title='bbox 2258 2815 2371 2855; x_wconf 77' lang='lat' dir='ltr'><strong>sua:</strong></span> <span class='ocrx_word' id='word_1_428' title='bbox 2400 2800 2712 2855; x_wconf 61' lang='lat' dir='ltr'><strong>substantiae</strong></span> <span class='ocrx_word' id='word_1_429' title='bbox 2743 2809 3027 2869; x_wconf 91' lang='lat' dir='ltr'><strong>properat;</strong></span> <span class='ocrx_word' id='word_1_430' title='bbox 3061 2800 3274 2869; x_wconf 83' lang='lat' dir='ltr'><strong>quando</strong></span> <span class='ocrx_word' id='word_1_431' title='bbox 3305 2798 3614 2854; x_wconf 65' lang='lat' dir='ltr'><strong>caelestibus</strong></span> <span class='ocrx_word' id='word_1_432' title='bbox 3655 2798 3854 2852; x_wconf 84' lang='lat' dir='ltr'><strong>sociata</strong></span> 
     </span>
    </p>
   </div>
   <div class='ocr_carea' id='block_1_58' title="bbox 2259 2886 3834 2957">
    <p class='ocr_par' dir='ltr' id='par_1_58' title="bbox 2259 2886 3834 2957">
     <span class='ocr_line' id='line_1_58' title="bbox 2259 2886 3834 2957; baseline -0.001 -15"><span class='ocrx_word' id='word_1_433' title='bbox 2259 2889 2568 2956; x_wconf 84' lang='lat' dir='ltr'><strong>virtutibus,</strong></span> <span class='ocrx_word' id='word_1_434' title='bbox 2617 2891 2683 2943; x_wconf 91' lang='lat' dir='ltr'><strong>ad</strong></span> <span class='ocrx_word' id='word_1_435' title='bbox 2713 2890 2925 2944; x_wconf 87' lang='lat' dir='ltr'><strong>Patrem</strong></span> <span class='ocrx_word' id='word_1_436' title='bbox 2975 2888 3232 2943; x_wconf 92' lang='lat' dir='ltr'><strong>luminum</strong></span> <span class='ocrx_word' id='word_1_437' title='bbox 3284 2886 3565 2957; x_wconf 88' lang='lat' dir='ltr'><strong>pervenire</strong></span> <span class='ocrx_word' id='word_1_438' title='bbox 3615 2887 3834 2942; x_wconf 87' lang='lat' dir='ltr'><strong>festinat</strong></span> 
     </span>
    </p>
   </div>
   <div class='ocr_carea' id='block_1_59' title="bbox 2256 2977 3855 3049">
    <p class='ocr_par' dir='ltr' id='par_1_59' title="bbox 2256 2977 3855 3049">
     <span class='ocr_line' id='line_1_59' title="bbox 2256 2977 3855 3049; baseline -0.004 -13"><span class='ocrx_word' id='word_1_439' title='bbox 2256 2980 2396 3049; x_wconf 82' lang='lat' dir='ltr'><strong>Quid</strong></span> <span class='ocrx_word' id='word_1_440' title='bbox 2427 2981 2699 3038; x_wconf 87' lang='lat' dir='ltr'><strong>extollitur</strong></span> <span class='ocrx_word' id='word_1_441' title='bbox 2726 2981 2886 3035; x_wconf 85' lang='lat' dir='ltr'><strong>homo</strong></span> <span class='ocrx_word' id='word_1_442' title='bbox 2917 2996 3009 3049; x_wconf 91' lang='lat' dir='ltr'><strong>per</strong></span> <span class='ocrx_word' id='word_1_443' title='bbox 3036 2995 3230 3034; x_wconf 87' lang='lat' dir='ltr'><strong>vanam</strong></span> <span class='ocrx_word' id='word_1_444' title='bbox 3264 2979 3534 3047; x_wconf 80' lang='lat' dir='ltr'><strong>gloriam?</strong></span> <span class='ocrx_word' id='word_1_445' title='bbox 3573 2977 3711 3044; x_wconf 86' lang='lat' dir='ltr'><strong>Quid</strong></span> <span class='ocrx_word' id='word_1_446' title='bbox 3745 2977 3855 3032; x_wconf 82' lang='lat' dir='ltr'><strong>eri—</strong></span> 
     </span>
    </p>
   </div>
   <div class='ocr_carea' id='block_1_60' title="bbox 2259 3070 3855 3148">
    <p class='ocr_par' dir='ltr' id='par_1_60' title="bbox 2259 3070 3855 3148">
     <span class='ocr_line' id='line_1_60' title="bbox 2259 3070 3855 3148; baseline -0.004 -18"><span class='ocrx_word' id='word_1_447' title='bbox 2259 3075 2402 3148; x_wconf 79' lang='lat' dir='ltr'><strong>gitur</strong></span> <span class='ocrx_word' id='word_1_448' title='bbox 2427 3076 2640 3145; x_wconf 87' lang='lat' dir='ltr'><strong>pulvis?</strong></span> <span class='ocrx_word' id='word_1_449' title='bbox 2671 3075 2808 3144; x_wconf 90' lang='lat' dir='ltr'><strong>Quid</strong></span> <span class='ocrx_word' id='word_1_450' title='bbox 2839 3073 3081 3143; x_wconf 86' lang='lat' dir='ltr'><strong>superbit</strong></span> <span class='ocrx_word' id='word_1_451' title='bbox 3124 3083 3265 3127; x_wconf 87' lang='lat' dir='ltr'><strong>terra</strong></span> <span class='ocrx_word' id='word_1_452' title='bbox 3297 3081 3351 3127; x_wconf 88' lang='lat' dir='ltr'><strong>et</strong></span> <span class='ocrx_word' id='word_1_453' title='bbox 3379 3072 3512 3126; x_wconf 87' lang='lat' dir='ltr'><strong>cinis</strong></span> <span class='ocrx_word' id='word_1_454' title='bbox 3539 3070 3731 3140; x_wconf 81' lang='lat' dir='ltr'><strong>(Ecrli.</strong></span> <span class='ocrx_word' id='word_1_455' title='bbox 3767 3071 3855 3140; x_wconf 69' lang='lat' dir='ltr'><strong>x)?</strong></span> 
     </span>
    </p>
   </div>
   <div class='ocr_carea' id='block_1_61' title="bbox 2259 3163 3848 3239">
    <p class='ocr_par' dir='ltr' id='par_1_61' title="bbox 2259 3163 3848 3239">
     <span class='ocr_line' id='line_1_61' title="bbox 2259 3163 3848 3239; baseline -0.007 -15"><span class='ocrx_word' id='word_1_456' title='bbox 2259 3169 2581 3239; x_wconf 80' lang='lat' dir='ltr'><strong>Plangamus</strong></span> <span class='ocrx_word' id='word_1_457' title='bbox 2628 3182 2728 3223; x_wconf 89' lang='lat' dir='ltr'><strong>nos</strong></span> <span class='ocrx_word' id='word_1_458' title='bbox 2774 3167 2920 3236; x_wconf 87' lang='lat' dir='ltr'><strong>ipsos</strong></span> <span class='ocrx_word' id='word_1_459' title='bbox 2945 3165 3124 3236; x_wconf 87' lang='lat' dir='ltr'><strong>potius</strong></span> <span class='ocrx_word' id='word_1_460' title='bbox 3163 3165 3289 3219; x_wconf 91' lang='lat' dir='ltr'><strong>dum</strong></span> <span class='ocrx_word' id='word_1_461' title='bbox 3337 3175 3544 3233; x_wconf 89' lang='lat' dir='ltr'><strong>tempus</strong></span> <span class='ocrx_word' id='word_1_462' title='bbox 3571 3163 3848 3223; x_wconf 88' lang='lat' dir='ltr'><strong>habemus,</strong></span> 
     </span>
    </p>
   </div>
   <div class='ocr_carea' id='block_1_62' title="bbox 557 3244 3852 3333">
    <p class='ocr_par' dir='ltr' id='par_1_62' title="bbox 557 3244 3852 3333">
     <span class='ocr_line' id='line_1_62' title="bbox 557 3244 3852 3333; baseline -0.002 -20"><span class='ocrx_word' id='word_1_463' title='bbox 557 3259 743 3328; x_wconf 84' lang='lat' dir='ltr'><strong>gloriae</strong></span> <span class='ocrx_word' id='word_1_464' title='bbox 769 3259 924 3314; x_wconf 85' lang='lat' dir='ltr'><strong>Jesus</strong></span> <span class='ocrx_word' id='word_1_465' title='bbox 952 3260 1200 3317; x_wconf 82' lang='lat' dir='ltr'><strong>Christus</strong></span> <span class='ocrx_word' id='word_1_466' title='bbox 1248 3260 1414 3316; x_wconf 84' lang='lat' dir='ltr'><strong>Filius</strong></span> <span class='ocrx_word' id='word_1_467' title='bbox 1458 3262 1552 3318; x_wconf 90' lang='lat' dir='ltr'><strong>Dei</strong></span> <span class='ocrx_word' id='word_1_468' title='bbox 1600 3261 1778 3318; x_wconf 90' lang='lat' dir='ltr'><strong>Patris</strong></span> <span class='ocrx_word' id='word_1_469' title='bbox 1821 3264 2146 3333; x_wconf 83' lang='lat' dir='ltr'><strong>unigenitus,</strong></span> <span class='ocrx_word' id='word_1_470' title='bbox 2177 3244 2226 3309; x_wconf 70' lang='grc' dir='ltr'>ο</span> <span class='ocrx_word' id='word_1_471' title='bbox 2259 3277 2325 3317; x_wconf 91' lang='lat' dir='ltr'><strong>ne</strong></span> <span class='ocrx_word' id='word_1_472' title='bbox 2367 3277 2488 3317; x_wconf 90' lang='lat' dir='ltr'><strong>cum</strong></span> <span class='ocrx_word' id='word_1_473' title='bbox 2535 3261 2696 3316; x_wconf 89' lang='lat' dir='ltr'><strong>fuerit</strong></span> <span class='ocrx_word' id='word_1_474' title='bbox 2751 3260 2964 3329; x_wconf 83' lang='lat' dir='ltr'><strong>expleta</strong></span> <span class='ocrx_word' id='word_1_475' title='bbox 3032 3256 3257 3329; x_wconf 80' lang='lat' dir='ltr'><strong>singulis</strong></span> <span class='ocrx_word' id='word_1_476' title='bbox 3307 3258 3585 3310; x_wconf 82' lang='lat' dir='ltr'><strong>terminata</strong></span> <span class='ocrx_word' id='word_1_477' title='bbox 3646 3253 3852 3321; x_wconf 80' lang='lat' dir='ltr'><strong>dilatio,</strong></span> 
     </span>
    </p>
   </div>
   <div class='ocr_carea' id='block_1_63' title="bbox 558 3353 2151 3431">
    <p class='ocr_par' dir='ltr' id='par_1_63' title="bbox 558 3353 2151 3431">
     <span class='ocr_line' id='line_1_63' title="bbox 558 3353 2151 3431; baseline 0.007 -25"><span class='ocrx_word' id='word_1_478' title='bbox 558 3353 648 3421; x_wconf 91' lang='lat' dir='ltr'><strong>qui</strong></span> <span class='ocrx_word' id='word_1_479' title='bbox 677 3353 874 3409; x_wconf 89' lang='lat' dir='ltr'><strong>missus</strong></span> <span class='ocrx_word' id='word_1_480' title='bbox 894 3362 976 3409; x_wconf 87' lang='lat' dir='ltr'><strong>est</strong></span> <span class='ocrx_word' id='word_1_481' title='bbox 1001 3353 1053 3408; x_wconf 92' lang='lat' dir='ltr'><strong>in</strong></span> <span class='ocrx_word' id='word_1_482' title='bbox 1082 3354 1222 3411; x_wconf 86' lang='lat' dir='ltr'><strong>hunc</strong></span> <span class='ocrx_word' id='word_1_483' title='bbox 1252 3357 1531 3423; x_wconf 89' lang='lat' dir='ltr'><strong>mundum,</strong></span> <span class='ocrx_word' id='word_1_484' title='bbox 1557 3367 1612 3412; x_wconf 89' lang='lat' dir='ltr'><strong>et</strong></span> <span class='ocrx_word' id='word_1_485' title='bbox 1631 3373 1728 3428; x_wconf 91' lang='lat' dir='ltr'><strong>pro</strong></span> <span class='ocrx_word' id='word_1_486' title='bbox 1749 3359 1919 3415; x_wconf 88' lang='lat' dir='ltr'><strong>salute</strong></span> <span class='ocrx_word' id='word_1_487' title='bbox 1939 3360 2151 3431; x_wconf 82' lang='lat' dir='ltr'><strong>generis</strong></span> 
     </span>
    </p>
   </div>
   <div class='ocr_carea' id='block_1_64' title="bbox 559 3443 2150 3522">
    <p class='ocr_par' dir='ltr' id='par_1_64' title="bbox 559 3443 2150 3522">
     <span class='ocr_line' id='line_1_64' title="bbox 559 3443 2150 3522; baseline 0.007 -24"><span class='ocrx_word' id='word_1_488' title='bbox 559 3443 782 3499; x_wconf 88' lang='lat' dir='ltr'><strong>humani</strong></span> <span class='ocrx_word' id='word_1_489' title='bbox 809 3447 1094 3502; x_wconf 87' lang='lat' dir='ltr'><strong>crucifixus</strong></span> <span class='ocrx_word' id='word_1_490' title='bbox 1117 3458 1220 3518; x_wconf 86' lang='lat' dir='ltr'><strong>est,</strong></span> <span class='ocrx_word' id='word_1_491' title='bbox 1245 3451 1485 3519; x_wconf 84' lang='lat' dir='ltr'><strong>spineam</strong></span> <span class='ocrx_word' id='word_1_492' title='bbox 1513 3450 1692 3508; x_wconf 89' lang='lat' dir='ltr'><strong>ferens</strong></span> <span class='ocrx_word' id='word_1_493' title='bbox 1721 3453 1773 3508; x_wconf 91' lang='lat' dir='ltr'><strong>in</strong></span> <span class='ocrx_word' id='word_1_494' title='bbox 1801 3454 1974 3522; x_wconf 88' lang='lat' dir='ltr'><strong>capite</strong></span> <span class='ocrx_word' id='word_1_495' title='bbox 1994 3469 2150 3509; x_wconf 87' lang='lat' dir='ltr'><strong>coro-</strong></span> 
     </span>
    </p>
   </div>
   <div class='ocr_carea' id='block_1_65' title="bbox 558 3537 2150 3618">
    <p class='ocr_par' dir='ltr' id='par_1_65' title="bbox 558 3537 2150 3618">
     <span class='ocr_line' id='line_1_65' title="bbox 558 3537 2150 3618; baseline 0.008 -27"><span class='ocrx_word' id='word_1_496' title='bbox 558 3549 703 3592; x_wconf 89' lang='lat' dir='ltr'><strong>nam.</strong></span> <span class='ocrx_word' id='word_1_497' title='bbox 733 3537 797 3592; x_wconf 84' lang='lat' dir='ltr'><strong>Et</strong></span> <span class='ocrx_word' id='word_1_498' title='bbox 832 3539 1150 3597; x_wconf 87' lang='lat' dir='ltr'><strong>Pacbomius</strong></span> <span class='ocrx_word' id='word_1_499' title='bbox 1180 3542 1255 3597; x_wconf 91' lang='lat' dir='ltr'><strong>ait</strong></span> <span class='ocrx_word' id='word_1_500' title='bbox 1284 3559 1298 3595; x_wconf 89' lang='lat'><strong>:</strong></span> <span class='ocrx_word' id='word_1_501' title='bbox 1327 3543 1461 3610; x_wconf 90' lang='lat' dir='ltr'><strong>Oro,</strong></span> <span class='ocrx_word' id='word_1_502' title='bbox 1492 3544 1751 3611; x_wconf 90' lang='lat' dir='ltr'><strong>Domine,</strong></span> <span class='ocrx_word' id='word_1_503' title='bbox 1782 3546 2019 3616; x_wconf 89' lang='lat' dir='ltr'><strong>nunquid</strong></span> <span class='ocrx_word' id='word_1_504' title='bbox 2050 3562 2150 3618; x_wconf 92' lang='lat' dir='ltr'><strong>ego</strong></span> 
     </span>
    </p>
   </div>
   <div class='ocr_carea' id='block_1_66' title="bbox 558 3629 2148 3705">
    <p class='ocr_par' dir='ltr' id='par_1_66' title="bbox 558 3629 2148 3705">
     <span class='ocr_line' id='line_1_66' title="bbox 558 3629 2148 3705; baseline 0.008 -22"><span class='ocrx_word' id='word_1_505' title='bbox 558 3636 611 3683; x_wconf 91' lang='lat' dir='ltr'><strong>te</strong></span> <span class='ocrx_word' id='word_1_506' title='bbox 634 3629 917 3685; x_wconf 81' lang='lat' dir='ltr'><strong>cruciﬁxi?</strong></span> <span class='ocrx_word' id='word_1_507' title='bbox 943 3630 1010 3686; x_wconf 90' lang='lat' dir='ltr'><strong>Et</strong></span> <span class='ocrx_word' id='word_1_508' title='bbox 1040 3631 1294 3689; x_wconf 90' lang='lat' dir='ltr'><strong>Dominus</strong></span> <span class='ocrx_word' id='word_1_509' title='bbox 1321 3635 1580 3705; x_wconf 82' lang='lat' dir='ltr'><strong>placidior</strong></span> <span class='ocrx_word' id='word_1_510' title='bbox 1605 3637 1682 3693; x_wconf 88' lang='lat' dir='ltr'><strong>ait</strong></span> <span class='ocrx_word' id='word_1_511' title='bbox 1723 3639 1790 3694; x_wconf 89' lang='lat' dir='ltr'><strong>ad</strong></span> <span class='ocrx_word' id='word_1_512' title='bbox 1837 3654 1959 3695; x_wconf 90' lang='lat' dir='ltr'><strong>eum</strong></span> <span class='ocrx_word' id='word_1_513' title='bbox 1988 3657 2000 3693; x_wconf 90' lang='lat'><strong>:</strong></span> <span class='ocrx_word' id='word_1_514' title='bbox 2030 3639 2148 3696; x_wconf 83' lang='lat' dir='ltr'><strong>Non</strong></span> 
     </span>
    </p>
   </div>
   <div class='ocr_carea' id='block_1_67' title="bbox 558 3721 2151 3800">
    <p class='ocr_par' dir='ltr' id='par_1_67' title="bbox 558 3721 2151 3800">
     <span class='ocr_line' id='line_1_67' title="bbox 558 3721 2151 3800; baseline 0.009 -25"><span class='ocrx_word' id='word_1_515' title='bbox 558 3729 614 3775; x_wconf 92' lang='lat' dir='ltr'><strong>tu</strong></span> <span class='ocrx_word' id='word_1_516' title='bbox 644 3721 862 3791; x_wconf 89' lang='lat' dir='ltr'><strong>quidem</strong></span> <span class='ocrx_word' id='word_1_517' title='bbox 891 3724 1202 3780; x_wconf 84' lang='lat' dir='ltr'><strong>crucitixisti</strong></span> <span class='ocrx_word' id='word_1_518' title='bbox 1232 3742 1342 3796; x_wconf 92' lang='lat' dir='ltr'><strong>me,</strong></span> <span class='ocrx_word' id='word_1_519' title='bbox 1387 3730 1480 3785; x_wconf 88' lang='lat' dir='ltr'><strong>sed</strong></span> <span class='ocrx_word' id='word_1_520' title='bbox 1521 3740 1770 3800; x_wconf 87' lang='lat' dir='ltr'><strong>parentes</strong></span> <span class='ocrx_word' id='word_1_521' title='bbox 1799 3733 1893 3788; x_wconf 92' lang='lat' dir='ltr'><strong>tui.</strong></span> <span class='ocrx_word' id='word_1_522' title='bbox 1930 3733 2151 3789; x_wconf 85' lang='lat' dir='ltr'><strong>Verum-</strong></span> 
     </span>
    </p>
   </div>
   <div class='ocr_carea' id='block_1_68' title="bbox 559 3817 2148 3894">
    <p class='ocr_par' dir='ltr' id='par_1_68' title="bbox 559 3817 2148 3894">
     <span class='ocr_line' id='line_1_68' title="bbox 559 3817 2148 3894; baseline 0.009 -25"><span class='ocrx_word' id='word_1_523' title='bbox 559 3824 738 3872; x_wconf 88' lang='lat' dir='ltr'><strong>tamen</strong></span> <span class='ocrx_word' id='word_1_524' title='bbox 789 3817 1138 3891; x_wconf 67' lang='lat' dir='ltr'><strong>animazquior</strong></span> <span class='ocrx_word' id='word_1_525' title='bbox 1185 3831 1302 3877; x_wconf 91' lang='lat' dir='ltr'><strong>esto</strong></span> <span class='ocrx_word' id='word_1_526' title='bbox 1329 3866 1344 3890; x_wconf 92' lang='lat'><strong>,</strong></span> <span class='ocrx_word' id='word_1_527' title='bbox 1396 3832 1451 3880; x_wconf 90' lang='lat' dir='ltr'><strong>et</strong></span> <span class='ocrx_word' id='word_1_528' title='bbox 1493 3827 1826 3883; x_wconf 89' lang='lat' dir='ltr'><strong>confortetur</strong></span> <span class='ocrx_word' id='word_1_529' title='bbox 1851 3845 1946 3886; x_wconf 87' lang='lat' dir='ltr'><strong>cor</strong></span> <span class='ocrx_word' id='word_1_530' title='bbox 1975 3838 2148 3894; x_wconf 89' lang='lat' dir='ltr'><strong>tuum,</strong></span> 
     </span>
    </p>
   </div>
   <div class='ocr_carea' id='block_1_69' title="bbox 559 3913 2152 3993">
    <p class='ocr_par' dir='ltr' id='par_1_69' title="bbox 559 3913 2152 3993">
     <span class='ocr_line' id='line_1_69' title="bbox 559 3913 2152 3993; baseline 0.008 -28"><span class='ocrx_word' id='word_1_531' title='bbox 559 3913 684 3982; x_wconf 90' lang='lat' dir='ltr'><strong>quia</strong></span> <span class='ocrx_word' id='word_1_532' title='bbox 712 3914 999 3982; x_wconf 90' lang='lat' dir='ltr'><strong>posteritas</strong></span> <span class='ocrx_word' id='word_1_533' title='bbox 1025 3925 1111 3970; x_wconf 91' lang='lat' dir='ltr'><strong>tua</strong></span> <span class='ocrx_word' id='word_1_534' title='bbox 1143 3917 1380 3974; x_wconf 89' lang='lat' dir='ltr'><strong>manebit</strong></span> <span class='ocrx_word' id='word_1_535' title='bbox 1417 3918 1469 3974; x_wconf 94' lang='lat' dir='ltr'><strong>in</strong></span> <span class='ocrx_word' id='word_1_536' title='bbox 1517 3921 1796 3989; x_wconf 66' lang='lat' dir='ltr'><strong>smculum,</strong></span> <span class='ocrx_word' id='word_1_537' title='bbox 1843 3937 1943 3977; x_wconf 88' lang='lat' dir='ltr'><strong>nec</strong></span> <span class='ocrx_word' id='word_1_538' title='bbox 1982 3938 2152 3993; x_wconf 90' lang='lat' dir='ltr'><strong>usque</strong></span> 
     </span>
    </p>
   </div>
   <div class='ocr_carea' id='block_1_70' title="bbox 558 4004 2150 4081">
    <p class='ocr_par' dir='ltr' id='par_1_70' title="bbox 558 4004 2150 4081">
     <span class='ocr_line' id='line_1_70' title="bbox 558 4004 2150 4081; baseline 0.004 -20"><span class='ocrx_word' id='word_1_539' title='bbox 558 4004 612 4061; x_wconf 87' lang='lat' dir='ltr'><strong>itt</strong></span> <span class='ocrx_word' id='word_1_540' title='bbox 645 4006 803 4062; x_wconf 86' lang='lat' dir='ltr'><strong>linem</strong></span> <span class='ocrx_word' id='word_1_541' title='bbox 843 4007 1029 4062; x_wconf 90' lang='lat' dir='ltr'><strong>mundi</strong></span> <span class='ocrx_word' id='word_1_542' title='bbox 1061 4007 1305 4075; x_wconf 81' lang='lat' dir='ltr'><strong>deficiet;</strong></span> <span class='ocrx_word' id='word_1_543' title='bbox 1339 4011 1547 4080; x_wconf 90' lang='lat' dir='ltr'><strong>ipsique</strong></span> <span class='ocrx_word' id='word_1_544' title='bbox 1591 4013 1678 4081; x_wconf 91' lang='lat' dir='ltr'><strong>qui</strong></span> <span class='ocrx_word' id='word_1_545' title='bbox 1730 4021 1850 4080; x_wconf 91' lang='lat' dir='ltr'><strong>post</strong></span> <span class='ocrx_word' id='word_1_546' title='bbox 1894 4022 1945 4067; x_wconf 93' lang='lat' dir='ltr'><strong>te</strong></span> <span class='ocrx_word' id='word_1_547' title='bbox 1988 4012 2150 4067; x_wconf 87' lang='lat' dir='ltr'><strong>futuri</strong></span> 
     </span>
    </p>
   </div>
   <div class='ocr_carea' id='block_1_71' title="bbox 555 4098 2153 4175">
    <p class='ocr_par' dir='ltr' id='par_1_71' title="bbox 555 4098 2153 4175">
     <span class='ocr_line' id='line_1_71' title="bbox 555 4098 2153 4175; baseline 0.004 -21"><span class='ocrx_word' id='word_1_548' title='bbox 555 4108 700 4166; x_wconf 79' lang='lat' dir='ltr'><strong>sunt,</strong></span> <span class='ocrx_word' id='word_1_549' title='bbox 731 4099 799 4155; x_wconf 91' lang='lat' dir='ltr'><strong>de</strong></span> <span class='ocrx_word' id='word_1_550' title='bbox 839 4098 1103 4170; x_wconf 86' lang='lat' dir='ltr'><strong>profunda</strong></span> <span class='ocrx_word' id='word_1_551' title='bbox 1154 4101 1240 4157; x_wconf 91' lang='lat' dir='ltr'><strong>illa</strong></span> <span class='ocrx_word' id='word_1_552' title='bbox 1283 4103 1514 4173; x_wconf 87' lang='lat' dir='ltr'><strong>caligine</strong></span> <span class='ocrx_word' id='word_1_553' title='bbox 1561 4104 1951 4171; x_wconf 89' lang='lat' dir='ltr'><strong>liberabuntur,</strong></span> <span class='ocrx_word' id='word_1_554' title='bbox 1998 4113 2153 4175; x_wconf 90' lang='lat' dir='ltr'><strong>quot-</strong></span> 
     </span>
    </p>
   </div>
   <div class='ocr_carea' id='block_1_72' title="bbox 555 4179 2154 4269">
    <p class='ocr_par' dir='ltr' id='par_1_72' title="bbox 555 4179 2154 4269">
     <span class='ocr_line' id='line_1_72' title="bbox 555 4179 2154 4269; baseline 0.004 -21"><span class='ocrx_word' id='word_1_555' title='bbox 555 4202 686 4265; x_wconf 90' lang='lat' dir='ltr'><strong>quot</strong></span> <span class='ocrx_word' id='word_1_556' title='bbox 715 4193 949 4250; x_wconf 88' lang='lat' dir='ltr'><strong>vixerint</strong></span> <span class='ocrx_word' id='word_1_557' title='bbox 978 4195 1333 4262; x_wconf 89' lang='lat' dir='ltr'><strong>abstinenter,</strong></span> <span class='ocrx_word' id='word_1_558' title='bbox 1365 4208 1420 4253; x_wconf 91' lang='lat' dir='ltr'><strong>et</strong></span> <span class='ocrx_word' id='word_1_559' title='bbox 1468 4213 1653 4252; x_wconf 90' lang='lat' dir='ltr'><strong>curam</strong></span> <span class='ocrx_word' id='word_1_560' title='bbox 1683 4198 1876 4253; x_wconf 86' lang='lat' dir='ltr'><strong>salutis</strong></span> <span class='ocrx_word' id='word_1_561' title='bbox 1920 4179 2154 4269; x_wconf 71' lang='lat' dir='ltr'><strong>proprite</strong></span> 
     </span>
    </p>
   </div>
   <div class='ocr_carea' id='block_1_73' title="bbox 556 4285 2152 4358">
    <p class='ocr_par' dir='ltr' id='par_1_73' title="bbox 556 4285 2152 4358">
     <span class='ocr_line' id='line_1_73' title="bbox 556 4285 2152 4358; baseline 0.004 -19"><span class='ocrx_word' id='word_1_562' title='bbox 556 4285 838 4356; x_wconf 88' lang='lat' dir='ltr'><strong>gesserint.</strong></span> <span class='ocrx_word' id='word_1_563' title='bbox 871 4285 1029 4341; x_wconf 86' lang='lat' dir='ltr'><strong>Modo</strong></span> <span class='ocrx_word' id='word_1_564' title='bbox 1055 4301 1288 4358; x_wconf 90' lang='lat' dir='ltr'><strong>namque</strong></span> <span class='ocrx_word' id='word_1_565' title='bbox 1313 4289 1402 4358; x_wconf 93' lang='lat' dir='ltr'><strong>qui</strong></span> <span class='ocrx_word' id='word_1_566' title='bbox 1434 4290 1718 4358; x_wconf 66' lang='lat' dir='ltr'><strong>praesentia</strong></span> <span class='ocrx_word' id='word_1_567' title='bbox 1749 4298 1837 4345; x_wconf 92' lang='lat' dir='ltr'><strong>tua</strong></span> <span class='ocrx_word' id='word_1_568' title='bbox 1880 4306 1940 4346; x_wconf 89' lang='lat' dir='ltr'><strong>se</strong></span> <span class='ocrx_word' id='word_1_569' title='bbox 1981 4291 2152 4346; x_wconf 89' lang='lat' dir='ltr'><strong>conti-</strong></span> 
     </span>
    </p>
   </div>
   <div class='ocr_carea' id='block_1_74' title="bbox 555 4381 2151 4452">
    <p class='ocr_par' dir='ltr' id='par_1_74' title="bbox 555 4381 2151 4452">
     <span class='ocr_line' id='line_1_74' title="bbox 555 4381 2151 4452; baseline 0.003 -19"><span class='ocrx_word' id='word_1_570' title='bbox 555 4387 684 4433; x_wconf 88' lang='lat' dir='ltr'><strong>nent</strong></span> <span class='ocrx_word' id='word_1_571' title='bbox 706 4418 722 4443; x_wconf 93' lang='lat'><strong>,</strong></span> <span class='ocrx_word' id='word_1_572' title='bbox 754 4386 962 4434; x_wconf 90' lang='lat' dir='ltr'><strong>tuarum</strong></span> <span class='ocrx_word' id='word_1_573' title='bbox 995 4388 1282 4449; x_wconf 89' lang='lat' dir='ltr'><strong>sequentes</strong></span> <span class='ocrx_word' id='word_1_574' title='bbox 1311 4381 1556 4452; x_wconf 90' lang='lat' dir='ltr'><strong>exempla</strong></span> <span class='ocrx_word' id='word_1_575' title='bbox 1589 4382 1844 4438; x_wconf 91' lang='lat' dir='ltr'><strong>virtutum</strong></span> <span class='ocrx_word' id='word_1_576' title='bbox 1868 4425 1884 4451; x_wconf 91' lang='lat'><strong>,</strong></span> <span class='ocrx_word' id='word_1_577' title='bbox 1916 4385 2151 4440; x_wconf 76' lang='lat' dir='ltr'><strong>maxima</strong></span> 
     </span>
    </p>
   </div>
   <div class='ocr_carea' id='block_1_75' title="bbox 556 4471 2152 4547">
    <p class='ocr_par' dir='ltr' id='par_1_75' title="bbox 556 4471 2152 4547">
     <span class='ocr_line' id='line_1_75' title="bbox 556 4471 2152 4547; baseline 0.006 -22"><span class='ocrx_word' id='word_1_578' title='bbox 556 4471 737 4541; x_wconf 79' lang='lat' dir='ltr'><strong>gratiae</strong></span> <span class='ocrx_word' id='word_1_579' title='bbox 770 4471 892 4528; x_wconf 91' lang='lat' dir='ltr'><strong>luce</strong></span> <span class='ocrx_word' id='word_1_580' title='bbox 922 4473 1294 4544; x_wconf 81' lang='lat' dir='ltr'><strong>resplendent;</strong></span> <span class='ocrx_word' id='word_1_581' title='bbox 1330 4484 1451 4544; x_wconf 91' lang='lat' dir='ltr'><strong>post</strong></span> <span class='ocrx_word' id='word_1_582' title='bbox 1489 4484 1541 4531; x_wconf 91' lang='lat' dir='ltr'><strong>te</strong></span> <span class='ocrx_word' id='word_1_583' title='bbox 1574 4491 1722 4542; x_wconf 92' lang='lat' dir='ltr'><strong>vero,</strong></span> <span class='ocrx_word' id='word_1_584' title='bbox 1751 4476 1840 4547; x_wconf 90' lang='lat' dir='ltr'><strong>qui</strong></span> <span class='ocrx_word' id='word_1_585' title='bbox 1889 4476 1941 4532; x_wconf 95' lang='lat' dir='ltr'><strong>in</strong></span> <span class='ocrx_word' id='word_1_586' title='bbox 1993 4477 2152 4547; x_wconf 89' lang='lat' dir='ltr'><strong>hujus</strong></span> 
     </span>
    </p>
   </div>
   <div class='ocr_carea' id='block_1_76' title="bbox 558 4563 2153 4639">
    <p class='ocr_par' dir='ltr' id='par_1_76' title="bbox 558 4563 2153 4639">
     <span class='ocr_line' id='line_1_76' title="bbox 558 4563 2153 4639; baseline 0.004 -22"><span class='ocrx_word' id='word_1_587' title='bbox 558 4563 741 4618; x_wconf 70' lang='lat' dir='ltr'><strong>smculi</strong></span> <span class='ocrx_word' id='word_1_588' title='bbox 769 4563 996 4633; x_wconf 91' lang='lat' dir='ltr'><strong>caligine</strong></span> <span class='ocrx_word' id='word_1_589' title='bbox 1026 4563 1226 4620; x_wconf 87' lang='lat' dir='ltr'><strong>fuerint</strong></span> <span class='ocrx_word' id='word_1_590' title='bbox 1253 4567 1542 4634; x_wconf 88' lang='lat' dir='ltr'><strong>immorati,</strong></span> <span class='ocrx_word' id='word_1_591' title='bbox 1576 4568 1700 4637; x_wconf 90' lang='lat' dir='ltr'><strong>quia</strong></span> <span class='ocrx_word' id='word_1_592' title='bbox 1743 4571 2038 4639; x_wconf 87' lang='lat' dir='ltr'><strong>prudenter</strong></span> <span class='ocrx_word' id='word_1_593' title='bbox 2068 4570 2153 4624; x_wconf 91' lang='lat' dir='ltr'><strong>in-</strong></span> 
     </span>
    </p>
   </div>
   <div class='ocr_carea' id='block_1_77' title="bbox 2258 3348 3850 3422">
    <p class='ocr_par' dir='ltr' id='par_1_77' title="bbox 2258 3348 3850 3422">
     <span class='ocr_line' id='line_1_77' title="bbox 2258 3348 3850 3422; baseline -0.005 -13"><span class='ocrx_word' id='word_1_594' title='bbox 2258 3363 2385 3409; x_wconf 81' lang='lat' dir='ltr'><strong>tunc</strong></span> <span class='ocrx_word' id='word_1_595' title='bbox 2448 3353 2782 3410; x_wconf 88' lang='lat' dir='ltr'><strong>inveniamur</strong></span> <span class='ocrx_word' id='word_1_596' title='bbox 2849 3363 3058 3422; x_wconf 91' lang='lat' dir='ltr'><strong>tempus</strong></span> <span class='ocrx_word' id='word_1_597' title='bbox 3121 3348 3452 3420; x_wconf 64' lang='lat' dir='ltr'><strong>paenitentiae</strong></span> <span class='ocrx_word' id='word_1_598' title='bbox 3512 3360 3850 3413; x_wconf 82' lang='lat' dir='ltr'><strong>exposcere,</strong></span> 
     </span>
    </p>
   </div>
   <div class='ocr_carea' id='block_1_78' title="bbox 2257 3439 3853 3519">
    <p class='ocr_par' dir='ltr' id='par_1_78' title="bbox 2257 3439 3853 3519">
     <span class='ocr_line' id='line_1_78' title="bbox 2257 3439 3853 3519; baseline -0.006 -16"><span class='ocrx_word' id='word_1_599' title='bbox 2257 3449 2471 3519; x_wconf 89' lang='lat' dir='ltr'><strong>quando</strong></span> <span class='ocrx_word' id='word_1_600' title='bbox 2514 3448 2626 3519; x_wconf 88' lang='lat' dir='ltr'><strong>jam</strong></span> <span class='ocrx_word' id='word_1_601' title='bbox 2674 3446 2919 3515; x_wconf 90' lang='lat' dir='ltr'><strong>accipere</strong></span> <span class='ocrx_word' id='word_1_602' title='bbox 2967 3459 3072 3500; x_wconf 91' lang='lat' dir='ltr'><strong>non</strong></span> <span class='ocrx_word' id='word_1_603' title='bbox 3123 3458 3415 3499; x_wconf 91' lang='lat' dir='ltr'><strong>meremur.</strong></span> <span class='ocrx_word' id='word_1_604' title='bbox 3465 3441 3519 3495; x_wconf 89' lang='lat' dir='ltr'><strong>In</strong></span> <span class='ocrx_word' id='word_1_605' title='bbox 3569 3443 3669 3494; x_wconf 81' lang='lat' dir='ltr'><strong>hac.</strong></span> <span class='ocrx_word' id='word_1_606' title='bbox 3711 3439 3853 3495; x_wconf 90' lang='lat' dir='ltr'><strong>enim</strong></span> 
     </span>
    </p>
   </div>
   <div class='ocr_carea' id='block_1_79' title="bbox 2256 3533 3854 3612">
    <p class='ocr_par' dir='ltr' id='par_1_79' title="bbox 2256 3533 3854 3612">
     <span class='ocr_line' id='line_1_79' title="bbox 2256 3533 3854 3612; baseline -0.006 -15"><span class='ocrx_word' id='word_1_607' title='bbox 2256 3543 2363 3597; x_wconf 83' lang='lat' dir='ltr'><strong>vita</strong></span> <span class='ocrx_word' id='word_1_608' title='bbox 2395 3543 2552 3598; x_wconf 92' lang='lat' dir='ltr'><strong>nobis</strong></span> <span class='ocrx_word' id='word_1_609' title='bbox 2583 3551 2800 3612; x_wconf 87' lang='lat' dir='ltr'><strong>peccata</strong></span> <span class='ocrx_word' id='word_1_610' title='bbox 2830 3539 3030 3596; x_wconf 85' lang='lat' dir='ltr'><strong>deﬂere</strong></span> <span class='ocrx_word' id='word_1_611' title='bbox 3055 3539 3374 3609; x_wconf 88' lang='lat' dir='ltr'><strong>permissum</strong></span> <span class='ocrx_word' id='word_1_612' title='bbox 3406 3544 3522 3601; x_wconf 88' lang='lat' dir='ltr'><strong>est;</strong></span> <span class='ocrx_word' id='word_1_613' title='bbox 3557 3535 3608 3589; x_wconf 91' lang='lat' dir='ltr'><strong>in</strong></span> <span class='ocrx_word' id='word_1_614' title='bbox 3639 3533 3854 3588; x_wconf 88' lang='lat' dir='ltr'><strong>inferno</strong></span> 
     </span>
    </p>
   </div>
   <div class='ocr_carea' id='block_1_80' title="bbox 2255 3625 3848 3702">
    <p class='ocr_par' dir='ltr' id='par_1_80' title="bbox 2255 3625 3848 3702">
     <span class='ocr_line' id='line_1_80' title="bbox 2255 3625 3848 3702; baseline -0.006 -12"><span class='ocrx_word' id='word_1_615' title='bbox 2255 3645 2466 3702; x_wconf 88' lang='lat' dir='ltr'><strong>autem,</strong></span> <span class='ocrx_word' id='word_1_616' title='bbox 2520 3636 2664 3690; x_wconf 92' lang='lat' dir='ltr'><strong>sicut</strong></span> <span class='ocrx_word' id='word_1_617' title='bbox 2715 3650 2746 3687; x_wconf 90' lang='lat' dir='ltr'><strong>a</strong></span> <span class='ocrx_word' id='word_1_618' title='bbox 2787 3643 2972 3688; x_wconf 89' lang='lat' dir='ltr'><strong>sancto</strong></span> <span class='ocrx_word' id='word_1_619' title='bbox 3015 3631 3180 3685; x_wconf 90' lang='lat' dir='ltr'><strong>David</strong></span> <span class='ocrx_word' id='word_1_620' title='bbox 3234 3629 3491 3697; x_wconf 89' lang='lat' dir='ltr'><strong>propheta</strong></span> <span class='ocrx_word' id='word_1_621' title='bbox 3542 3625 3848 3689; x_wconf 87' lang='lat' dir='ltr'><strong>didicimus,</strong></span> 
     </span>
    </p>
   </div>
   <div class='ocr_carea' id='block_1_81' title="bbox 2257 3717 3853 3798">
    <p class='ocr_par' dir='ltr' id='par_1_81' title="bbox 2257 3717 3853 3798">
     <span class='ocr_line' id='line_1_81' title="bbox 2257 3717 3853 3798; baseline -0.004 -20"><span class='ocrx_word' id='word_1_622' title='bbox 2257 3728 2377 3798; x_wconf 88' lang='lat' dir='ltr'><strong>quis</strong></span> <span class='ocrx_word' id='word_1_623' title='bbox 2425 3725 2771 3782; x_wconf 84' lang='lat' dir='ltr'><strong>confitebitur</strong></span> <span class='ocrx_word' id='word_1_624' title='bbox 2801 3726 2911 3781; x_wconf 93' lang='lat' dir='ltr'><strong>Deo</strong></span> <span class='ocrx_word' id='word_1_625' title='bbox 2947 3723 3125 3788; x_wconf 82' lang='lat' dir='ltr'><strong>(Psal.</strong></span> <span class='ocrx_word' id='word_1_626' title='bbox 3156 3721 3274 3790; x_wconf 88' lang='lat' dir='ltr'><strong>vt)?</strong></span> <span class='ocrx_word' id='word_1_627' title='bbox 3322 3719 3491 3774; x_wconf 84' lang='lat' dir='ltr'><strong>Nimis</strong></span> <span class='ocrx_word' id='word_1_628' title='bbox 3537 3719 3714 3772; x_wconf 88' lang='lat' dir='ltr'><strong>anima</strong></span> <span class='ocrx_word' id='word_1_629' title='bbox 3763 3717 3853 3772; x_wconf 89' lang='lat' dir='ltr'><strong>illa</strong></span> 
     </span>
    </p>
   </div>
   <div class='ocr_carea' id='block_1_82' title="bbox 2261 3810 3851 3892">
    <p class='ocr_par' dir='ltr' id='par_1_82' title="bbox 2261 3810 3851 3892">
     <span class='ocr_line' id='line_1_82' title="bbox 2261 3810 3851 3892; baseline -0.01 -16"><span class='ocrx_word' id='word_1_630' title='bbox 2261 3822 2518 3892; x_wconf 88' lang='lat' dir='ltr'><strong>probatur</strong></span> <span class='ocrx_word' id='word_1_631' title='bbox 2566 3819 2769 3884; x_wconf 82' lang='lat' dir='ltr'><strong>infelix,</strong></span> <span class='ocrx_word' id='word_1_632' title='bbox 2814 3828 2868 3874; x_wconf 89' lang='lat' dir='ltr'><strong>et</strong></span> <span class='ocrx_word' id='word_1_633' title='bbox 2906 3817 3052 3872; x_wconf 90' lang='lat' dir='ltr'><strong>omni</strong></span> <span class='ocrx_word' id='word_1_634' title='bbox 3106 3816 3461 3884; x_wconf 78' lang='lat' dir='ltr'><strong>lacrymarum</strong></span> <span class='ocrx_word' id='word_1_635' title='bbox 3503 3810 3648 3865; x_wconf 86' lang='lat' dir='ltr'><strong>fonte</strong></span> <span class='ocrx_word' id='word_1_636' title='bbox 3699 3811 3851 3878; x_wconf 89' lang='lat' dir='ltr'><strong>plau-</strong></span> 
     </span>
    </p>
   </div>
   <div class='ocr_carea' id='block_1_83' title="bbox 2255 3902 3851 3984">
    <p class='ocr_par' dir='ltr' id='par_1_83' title="bbox 2255 3902 3851 3984">
     <span class='ocr_line' id='line_1_83' title="bbox 2255 3902 3851 3984; baseline -0.01 -15"><span class='ocrx_word' id='word_1_637' title='bbox 2255 3914 2451 3984; x_wconf 90' lang='lat' dir='ltr'><strong>genda,</strong></span> <span class='ocrx_word' id='word_1_638' title='bbox 2482 3928 2600 3983; x_wconf 64' lang='lat' dir='ltr'><strong>quae</strong></span> <span class='ocrx_word' id='word_1_639' title='bbox 2645 3911 2842 3967; x_wconf 71' lang='lat' dir='ltr'><strong>szeculo</strong></span> <span class='ocrx_word' id='word_1_640' title='bbox 2890 3910 3220 3971; x_wconf 87' lang='lat' dir='ltr'><strong>reuuntians,</strong></span> <span class='ocrx_word' id='word_1_641' title='bbox 3259 3907 3454 3961; x_wconf 90' lang='lat' dir='ltr'><strong>iterum</strong></span> <span class='ocrx_word' id='word_1_642' title='bbox 3503 3903 3686 3958; x_wconf 66' lang='lat' dir='ltr'><strong>saeculi</strong></span> <span class='ocrx_word' id='word_1_643' title='bbox 3719 3902 3851 3956; x_wconf 86' lang='lat' dir='ltr'><strong>acti-</strong></span> 
     </span>
    </p>
   </div>
   <div class='ocr_carea' id='block_1_84' title="bbox 2257 4000 3852 4075">
    <p class='ocr_par' dir='ltr' id='par_1_84' title="bbox 2257 4000 3852 4075">
     <span class='ocr_line' id='line_1_84' title="bbox 2257 4000 3852 4075; baseline -0.008 -13"><span class='ocrx_word' id='word_1_644' title='bbox 2257 4007 2357 4062; x_wconf 89' lang='lat' dir='ltr'><strong>bus</strong></span> <span class='ocrx_word' id='word_1_645' title='bbox 2405 4007 2734 4075; x_wconf 88' lang='lat' dir='ltr'><strong>implicatur,</strong></span> <span class='ocrx_word' id='word_1_646' title='bbox 2789 4011 2842 4058; x_wconf 92' lang='lat' dir='ltr'><strong>et</strong></span> <span class='ocrx_word' id='word_1_647' title='bbox 2896 4003 3172 4059; x_wconf 90' lang='lat' dir='ltr'><strong>inutilibus</strong></span> <span class='ocrx_word' id='word_1_648' title='bbox 3219 4003 3420 4058; x_wconf 87' lang='lat' dir='ltr'><strong>dudum</strong></span> <span class='ocrx_word' id='word_1_649' title='bbox 3469 4000 3614 4056; x_wconf 88' lang='lat' dir='ltr'><strong>curis</strong></span> <span class='ocrx_word' id='word_1_650' title='bbox 3665 4007 3852 4062; x_wconf 84' lang='lat' dir='ltr'><strong>exuta,</strong></span> 
     </span>
    </p>
   </div>
   <div class='ocr_carea' id='block_1_85' title="bbox 2256 4091 3851 4163">
    <p class='ocr_par' dir='ltr' id='par_1_85' title="bbox 2256 4091 3851 4163">
     <span class='ocr_line' id='line_1_85' title="bbox 2256 4091 3851 4163; baseline -0.006 -9"><span class='ocrx_word' id='word_1_651' title='bbox 2256 4115 2470 4156; x_wconf 87' lang='lat' dir='ltr'><strong>rursum</strong></span> <span class='ocrx_word' id='word_1_652' title='bbox 2500 4099 2644 4155; x_wconf 89' lang='lat' dir='ltr'><strong>redit</strong></span> <span class='ocrx_word' id='word_1_653' title='bbox 2682 4098 2747 4152; x_wconf 91' lang='lat' dir='ltr'><strong>ad</strong></span> <span class='ocrx_word' id='word_1_654' title='bbox 2787 4099 2934 4152; x_wconf 69' lang='lat' dir='ltr'><strong>durae</strong></span> <span class='ocrx_word' id='word_1_655' title='bbox 2979 4097 3256 4153; x_wconf 86' lang='lat' dir='ltr'><strong>servitutis</strong></span> <span class='ocrx_word' id='word_1_656' title='bbox 3302 4095 3576 4163; x_wconf 91' lang='lat' dir='ltr'><strong>obsequia.</strong></span> <span class='ocrx_word' id='word_1_657' title='bbox 3613 4092 3676 4146; x_wconf 86' lang='lat' dir='ltr'><strong>Et</strong></span> <span class='ocrx_word' id='word_1_658' title='bbox 3705 4091 3851 4157; x_wconf 84' lang='lat' dir='ltr'><strong>ideo,</strong></span> 
     </span>
    </p>
   </div>
   <div class='ocr_carea' id='block_1_86' title="bbox 2256 4185 3852 4255">
    <p class='ocr_par' dir='ltr' id='par_1_86' title="bbox 2256 4185 3852 4255">
     <span class='ocr_line' id='line_1_86' title="bbox 2256 4185 3852 4255; baseline -0.009 -7"><span class='ocrx_word' id='word_1_659' title='bbox 2256 4193 2558 4248; x_wconf 90' lang='lat' dir='ltr'><strong>charissimi</strong></span> <span class='ocrx_word' id='word_1_660' title='bbox 2601 4191 2828 4255; x_wconf 88' lang='lat' dir='ltr'><strong>fratres,</strong></span> <span class='ocrx_word' id='word_1_661' title='bbox 2862 4189 2930 4244; x_wconf 85' lang='lat' dir='ltr'><strong>ab</strong></span> <span class='ocrx_word' id='word_1_662' title='bbox 2961 4190 3064 4244; x_wconf 89' lang='lat' dir='ltr'><strong>hoc</strong></span> <span class='ocrx_word' id='word_1_663' title='bbox 3095 4187 3331 4243; x_wconf 91' lang='lat' dir='ltr'><strong>instabili</strong></span> <span class='ocrx_word' id='word_1_664' title='bbox 3375 4185 3596 4249; x_wconf 89' lang='lat' dir='ltr'><strong>mundo,</strong></span> <span class='ocrx_word' id='word_1_665' title='bbox 3637 4194 3691 4236; x_wconf 88' lang='lat' dir='ltr'><strong>et</strong></span> <span class='ocrx_word' id='word_1_666' title='bbox 3735 4191 3852 4251; x_wconf 90' lang='lat' dir='ltr'><strong>post</strong></span> 
     </span>
    </p>
   </div>
   <div class='ocr_carea' id='block_1_87' title="bbox 2257 4273 3851 4356">
    <p class='ocr_par' dir='ltr' id='par_1_87' title="bbox 2257 4273 3851 4356">
     <span class='ocr_line' id='line_1_87' title="bbox 2257 4273 3851 4356; baseline -0.011 -15"><span class='ocrx_word' id='word_1_667' title='bbox 2257 4285 2528 4356; x_wconf 87' lang='lat' dir='ltr'><strong>paululum</strong></span> <span class='ocrx_word' id='word_1_668' title='bbox 2569 4283 2898 4346; x_wconf 81' lang='lat' dir='ltr'><strong>transiture,</strong></span> <span class='ocrx_word' id='word_1_669' title='bbox 2940 4289 3256 4351; x_wconf 87' lang='lat' dir='ltr'><strong>perpetuam</strong></span> <span class='ocrx_word' id='word_1_670' title='bbox 3318 4277 3637 4345; x_wconf 86' lang='lat' dir='ltr'><strong>beatamque</strong></span> <span class='ocrx_word' id='word_1_671' title='bbox 3689 4273 3851 4326; x_wconf 88' lang='lat' dir='ltr'><strong>vitam</strong></span> 
     </span>
    </p>
   </div>
   <div class='ocr_carea' id='block_1_88' title="bbox 2257 4371 3850 4446">
    <p class='ocr_par' dir='ltr' id='par_1_88' title="bbox 2257 4371 3850 4446">
     <span class='ocr_line' id='line_1_88' title="bbox 2257 4371 3850 4446; baseline -0.01 -14"><span class='ocrx_word' id='word_1_672' title='bbox 2257 4378 2413 4432; x_wconf 92' lang='lat' dir='ltr'><strong>nobis</strong></span> <span class='ocrx_word' id='word_1_673' title='bbox 2444 4392 2548 4431; x_wconf 93' lang='lat' dir='ltr'><strong>non</strong></span> <span class='ocrx_word' id='word_1_674' title='bbox 2581 4377 2850 4446; x_wconf 87' lang='lat' dir='ltr'><strong>patiamur</strong></span> <span class='ocrx_word' id='word_1_675' title='bbox 2885 4373 3109 4428; x_wconf 91' lang='lat' dir='ltr'><strong>auferri.</strong></span> <span class='ocrx_word' id='word_1_676' title='bbox 3142 4371 3349 4426; x_wconf 79' lang='lat' dir='ltr'><strong>Vereor</strong></span> <span class='ocrx_word' id='word_1_677' title='bbox 3392 4379 3592 4429; x_wconf 88' lang='lat' dir='ltr'><strong>autem,</strong></span> <span class='ocrx_word' id='word_1_678' title='bbox 3625 4376 3678 4420; x_wconf 92' lang='lat' dir='ltr'><strong>et</strong></span> <span class='ocrx_word' id='word_1_679' title='bbox 3711 4374 3850 4418; x_wconf 90' lang='lat' dir='ltr'><strong>totus</strong></span> 
     </span>
    </p>
   </div>
   <div class='ocr_carea' id='block_1_89' title="bbox 2259 4459 3846 4542">
    <p class='ocr_par' dir='ltr' id='par_1_89' title="bbox 2259 4459 3846 4542">
     <span class='ocr_line' id='line_1_89' title="bbox 2259 4459 3846 4542; baseline -0.009 -17"><span class='ocrx_word' id='word_1_680' title='bbox 2259 4471 2470 4542; x_wconf 90' lang='lat' dir='ltr'><strong>penitus</strong></span> <span class='ocrx_word' id='word_1_681' title='bbox 2518 4468 2849 4534; x_wconf 86' lang='lat' dir='ltr'><strong>intremisco,</strong></span> <span class='ocrx_word' id='word_1_682' title='bbox 2898 4483 2964 4522; x_wconf 93' lang='lat' dir='ltr'><strong>ne</strong></span> <span class='ocrx_word' id='word_1_683' title='bbox 3005 4467 3183 4522; x_wconf 90' lang='lat' dir='ltr'><strong>carnis</strong></span> <span class='ocrx_word' id='word_1_684' title='bbox 3219 4472 3417 4520; x_wconf 75' lang='lat' dir='ltr'><strong>nostra:</strong></span> <span class='ocrx_word' id='word_1_685' title='bbox 3466 4469 3714 4531; x_wconf 86' lang='lat' dir='ltr'><strong>parentes</strong></span> <span class='ocrx_word' id='word_1_686' title='bbox 3766 4459 3846 4512; x_wconf 89' lang='lat' dir='ltr'><strong>usi</strong></span> 
     </span>
    </p>
   </div>
   <div class='ocr_carea' id='block_1_90' title="bbox 2255 4551 3852 4629">
    <p class='ocr_par' dir='ltr' id='par_1_90' title="bbox 2255 4551 3852 4629">
     <span class='ocr_line' id='line_1_90' title="bbox 2255 4551 3852 4629; baseline -0.011 -10"><span class='ocrx_word' id='word_1_687' title='bbox 2255 4565 2439 4619; x_wconf 67' lang='lat' dir='ltr'><strong>saaculi</strong></span> <span class='ocrx_word' id='word_1_688' title='bbox 2487 4563 2670 4625; x_wconf 92' lang='lat' dir='ltr'><strong>rebus,</strong></span> <span class='ocrx_word' id='word_1_689' title='bbox 2712 4570 2765 4616; x_wconf 92' lang='lat' dir='ltr'><strong>et</strong></span> <span class='ocrx_word' id='word_1_690' title='bbox 2811 4559 2933 4614; x_wconf 73' lang='lat' dir='ltr'><strong>vita:</strong></span> <span class='ocrx_word' id='word_1_691' title='bbox 2970 4558 3252 4629; x_wconf 70' lang='lat' dir='ltr'><strong>praesentis</strong></span> <span class='ocrx_word' id='word_1_692' title='bbox 3295 4555 3537 4622; x_wconf 88' lang='lat' dir='ltr'><strong>occupati</strong></span> <span class='ocrx_word' id='word_1_693' title='bbox 3592 4551 3852 4620; x_wconf 87' lang='lat' dir='ltr'><strong>negotiis,</strong></span> 
     </span>
    </p>
   </div>
   <div class='ocr_carea' id='block_1_91' title="bbox 559 4640 3853 4736">
    <p class='ocr_par' dir='ltr' id='par_1_91' title="bbox 559 4640 3853 4736">
     <span class='ocr_line' id='line_1_91' title="bbox 559 4640 3853 4736; baseline -0.003 -27"><span class='ocrx_word' id='word_1_694' title='bbox 559 4654 798 4723; x_wconf 78' lang='lat' dir='ltr'><strong>telligent</strong></span> <span class='ocrx_word' id='word_1_695' title='bbox 824 4671 942 4727; x_wconf 71' lang='lat' dir='ltr'><strong>qua:</strong></span> <span class='ocrx_word' id='word_1_696' title='bbox 969 4659 1198 4727; x_wconf 90' lang='lat' dir='ltr'><strong>petenda</strong></span> <span class='ocrx_word' id='word_1_697' title='bbox 1230 4671 1376 4726; x_wconf 88' lang='lat' dir='ltr'><strong>sunt,</strong></span> <span class='ocrx_word' id='word_1_698' title='bbox 1406 4678 1594 4731; x_wconf 70' lang='lat' dir='ltr'><strong>quaave</strong></span> <span class='ocrx_word' id='word_1_699' title='bbox 1619 4663 1890 4733; x_wconf 86' lang='lat' dir='ltr'><strong>fugienda,</strong></span> <span class='ocrx_word' id='word_1_700' title='bbox 1914 4674 1969 4719; x_wconf 90' lang='lat' dir='ltr'><strong>et</strong></span> <span class='ocrx_word' id='word_1_701' title='bbox 1990 4680 2151 4736; x_wconf 89' lang='lat' dir='ltr'><strong>spon-</strong></span> <span class='ocrx_word' id='word_1_702' title='bbox 2177 4650 2231 4712; x_wconf 84' lang='lat' dir='ltr'><strong>D</strong></span> <span class='ocrx_word' id='word_1_703' title='bbox 2257 4660 2347 4729; x_wconf 90' lang='lat' dir='ltr'><strong>qui</strong></span> <span class='ocrx_word' id='word_1_704' title='bbox 2383 4657 2638 4729; x_wconf 87' lang='lat' dir='ltr'><strong>putabant</strong></span> <span class='ocrx_word' id='word_1_705' title='bbox 2668 4671 2766 4710; x_wconf 89' lang='lat' dir='ltr'><strong>nos</strong></span> <span class='ocrx_word' id='word_1_706' title='bbox 2795 4654 3104 4709; x_wconf 89' lang='lat' dir='ltr'><strong>deseruisse</strong></span> <span class='ocrx_word' id='word_1_707' title='bbox 3134 4650 3312 4705; x_wconf 92' lang='lat' dir='ltr'><strong>tuundi</strong></span> <span class='ocrx_word' id='word_1_708' title='bbox 3341 4649 3502 4711; x_wconf 78' lang='lat' dir='ltr'><strong>mala.</strong></span> <span class='ocrx_word' id='word_1_709' title='bbox 3533 4654 3589 4700; x_wconf 93' lang='lat' dir='ltr'><strong>et</strong></span> <span class='ocrx_word' id='word_1_710' title='bbox 3628 4645 3696 4699; x_wconf 90' lang='lat' dir='ltr'><strong>ab</strong></span> <span class='ocrx_word' id='word_1_711' title='bbox 3728 4640 3853 4698; x_wconf 88' lang='lat' dir='ltr'><strong>hinc</strong></span> 
     </span>
    </p>
   </div>
   <div class='ocr_carea' id='block_1_92' title="bbox 559 4748 2153 4826">
    <p class='ocr_par' dir='ltr' id='par_1_92' title="bbox 559 4748 2153 4826">
     <span class='ocr_line' id='line_1_92' title="bbox 559 4748 2153 4826; baseline 0.006 -23"><span class='ocrx_word' id='word_1_712' title='bbox 559 4755 717 4804; x_wconf 90' lang='lat' dir='ltr'><strong>tanea</strong></span> <span class='ocrx_word' id='word_1_713' title='bbox 739 4748 1016 4804; x_wconf 88' lang='lat' dir='ltr'><strong>voluntate</strong></span> <span class='ocrx_word' id='word_1_714' title='bbox 1046 4750 1194 4807; x_wconf 92' lang='lat' dir='ltr'><strong>nullo</strong></span> <span class='ocrx_word' id='word_1_715' title='bbox 1223 4752 1530 4809; x_wconf 90' lang='lat' dir='ltr'><strong>humanitus</strong></span> <span class='ocrx_word' id='word_1_716' title='bbox 1555 4764 1763 4810; x_wconf 86' lang='lat' dir='ltr'><strong>utentes</strong></span> <span class='ocrx_word' id='word_1_717' title='bbox 1786 4757 2056 4826; x_wconf 86' lang='lat' dir='ltr'><strong>exemplo,</strong></span> <span class='ocrx_word' id='word_1_718' title='bbox 2085 4757 2153 4813; x_wconf 92' lang='lat' dir='ltr'><strong>de</strong></span> 
     </span>
    </p>
   </div>
   <div class='ocr_carea' id='block_1_93' title="bbox 560 4841 2152 4918">
    <p class='ocr_par' dir='ltr' id='par_1_93' title="bbox 560 4841 2152 4918">
     <span class='ocr_line' id='line_1_93' title="bbox 560 4841 2152 4918; baseline 0.006 -22"><span class='ocrx_word' id='word_1_719' title='bbox 560 4842 725 4896; x_wconf 89' lang='lat' dir='ltr'><strong>tantis</strong></span> <span class='ocrx_word' id='word_1_720' title='bbox 757 4841 1060 4898; x_wconf 89' lang='lat' dir='ltr'><strong>exsilierint</strong></span> <span class='ocrx_word' id='word_1_721' title='bbox 1105 4846 1364 4914; x_wconf 88' lang='lat' dir='ltr'><strong>tenebris,</strong></span> <span class='ocrx_word' id='word_1_722' title='bbox 1393 4863 1716 4918; x_wconf 91' lang='lat' dir='ltr'><strong>omnemque</strong></span> <span class='ocrx_word' id='word_1_723' title='bbox 1741 4847 2002 4918; x_wconf 86' lang='lat' dir='ltr'><strong>justitiam</strong></span> <span class='ocrx_word' id='word_1_724' title='bbox 2033 4865 2152 4905; x_wconf 91' lang='lat' dir='ltr'><strong>ser-</strong></span> 
     </span>
    </p>
   </div>
   <div class='ocr_carea' id='block_1_94' title="bbox 558 4937 2150 5006">
    <p class='ocr_par' dir='ltr' id='par_1_94' title="bbox 558 4937 2150 5006">
     <span class='ocr_line' id='line_1_94' title="bbox 558 4937 2150 5006; baseline 0.004 -16"><span class='ocrx_word' id='word_1_725' title='bbox 558 4946 771 5002; x_wconf 83' lang='lat' dir='ltr'><strong>vantes,</strong></span> <span class='ocrx_word' id='word_1_726' title='bbox 801 4945 1058 4992; x_wconf 74' lang='lat' dir='ltr'><strong>teternam</strong></span> <span class='ocrx_word' id='word_1_727' title='bbox 1087 4937 1248 4993; x_wconf 89' lang='lat' dir='ltr'><strong>vitam</strong></span> <span class='ocrx_word' id='word_1_728' title='bbox 1282 4948 1396 4995; x_wconf 91' lang='lat' dir='ltr'><strong>toto</strong></span> <span class='ocrx_word' id='word_1_729' title='bbox 1440 4941 1604 4996; x_wconf 93' lang='lat' dir='ltr'><strong>corde</strong></span> <span class='ocrx_word' id='word_1_730' title='bbox 1649 4941 1964 5006; x_wconf 86' lang='lat' dir='ltr'><strong>dilexerint;</strong></span> <span class='ocrx_word' id='word_1_731' title='bbox 1992 4958 2150 4998; x_wconf 90' lang='lat' dir='ltr'><strong>amen</strong></span> 
     </span>
    </p>
   </div>
   <div class='ocr_carea' id='block_1_95' title="bbox 557 5029 2154 5106">
    <p class='ocr_par' dir='ltr' id='par_1_95' title="bbox 557 5029 2154 5106">
     <span class='ocr_line' id='line_1_95' title="bbox 557 5029 2154 5106; baseline 0.004 -21"><span class='ocrx_word' id='word_1_732' title='bbox 557 5029 679 5086; x_wconf 88' lang='lat' dir='ltr'><strong>dico</strong></span> <span class='ocrx_word' id='word_1_733' title='bbox 703 5029 797 5086; x_wconf 91' lang='lat' dir='ltr'><strong>tibi</strong></span> <span class='ocrx_word' id='word_1_734' title='bbox 821 5031 944 5099; x_wconf 86' lang='lat' dir='ltr'><strong>quia</strong></span> <span class='ocrx_word' id='word_1_735' title='bbox 965 5046 1088 5087; x_wconf 92' lang='lat' dir='ltr'><strong>cum</strong></span> <span class='ocrx_word' id='word_1_736' title='bbox 1119 5033 1235 5090; x_wconf 89' lang='lat' dir='ltr'><strong>istis</strong></span> <span class='ocrx_word' id='word_1_737' title='bbox 1254 5044 1412 5090; x_wconf 89' lang='lat' dir='ltr'><strong>erunt</strong></span> <span class='ocrx_word' id='word_1_738' title='bbox 1438 5035 1527 5106; x_wconf 90' lang='lat' dir='ltr'><strong>qui</strong></span> <span class='ocrx_word' id='word_1_739' title='bbox 1555 5051 1696 5090; x_wconf 92' lang='lat' dir='ltr'><strong>nunc</strong></span> <span class='ocrx_word' id='word_1_740' title='bbox 1727 5044 1900 5092; x_wconf 90' lang='lat' dir='ltr'><strong>tecum</strong></span> <span class='ocrx_word' id='word_1_741' title='bbox 1929 5037 1982 5092; x_wconf 90' lang='lat' dir='ltr'><strong>in</strong></span> <span class='ocrx_word' id='word_1_742' title='bbox 2007 5052 2154 5092; x_wconf 89' lang='lat' dir='ltr'><strong>sum-</strong></span> 
     </span>
    </p>
   </div>
   <div class='ocr_carea' id='block_1_96' title="bbox 558 5124 2156 5200">
    <p class='ocr_par' dir='ltr' id='par_1_96' title="bbox 558 5124 2156 5200">
     <span class='ocr_line' id='line_1_96' title="bbox 558 5124 2156 5200; baseline 0.006 -22"><span class='ocrx_word' id='word_1_743' title='bbox 558 5137 643 5178; x_wconf 92' lang='lat' dir='ltr'><strong>ma</strong></span> <span class='ocrx_word' id='word_1_744' title='bbox 673 5124 1010 5181; x_wconf 89' lang='lat' dir='ltr'><strong>continentia</strong></span> <span class='ocrx_word' id='word_1_745' title='bbox 1032 5136 1088 5182; x_wconf 92' lang='lat' dir='ltr'><strong>et</strong></span> <span class='ocrx_word' id='word_1_746' title='bbox 1109 5128 1394 5185; x_wconf 86' lang='lat' dir='ltr'><strong>sanctitate</strong></span> <span class='ocrx_word' id='word_1_747' title='bbox 1423 5131 1670 5198; x_wconf 88' lang='lat' dir='ltr'><strong>praeclari</strong></span> <span class='ocrx_word' id='word_1_748' title='bbox 1701 5141 1846 5200; x_wconf 92' lang='lat' dir='ltr'><strong>sunt,</strong></span> <span class='ocrx_word' id='word_1_749' title='bbox 1879 5133 2156 5189; x_wconf 85' lang='lat' dir='ltr'><strong>eamdem-</strong></span> 
     </span>
    </p>
   </div>
   <div class='ocr_carea' id='block_1_97' title="bbox 558 5217 2156 5290">
    <p class='ocr_par' dir='ltr' id='par_1_97' title="bbox 558 5217 2156 5290">
     <span class='ocr_line' id='line_1_97' title="bbox 558 5217 2156 5290; baseline 0.006 -21"><span class='ocrx_word' id='word_1_750' title='bbox 558 5230 662 5284; x_wconf 85' lang='lat' dir='ltr'><strong>que</strong></span> <span class='ocrx_word' id='word_1_751' title='bbox 689 5217 913 5274; x_wconf 90' lang='lat' dir='ltr'><strong>salutem</strong></span> <span class='ocrx_word' id='word_1_752' title='bbox 947 5234 1010 5274; x_wconf 92' lang='lat' dir='ltr'><strong>ac</strong></span> <span class='ocrx_word' id='word_1_753' title='bbox 1049 5221 1287 5290; x_wconf 86' lang='lat' dir='ltr'><strong>requiem</strong></span> <span class='ocrx_word' id='word_1_754' title='bbox 1316 5222 1628 5277; x_wconf 89' lang='lat' dir='ltr'><strong>sortientur.</strong></span> <span class='ocrx_word' id='word_1_755' title='bbox 1665 5222 1788 5277; x_wconf 66' lang='lat' dir='ltr'><strong>llaec</strong></span> <span class='ocrx_word' id='word_1_756' title='bbox 1828 5222 2013 5279; x_wconf 84' lang='lat' dir='ltr'><strong>dicens</strong></span> <span class='ocrx_word' id='word_1_757' title='bbox 2055 5224 2156 5278; x_wconf 86' lang='lat' dir='ltr'><strong>Do-</strong></span> 
     </span>
    </p>
   </div>
   <div class='ocr_carea' id='block_1_98' title="bbox 566 5311 2154 5378">
    <p class='ocr_par' dir='ltr' id='par_1_98' title="bbox 566 5311 2154 5378">
     <span class='ocr_line' id='line_1_98' title="bbox 566 5311 2154 5378; baseline 0.004 -15"><span class='ocrx_word' id='word_1_758' title='bbox 566 5311 765 5378; x_wconf 90' lang='lat' dir='ltr'><strong>minus,</strong></span> <span class='ocrx_word' id='word_1_759' title='bbox 797 5314 1039 5370; x_wconf 89' lang='lat' dir='ltr'><strong>ascendit</strong></span> <span class='ocrx_word' id='word_1_760' title='bbox 1067 5315 1118 5370; x_wconf 91' lang='lat' dir='ltr'><strong>in</strong></span> <span class='ocrx_word' id='word_1_761' title='bbox 1158 5316 1374 5370; x_wconf 62' lang='lat' dir='ltr'><strong>caelum.</strong></span> <span class='ocrx_word' id='word_1_762' title='bbox 1407 5316 1498 5371; x_wconf 92' lang='lat' dir='ltr'><strong>Sic</strong></span> <span class='ocrx_word' id='word_1_763' title='bbox 1527 5326 1703 5370; x_wconf 91' lang='lat' dir='ltr'><strong>autem</strong></span> <span class='ocrx_word' id='word_1_764' title='bbox 1737 5315 2035 5370; x_wconf 89' lang='lat' dir='ltr'><strong>illustratus</strong></span> <span class='ocrx_word' id='word_1_765' title='bbox 2062 5330 2154 5370; x_wconf 89' lang='lat' dir='ltr'><strong>aer</strong></span> 
     </span>
    </p>
   </div>
   <div class='ocr_carea' id='block_1_99' title="bbox 558 5403 2157 5476">
    <p class='ocr_par' dir='ltr' id='par_1_99' title="bbox 558 5403 2157 5476">
     <span class='ocr_line' id='line_1_99' title="bbox 558 5403 2157 5476; baseline 0.005 -22"><span class='ocrx_word' id='word_1_766' title='bbox 558 5409 661 5466; x_wconf 91' lang='lat' dir='ltr'><strong>cst,</strong></span> <span class='ocrx_word' id='word_1_767' title='bbox 693 5411 751 5456; x_wconf 93' lang='lat' dir='ltr'><strong>ut</strong></span> <span class='ocrx_word' id='word_1_768' title='bbox 790 5403 1043 5473; x_wconf 90' lang='lat' dir='ltr'><strong>splendor</strong></span> <span class='ocrx_word' id='word_1_769' title='bbox 1070 5406 1199 5462; x_wconf 91' lang='lat' dir='ltr'><strong>lucis</strong></span> <span class='ocrx_word' id='word_1_770' title='bbox 1231 5407 1373 5461; x_wconf 92' lang='lat' dir='ltr'><strong>illius</strong></span> <span class='ocrx_word' id='word_1_771' title='bbox 1403 5421 1508 5462; x_wconf 91' lang='lat' dir='ltr'><strong>non</strong></span> <span class='ocrx_word' id='word_1_772' title='bbox 1555 5407 1725 5476; x_wconf 92' lang='lat' dir='ltr'><strong>possit</strong></span> <span class='ocrx_word' id='word_1_773' title='bbox 1768 5405 2014 5461; x_wconf 87' lang='lat' dir='ltr'><strong>humanis</strong></span> <span class='ocrx_word' id='word_1_774' title='bbox 2045 5421 2157 5462; x_wconf 88' lang='lat' dir='ltr'><strong>ser-</strong></span> 
     </span>
    </p>
   </div>
   <div class='ocr_carea' id='block_1_100' title="bbox 558 5492 1109 5564">
    <p class='ocr_par' dir='ltr' id='par_1_100' title="bbox 558 5492 1109 5564">
     <span class='ocr_line' id='line_1_100' title="bbox 558 5492 1109 5564; baseline 0.007 -16"><span class='ocrx_word' id='word_1_775' title='bbox 558 5492 806 5549; x_wconf 86' lang='lat' dir='ltr'><strong>monibus</strong></span> <span class='ocrx_word' id='word_1_776' title='bbox 835 5497 1109 5564; x_wconf 85' lang='lat' dir='ltr'><strong>explicari.</strong></span> 
     </span>
    </p>
   </div>
   <div class='ocr_carea' id='block_1_101' title="bbox 630 5584 2150 5657">
    <p class='ocr_par' dir='ltr' id='par_1_101' title="bbox 630 5584 2150 5657">
     <span class='ocr_line' id='line_1_101' title="bbox 630 5584 2150 5657; baseline 0.004 -15"><span class='ocrx_word' id='word_1_777' title='bbox 630 5584 762 5644; x_wconf 77' lang='lat' dir='ltr'><strong>CAP.</strong></span> <span class='ocrx_word' id='word_1_778' title='bbox 802 5587 984 5644; x_wconf 78' lang='lat' dir='ltr'><strong>XLVI.</strong></span> <span class='ocrx_word' id='word_1_779' title='bbox 1011 5619 1082 5631; x_wconf 94' lang='lat'><strong>—</strong></span> <span class='ocrx_word' id='word_1_780' title='bbox 1101 5590 1254 5646; x_wconf 85' lang='lat' dir='ltr'><strong>Tunc</strong></span> <span class='ocrx_word' id='word_1_781' title='bbox 1281 5600 1499 5647; x_wconf 89' lang='lat' dir='ltr'><strong>sanctus</strong></span> <span class='ocrx_word' id='word_1_782' title='bbox 1525 5590 1845 5647; x_wconf 86' lang='lat' dir='ltr'><strong>Pachomius</strong></span> <span class='ocrx_word' id='word_1_783' title='bbox 1875 5606 2036 5657; x_wconf 86' lang='lat' dir='ltr'><strong>super</strong></span> <span class='ocrx_word' id='word_1_784' title='bbox 2066 5591 2150 5648; x_wconf 88' lang='lat' dir='ltr'><strong>bis</strong></span> 
     </span>
    </p>
   </div>
   <div class='ocr_carea' id='block_1_102' title="bbox 560 5680 2153 5754">
    <p class='ocr_par' dir='ltr' id='par_1_102' title="bbox 560 5680 2153 5754">
     <span class='ocr_line' id='line_1_102' title="bbox 560 5680 2153 5754; baseline 0.004 -20"><span class='ocrx_word' id='word_1_785' title='bbox 560 5692 682 5750; x_wconf 63' lang='lat' dir='ltr'><strong>qua</strong></span> <span class='ocrx_word' id='word_1_786' title='bbox 729 5680 830 5737; x_wconf 87' lang='lat' dir='ltr'><strong>sibi</strong></span> <span class='ocrx_word' id='word_1_787' title='bbox 877 5691 1095 5739; x_wconf 88' lang='lat' dir='ltr'><strong>ostensa</strong></span> <span class='ocrx_word' id='word_1_788' title='bbox 1141 5695 1284 5749; x_wconf 88' lang='lat' dir='ltr'><strong>sunt,</strong></span> <span class='ocrx_word' id='word_1_789' title='bbox 1343 5685 1692 5742; x_wconf 81' lang='lat' dir='ltr'><strong>vehementer</strong></span> <span class='ocrx_word' id='word_1_790' title='bbox 1740 5686 2034 5754; x_wconf 82' lang='lat' dir='ltr'><strong>admirans,</strong></span> <span class='ocrx_word' id='word_1_791' title='bbox 2085 5685 2153 5740; x_wconf 89' lang='lat' dir='ltr'><strong>ad</strong></span> 
     </span>
    </p>
   </div>
   <div class='ocr_carea' id='block_1_103' title="bbox 558 5779 2152 5849">
    <p class='ocr_par' dir='ltr' id='par_1_103' title="bbox 558 5779 2152 5849">
     <span class='ocr_line' id='line_1_103' title="bbox 558 5779 2152 5849; baseline 0.003 -20"><span class='ocrx_word' id='word_1_792' title='bbox 558 5785 878 5833; x_wconf 87' lang='lat' dir='ltr'><strong>nocturnam</strong></span> <span class='ocrx_word' id='word_1_793' title='bbox 922 5780 1169 5849; x_wconf 82' lang='lat' dir='ltr'><strong>synaxitn</strong></span> <span class='ocrx_word' id='word_1_794' title='bbox 1217 5796 1336 5836; x_wconf 89' lang='lat' dir='ltr'><strong>cum</strong></span> <span class='ocrx_word' id='word_1_795' title='bbox 1372 5782 1622 5837; x_wconf 86' lang='lat' dir='ltr'><strong>universa</strong></span> <span class='ocrx_word' id='word_1_796' title='bbox 1654 5779 1990 5835; x_wconf 85' lang='lat' dir='ltr'><strong>fraternitate</strong></span> <span class='ocrx_word' id='word_1_797' title='bbox 2020 5793 2152 5834; x_wconf 90' lang='lat' dir='ltr'><strong>con-</strong></span> 
     </span>
    </p>
   </div>
   <div class='ocr_carea' id='block_1_104' title="bbox 558 5871 2158 5946">
    <p class='ocr_par' dir='ltr' id='par_1_104' title="bbox 558 5871 2158 5946">
     <span class='ocr_line' id='line_1_104' title="bbox 558 5871 2158 5946; baseline 0.002 -21"><span class='ocrx_word' id='word_1_798' title='bbox 558 5871 723 5926; x_wconf 87' lang='lat' dir='ltr'><strong>venit.</strong></span> <span class='ocrx_word' id='word_1_799' title='bbox 756 5872 821 5927; x_wconf 87' lang='lat' dir='ltr'><strong>Et</strong></span> <span class='ocrx_word' id='word_1_800' title='bbox 850 5871 1030 5930; x_wconf 80' lang='lat' dir='ltr'><strong>cilicio</strong></span> <span class='ocrx_word' id='word_1_801' title='bbox 1071 5883 1258 5932; x_wconf 88' lang='lat' dir='ltr'><strong>sancto</strong></span> <span class='ocrx_word' id='word_1_802' title='bbox 1299 5875 1609 5933; x_wconf 89' lang='lat' dir='ltr'><strong>solemniter</strong></span> <span class='ocrx_word' id='word_1_803' title='bbox 1631 5873 1941 5946; x_wconf 83' lang='lat' dir='ltr'><strong>adimpleto,</strong></span> <span class='ocrx_word' id='word_1_804' title='bbox 1976 5871 2158 5932; x_wconf 90' lang='lat' dir='ltr'><strong>cuncti</strong></span> 
     </span>
    </p>
   </div>
   <div class='ocr_carea' id='block_1_105' title="bbox 2255 4739 3854 4824">
    <p class='ocr_par' dir='ltr' id='par_1_105' title="bbox 2255 4739 3854 4824">
     <span class='ocr_line' id='line_1_105' title="bbox 2255 4739 3854 4824; baseline -0.011 -17"><span class='ocrx_word' id='word_1_805' title='bbox 2255 4753 2367 4824; x_wconf 88' lang='lat' dir='ltr'><strong>jam</strong></span> <span class='ocrx_word' id='word_1_806' title='bbox 2394 4754 2499 4806; x_wconf 80' lang='lat' dir='ltr'><strong>vita</strong></span> <span class='ocrx_word' id='word_1_807' title='bbox 2531 4750 2632 4806; x_wconf 87' lang='lat' dir='ltr'><strong>frui</strong></span> <span class='ocrx_word' id='word_1_808' title='bbox 2663 4756 2938 4819; x_wconf 89' lang='lat' dir='ltr'><strong>perpetua,</strong></span> <span class='ocrx_word' id='word_1_809' title='bbox 2971 4763 3069 4802; x_wconf 88' lang='lat' dir='ltr'><strong>suo</strong></span> <span class='ocrx_word' id='word_1_810' title='bbox 3100 4760 3196 4800; x_wconf 87' lang='lat' dir='ltr'><strong>nos</strong></span> <span class='ocrx_word' id='word_1_811' title='bbox 3232 4742 3437 4813; x_wconf 76' lang='lat' dir='ltr'><strong>judicio</strong></span> <span class='ocrx_word' id='word_1_812' title='bbox 3467 4739 3854 4802; x_wconf 89' lang='lat' dir='ltr'><strong>condemnent,</strong></span> 
     </span>
    </p>
   </div>
   <div class='ocr_carea' id='block_1_106' title="bbox 2262 4829 3853 4909">
    <p class='ocr_par' dir='ltr' id='par_1_106' title="bbox 2262 4829 3853 4909">
     <span class='ocr_line' id='line_1_106' title="bbox 2262 4829 3853 4909; baseline -0.011 -8"><span class='ocrx_word' id='word_1_813' title='bbox 2262 4846 2504 4901; x_wconf 87' lang='lat' dir='ltr'><strong>dicentes</strong></span> <span class='ocrx_word' id='word_1_814' title='bbox 2548 4843 2700 4898; x_wconf 90' lang='lat' dir='ltr'><strong>nobis</strong></span> <span class='ocrx_word' id='word_1_815' title='bbox 2741 4861 2753 4895; x_wconf 92' lang='lat'><strong>:</strong></span> <span class='ocrx_word' id='word_1_816' title='bbox 2803 4840 3084 4909; x_wconf 89' lang='lat' dir='ltr'><strong>Quomodo</strong></span> <span class='ocrx_word' id='word_1_817' title='bbox 3136 4838 3314 4893; x_wconf 81' lang='lat' dir='ltr'><strong>lassati</strong></span> <span class='ocrx_word' id='word_1_818' title='bbox 3368 4834 3499 4891; x_wconf 90' lang='lat' dir='ltr'><strong>estis</strong></span> <span class='ocrx_word' id='word_1_819' title='bbox 3547 4833 3599 4886; x_wconf 93' lang='lat' dir='ltr'><strong>in</strong></span> <span class='ocrx_word' id='word_1_820' title='bbox 3644 4829 3853 4886; x_wconf 86' lang='lat' dir='ltr'><strong>semitis</strong></span> 
     </span>
    </p>
   </div>
   <div class='ocr_carea' id='block_1_107' title="bbox 2262 4926 3854 5010">
    <p class='ocr_par' dir='ltr' id='par_1_107' title="bbox 2262 4926 3854 5010">
     <span class='ocr_line' id='line_1_107' title="bbox 2262 4926 3854 5010; baseline -0.011 -15"><span class='ocrx_word' id='word_1_821' title='bbox 2262 4942 2453 4995; x_wconf 87' lang='lat' dir='ltr'><strong>vestris</strong></span> <span class='ocrx_word' id='word_1_822' title='bbox 2479 4939 2637 5010; x_wconf 87' lang='lat' dir='ltr'><strong>(Sap.</strong></span> <span class='ocrx_word' id='word_1_823' title='bbox 2664 4937 2740 5007; x_wconf 90' lang='lat' dir='ltr'><strong>v),</strong></span> <span class='ocrx_word' id='word_1_824' title='bbox 2793 4936 2957 4990; x_wconf 89' lang='lat' dir='ltr'><strong>tantis</strong></span> <span class='ocrx_word' id='word_1_825' title='bbox 3002 4934 3208 4989; x_wconf 92' lang='lat' dir='ltr'><strong>obsessi</strong></span> <span class='ocrx_word' id='word_1_826' title='bbox 3255 4929 3530 4987; x_wconf 78' lang='lat' dir='ltr'><strong>miseriis?</strong></span> <span class='ocrx_word' id='word_1_827' title='bbox 3566 4926 3643 4981; x_wconf 83' lang='lat' dir='ltr'><strong>Ex</strong></span> <span class='ocrx_word' id='word_1_828' title='bbox 3677 4933 3854 4979; x_wconf 85' lang='lat' dir='ltr'><strong>vestra</strong></span> 
     </span>
    </p>
   </div>
   <div class='ocr_carea' id='block_1_108' title="bbox 2263 5023 3855 5101">
    <p class='ocr_par' dir='ltr' id='par_1_108' title="bbox 2263 5023 3855 5101">
     <span class='ocr_line' id='line_1_108' title="bbox 2263 5023 3855 5101; baseline -0.009 -13"><span class='ocrx_word' id='word_1_829' title='bbox 2263 5049 2494 5101; x_wconf 88' lang='lat' dir='ltr'><strong>namque</strong></span> <span class='ocrx_word' id='word_1_830' title='bbox 2541 5043 2644 5086; x_wconf 87' lang='lat' dir='ltr'><strong>tam</strong></span> <span class='ocrx_word' id='word_1_831' title='bbox 2691 5045 2880 5098; x_wconf 82' lang='lat' dir='ltr'><strong>magna</strong></span> <span class='ocrx_word' id='word_1_832' title='bbox 2943 5028 3191 5092; x_wconf 91' lang='lat' dir='ltr'><strong>tristitia,</strong></span> <span class='ocrx_word' id='word_1_833' title='bbox 3240 5026 3393 5081; x_wconf 90' lang='lat' dir='ltr'><strong>nobis</strong></span> <span class='ocrx_word' id='word_1_834' title='bbox 3440 5023 3600 5079; x_wconf 86' lang='lat' dir='ltr'><strong>etiam</strong></span> <span class='ocrx_word' id='word_1_835' title='bbox 3651 5033 3855 5076; x_wconf 75' lang='lat' dir='ltr'><strong>mmror</strong></span> 
     </span>
    </p>
   </div>
   <div class='ocr_carea' id='block_1_109' title="bbox 2262 5115 3853 5193">
    <p class='ocr_par' dir='ltr' id='par_1_109' title="bbox 2262 5115 3853 5193">
     <span class='ocr_line' id='line_1_109' title="bbox 2262 5115 3853 5193; baseline -0.01 -12"><span class='ocrx_word' id='word_1_836' title='bbox 2262 5125 2508 5187; x_wconf 87' lang='lat' dir='ltr'><strong>accessit.</strong></span> <span class='ocrx_word' id='word_1_837' title='bbox 2542 5134 2595 5178; x_wconf 90' lang='lat' dir='ltr'><strong>et</strong></span> <span class='ocrx_word' id='word_1_838' title='bbox 2625 5122 2800 5193; x_wconf 76' lang='lat' dir='ltr'><strong>pmuis</strong></span> <span class='ocrx_word' id='word_1_839' title='bbox 2828 5121 3027 5177; x_wconf 90' lang='lat' dir='ltr'><strong>nostris</strong></span> <span class='ocrx_word' id='word_1_840' title='bbox 3068 5129 3246 5174; x_wconf 87' lang='lat' dir='ltr'><strong>vester</strong></span> <span class='ocrx_word' id='word_1_841' title='bbox 3285 5117 3424 5186; x_wconf 89' lang='lat' dir='ltr'><strong>ignis</strong></span> <span class='ocrx_word' id='word_1_842' title='bbox 3464 5115 3706 5184; x_wconf 89' lang='lat' dir='ltr'><strong>adjectus</strong></span> <span class='ocrx_word' id='word_1_843' title='bbox 3745 5120 3853 5167; x_wconf 90' lang='lat' dir='ltr'><strong>est.</strong></span> 
     </span>
    </p>
   </div>
   <div class='ocr_carea' id='block_1_110' title="bbox 2263 5204 3854 5285">
    <p class='ocr_par' dir='ltr' id='par_1_110' title="bbox 2263 5204 3854 5285">
     <span class='ocr_line' id='line_1_110' title="bbox 2263 5204 3854 5285; baseline -0.009 -14"><span class='ocrx_word' id='word_1_844' title='bbox 2263 5217 2415 5271; x_wconf 84' lang='lat' dir='ltr'><strong>Rami</strong></span> <span class='ocrx_word' id='word_1_845' title='bbox 2453 5216 2648 5285; x_wconf 89' lang='lat' dir='ltr'><strong>quippe</strong></span> <span class='ocrx_word' id='word_1_846' title='bbox 2678 5215 2843 5268; x_wconf 90' lang='lat' dir='ltr'><strong>nostri</strong></span> <span class='ocrx_word' id='word_1_847' title='bbox 2895 5214 3016 5268; x_wconf 87' lang='lat' dir='ltr'><strong>facti</strong></span> <span class='ocrx_word' id='word_1_848' title='bbox 3049 5222 3172 5267; x_wconf 92' lang='lat' dir='ltr'><strong>sunt</strong></span> <span class='ocrx_word' id='word_1_849' title='bbox 3217 5208 3452 5272; x_wconf 89' lang='lat' dir='ltr'><strong>inutiles,</strong></span> <span class='ocrx_word' id='word_1_850' title='bbox 3497 5221 3598 5260; x_wconf 88' lang='lat' dir='ltr'><strong>nec</strong></span> <span class='ocrx_word' id='word_1_851' title='bbox 3646 5204 3854 5259; x_wconf 85' lang='lat' dir='ltr'><strong>fructus</strong></span> 
     </span>
    </p>
   </div>
   <div class='ocr_carea' id='block_1_111' title="bbox 2261 5294 3854 5384">
    <p class='ocr_par' dir='ltr' id='par_1_111' title="bbox 2261 5294 3854 5384">
     <span class='ocr_line' id='line_1_111' title="bbox 2261 5294 3854 5384; baseline -0.009 -22"><span class='ocrx_word' id='word_1_852' title='bbox 2261 5327 2397 5384; x_wconf 86' lang='lat' dir='ltr'><strong>quos</strong></span> <span class='ocrx_word' id='word_1_853' title='bbox 2425 5312 2474 5366; x_wconf 92' lang='lat' dir='ltr'><strong>in</strong></span> <span class='ocrx_word' id='word_1_854' title='bbox 2502 5309 2632 5364; x_wconf 77' lang='lat' dir='ltr'><strong>flore</strong></span> <span class='ocrx_word' id='word_1_855' title='bbox 2661 5315 3098 5362; x_wconf 85' lang='lat' dir='ltr'><strong>monstraverunt</strong></span> <span class='ocrx_word' id='word_1_856' title='bbox 3141 5303 3448 5360; x_wconf 86' lang='lat' dir='ltr'><strong>ediderunt.</strong></span> <span class='ocrx_word' id='word_1_857' title='bbox 3494 5297 3602 5355; x_wconf 90' lang='lat' dir='ltr'><strong>Sed</strong></span> <span class='ocrx_word' id='word_1_858' title='bbox 3645 5307 3698 5370; x_wconf 65' lang='lat' dir='ltr'><strong>et</strong></span> <span class='ocrx_word' id='word_1_859' title='bbox 3727 5294 3854 5349; x_wconf 89' lang='lat' dir='ltr'><strong>illud</strong></span> 
     </span>
    </p>
   </div>
   <div class='ocr_carea' id='block_1_112' title="bbox 2261 5388 3855 5478">
    <p class='ocr_par' dir='ltr' id='par_1_112' title="bbox 2261 5388 3855 5478">
     <span class='ocr_line' id='line_1_112' title="bbox 2261 5388 3855 5478; baseline -0.011 -18"><span class='ocrx_word' id='word_1_860' title='bbox 2261 5405 2632 5478; x_wconf 89' lang='lat' dir='ltr'><strong>propheticum</strong></span> <span class='ocrx_word' id='word_1_861' title='bbox 2666 5417 2734 5457; x_wconf 91' lang='lat' dir='ltr'><strong>ne</strong></span> <span class='ocrx_word' id='word_1_862' title='bbox 2770 5401 2924 5456; x_wconf 91' lang='lat' dir='ltr'><strong>nobis</strong></span> <span class='ocrx_word' id='word_1_863' title='bbox 2955 5400 3220 5470; x_wconf 85' lang='lat' dir='ltr'><strong>ingerant,</strong></span> <span class='ocrx_word' id='word_1_864' title='bbox 3253 5407 3559 5465; x_wconf 86' lang='lat' dir='ltr'><strong>expavesco</strong></span> <span class='ocrx_word' id='word_1_865' title='bbox 3593 5409 3605 5442; x_wconf 84' lang='lat'>:</span> <span class='ocrx_word' id='word_1_866' title='bbox 3641 5389 3770 5444; x_wconf 85' lang='lat' dir='ltr'><strong>Ideo</strong></span> <span class='ocrx_word' id='word_1_867' title='bbox 3801 5388 3855 5442; x_wconf 94' lang='lat' dir='ltr'><strong>in</strong></span> 
     </span>
    </p>
   </div>
   <div class='ocr_carea' id='block_1_113' title="bbox 2263 5481 3855 5567">
    <p class='ocr_par' dir='ltr' id='par_1_113' title="bbox 2263 5481 3855 5567">
     <span class='ocr_line' id='line_1_113' title="bbox 2263 5481 3855 5567; baseline -0.012 -14"><span class='ocrx_word' id='word_1_868' title='bbox 2263 5497 2718 5567; x_wconf 77' lang='lat' dir='ltr'><strong>deprtedationem</strong></span> <span class='ocrx_word' id='word_1_869' title='bbox 2747 5504 3011 5548; x_wconf 87' lang='lat' dir='ltr'><strong>venerunt</strong></span> <span class='ocrx_word' id='word_1_870' title='bbox 3050 5492 3256 5553; x_wconf 88' lang='lat' dir='ltr'><strong>dilecti,</strong></span> <span class='ocrx_word' id='word_1_871' title='bbox 3310 5488 3434 5544; x_wconf 90' lang='lat' dir='ltr'><strong>facti</strong></span> <span class='ocrx_word' id='word_1_872' title='bbox 3478 5495 3604 5542; x_wconf 90' lang='lat' dir='ltr'><strong>sunt</strong></span> <span class='ocrx_word' id='word_1_873' title='bbox 3647 5481 3855 5537; x_wconf 80' lang='lat' dir='ltr'><strong>abomi-</strong></span> 
     </span>
    </p>
   </div>
   <div class='ocr_carea' id='block_1_114' title="bbox 2258 5577 3855 5658">
    <p class='ocr_par' dir='ltr' id='par_1_114' title="bbox 2258 5577 3855 5658">
     <span class='ocr_line' id='line_1_114' title="bbox 2258 5577 3855 5658; baseline -0.011 -12"><span class='ocrx_word' id='word_1_874' title='bbox 2258 5591 2488 5658; x_wconf 88' lang='lat' dir='ltr'><strong>nabiles,</strong></span> <span class='ocrx_word' id='word_1_875' title='bbox 2517 5602 2568 5645; x_wconf 90' lang='lat' dir='ltr'><strong>et</strong></span> <span class='ocrx_word' id='word_1_876' title='bbox 2601 5603 2798 5644; x_wconf 88' lang='lat' dir='ltr'><strong>corona</strong></span> <span class='ocrx_word' id='word_1_877' title='bbox 2850 5587 3039 5656; x_wconf 78' lang='lat' dir='ltr'><strong>capitis</strong></span> <span class='ocrx_word' id='word_1_878' title='bbox 3067 5601 3251 5640; x_wconf 87' lang='lat' dir='ltr'><strong>eorum</strong></span> <span class='ocrx_word' id='word_1_879' title='bbox 3285 5582 3490 5637; x_wconf 87' lang='lat' dir='ltr'><strong>sublata</strong></span> <span class='ocrx_word' id='word_1_880' title='bbox 3516 5587 3616 5635; x_wconf 90' lang='lat' dir='ltr'><strong>est.</strong></span> <span class='ocrx_word' id='word_1_881' title='bbox 3653 5577 3855 5631; x_wconf 85' lang='lat' dir='ltr'><strong>Civita-</strong></span> 
     </span>
    </p>
   </div>
   <div class='ocr_carea' id='block_1_115' title="bbox 2259 5671 3856 5748">
    <p class='ocr_par' dir='ltr' id='par_1_115' title="bbox 2259 5671 3856 5748">
     <span class='ocr_line' id='line_1_115' title="bbox 2259 5671 3856 5748; baseline -0.011 -8"><span class='ocrx_word' id='word_1_882' title='bbox 2259 5695 2341 5742; x_wconf 88' lang='lat' dir='ltr'><strong>tes</strong></span> <span class='ocrx_word' id='word_1_883' title='bbox 2372 5686 2436 5740; x_wconf 91' lang='lat' dir='ltr'><strong>ad</strong></span> <span class='ocrx_word' id='word_1_884' title='bbox 2469 5686 2723 5740; x_wconf 86' lang='lat' dir='ltr'><strong>Austrum</strong></span> <span class='ocrx_word' id='word_1_885' title='bbox 2769 5683 2907 5748; x_wconf 67' lang='lat' dir='ltr'><strong>sitae,</strong></span> <span class='ocrx_word' id='word_1_886' title='bbox 2937 5680 3136 5734; x_wconf 74' lang='lat' dir='ltr'><strong>clausa:</strong></span> <span class='ocrx_word' id='word_1_887' title='bbox 3177 5687 3324 5741; x_wconf 89' lang='lat' dir='ltr'><strong>sunt,</strong></span> <span class='ocrx_word' id='word_1_888' title='bbox 3359 5690 3459 5730; x_wconf 88' lang='lat' dir='ltr'><strong>nec</strong></span> <span class='ocrx_word' id='word_1_889' title='bbox 3484 5681 3567 5729; x_wconf 87' lang='lat' dir='ltr'><strong>est</strong></span> <span class='ocrx_word' id='word_1_890' title='bbox 3603 5671 3692 5740; x_wconf 93' lang='lat' dir='ltr'><strong>qui</strong></span> <span class='ocrx_word' id='word_1_891' title='bbox 3724 5683 3856 5739; x_wconf 85' lang='lat' dir='ltr'><strong>ape-</strong></span> 
     </span>
    </p>
   </div>
   <div class='ocr_carea' id='block_1_116' title="bbox 2261 5761 3904 5847">
    <p class='ocr_par' dir='ltr' id='par_1_116' title="bbox 2261 5761 3904 5847">
     <span class='ocr_line' id='line_1_116' title="bbox 2261 5761 3904 5847; baseline -0.011 -14"><span class='ocrx_word' id='word_1_892' title='bbox 2261 5779 2365 5833; x_wconf 86' lang='lat' dir='ltr'><strong>riat</strong></span> <span class='ocrx_word' id='word_1_893' title='bbox 2393 5791 2485 5831; x_wconf 88' lang='lat' dir='ltr'><strong>eas</strong></span> <span class='ocrx_word' id='word_1_894' title='bbox 2511 5775 2722 5847; x_wconf 79' lang='lat' dir='ltr'><strong>(Jerem.</strong></span> <span class='ocrx_word' id='word_1_895' title='bbox 2755 5775 2901 5843; x_wconf 65' lang='grc' dir='ltr'><strong>χιιι).</strong></span> <span class='ocrx_word' id='word_1_896' title='bbox 2933 5772 3176 5827; x_wconf 79' lang='lat' dir='ltr'><strong>Tollatur</strong></span> <span class='ocrx_word' id='word_1_897' title='bbox 3214 5769 3357 5824; x_wconf 90' lang='lat' dir='ltr'><strong>enitn</strong></span> <span class='ocrx_word' id='word_1_898' title='bbox 3403 5765 3621 5835; x_wconf 89' lang='lat' dir='ltr'><strong>impius,</strong></span> <span class='ocrx_word' id='word_1_899' title='bbox 3664 5777 3732 5818; x_wconf 92' lang='lat' dir='ltr'><strong>ne</strong></span> <span class='ocrx_word' id='word_1_900' title='bbox 3776 5761 3856 5815; x_wconf 67' lang='grc' dir='ltr'><strong>τίν</strong></span> <span class='ocrx_word' id='word_1_901' title='bbox 3899 5813 3904 5824; x_wconf 80' lang='grc'>,</span> 
     </span>
    </p>
   </div>
   <div class='ocr_carea' id='block_1_117' title="bbox 2265 5856 3854 5938">
    <p class='ocr_par' dir='ltr' id='par_1_117' title="bbox 2265 5856 3854 5938">
     <span class='ocr_line' id='line_1_117' title="bbox 2265 5856 3854 5938; baseline -0.011 -8"><span class='ocrx_word' id='word_1_902' title='bbox 2265 5873 2385 5930; x_wconf 84' lang='lat' dir='ltr'><strong>deat</strong></span> <span class='ocrx_word' id='word_1_903' title='bbox 2429 5869 2651 5938; x_wconf 76' lang='lat' dir='ltr'><strong>gloriam</strong></span> <span class='ocrx_word' id='word_1_904' title='bbox 2695 5868 2790 5925; x_wconf 86' lang='lat' dir='ltr'><strong>Dei</strong></span> <span class='ocrx_word' id='word_1_905' title='bbox 2834 5865 2967 5935; x_wconf 78' lang='lat' dir='ltr'><strong>(Isa.</strong></span> <span class='ocrx_word' id='word_1_906' title='bbox 3005 5880 3177 5933; x_wconf 77' lang='lat' dir='ltr'><strong>xxvr,</strong></span> <span class='ocrx_word' id='word_1_907' title='bbox 3223 5862 3502 5918; x_wconf 77' lang='lat' dir='ltr'><strong>secundum</strong></span> <span class='ocrx_word' id='word_1_908' title='bbox 3548 5856 3854 5927; x_wconf 70' lang='lat' dir='ltr'><strong>Septuag.).</strong></span> 
     </span>
    </p>
   </div>
  </div>
