4142 6350
259 468 364 526 265

1051 483 1213 544 VI'I‘A
1249 489 1499 552 SANCTI
1535 495 1864 558 PACHOMII
1898 500 2193 570 ABBATIS
2231 505 2722 583 TABENNENSIS.

3433 535 3539 598 266

255 589 378 644 Haec
419 592 736 663 cogitantes,
769 596 965 655 fratres
999 601 1126 667 mei,
1161 605 1286 662 totis
1326 618 1594 667 certemus
1620 616 1844 684 viribus,
1873 625 1924 683 Α
1951 636 2228 695 cogamus,
2256 628 2394 687 hunc
2413 636 2727 693 ‘terminum
2772 645 3108 700 sermonibus
3136 650 3338 707 nostris
3366 653 3542 725 impo-

255 700 323 725 ηρ
350 685 418 725 2h
441 684 596 725 Iuncta
623 703 944 725 anna-mm...
996 695 1087 725 111..
1113 711 1328 725 ..Λ-η-..
1367 704 1559 725 :__9-.--
1649 719 1660 725 -
1797 714 1809 725 .
1989 715 2000 725 .
2197 719 2226 725 _

254 700 323 740 ne
348 685 418 739 ab
441 684 596 743 hoste
623 703 963 759 superemur.
995 695 1088 752 Ille
1112 711 1328 770 semper
1366 704 1564 762 insistit
1609 719 1667 765 ut
1696 714 1842 783 peri-

255 787 386 841 mat,
435 793 533 833 nos
577 782 806 840 sollicite
854 787 1153 859 vigilemus,
1201 808 1270 850 ne
1314 797 1481 867 (quod
1522 782 1844 877 absitlejus

252 865 441 924 fraude
479 871 825 940 perimantur.

324 965 462 1018 Ante
538 967 720 1023 omnia
795 985 906 1039 prae
979 977 1151 1034 oculis
1225 979 1521 1041 habeamus
1595 989 1842 1049 ultimunt

254 1056 413 1130 135
435 1059 597 1125 diem,
642 1072 698 1118 et
738 1069 1024 1124 momentis
1064 1071 1287 1143 singulis
1316 1073 1638 1136 retentorum
1691 1084 1840 1141 dolo~

245 1162 367 1202 rum
395 1153 653 1221 supplicia
686 1156 1051 1216 formidemus.
1078 1164 1173 1218 I-Iis
1201 1170 1346 1223 enim
1369 1172 1544 1228 causis
1574 1175 1752 1232 anima
1780 1193 1840 1235 se

244 1248 530 1298 consuevit
578 1261 892 1320 agnoscere,
943 1269 1248 1328 corpusque
1296 1264 1571 1333 proprium
1615 1267 1838 1338 jejuniis

242 1348 308 1389 ac
336 1337 532 1406 vigiliis
557 1339 887 1410 deprimens,
918 1345 1029 1415 ipsa
1062 1349 1115 1402 in
1150 1365 1384 1410 maerore
1421 1337 1668 1429 luctuque
1702 1375 1834 1418 con-

244 1429 398 1483 tinuo
429 1445 754 1501 perseverat,
801 1436 974 1495 donec
1003 1441 1238 1511 Spiritus
1270 1449 1438 1504 sancti
1486 1453 1668 1509 calore
1714 1471 1836 1512 suc-

238 1536 422 1590 censa,
456 1540 705 1594 supernae
753 1533 1224 1598 contemplationis
1255 1551 1523 1598 mereatur
1549 1547 1831 1616 auxilium,

236 1625 292 1670 et
326 1631 356 1669 a
389 1620 645 1690 contagiis
675 1624 915 1680 exsoluta
947 1631 1198 1695 terrenis,
1225 1632 1423 1688 divinis
1447 1635 1649 1707 jugiter
1678 1655 1835 1697 exsa-

235 1709 397 1762 tietur
423 1709 689 1780 alloquiis.
721 1716 869 1771 Alias
905 1719 1064 1775 etiam
1094 1723 1183 1790 qui
1211 1739 1427 1796 semper
1453 1730 1569 1785 haec
1609 1735 1828 1803 cogitat,

233 1803 522 1866 puritatem
552 1804 745 1859 mentis
767 1798 1000 1876 ‘obtinet,
1030 1811 1385 1872 humilitatem
1429 1821 1611 1887 cordis,
1637 1798 1828 1896 aequi;

232 1891 333 1957 rit;
365 1909 551 1950 vanam
582 1898 804 1967 gloriam
835 1905 1071 1973 respuit;
1102 1910 1246 1963 omni
1277 1913 1522 1970 saeculari
1545 1918 1824 1986 prudentia

1949 715 2146 774 nimus.
2196 719 2334 778 Deus
2381 727 2526 793 pacis
2573 739 2628 784 et
2668 733 2857 801 gratiae
2903 738 3184 795 confirmet
3235 758 3331 797 vos
3379 757 3537 816 atque

1946 810 2258 868 corroboret
2307 813 2361 869 in
2407 817 2599 876 timore
2624 836 2742 889 suo,
2790 825 3004 884 fratres.
3045 834 3238 888 Amen.
3284 835 3411 894 Haec
3458 841 3540 894 di-

1946 911 2094 969 cens,
2144 903 2261 959 sine
2307 921 2454 964 mora
2503 916 2757 981 surrexit,
2806 928 2862 975 et
2901 926 3286 984 commendans
3309 946 3404 988 eos
3432 933 3540 990 Do-

1945 991 2110 1059 mino,
2142 997 2411 1064 profectus
2438 1013 2539 1058 est.

2017 1082 2144 1186 Car.
2178 1087 2383 1148 XLVII.
2402 1123 2472 1136 —
2491 1097 2734 1172 Cumque
2761 1119 3006 1178 pergeret
3031 1113 3098 1169 ad
3126 1121 3532 1188 monasterium,

1943 1176 2027 1230 cui
2078 1192 2373 1251 cognomen
2423 1199 2539 1245 erat
2569 1192 2940 1268 Tabenneuse,
2992 1219 3113 1261 cum
3145 1207 3431 1269 Theodoro
3478 1228 3535 1272 ct

1942 1268 2223 1342 Cornelio,
2253 1283 2571 1354 caeterisque
2596 1303 2753 1358 quam
2793 1293 3039 1363 plurimis
3091 1301 3365 1373 fratribus,
3394 1312 3529 1367 sub-

1940 1363 2076 1420 stitit
2103 1381 2388 1442 parumper
2418 1376 2472 1432 in
2503 1378 2716 1450 itinere,
2747 1387 2894 1443 velut
2922 1389 3260 1463 interrogans
3292 1400 3527 1469 aliquem

1939 1455 2008 1512 de
2035 1461 2266 1530 quodam
2306 1479 2519 1526 secreto
2560 1477 2803 1545 negotio;
2851 1491 2905 1536 et
2951 1491 3202 1555 cognovit
3245 1490 3296 1545 in
3336 1455 3530 1562 spiritu

1939 1565 2103 1606 unum
2147 1554 2216 1610 de
2254 1563 2520 1619 mandatis
2561 1583 2680 1638 qua:
2730 1573 3034 1641 praefixerat
3075 1579 3128 1635 itt
3180 1589 3528 1658 monasterio,

1936 1643 2102 1702 fuisse
2137 1652 2462 1723 neglectum.
2497 1658 2834 1734 Praeceperat
2871 1669 3013 1726 enim
3061 1673 3315 1734 fratribus
3345 1683 3432 1749 qui
3473 1684 3532 1738 in

1935 1736 2156 1804 pistoria
2187 1755 2301 1800 arte
2332 1746 2662 1822 laborabant,
2693 1767 2752 1813 ut
2790 1760 2836 1814 si
2860 1765 3072 1831 quando
3101 1736 3526 1831 facerent-obla—

1936 1830 2126 1899 tiones,
2181 1836 2312 1893 nihil
2360 1841 2707 1912 loquerentur
2752 1865 3180 1928 supervacuum,
3238 1866 3332 1919 sed
3385 1871 3525 1938 apud

1935 1926 2254 1994 semetipsos
2299 1933 2553 1991 salutaria
2601 1941 2989 2004 meditarentur
3038 1951 3269 2024 eloquia.
3303 1958 3527 2018 Vocavit

2734 1995 2979 2004 πύανον...
3039 1995 3269 2024 vavi-iul".
3318 1995 3524 2018 νυυαηι

228 2003 418 2044 carere
445 1995 738 2048 contendit.
770 1995 1182 2069 Pliilosophetur
1210 2018 1358 2076 ergo,
1387 2010 1689 2068 charissimi
1717 2014 1824 2070 ira-
1856 2025 1905 2084 Β
1933 2026 2060 2082 ergo
2091 2015 2455 2093 Theodorum,
2489 2031 2576 2100 qui
2606 2031 2771 2102 ipsius
2813 2043 3123 2099 monasterii
3154 2061 3334 2104 curam
3364 2067 3524 2122 gere-

229 2087 375 2122 lrpc,
434 2085 610 2122 nnirnn
660 2087 914 2122 ani-italia
967 2094 1203 2122 ηιιι.ΙῖᾹῖΛ
1265 2100 1520 2122 -J---—----
1598 2119 1612 2122 Α
1937 2104 1987 2122 L
2008 2114 2019 2122 ‘
2117 2119 2124 2122 ‘
2180 2112 2210 2122 "
2250 2115 2260 2122 ⁵
2352 2117 2363 2122 ’
2455 2119 2499 2122 “

229 2087 382 2146 tres,
433 2085 612 2139 anima
660 2087 917 2156 spiritalis
967 2094 1204 2161 quotidie
1265 2100 1524 2157 adversus
1588 2119 1829 2164 crassam

224 2174 408 2228 carnis
435 2191 546 2232 sua:
571 2181 883 2246 materiam;
914 2185 1167 2256 omnique
1193 2189 1679 2267 circumspectione
1705 2214 1827 2256 cum

221 2279 284 2319 ea
321 2266 502 2322 taliter
530 2283 680 2339 agat,
721 2285 984 2343 quatenus
1013 2279 1079 2334 ad
1114 2281 1335 2338 meliora
1369 2286 1472 2342 sibi
1500 2296 1824 2349 consentiat.

221 2357 294 2412 Et
343 2375 464 2414 cmn
511 2376 736 2432 vespere
785 2372 1094 2436 pervenitur
1157 2374 1226 2429 ad
1277 2383 1546 2448 stratum,
1602 2384 1826 2456 singulis

218 2452 483 2508 membris
530 2459 770 2526 corporis
812 2460 895 2514 Siti
939 2463 1086 2518 dicat
1127 2481 1140 2517 :
1183 2465 1363 2524 Donec
1402 2471 1565 2528 simul
1614 2491 1822 2543 sumus,

217 2544 441 2601 obedite
483 2547 613 2603 mihi
658 2551 904 2607 suadenti
950 2571 1072 2624 quae
1117 2569 1262 2615 recta
1301 2574 1459 2634 .sunt,
1505 2582 1824 2642 mecumque

215 2635 454 2693 Domino
479 2655 600 2696 cum
632 2644 906 2702 alacritate
935 2651 1153 2706 scrvite.
1193 2652 1437 2712 Manibus
1466 2675 1678 2729 quoipte
1707 2664 1819 2721 suis

213 2728 408 2785 dicat:
435 2732 624 2789 Veniet
655 2743 864 2804 tempus
913 2742 1128 2810 quando
1148 2743 1405 2814 jactantia
1436 2728 1611 2806 vestra
1644 2770 1823 2812 cessa-

211 2821 324 2890 bit,
373 2827 588 2895 quando
635 2831 862 2900 pugillus
917 2833 1323 2895 administrator
1369 2844 1658 2903 iracundia:
1709 2866 1818 2908 non

209 2921 347 2986 erit,
381 2925 592 2988 quando
639 2927 853 2994 palma},
881 2945 1000 3000 quae
1035 2932 1102 2987 ad
1134 2937 1349 3003 rapinas
1388 2949 1624 2998 extensae
1667 2956 1812 3015 sunt,

207 3016 619 3084 conquiescent.
667 3020 901 3077 Pedibus
941 3023 1128 3081 dicat:
1164 3026 1280 3084 Erit
1325 3034 1540 3101 quando
1586 3036 1652 3091 ad
1703 3038 1809 3094 ini-

205 3109 476 3177 quitatem
531 3127 636 3167 non
686 3115 931 3172 valebitis
979 3135 1199 3188 prorsus
1230 3139 1551 3193 excurrere,
1596 3134 1810 3201 quando

205 3204 500 3268 pravitatis
539 3205 731 3263 itinera
774 3227 880 3265 non
911 3216 1155 3281 poteritis
1186 3217 1405 3276 intrare.
1441 3221 1642 3280 Cuncta
1673 3243 1808 3297 qno-

204 3314 314 3367 que
350 3301 590 3355 membra
619 3318 716 3359 sua
761 3306 1013 3363 similiter
1049 3310 1372 3380 alloquatur,
1415 3325 1469 3371 et
1511 3318 1651 3374 dicat
1692 3322 1806 3378 eis:

1935 2104 2042 2172 bat,
2078 2119 2132 2164 et
2159 2112 2288 2168 dicit
2314 2117 2366 2170 ci
2393 2135 2405 2171 :
2455 2119 2603 2179 Vade
2633 2138 2862 2196 secreto,
2893 2142 2948 2189 et
2979 2136 3263 2196 sollicitius
3289 2104 3522 2216 inqvuire,

1931 2200 2059 2268 quid
2083 2201 2277 2262 fratres
2305 2223 2448 2278 sero,
2481 2228 2601 2271 cum
2641 2220 2940 2280 oblationes
2973 2227 3232 2295 facerent,
3279 2246 3406 2292 sunt
3437 2240 3519 2294 Io-

1931 2295 2036 2387 cuti
2058 2311 2080 2359 ;.
2102 2306 2155 2352 et
2183 2301 2442 2373 quidquid
2473 2307 2918 2384 deprehenderis,
2950 2321 3016 2375 ad
3047 2339 3133 2380 me
3174 2326 3377 2383 referre
3427 2347 3519 2387 cu-

1929 2385 2094 2442 rabis.
2141 2390 2242 2457 Qui
2277 2409 2525 2466 pergens,
2557 2401 2843 2475 diligenter
2873 2409 3209 2485 investigavit
3233 2422 3434 2490 omnia,
3467 2437 3518 2481 et

1934 2491 1997 2531 ea
2024 2495 2144 2547 qua:
2172 2483 2364 2542 didicit
2390 2500 2576 2547 sancto
2600 2495 2890 2554 Pachomio
2917 2483 3196 2564 nuntiavit.
3229 2511 3328 2578 Qui
3354 2483 3518 2571 disit:

1926 2569 2062 2626 Num
2088 2576 2397 2634 existimant
2419 2581 2612 2642 fratres
2633 2591 2776 2658 quod
2807 2594 3121 2654 traditiones
3151 2618 3284 2673 quas
3314 2607 3393 2662 eis
3421 2610 3516 2664 de-

1926 2663 2101 2721 dimus
2131 2674 2422 2732 servandas
2452 2678 2700 2737 humana:
2728 2685 2857 2752 sint,
2887 2699 2944 2744 et
2973 2694 3217 2750 nesciunt
3245 2701 3384 2769 quod
3419 2719 3513 2770 pro

1923 2767 2232 2834 contemptu
2280 2767 2442 2823 etiam
2490 2772 2697 2829 minimi
2748 2781 2983 2838 mandati
3045 2801 3233 2857 magna
3262 2767 3512 2861 “pericula

1923 2852 2256 2924 negligentes
2285 2865 2583 2919 maneant?
2624 2867 2813 2928 Nonne
2840 2889 2912 2929 vti
2941 2852 3316 2940 diebusilsrael
3343 2888 3510 2944 silen-

1922 2943 2052 2999 tium
2092 2950 2232 3005 circa
2262 2951 2684 3016 Jerichuntinam
2727 2964 3000 3025 civitatem
3049 2977 3388 3033 concorditer
3433 2991 3510 3036 te-

1918 3036 2053 3104 nuit,
2085 3038 2281 3099 deinde
2311 3052 2552 3117 tempore
2579 3056 2870 3112 constituto
2907 3068 3047 3117 totus
3072 3068 3297 3136 populus
3327 3073 3505 3128 excla-

1916 3141 2069 3185 tnans
2117 3133 2386 3193 civitatem
2435 3141 2679 3209 protinus
2727 3149 2907 3218 cepit;
2959 3161 3014 3206 et
3060 3133 3506 3230 ita'prmceptutn

1917 3217 2033 3288 Dei,
2076 3234 2395 3296 quanquam
2419 3231 2602 3288 datum
2633 3250 2728 3304 per
2755 3217 3049 3309 hoininem,
3080 3217 3225 3302 nulia
3253 3217 3504 3308 diss-imu-

1915 3310 2114 3383 Igatinne
2143 3321 2507 3388 contempsit?
2541 3324 2694 3381 Nunc
2740 3343 2869 3400 ergo
2903 3332 2981 3388 vel
3010 3335 3262 3408 deinceps
3310 3357 3502 3400 mona-

201 3393 515 3463 Antequam
549 3411 695 3453 mors
738 3414 835 3454 nos
874 3402 940 3457 ab
984 3405 1210 3460 invicem
1242 3406 1478 3476 dirimat,
1512 3422 1565 3466 et
1595 3430 1808 3486 separa-

1914 3403 1998 3460 chi
2029 3420 2294 3478 praecepta
2336 3424 2518 3470 nostra
2547 3421 2870 3490 custodiant,
2904 3436 2961 3479 ut
2991 3426 3091 3483 hoc
3119 3430 3198 3485 eis
3223 3447 3498 3502 peccatum

202 3484 271 3538 tio
296 3499 426 3555 quae
453 3501 550 3558 per
575 3502 850 3558 peccatum
888 3495 1045 3563 primi
1072 3496 1304 3556 hominis
1341 3503 1553 3573 accidit,
1583 3484 1804 3578 implea-

198 3586 306 3640 tur.
344 3590 617 3640 certemus
641 3584 872 3656 fortiter,
899 3601 1104 3647 stemus
1121 3610 1550 3668 perseveranter,
1580 3604 1804 3661 viriliter

197 3673 547 3744 dimicemus,
575 3681 692 3737 sine
738 3694 954 3753 torpore
978 3695 1138 3758 atque
1180 3689 1388 3762 pigritia
1424 3695 1652 3754 Domino
1678 3713 1797 3756 ser-

197 3768 438 3834 viamus,
473 3785 644 3841 usque
676 3773 802 3830 dum
826 3792 1022 3840 rursus
1063 3782 1344 3852 adveniat,
1375 3796 1431 3842 et
1477 3793 1800 3860 temporales

193 3857 518 3929 abstergens
546 3864 768 3920 sudores
805 3876 1039 3936 nostros,
1066 3873 1132 3927 ad
1160 3873 1481 3933 immortalia
1509 3857 1608 3936 nos
1638 3898 1798 3953 regna

193 3956 482 4022 perducat.
516 3957 744 4016 Fundite
775 3961 1061 4036 lacrymas,
1085 3969 1250 4037 oculi,
1277 3970 1585 4030 demonstra
1648 3991 1790 4046 caro,

195 4055 355 4101 tuam
389 4049 622 4105 nobilem
654 4054 989 4123 servitutem,
1023 4061 1290 4117 collabora
1324 4079 1534 4121 mecum
1585 4069 1638 4123 in
1669 4086 1798 4140 pre~

191 4141 372 4205 cibus,
402 4145 595 4212 quibus
621 4145 732 4201 Deo
756 4150 1040 4220 confiteor,
1072 4169 1160 4223 ne,
1195 4171 1314 4212 cum
1349 4161 1689 4231 requiescere
1718 4168 1796 4222 vis

192 4243 368 4302 atque
397 4236 655 4305 dormire,
690 4252 944 4312 perpetua
993 4248 1148 4304 nobis
1177 4253 1541 4309 cruciamenta
1570 4260 1794 4326 conqui-

189 4341 300 4382 ras.
341 4326 410 4381 Et
451 4329 570 4384 ideo
598 4332 756 4402 vigila
796 4350 1012 4406 semper
1057 4340 1112 4395 in
1141 4343 1395 4411 operibus
1426 4348 1554 4414 tuis,
1585 4350 1710 4420 quia
1746 4353 1791 4406 si

189 4424 242 4471 te
271 4417 466 4474 sobrie
488 4423 742 4489 gesseris,
788 4425 1051 4484 honorum
1100 4432 1194 4487 tibi
1245 4437 1528 4494 retributio
1573 4417 1789 4511 copiosa

187 4510 495 4575 proveniet.
528 4513 681 4580 Quod
724 4519 768 4571 si
814 4520 1135 4591 neglexeris,
1168 4532 1559 4587 tormentorum
1591 4510 1789 4604 genera

184 4602 503 4657 miseranda
554 4615 606 4661 te
654 4611 966 4676 succident;
1013 4623 1068 4670 et
1111 4623 1237 4672 tunc
1283 4621 1528 4678 audietur
1557 4602 1790 4682 ululatus

185 4696 388 4748 anima.-
425 4695 675 4769 dellentis
716 4703 781 4756 ad
823 4719 1056 4775 corpus:
1083 4708 1200 4764 Heu
1227 4714 1346 4767 me!
1391 4714 1515 4783 quia
1543 4717 1785 4788 colligata

1910 3498 2247 3571 negligentiae
2294 3507 2618 3578 remittatur,
2664 3513 2926 3585 siquidem
2988 3531 3042 3575 et
3092 3537 3188 3578 nos
3223 3498 3333 3597 ipsi
3382 3545 3500 3600 quis

1906 3588 2028 3645 aliis
2053 3592 2338 3653 indicimus
2361 3602 2507 3655 omni
2537 3603 2897 3663 sollicitudine
2924 3615 3276 3672 custodimus.

1977 3683 2126 3742 Tunc
2175 3689 2450 3761 ingressus
2494 3700 2903 3772 monasterium,
2937 3718 3058 3775 post
3083 3711 3379 3769 orationem
3407 3733 3499 3772 ve~

1905 3775 1983 3830 nit
2021 3778 2089 3834 ad
2127 3778 2342 3848 fratres,
2387 3785 2478 3855 qui
2511 3788 2751 3857 psiathos
2775 3796 3150 3864 cperabantur,
3192 3801 3496 3875 sedensque

1904 3883 2023 3922 cum
2070 3871 2184 3942 eis,
2234 3876 2399 3944 carpit
2449 3889 2502 3932 et
2554 3881 2672 3950 ipse
2719 3892 2923 3942 texere.
2973 3888 3262 3950 Transiens
3314 3908 3496 3956 autem

1905 3964 2159 4031 puerulus
2180 3968 2270 4037 qui
2291 3973 2615 4030 ciinstitutus
2637 3987 2752 4032 erat
2793 3981 2859 4035 ad
2888 3981 3202 4055 obsequium
3232 3990 3368 4059 ejus,
3403 3998 3494 4063 qui

1904 4058 2265 4126 septimanam
2296 4063 2523 4120 faciebat
2552 4066 2688 4140 (41),
2713 4071 2940 4129 intendit
2979 4083 3245 4134 texentem
3263 4058 3490 4140 ibeattim

1902 4145 2267 4218 Pachomium,
2301 4163 2358 4210 et
2395 4155 2527 4212 dicit
2564 4161 2612 4214 ei
2643 4178 2657 4214 :
2689 4163 2805 4218 Non
2828 4165 2986 4237 bene,
3021 4169 3195 4238 Pater,
3224 4179 3488 4245 operaris,

1899 4242 2007 4323 alio
2034 4247 2194 4301 modo
2235 4247 2400 4305 abbas
2431 4250 2745 4311 Theodorus
2775 4259 2984 4316 intexit.
3020 4264 3088 4318 Et
3115 4281 3238 4321 mox
3261 4242 3492 4338 surgens

1896 4319 1973 4392 ait
1999 4340 2066 4395 ad
2104 4357 2328 4412 puerum
2366 4347 2645 4406 :Ostende
2684 4353 2837 4420 mihi,
2869 4357 2966 4424 ﬁli,
2995 4364 3261 4429 quomodo
3308 4319 3490 4422 teZere

1897 4428 2146 4489 debeam.
2194 4433 2263 4488 Et
2308 4451 2430 4492 cum
2479 4438 2755 4499 didicisset
2789 4447 2858 4500 ab
2886 4464 2974 4516 eo,
3004 4428 3146 4507 sedit
3189 4471 3372 4511 rursus
3419 4459 3486 4514 ad

1895 4536 2030 4593 opus
2057 4541 2234 4595 suum,
2267 4541 2447 4587 mente
2478 4538 2812 4606 tranquillus,
2845 4551 2899 4596 et
2945 4543 3001 4597 itt
3031 4545 3132 4600 hoc
3163 4549 3316 4622 135
3343 4551 3485 4610 facto

1893 4619 2160 4686 superbiae
2205 4622 2453 4690 spiritum
2504 4631 2888 4699 comprimens.
2943 4634 3075 4691 Nam
3115 4639 3160 4693 si
3187 4619 3483 4703 secundum

1893 4723 2110 4768 carnem
2139 4719 2670 4790 quantulumcunque
2707 4737 2941 4795 saperet,
2970 4745 3305 4805 nequaquam
3333 4743 3484 4809 pueri

2583 4786 2596 4790 _
2770 4786 2786 4795 .
2926 4786 2940 4795 .
3057 4786 3071 4802 ,
3117 4786 3305 4805 ..τ-η--
3333 4786 3479 4809 τ-ν..

183 4798 306 4840 sunt
348 4786 468 4854 tibi,
507 4798 560 4844 et
587 4803 806 4861 propter
837 4807 887 4852 te
917 4813 1128 4865 pinnam
1158 4815 1427 4872 perpetua;
1456 4786 1786 4864 condemna-
1815 4819 1866 4880 ι)
1894 4797 2110 4861 monitis
2156 4811 2555 4879 acquiesceret;
2608 4818 2701 4872 sed
2746 4821 2925 4889 potius
2973 4825 3304 4898 increpasset
3333 4850 3479 4896 eum.

185 4876 354 4934 tionis
381 4882 613 4950 excipio.
655 4886 712 4942 Si
737 4886 853 4944 haec
882 4890 1020 4948 intra
1047 4908 1144 4948 nos
1172 4897 1385 4953 assidue
1413 4908 1785 4974 retractemus,

183 4971 493 5028 efficiemur
526 4990 653 5032 vere
694 4980 945 5048 templum
977 4985 1204 5053 Domini,
1235 4998 1292 5044 et
1311 4990 1543 5060 Spiritus
1569 4971 1788 5053 sanctus

181 5059 457 5119 habitabit
494 5065 547 5121 in
581 5068 755 5137 nobis,
787 5087 887 5128 nec
917 5076 1026 5130 ulla
1055 5091 1151 5133 nos
1171 5059 1382 5137 Satanae
1416 5085 1614 5153 poterit
1643 5088 1784 5144 ulte-

182 5155 298 5208 rius
327 5159 719 5217 circumvenire
747 5171 976 5221 versutia
1007 5167 1060 5240 (Ι
1081 5169 1198 5226 Cor.
1232 5174 1330 5244 tv).
1381 5175 1554 5248 Super
1596 5180 1780 5236 decem

183 5246 360 5302 millia
388 5264 600 5322 quoque
630 5254 1037 5328 paedagogorum
1071 5246 1553 5339 magistrorumque
1582 5271 1784 5329 doctri-

183 5354 333 5404 nam,
364 5342 521 5399 timor
547 5346 757 5404 Domini
785 5366 878 5420 per
907 5357 1259 5424 cogitationes
1289 5361 1656 5431 hujuscemodi
1687 5383 1784 5424 nos

182 5434 418 5501 erudiet,
452 5439 850 5514 prudentesque
876 5434 1180 5507 custbdiet:
1213 5462 1267 5508 et
1301 5471 1648 5529 qurecumque
1677 5461 1784 5516 for-

178 5523 327 5580 sitan
360 5526 596 5585 humano
621 5547 784 5590 sensu
816 5552 920 5593 non
952 5541 1190 5599 valemus
1219 5546 1506 5618 attingere,
1541 5551 1657 5607 haec
1686 5568 1781 5608 no-

179 5615 266 5671 bis
292 5618 525 5686 Spiritus
571 5634 790 5681 sanctus
839 5630 1139 5701 inspirabit.
1185 5635 1319 5691 Nam
1363 5615 1497 5708 quid
1540 5655 1776 5714 oremus,

183 5719 239 5762 ut
289 5711 481 5769 beatus
526 5716 603 5771 ait
644 5719 958 5792 Apostolus,
1007 5727 1146 5782 sicut
1193 5739 1426 5802 oportet,
1478 5711 1775 5802 nescimus;

178 5803 277 5856 sed
329 5804 441 5872 ipse
468 5805 699 5876 Spiritus
748 5818 982 5881 postulat
1027 5834 1121 5887 pro
1168 5822 1323 5877 nobis
1365 5825 1650 5894 gemitibus
1698 5831 1780 5882 itt-

180 5897 573 5955 enarrabilibus
601 5902 782 5970 (Rom.
808 5907 951 5979 vttt).
999 5910 1168 5967 Erant
1193 5915 1410 5984 quidem
1442 5925 1498 5972 et
1525 5919 1629 5974 alia
1663 5920 1779 5989 plu-

184 5985 320 6042 rima
355 6004 468 6058 qua)
495 5990 825 6063 diceremus;
865 6001 958 6055 sed
1007 6018 1075 6058 ne
1120 6021 1215 6062 vos
1259 6009 1484 6067 multum
1511 6010 1778 6084 ‘Iaborare

465 6108 735 6174 PATROL.
781 6114 1072 6181 LXXIII.

1892 4904 2033 4973 quod
2065 4905 2198 4960 ultra
2233 4917 2447 4965 aetatem
2472 4927 2622 4968 suam
2652 4915 2795 4987 loqui
2823 4934 3192 4989 przesumeret.

1965 4993 2092 5050 Car.
2135 4996 2368 5056 XLVIII.
2403 5032 2472 5042 —-
2503 5004 2621 5060 Alio
2660 5022 2788 5064 vero
2836 5021 3096 5084 tempore,
3126 5032 3248 5072 cum
3290 5034 3351 5075 se
3400 5037 3476 5076 re-

1895 5090 2154 5146 movisset
2200 5095 2268 5147 ab
2318 5098 2462 5151 omni
2522 5112 2841 5173 conspectu,
2912 5117 2966 5163 et
3012 5110 3066 5164 in
3118 5121 3331 5168 secreto
3377 5129 3476 5169 suo

1893 5195 2211 5252 moraretur,
2239 5188 2478 5246 introivit
2499 5195 2564 5246 ad
2585 5210 2705 5250 eum
2729 5198 2970 5256 diabolus
2993 5203 3177 5258 habitu
3198 5205 3471 5274 simulato,

1891 5283 1946 5328 et
1991 5291 2055 5331 ex
2103 5280 2335 5336 adverso
2387 5286 2900 5357 consistizns:Ave,
2953 5294 3140 5364 inquit,
3191 5297 3469 5357 Pachonti.

1889 5367 2000 5440 Ego
2028 5384 2144 5426 Stltll
2192 5372 2436 5431 Christus
2461 5379 2601 5449 (i9),
2629 5391 2683 5435 et
2706 5384 2862 5438 venio
2901 5384 2966 5438 ad
2997 5395 3048 5440 te
3095 5386 3307 5446 hdelem
3339 5395 3476 5462 ami-

1887 5473 2007 5513 cum
2040 5477 2239 5518 meum.
2274 5466 2424 5524 Tunc
2446 5469 2582 5539 ipse,
2609 5472 2883 5530 revelante
2906 5476 3006 5532 sibi
3034 5479 3235 5548 Spiritu
3257 5497 3469 5554 sancto,

1885 5551 2148 5610 visionem
2183 5573 2416 5616 renuens
2448 5561 2674 5627 inimici,
2723 5565 2990 5634 cogitabat
3035 5573 3168 5629 intra
3198 5591 3277 5643 se,
3310 5587 3471 5650 atque

1862 5643 2096 5702 'dicebat
2126 5667 2137 5702 :
2170 5654 2447 5711 Adventus
2499 5655 2695 5711 Christi
2737 5663 3050 5732 tranquillus
3091 5679 3194 5739 est,
3244 5680 3297 5726 et
3335 5674 3469 5729 visio

1882 5738 2000 5808 ejus
2029 5745 2175 5798 omni
2208 5747 2398 5802 timore
2427 5750 2619 5818 libera,
2645 5763 2701 5810 et
2728 5758 2919 5826 gaudio
2949 5761 3104 5830 plena
3147 5738 3262 5833 est;
3297 5770 3466 5833 proti-

1882 5846 1982 5888 nus
2012 5837 2154 5890 enim
2185 5847 2238 5892 et
2272 5839 2519 5897 humanae
2549 5848 2901 5919 cogitationes
2929 5854 3147 5921 abeunt,
3171 5869 3225 5913 et
3246 5860 3462 5919 deside-

1881 5925 1958 5977 ria
2011 5936 2210 5980 acterna
2255 5933 2585 6006 succedunt;
2635 5956 2736 6013 ego
2783 5955 2960 6002 autem
3019 5964 3156 6003 nunc
3199 5955 3458 6017 turbatus,

1882 6018 2042 6074 variis
2064 6023 2479 6091 cogitationibus
2511 6043 2698 6094 :cstuo.
2733 6039 2794 6095 Et
2835 6049 3090 6098 continuo
3128 6059 3373 6114 surgens,
3407 6061 3461 6102 ct

3029 6163 3068 6220 9
