4142 6350
511 5505 529 5562 ἢ

622 515 724 574 267

1634 501 1723 569 DE
1767 511 1946 569 VITIS
1980 508 2266 567 PATRUM
2299 501 2502 565 LIBER
2542 503 2814 564 PRIMUS.

3802 513 3909 571 268

623 635 838 692 Christo
869 647 1021 705 Signo
1056 647 1116 691 se
1162 631 1431 698 muniens,
1466 630 1704 686 extendit
1751 622 1942 684 manus
1981 639 2107 682 suas
2150 633 2207 680 ut
2236 624 2420 685 Anon
2465 632 2648 692 posset
2689 623 2742 678 id
2799 632 2980 693 agere,
3035 625 3355 695 respondit:
3385 625 3444 684 Si
3493 628 3771 685 vobiscum
3809 647 3910 702 pu-

622 729 796 800 ipsum
832 727 1343 798 comprehenderet.
1379 723 1446 778 Et
1484 721 1777 778 exsufflans
1808 721 1862 776 in
1885 731 2004 775 eum
2035 716 2165 773 dixit
2193 733 2205 770 :

621 819 848 878 Discede
873 837 903 876 a
934 821 1039 888 me,
1066 819 1293 883 diabole,
1320 819 1442 890 quia
1473 817 1785 874 maledictus
1817 828 1874 870 es
1903 825 1977 879 tu,
2001 821 2055 870 et
2075 811 2212 868 visio

623 923 737 980 tua,
768 919 824 968 et
868 921 1009 967 artes
1053 909 1371 966 insidiarum
1425 910 1658 974 tuarum,
1703 920 1802 963 nec
1843 905 2007 960 habes
2036 903 2210 958 locum

626 1005 766 1075 apud
801 1003 1024 1058 famulos
1058 1001 1187 1068 Dei;
1238 1011 1293 1056 et
1341 1000 1515 1056 factus
1545 1000 1707 1055 veluti
1738 998 1932 1068 pulvis,
1967 995 2213 1052 cellulam

621 1098 736 1168 ejus
789 1093 1176 1152 molestissimo
1227 1094 1397 1150 fetore
1447 1091 1759 1160 complevit;
1812 1093 1881 1146 ita
1937 1101 1992 1145 ut
2037 1089 2211 1160 ipsum

623 1187 995 1258 corrumperet
1024 1193 1230 1253 aerem,
1267 1189 1402 1243 voce
1429 1201 1621 1258 magna
1652 1187 2030 1256 proclamans:
2055 1183 2215 1239 Modo

622 1292 676 1338 te
709 1281 942 1339 lucratus
971 1297 1174 1351 essem,
1207 1287 1260 1338 et
1287 1282 1388 1336 sub
1419 1289 1589 1336 meam
1624 1285 1947 1350 potestatem
1977 1277 2217 1348 redegis-

623 1389 760 1443 sem,
790 1377 884 1433 sed
919 1376 1171 1448 praecelsa
1205 1387 1286 1433 est
1316 1375 1484 1431 virtus
1517 1373 1714 1430 Christi
1743 1391 1756 1429 :
1793 1373 1911 1429 ideo
1938 1371 2163 1428 deludor
2185 1385 2217 1426 a

623 1470 775 1524 vobis
823 1470 876 1525 in
921 1469 1193 1525 omnibus.
1249 1469 1628 1524 verumtamen
1679 1467 1935 1536 quantum
1969 1477 2214 1534 possunt,

621 1578 717 1619 vos
745 1564 1061 1636 impugnare
1091 1578 1197 1618 non
1225 1561 1502 1626 de'Sinam;
1535 1566 1749 1630 oportet
1782 1561 1922 1615 enim
1953 1573 2038 1613 me
2079 1570 2216 1625 opus

623 1671 802 1713 meum
832 1658 948 1713 sine
979 1657 1385 1712 intermissione
1416 1656 1709 1725 complere.
1735 1653 2056 1709 Pachomius
2080 1664 2214 1719 ergo

621 1751 956 1808 confortatus
1021 1745 1221 1820 S’piritu
1267 1757 1494 1818 "sancto,
1537 1747 1894 1803 confitebatur
1944 1745 2209 1809 Domino,

620 1845 823 1916 gratias
867 1844 916 1897 ei
974 1857 1139 1914 agens
1183 1843 1250 1898 de
1282 1843 1432 1898 miris
1461 1849 1583 1913 erga
1631 1856 1690 1898 se
1733 1839 2012 1897 beneficiis
2054 1850 2216 1909 atque

618 1936 950 1995 muneribus.

2319 730 2577 788 gnavero,
2635 729 2738 770 non
2773 728 2934 787 parva
2965 716 3119 773 vobis
3162 718 3454 776 utilitatum
3483 723 3768 779 commoda
3817 727 3910 781 mi-

2315 811 2579 879 nistrabo,
2618 812 2852 866 maxime
2902 812 3018 879 tibi,
3059 823 3094 867 ο
3142 813 3420 880 Pachomi,
3452 815 3544 887 qui
3588 818 3656 873 ad
3703 825 3909 874 tantam

2314 903 2690 959 celsitudinem
2723 905 3036 975 pervenisti,
3073 915 3131 961 ut
3168 909 3444 976 corporeis
3479 909 3655 967 oculis
3682 913 3910 982 gloriam

2318 993 2532 1050 Domini
2563 996 2758 1078 dignus
2800 997 2874 1052 sis
2917 997 3129 1053 habitus
3157 1000 3373 1054 intueri.
3403 1000 3510 1057 Sed
3550 1004 3810 1074 mihiquid
3857 1007 3909 1060 in

2321 1102 2640 1162 perpetumn
2670 1106 2792 1148 cum
2824 1094 2928 1148 tuis
2973 1095 3251 1151 monachis
3279 1095 3564 1164 habitabis,
3598 1109 3731 1168 quos
3768 1091 3913 1156 nunc

2320 1193 2376 1240 et
2405 1185 2735 1241 orationibus
2767 1187 3023 1257 protegis,
3056 1195 3111 1243 et
3142 1185 3517 1244 exhortatione
3545 1189 3912 1246 corroborati?

2321 1278 2436 1333 Erit
2477 1285 2687 1348 tempus
2715 1287 2838 1349 post
2886 1280 3089 1335 obitum
3137 1289 3309 1346 tuum,
3359 1280 3574 1351 quando
3604 1281 3746 1338 inter
3791 1295 3906 1350 eos,

2321 1377 2478 1442 prout
2507 1372 2743 1438 libuerit,
2785 1373 3178 1440 debacchabor,
3230 1382 3284 1430 et
3313 1385 3465 1445 agam
3496 1373 3562 1430 de
3616 1373 3702 1431 his
3758 1387 3910 1447 qure-

2321 1478 2531 1533 cunque
2571 1463 2872 1534 placuerint
2902 1465 3050 1520 mihi.
3080 1464 3161 1521 'l'u
3194 1475 3424 1537 namque
3451 1463 3582 1522 facis
3609 1475 3668 1523 ut
3702 1479 3847 1524 nunc
3881 1484 3909 1522 a

2325 1566 2469 1613 tanta
2500 1557 2888 1612 monachorum
2919 1559 3334 1629 congregatione
3357 1560 3663 1615 concnlcer.
3700 1561 3768 1614 Et
3788 1573 3909 1614 san-

2321 1659 2440 1706 ctus
2469 1651 2550 1705 vir
2578 1668 2591 1704 :
2619 1650 2809 1706 Nonne
2839 1653 2966 1718 Scis,
3016 1652 3210 1723 inquit,
3244 1649 3449 1719 infelix,
3498 1653 3640 1724 quod
3686 1651 3911 1708 forsitan

2324 1752 2445 1812 post
2474 1756 2573 1798 nos
2604 1742 2854 1798 meliores
2895 1751 3074 1811 erunt,
3110 1743 3197 1812 qui
3239 1742 3454 1799 Christo
3482 1745 3691 1800 sincera
3721 1745 3912 1799 volun-

2322 1846 2431 1893 tate
2453 1838 2773 1904 servientes,
2807 1851 2901 1892 eos
2931 1837 3022 1908 qui
3068 1835 3133 1892 ad
3163 1835 3500 1906 disciplinam
3539 1837 3754 1893 Domini
3783 1849 3912 1893 con-

2322 1927 2572 1999 fugerint,
2605 1935 2661 1984 et
2709 1927 2969 1983 doctrinis
3010 1926 3342 1996 spiritalibus
3390 1926 3656 1990 imbuant,
3699 1937 3754 1983 et
3804 1928 3908 1996 piis

690 2029 821 2085 CAP.
864 2027 1029 2084 XLIX
1052 2057 1124 2068 —
1149 2025 1207 2082 In
1263 2027 1366 2083 hoc
1409 2029 1572 2081 etiam
1615 2026 1945 2082 monasterio
1981 2023 2208 2095 quadam
2243 2021 2293 2088 Β
2319 2025 2582 2094 exemplis
2602 2023 2889 2079 aediﬁcent.
2921 2021 3076 2087 Novi,
3109 2022 3179 2076 ait
3213 2021 3325 2090 illa,
3351 2021 3495 2092 quod
3533 2032 3719 2078 contra
3748 2030 3912 2092 caput

620 2129 779 2176 nocte
832 2134 952 2175 cum
1002 2117 1289 2174 Theodoro
1339 2117 1729 2185 deambulans,
1786 2117 1965 2172 subito
2022 2117 2207 2186 procul

618 2215 842 2271 intuitus
865 2223 948 2271 est
989 2213 1243 2286 grandem
1281 2213 1637 2284 phantasiam,
1674 2213 1837 2268 multa
1890 2213 2208 2268 seductione

617 2309 996 2379 compositam.
1024 2308 1155 2363 Erat
1181 2309 1325 2364 enim
1355 2309 1405 2362 in
1434 2307 1618 2363 habitu
1647 2309 1910 2370 mulieris,
1937 2305 2208 2362 excedens

617 2417 834 2458 omnem
865 2400 1153 2455 humanam
1180 2400 1651 2470 pulchritudinem,
1685 2402 1755 2454 ita
1791 2405 1845 2454 ut
1876 2399 2060 2452 forma:
2088 2398 2206 2466 ejus

617 2493 882 2562 expositio
919 2505 973 2548 et
1015 2493 1162 2548 visus
1213 2493 1404 2561 exponi
1457 2509 1559 2546 non
1593 2501 1792 2561 posset.
1829 2491 1976 2544 lianc
2024 2489 2208 2543 videns

616 2587 778 2642 etiam
808 2585 1146 2649 Theodorus,
1183 2584 1430 2640 turbatus
1475 2594 1555 2640 est
1586 2585 1757 2649 valde,
1795 2593 1847 2638 et
1878 2584 2052 2638 vultus
2093 2582 2209 2650 ejus

613 2678 929 2732 immutatus
981 2685 1081 2733 est.
1135 2677 1302 2744 Quem
1344 2675 1664 2731 venerabilis
1703 2689 1868 2729 senex
1901 2673 2087 2728 videns
2134 2674 2208 2726 ni-

613 2767 781 2824 mium
829 2767 1402 2823 fortnidareztlonfide
1455 2768 1507 2820 in
1555 2767 1800 2830 Domino,
1854 2767 1947 2830 ait,
1982 2781 2012 2817 o
2045 2767 2211 2819 Theo-

618 2859 773 2926 dore,
808 2875 906 2914 nec
936 2859 1272 2928 aliquatenus
1302 2871 1646 2928 expavescas.
1685 2857 1807 2912 llaec
1835 2857 2038 2918 diCt'tts,
2062 2857 2211 2910 stetit

614 2953 671 3008 in
697 2953 962 3019 oratione,
1022 2951 1332 3022 supplicans
1384 2951 1642 3017 Domino,
1702 2960 1758 3004 ut
1805 2951 2064 3020 stupenda
2120 2951 2208 3005 illa

615 3048 896 3118 phantasia
945 3046 1141 3102 divinae
1195 3045 1490 3116 maiestatis
1545 3044 1827 3114 praesentia
1883 3045 2206 3097 solveretur.

613 3139 855 3210 Cumque
904 3138 1063 3196 simul
1118 3150 1356 3205 orarent,
1419 3138 1581 3207 carpit
1636 3137 1724 3192 illa
1783 3137 2023 3207 proxima
2071 3137 2206 3206 fieri,

615 3250 775 3306 quam
803 3235 1140 3306 prccccdebat
1163 3235 1392 3306 plurima
1415 3234 1719 3288 daemonum
1747 3234 2051 3288 multitudo.
2078 3235 2207 3288 Cum

617 3343 746 3399 ergo
771 3345 955 3399 preces
980 3344 1103 3383 suas
1137 3329 1454 3383 Pachomius
1478 3329 1818 3396 explicasset,
1855 3327 1937 3381 illa
1966 3327 2206 3391 veniens,

2319 2124 2465 2170 tuum
2500 2114 2664 2169 modo
2695 2113 2953 2168 mentitus
2997 2114 3092 2168 sis.
3128 2112 3276 2168 Tune
3326 2112 3648 2169 Pachomius
3677 2113 3793 2168 ait:
3826 2112 3908 2169 Tu

2317 2207 2581 2261 mendacii
2651 2206 3008 2276 principatum
3052 2205 3236 2275 geris,
3294 2220 3415 2261 nam
3472 2209 3728 2276 praescire
3771 2206 3910 2262 nihil

2320 2301 2544 2355 omnino
2573 2299 2854 2370 prtevaies.
2883 2299 2993 2354 Hoc
3022 2300 3163 2354 enim
3211 2299 3378 2355 solius
3410 2300 3500 2355 Dei
3521 2309 3623 2366 est,
3657 2309 3710 2355 et
3741 2299 3910 2369 maje-

2317 2394 2470 2447 statis
2495 2393 2613 2462 ejus
2634 2406 2696 2446 ac
2718 2391 2972 2461 potentiae
2999 2391 3296 2461 propritim,
3325 2402 3518 2447 cuncta
3543 2405 3905 2463 praenoscere.

2315 2486 2444 2553 Qum
2467 2485 2780 2554 respondit:
2813 2485 3116 2540 Secundum
3149 2486 3545 2555 praescientiatn
3575 2484 3818 2554 quidem,
3852 2494 3909 2538 nt

2317 2580 2472 2645 dicis,
2519 2580 2733 2648 penitus
2789 2577 2919 2632 nihil
2970 2578 3115 2642 novi,
3163 2577 3502 2647 conjiciendo
3539 2587 3715 2631 tamen
3751 2577 3911 2648 138

2319 2673 2546 2741 plurima
2595 2685 2881 2742 cognosco.
2917 2670 2983 2725 Et
3013 2678 3200 2726 sancto
3241 2669 3530 2726 Pacliomio
3574 2669 3907 2738 sciscitante,

2315 2753 2585 2833 quomodo
2614 2764 2885 2834 conjiciat,
2924 2765 3000 2818 ait
3039 2763 3127 2818 illa
3161 2782 3175 2820 :
3209 2764 3288 2818 Ex
3326 2763 3752 2833 prtecedentibus
3787 2771 3912 2832 qua

2316 2866 2440 2911 sunt
2470 2865 2714 2924 ventura,
2751 2857 3060 2911 considero.
3092 2857 3156 2912 Et
3186 2859 3262 2910 vir
3290 2867 3508 2911 sanctus
3531 2859 3604 2911 ait
3633 2857 3699 2911 ad
3741 2871 3859 2911 eam
3885 2873 3903 2910 :

2317 2948 2599 3015 Quomodo
2630 2948 2900 3017 conjicere
2933 2949 3125 3017 possis,
3163 2951 3422 3018 exprime.
3454 2949 3520 3003 Et
3547 2949 3634 3004 illa
3659 2964 3674 3005 :
3698 2947 3911 3016 Omnis;

2316 3047 2513 3115 inquit,
2547 3045 2622 3100 rei
2660 3046 2976 3114 principium
3007 3060 3263 3116 processu
3308 3045 3565 3116 temporis
3599 3046 3662 3100 ad
3699 3047 3910 3101 consti-

2317 3147 2488 3193 tututn
2539 3138 2708 3194 tendit
2748 3149 3116 3208 augmentum,
3161 3139 3355 3194 deinde
3402 3140 3466 3194 ad
3518 3139 3907 3194 detrimentum

2317 3231 2568 3300 divergit.
2604 3224 2692 3287 Sic
2724 3247 2851 3302 ergo
2898 3241 2950 3288 et
2981 3233 3032 3286 in
3063 3236 3160 3288 hac
3209 3232 3386 3288 divina
3431 3235 3712 3288 vocatione
3742 3234 3912 3303 conjis

2319 3327 2426 3390 cio,
2459 3341 2576 3394 quae
2623 3326 2760 3380 inter
2791 3324 2944 3380 initia
2974 3339 3064 3380 sua
3104 3326 3312 3381 caelesti
3345 3325 3593 3380 roborata
3636 3325 3914 3396 przesidio,

618 3420 694 3476 ait
714 3425 778 3475 ad
809 3437 904 3477 eos
933 3439 945 3475 :
974 3422 1111 3487 Quid
1140 3423 1410 3492 superflue
1443 3422 1718 3484 laboratis,
1753 3421 1876 3474 dum
1906 3430 2090 3476 contra
2127 3435 2212 3477 me
2243 3424 2288 3490 Ο
2319 3421 2487 3490 signis
2515 3429 2570 3474 et
2614 3421 2898 3491 prodigiis,
2928 3421 3198 3491 Variisque
3240 3422 3524 3476 virtutibus
3555 3422 3744 3475 crevit.
3775 3423 3917 3491 Cum

618 3512 754 3568 nihil
787 3529 943 3582 agere
978 3515 1240 3582 potestis?
1273 3515 1384 3584 Ego
1414 3529 1644 3584 namque
1678 3524 1997 3583 potestatein
2032 3517 2211 3586 accepi

616 3621 649 3661 a
681 3607 904 3661 Domino
959 3616 1166 3661 tentare
1212 3622 1342 3675 quos
1385 3609 1525 3662 volo.
1583 3609 1648 3662 Et
1695 3609 2044 3679 interrogavit
2094 3627 2210 3667 eam

616 3699 967 3768 Pachomius,
999 3701 1182 3755 dicens
1214 3699 1392 3768 :Quid
1434 3701 1513 3755 vis
1561 3713 1704 3765 esse,
1735 3701 1819 3757 vel
1869 3703 2009 3759 unde
2036 3707 2210 3773 venis,

614 3801 710 3847 aut
754 3806 912 3862 quem
973 3801 1177 3847 tentare
1231 3803 1284 3847 tu
1337 3793 1572 3863 quaeris?
1618 3794 1749 3861 ane
1799 3795 2050 3866 aitzEgo
2094 3811 2210 3852 sum

615 3883 816 3940 diaboli
863 3885 1059 3951 virtus,
1107 3894 1162 3939 et
1203 3885 1336 3939 mihi
1367 3894 1449 3940 est
1487 3895 1706 3942 caterva
1758 3887 2065 3943 daemonum
2101 3899 2212 3943 tota

617 3973 885 4044 subjecta.
937 3974 1054 4044 Ego
1094 3990 1213 4029 sum
1262 3989 1380 4046 qua:
1429 3987 1611 4031 sancta
1667 3978 1865 4033 lumina
1917 3979 1969 4033 in
2012 3990 2210 4035 terram

613 4065 915 4136 pracipito,
946 4073 1002 4120 et
1029 4065 1258 4135 caligine
1309 4064 1604 4122 mortifera:
1634 4069 1922 4139 voluptatis
1970 4071 2206 4126 involvo.

610 4157 728 4232 Ego
758 4157 950 4214 Judam
980 4174 1192 4230 quoque
1221 4159 1430 4230 decepi,
1462 4171 1516 4216 et
1562 4161 1629 4216 ab
1658 4164 1992 4232 apostolatus
2033 4163 2209 4234 dejeci

615 4251 852 4323 faetigio.
882 4251 947 4307 Et
978 4257 1030 4307 te
1060 4251 1242 4323 igitur,
1276 4269 1308 4307 ο
1333 4253 1609 4323 Pachomi,
1642 4257 1872 4327 expetivi
1897 4273 1926 4313 a
1953 4257 2206 4329 Domino,

615 4353 671 4398 et
713 4344 1030 4416 impugnare
1078 4358 1184 4400 non
1215 4357 1406 4412 cesso;
1451 4361 1551 4402 nec
1593 4355 1813 4418 possunt
1846 4350 2078 4420 amplius
2108 4368 2208 4421 op-

617 4437 832 4509 probria
864 4438 1168 4493 daemonum
1210 4441 1496 4509 sustinere,
1546 4441 1687 4511 quod
1738 4445 2000 4499 universis
2029 4445 2207 4515 impu-

609 4531 955 4602 gnationibus
983 4546 1046 4588 ac
1080 4533 1276 4602 prteliis
1319 4532 1457 4590 meis
1510 4535 1840 4605 superiorem
1873 4549 1924 4592 te
1964 4553 2085 4594 esse
2112 4539 2205 4595 de-

613 4627 1030 4683 monstraveris.
1061 4626 1247 4683 Nullus
1276 4629 1418 4684 enim
1445 4643 1550 4698 me,
1585 4630 1727 4685 sicut
1755 4637 1835 4697 tu,
1867 4633 1984 4687 sine
2006 4633 2207 4688 viribus

612 4718 866 4776 reddidit.
891 4719 1023 4776 Nam
1042 4721 1327 4792 juvenibus
1355 4732 1407 4778 et
1433 4723 1673 4790 senibus,
1705 4739 1912 4801 necnon
1943 4733 1997 4780 et
2025 4727 2207 4795 pueris

2326 3511 2487 3582 igitur
2519 3525 2803 3565 senescere
2833 3510 3080 3580 coeperit,
3107 3526 3136 3565 a
3169 3514 3403 3581 propriis
3433 3513 3703 3568 minuetur
3734 3514 3915 3567 incre«

2323 3606 2540 3674 mentis,
2593 3614 2684 3659 aut
2729 3609 2991 3674 temporis
3039 3605 3391 3662 diuturnitate
3439 3607 3761 3672 lassescens,
3815 3616 3916 3662 aut

2318 3700 2659 3771 negligentia:
2687 3709 2903 3768 torpore
2921 3699 3200 3764 deficiens,
3229 3711 3351 3756 tunc
3377 3701 3636 3755 adversus
3660 3699 3916 3770 hujusce-

2320 3795 2461 3848 modi
2494 3804 2685 3865 potero
2717 3794 3030 3863 praevalere.
3060 3795 3165 3851 Sed
3197 3805 3250 3850 et
3280 3811 3422 3851 nunc
3443 3811 3576 3865 opus
3599 3811 3781 3851 meum
3806 3804 3915 3859 est,

2313 3887 2669 3957 supplantare
2698 3901 2836 3956 quos
2875 3901 3118 3955 possum,
3168 3899 3496 3958 magnosque
3527 3887 3670 3942 viros
3701 3896 3917 3945 tentare

2316 3996 2422 4035 non
2455 3981 2663 4036 desino.
2700 3980 2796 4035 Cui
2829 3979 3150 4035 Pachomius
3171 3979 3245 4034 ait
3269 3997 3282 4033 :
3305 3979 3384 4046 Si,
3419 3989 3476 4035 ut
3501 3980 3658 4045 dicis,
3685 3995 3916 4052 magnos

2316 4073 2464 4126 viros
2495 4080 2706 4127 tentare
2740 4087 2844 4126 non
2895 4071 3121 4139 desinis,
3154 4073 3536 4142 propriumque
3575 4087 3712 4142 opus
3753 4082 3912 4129 tuum

2315 4165 2614 4219 animarum
2649 4165 3002 4234 perditionem
3033 4179 3152 4220 esse
3179 4167 3421 4235 professa
3452 4181 3530 4233 es,
3565 4173 3754 4237 utpote
3785 4182 3914 4237 qua:

2315 4263 2535 4311 cunctos
2579 4257 2800 4312 excellis
2832 4258 2884 4310 in
2919 4256 3120 4311 malitia
3169 4256 3466 4323 daemones,
3499 4257 3586 4314 die
3634 4259 3914 4328 quomodo

2315 4365 2458 4407 nunc
2498 4351 2755 4406 adversus
2788 4350 2882 4405 Dei
2914 4349 3141 4405 famulos
3167 4367 3273 4406 non
3302 4360 3454 4421 potes
3481 4352 3816 4421 praevalere?
3843 4351 3914 4407 Et

2314 4444 2404 4499 illa
2435 4461 2448 4497 :
2474 4444 2591 4500 Jam
2624 4444 2740 4510 tibi,
2777 4445 2968 4516 inquit,
2996 4455 3122 4502 ante
3152 4445 3394 4516 praedixi,
3421 4461 3486 4500 ex
3508 4459 3616 4516 quo
3646 4445 3912 4502 mirabilis

2313 4537 2614 4592 incarnatio
2634 4537 2832 4593 (:hristi
2866 4539 3005 4594 facta
3035 4550 3114 4595 est
3142 4541 3193 4594 in
3224 4543 3398 4604 terris,
3427 4551 3525 4593 nos
3551 4539 3670 4593 sine
3701 4537 3912 4595 viribus

2313 4643 2538 4699 prorsus
2565 4631 2800 4686 existere
2827 4632 3088 4700 coepimus
3116 4649 3129 4697 ;
3162 4630 3232 4687 ita
3265 4641 3319 4686 ut
3349 4631 3418 4686 ab
3443 4631 3526 4685 his
3552 4631 3642 4700 qui
3675 4631 3913 4687 credunt

2314 4722 2364 4775 in
2399 4722 2616 4776 nomine
2643 4721 2759 4792 ejus
2788 4723 3076 4778 illudamur
3119 4731 3179 4779 ut
3227 4739 3476 4793 passeres
3501 4723 3642 4796 (ιῦ).
3682 4723 3911 4780 Verum-

612 4812 858 4868 doctrina
888 4823 974 4868 tua
1013 4829 1098 4868 me
1128 4814 1402 4883 subdidit;
1429 4825 1483 4871 et
1512 4826 1569 4871 ut
1613 4817 1679 4873 ab
1719 4817 1798 4872 eis
1828 4819 2040 4887 penitus
2071 4833 2200 4874 con-
2225 4808 2490 4872 Dtamen
2535 4826 2633 4873 etsi
2674 4817 2870 4873 infirmi
2915 4833 3102 4875 sumus
3145 4819 3360 4881 redditi,
3415 4834 3519 4875 non
3566 4835 3739 4889 usque
3770 4820 3908 4876 adeo

607 4905 814 4976 culcer,
845 4905 1063 4961 effecit:
1087 4914 1294 4962 tantum
1324 4921 1658 4978 congregans
1688 4920 1874 4965 contra
1925 4925 2013 4966 me
2050 4927 2206 4968 exer-

608 4998 774 5054 citum
826 5000 1255 5067 monachorum,
1315 5007 1371 5056 et
1420 5015 1576 5056 muro
1636 5002 2034 5074 inexpugnabili
2097 5004 2191 5061 Dei

609 5092 804 5149 timore
834 5092 1177 5148 circutndans
1209 5093 1304 5162 ita,
1339 5101 1399 5149 ut
1434 5094 1665 5150 ministri
1699 5097 1804 5152 mei
1851 5113 1957 5151 non
1985 5097 2200 5152 valeant

605 5199 671 5241 ex
703 5185 855 5240 vobis
887 5199 1210 5257 quemquam
1241 5201 1337 5242 sua
1368 5187 1649 5255 multiplici
1693 5189 1882 5244 fraude
1912 5190 2198 5245 seducere.

609 5279 737 5334 time
763 5287 941 5336 autem
973 5277 1130 5336 nobis
1157 5278 1336 5336 omnia
1377 5283 1691 5352 contingunt
1721 5292 1939 5352 pr0pter
1966 5283 2198 5338 Verbum

610 5369 729 5440 Dei,
761 5370 960 5427 factum
1009 5373 1306 5439 hominem,
1339 5375 1429 5444 qui
1478 5375 1632 5430 vobis
1663 5384 1984 5446 potestatem
2016 5378 2201 5434 tribuit

532 5482 541 5504 >
600 5477 842 5525 nostram
899 5471 1213 5538 proculcare
1256 5471 1538 5527 virtutem.
1592 5472 1660 5527 Et
1707 5471 2027 5528 Pachomius
2077 5474 2196 5530 ait:

605 5561 744 5630 Quid
771 5562 970 5632 igitur?
995 5562 1076 5619 Me
1104 5564 1303 5630 solum,
1336 5565 1476 5620 sicut
1509 5563 1718 5630 dixisti,
1751 5574 1958 5621 tentare
1982 5567 2196 5635 venisti,

602 5667 671 5709 an
701 5669 806 5710 non
848 5654 1023 5712 alios?
1056 5655 1122 5712 Et
1147 5667 1218 5725 te,
1249 5656 1344 5724 ait,
1376 5664 1433 5713 et
1464 5656 1554 5726 qui
1589 5659 1662 5712 tui
1693 5666 1816 5712 sunt
1845 5658 2070 5714 similes.
2095 5660 2198 5716 Ite-

601 5762 724 5816 rum
761 5757 976 5804 sanctus
1027 5751 1108 5804 vir
1139 5751 1490 5820 interrogavit
1537 5763 1677 5817 eam,
1711 5750 1934 5807 dicens:
1966 5751 2106 5823 Ergo
2141 5757 2195 5811 et

598 5835 982 5896 Theodorum?
1011 5842 1107 5897 illa
1133 5843 1447 5910 respondit:
1471 5840 1540 5898 Et
1559 5843 1905 5901 Theodorum
1937 5849 2191 5917 expetivi,

596 5941 650 5987 et
681 5943 997 6003 potestatem
1027 5935 1210 6004 accepi
1243 5943 1453 5990 tentare
1479 5951 1597 6005 vos,
1635 5939 1729 5995 sed
1761 5942 2193 6012 appropinquare

596 6025 747 6082 vobis
774 6027 987 6097 penitus
1044 6041 1272 6094 nequeo.
1322 6027 1389 6083 Et
1437 6032 1900 6100 interrogantibus
1940 6049 2059 6090 eam
2095 6050 2190 6090 cur

2309 4909 2549 4979 gerimus
2579 4911 2708 4974 otia,
2739 4913 2796 4964 ut
2829 4925 2934 4964 non
2965 4925 3096 4981 quos
3127 4923 3409 4976 possumus
3436 4911 3687 4982 decipere
3717 4913 3910 4968 molia-

2287 5015 2458 5084 mur.
2489 5002 2770 5070 Nunquam
2810 5004 3007 5072 quippe
3050 5002 3374 5074 quiescimus
3418 5005 3690 5060 adversari
3720 5006 3910 5077 generi

2315 5102 2515 5160 vestro,
2577 5104 2819 5150 serentes
2882 5095 3049 5149 malas
3099 5097 3448 5167 cogitationes
3512 5097 3564 5152 in
3623 5098 3909 5156 animabus

2320 5203 2504 5243 eorum
2548 5189 2638 5258 qui
2681 5200 2868 5244 contra
2911 5203 3010 5246 nos
3059 5191 3337 5248 decertare
3369 5193 3726 5250 contendunt.
3765 5193 3906 5250 Etsi

2314 5282 2470 5336 nobis
2502 5280 2839 5337 titlllantibus
2871 5295 3110 5339 annucre
3131 5299 3226 5340 eos
3255 5297 3320 5342 ex
3354 5298 3505 5356 parte
3539 5288 3743 5359 aliquid
3779 5304 3907 5345 sen-

2310 5376 2584 5443 serimus,
2651 5386 2778 5434 tunc
2840 5379 3067 5450 amplius
3136 5379 3494 5450 nequissimas
3551 5380 3906 5452 cogitationes

2309 5471 2667 5538 immittimus,
2699 5481 2753 5528 et
2781 5471 3112 5528 disersarum
3143 5474 3474 5544 voluptatum
3521 5475 3770 5531 incendia
3807 5475 3904 5531 mi-

2309 5568 2639 5631 nistramus;
2669 5575 2725 5621 et
2751 5565 2824 5620 ita
2867 5568 3172 5636 prelia'ntes
3200 5567 3488 5632 acerrime,
3532 5567 3906 5622 subintramus

2309 5673 2424 5726 eos,
2460 5666 2766 5728 nostraeque
2796 5657 3004 5728 plenius
3031 5659 3284 5729 potestati
3315 5659 3652 5729 subiicimus.
3687 5661 3741 5714 Si
3775 5671 3906 5715 vero

2311 5753 2601 5807 viderimus
2625 5765 2686 5806 ea
2714 5763 2836 5822 quae
2859 5760 3218 5821 suggeruntur
3241 5765 3271 5806 a
3295 5750 3480 5818 nobis,
3505 5766 3602 5807 eos
3626 5767 3657 5807 e
3682 5760 3902 5807 centre-

2302 5845 2382 5900 rio
2429 5858 2536 5900 non
2569 5843 2742 5899 solum
2795 5859 2900 5898 non
2954 5843 3252 5914 suscipere,
3309 5857 3494 5900 verum
3525 5855 3624 5899 nec
3666 5843 3904 5900 libenter

2303 5936 2602 6001 attendere,
2636 5935 2845 6004 fideque
2875 5950 2998 6007 qua:
3039 5937 3093 5992 in
3133 5934 3356 5992 Christo
3394 5947 3500 6003 est,
3527 5936 3817 6007 vigilanter
3848 5940 3902 5991 et

2303 6031 2481 6087 sobrie
2507 6045 2569 6086 se
2600 6030 2833 6096 munire,
2865 6033 3003 6087 sicut
3031 6031 3212 6088 furnus
3244 6030 3537 6103 dissipatur
3561 6032 3613 6087 in
3648 6044 3803 6096 aere.
3826 6027 3902 6086 sic
