4142 6350
579 408 680 462 271

1578 404 1665 459 DE
1705 402 1882 461 VITIS
1921 402 2205 459 PATRUM
2245 400 2452 458 LIBER
2493 400 2764 457 PRIMUS.

3758 394 3869 452 272

579 538 679 593 pro
725 522 996 577 doloribus
1040 521 1201 577 tantis
1246 527 1443 575 acterna
1489 517 1678 573 solatia
1728 528 2075 588 recepturus,
2098 516 2164 573 ad
2193 516 2248 577 Α
2274 516 2408 570 mins
2435 516 2587 579 fudit,
2622 515 2743 586 quia
2768 525 2822 569 et
2849 515 3019 583 ipsum
3045 514 3098 568 in
3128 515 3479 579 monasterio,
3501 524 3871 584 cognomento

581 616 825 672 coelestia
854 632 1015 687 regna
1048 613 1313 670 transivit.

651 707 779 762 CAP.
818 707 1045 763 Llll.-—-
1075 705 1267 761 Certus
1313 707 1491 778 itaque
1537 706 1872 773 Pachomius,
1902 706 2042 777 quod
2092 714 2170 761 ta-

581 800 784 854 lentum
814 799 915 854 sibi
944 799 1204 855 creditum
1236 814 1504 868 nunquam
1547 814 1764 868 prorsus
1794 798 2165 863 absconderat,

578 891 674 948 sed
706 891 954 947 omnibus
979 907 1308 962 praerogaus,
1332 900 1385 946 et
1417 895 1556 946 hunc
1576 901 1632 947 et
1660 890 1792 946 alios
1820 892 2169 962 quamplures

578 984 832 1054 perfectae
861 985 1286 1039 conversationis
1315 984 1382 1038 ad
1413 983 1683 1039 Christum
1732 991 1854 1038 ante
1884 984 2179 1052 prseuiise-g

576 1086 683 1148 rat,
715 1076 854 1133 diem
885 1077 1075 1133 festum
1107 1078 1227 1133 laeta
1261 1087 1438 1132 mente
1481 1077 1791 1132 celebrabat
1819 1091 1981 1147 super
2008 1075 2169 1130 tantis

575 1184 640 1224 ac
669 1169 859 1224 talibus
891 1168 1151 1224 fructibus
1179 1184 1210 1221 a
1242 1168 1467 1224 Domino
1498 1168 1598 1223 sibi
1626 1167 1920 1232 concessis,
1953 1167 2019 1221 de
2045 1164 2167 1235 qui-

576 1261 677 1318 bus
707 1272 893 1318 noster
924 1261 1011 1316 hic
1040 1277 1218 1317 sermo
1250 1262 1341 1316 diu
1370 1262 1662 1329 productus
1692 1271 1793 1325 est,
1827 1261 1937 1317 Deo
1966 1263 2168 1330 gratias

576 1352 835 1409 referens.
854 1352 983 1407 Post
1004 1352 1366 1408 beatissimum
1391 1368 1516 1407 vero
1536 1352 1814 1407 Paschalis
1845 1352 1969 1407 festi
2000 1352 2165 1418 diem,

579 1445 759 1501 multis
791 1444 1039 1499 fratribus
1067 1445 1132 1498 ad
1166 1444 1448 1499 Dominum
1495 1445 1785 1513 praemissis
1812 1485 1827 1508 ,
1862 1443 1928 1497 ad
1964 1452 2170 1513 postre-

578 1555 721 1593 mum
754 1537 867 1607 ipse
894 1552 1107 1608 quoque
1128 1548 1343 1592 sanctus
1367 1536 1688 1592 Pachomius
1718 1536 2019 1591 inﬁrmatus
2052 1544 2164 1601 est;

576 1640 633 1687 et
661 1632 994 1687 ministrabat
1023 1632 1072 1686 ei
1094 1631 1429 1696 Theodorus,
1450 1630 1603 1700 cujus
1630 1645 1773 1700 saepe
1796 1629 2164 1684 meminimus.

576 1722 645 1778 Et
672 1723 915 1791 quamvis
946 1731 1089 1777 esset
1133 1732 1242 1777 toto
1284 1738 1509 1790 corpore
1555 1722 1715 1775 nimis
1759 1730 2070 1776 attenuatus
2109 1734 2171 1775 ac

575 1814 788 1879 debilis,
821 1814 1009 1869 tacicm
1044 1824 1219 1869 tamen
1253 1815 1485 1869 habebat
1512 1814 1738 1869 hilarem
1768 1823 1928 1884 atque
1958 1816 2165 1884 fulgen-

2270 610 2743 665 tlhinobosciorum
2771 618 3034 679 aegrotare
3061 615 3419 675 compererat.
3461 606 3581 673 Cui,
3611 608 3736 662 licet
3765 608 3865 662 ab-

2271 703 2430 767 senti,
2470 702 2630 774 138
2658 711 2904 755 cunctam
2959 700 3345 754 fraternitatem
3390 698 3787 754 commendavit
3816 699 3867 753 in

2274 796 2515 859 Domino,
2550 795 2769 849 mittens
2797 796 2863 848 ad
2890 809 3011 848 cum
3058 793 3302 863 protinus
3332 800 3387 846 ut
3414 792 3643 847 veniret.
3702 792 3765 845 Et
3795 791 3870 845 si-

2268 888 2495 958 gnaculo
2526 885 2726 941 Christi
2751 900 2811 940 se
2834 885 3101 955 muniens,
3132 894 3295 955 atque
3323 884 3569 955 angelum
3604 883 3738 937 lucis
3769 884 3867 952 qui

2269 982 2443 1036 fuerat
2468 980 2531 1035 ad
2558 995 2614 1034 se
2648 980 2903 1049 directus,
2924 990 3145 1047 aSpeetu
3177 979 3391 1034 intuens
3415 977 3594 1045 hilari,
3623 987 3867 1031 sanctam

2269 1074 2498 1131 reddidit
2527 1074 2784 1141 animam,
2819 1082 3010 1143 quarto
3031 1072 3241 1127 decimo
3268 1072 3357 1127 die
3385 1072 3588 1126 mensis
3620 1070 3863 1137 PucltOtt,

2271 1166 2561 1224 secundum
2609 1164 2912 1236 Egyptios,
2962 1165 3104 1235 quod
3146 1174 3231 1219 est
3268 1162 3425 1234 juxta
3470 1162 3767 1228 Romanos,
3802 1162 3869 1216 ad

2271 1262 2556 1332 septimum
2585 1260 2727 1317 diem
2754 1260 2941 1316 lduum
2975 1260 3232 1314 Maiarum
3266 1258 3406 1329 (44).

2345 1356 2508 1437 Cujus
2534 1353 2842 1409 venerabile
2868 1352 3248 1420 corpusculum
3280 1350 3533 1421 discipuli
3562 1351 3707 1422 ejus,
3731 1351 3874 1405 sicut

2274 1450 2500 1506 decebat
2559 1465 2655 1519 pro
2708 1464 2861 1504 more
2907 1457 3178 1513 curantes,
3232 1456 3397 1502 totam
3449 1454 3663 1501 noctem
3708 1460 3873 1516 super

2274 1542 2403 1596 illud
2432 1542 2634 1610 duxere
2670 1539 3010 1611 pervigilem,
3040 1540 3273 1608 psalmos
3300 1537 3632 1609 hymnosque
3675 1554 3874 1592 canen-

2277 1646 2375 1699 tes,
2409 1636 2651 1706 sequenti
2684 1648 2811 1688 vero
2838 1633 2927 1687 die
2957 1631 3435 1701 sepelieruuteum
3457 1631 3509 1685 iu
3542 1639 3741 1697 monte,
3777 1630 3870 1685 ubi

2275 1727 2449 1783 fuerat
2478 1727 2840 1782 constitutum.
2871 1725 2950 1779 llli
2978 1738 3154 1781 autent
3179 1725 3267 1792 qui
3289 1723 3437 1780 missi
3469 1734 3623 1779 erant
3650 1723 3715 1777 ad
3747 1737 3876 1778 sau-

2275 1827 2419 1873 ctum
2450 1818 2779 1882 Petronium,
2812 1834 2931 1871 cum
2960 1817 3324 1882 deduxerunt,
3348 1815 3522 1870 adhuc
3563 1814 3878 1871 inﬁrmitate

577 1917 715 1972 tem,
747 1906 818 1962 ita
850 1916 905 1962 ut
933 1922 1000 1963 ex
1032 1907 1132 1962 hoc
1159 1922 1371 1977 quoque
1409 1906 1713 1962 videntibus
1744 1907 1843 1977 pia:
1876 1907 2072 1961 montis
2101 1920 2165 1960 ac
2200 1921 2246 1981 Β
2275 1910 2391 1980 ipsa
2425 1913 2772 1967 laborantem.
2806 1911 2906 1978 Qui
2936 1910 3119 1979 paucis
3146 1911 3334 1965 diebus
3377 1919 3538 1964 totam
3567 1904 3877 1964 fraternita-

504 2024 509 2029 ·
575 2002 953 2059 sincerissima:
1003 2002 1345 2057 conscientia:
1401 2016 1513 2056 sua:
1568 2010 1892 2056 monstraret
1944 2001 2163 2057 iudicia.

575 2099 713 2151 Ante
736 2094 869 2150 duos
895 2110 1024 2165 ergo
1048 2093 1163 2149 dies
1192 2104 1389 2149 sanctae
1435 2093 1777 2148 dormitionis
1803 2109 1934 2159 sure,
1969 2108 2167 2149 convo-

575 2202 702 2243 cans
728 2188 1008 2242 universos
1037 2187 1245 2253 fratres,
1277 2187 1351 2239 ait
1380 2186 1445 2239 ad
1475 2200 1568 2239 eos
1595 2204 1607 2239 :
1638 2186 1748 2255 Ego
1774 2186 2012 2255 quidem,
2039 2186 2169 2239 cha-

574 2279 772 2334 rissimi
795 2320 809 2343 ,
833 2280 970 2334 viam
1001 2286 1214 2348 patrum
1267 2292 1488 2333 securus
1529 2275 1818 2346 ingredior,
1852 2293 1975 2331 nam
2007 2277 2165 2331 video

562 2362 661 2428 me
689 2388 717 2426 a
747 2372 974 2427 Domino
1002 2372 1248 2442 protinus
1276 2374 1509 2427 evocari.
1548 2371 1652 2427 Vos
1680 2386 1810 2442 ergo
1841 2381 2167 2427 mementote

575 2466 859 2521 verborum
883 2479 1003 2535 quae
1021 2481 1049 2518 a
1075 2480 1158 2519 me
1183 2464 1491 2534 frequenter
1517 2463 1764 2530 audistis,
1802 2473 1855 2518 et
1890 2463 2167 2533 vigilantes

575 2559 629 2611 in
658 2557 922 2627 precibus,
952 2556 1115 2612 sobrii
1159 2564 1333 2611 estote
1360 2556 1410 2610 in
1444 2545 1700 2624 cperibus
1744 2557 1971 2611 vestris.
2006 2556 2162 2611 Nulla

574 2650 645 2702 sit
692 2649 843 2704 vobis
892 2648 1200 2718 conjunctio
1249 2662 1369 2701 cum
1413 2648 1770 2703 sectatoribus
1819 2648 2038 2717 Meletii,
2079 2648 2165 2703 vel

574 2741 710 2807 Arii,
743 2741 825 2796 vel
856 2741 1119 2813 Origenis,
1153 2756 1245 2795 seu
1278 2742 1489 2796 caeteris
1513 2739 1712 2797 Christi
1757 2743 2039 2811 praeceptis
2071 2743 2164 2797 ad-

576 2832 939 2888 versantibus.
978 2832 1111 2887 Cum
1139 2832 1245 2887 illis
1274 2841 1452 2895 autem
1484 2835 1909 2901 conversamini,
1936 2834 2025 2904 qui
2060 2833 2165 2890 Do-

576 2942 782 2983 tumum
805 2935 1069 2993 metuunt,
1094 2934 1149 2982 et
1177 2938 1399 2995 possunt
1425 2927 1680 2997 prodesse
1702 2927 1854 2982 vobis
1882 2941 2166 2983 conversa-

578 3022 723 3076 tione
751 3031 960 3089 sancta,
980 3030 1032 3075 ct
1051 3020 1335 3075 animabus
1365 3022 1556 3076 vestris
1580 3021 1876 3091 spiritu-ilia
1911 3032 2165 3091 przestare

575 3114 785 3167 solatia.
835 3112 946 3184 Ego
994 3128 1225 3183 namque
1267 3113 1377 3181 jam
1422 3113 1652 3181 deiibor,
1688 3124 1743 3169 et
1789 3122 1999 3181 tempus
2030 3128 2165 3169 mete

576 3205 918 3262 resolutionis
944 3206 1105 3260 instat
1144 3203 1229 3276 (Il
1265 3204 1398 3259 Tim.
1430 3203 1528 3276 tv).
1566 3203 1764 3276 Eligite
1792 3205 1951 3274 igitur
1977 3220 2043 3260 ex
2072 3218 2167 3259 vo-

2276 2012 2384 2059 tem
2416 2006 2743 2074 gubsrnans,
2774 2012 2829 2058 et
2860 2002 2944 2059 hic
2996 2005 3049 2059 iu
3098 2018 3227 2072 pace
3268 2000 3550 2058 defuucms
3578 2008 3683 2069 est,
3712 2000 3876 2054 relin-

2273 2112 2441 2167 quens
2473 2105 2593 2165 post
2622 2112 2681 2151 se
2711 2096 2883 2151 virum
2923 2096 3132 2166 justum
3154 2105 3209 2150 et
3240 2101 3518 2162 acceptum
3548 2093 3680 2159 Deo,
3712 2092 3877 2149 Orse-

2272 2187 2409 2243 sium
2441 2190 2657 2244 nomine
2680 2186 2818 2259 (45).

2343 2282 2470 2335 Car.
2496 2280 2630 2336 LIV.
2655 2310 2725 2320 —
2746 2281 2871 2335 llaec
2898 2279 3059 2349 igitur
3086 2292 3183 2335 nos
3211 2293 3279 2334 ex
3328 2279 3511 2334 multis
3538 2292 3726 2333 eorum
3757 2292 3876 2330 me-

2275 2374 2389 2428 ritis
2410 2373 2795 2442 descripsimus
2823 2386 3011 2442 pauca,
3038 2381 3093 2427 et
3121 2387 3185 2426 ex
3217 2371 3423 2440 magnis
3449 2386 3611 2442 parva
3641 2368 3875 2439 digessi-

2271 2481 2425 2530 mus,
2460 2481 2567 2521 uon
2621 2475 2682 2521 ut
2728 2465 2834 2520 illis
2888 2466 3059 2520 honor
3111 2463 3305 2534 aliquis
3355 2472 3743 2532 praestaretur;
3776 2473 3877 2517 nec

2273 2558 2417 2614 enim
2450 2558 2528 2613 fas
2553 2568 2636 2613 est
2664 2573 2757 2613 eos
2787 2557 3024 2629 indigere
3046 2556 3349 2626 praeconiis,
3376 2555 3568 2624 quibus
3595 2554 3877 2609 sutticiens

2269 2658 2353 2705 est
2404 2657 2601 2703 :eterna
2652 2648 2771 2702 laus
2800 2658 2854 2703 et
2882 2646 3195 2702 indeﬁciens
3242 2646 3447 2716 gloria,
3478 2660 3638 2716 quam
3688 2658 3875 2698 coram

2269 2743 2482 2799 Christo
2499 2750 2554 2798 et
2583 2742 2784 2797 sanctis
2811 2741 3018 2813 angelis
3041 2740 3159 2811 ejus
3191 2740 3367 2810 adepti
3396 2749 3550 2808 sunt,
3581 2746 3636 2793 et
3664 2738 3879 2807 plenius

2269 2857 2392 2899 cum
2427 2842 2539 2896 suis
2570 2841 2885 2909 corporibus
2916 2840 2968 2895 iu
3001 2818 3397 2893 resurrectione
3418 2834 3652 2890 omnium
3684 2848 3877 2887 conse-

2268 2947 2517 3009 quentur.
2544 2935 2839 3005 Fulgebunt
2863 2935 3005 2988 enim
3028 2932 3168 2987 sicut
3185 2932 3265 2987 sol
3292 2931 3345 2985 in
3363 2944 3527 2999 regno
3547 2926 3639 2983 Dei
3656 2926 3876 2999 (Matth.

2269 3031 2429 3099 xm),
2485 3028 2580 3097 qui
2632 3025 2996 3098 gloriﬁcantes
3050 3039 3110 3078 se
3162 3022 3460 3093 glorificare
3516 3030 3745 3076 testatus
3792 3030 3880 3076 cst

2275 3124 2325 3196 (1
2361 3125 2487 3195 Reg.
2518 3122 2579 3193 ιι)
2607 3139 2620 3176 :
2644 3121 2734 3176 sed
2768 3130 2821 3176 et
2844 3135 2942 3175 nos
2966 3120 3305 3174 aemulatores
3331 3132 3517 3172 eorum
3548 3130 3646 3186 pro
3673 3114 3881 3169 nostris

2272 3215 2574 3272 efﬁciamur
2606 3212 2811 3270 viribus
2839 3255 2853 3275 ,
2890 3228 3011 3268 cum
3043 3211 3178 3265 vitas
3205 3225 3390 3265 eorum
3440 3207 3883 3276 praeclarissimas

580 3296 662 3353 bis
706 3299 963 3364 fratrem.
998 3313 1085 3353 me
1137 3308 1438 3366 praesente.
1468 3297 1558 3367 qui
1608 3306 1729 3367 post
1778 3298 1942 3353 Deum
1988 3298 2169 3368 praesit
2197 3305 2244 3370 c
2275 3316 2649 3379 agnoscentes,
2683 3321 2773 3361 eas
2818 3305 3017 3361 imitari
3060 3301 3277 3358 Christo
3324 3302 3557 3356 donante
3597 3297 3883 3356 contendi~

577 3390 864 3456 omnibus,
920 3405 1211 3460 curamque
1266 3399 1568 3444 vestrarum
1623 3399 1777 3459 gerat
1844 3390 2167 3446 animarum.

577 3484 848 3551 Quantum
876 3496 1001 3538 vero
1032 3496 1148 3535 mea
1173 3481 1499 3536 discretione
1528 3481 1824 3551 perpendo,
1852 3480 2162 3538 Petronium

578 3594 679 3649 ego
709 3578 773 3632 ad
807 3577 907 3633 hoc
936 3592 1071 3647 opus
1102 3576 1351 3632 idoneum
1381 3576 1584 3647 judico,
1611 3587 1847 3633 vestrum
1879 3588 2058 3633 autem
2090 3588 2172 3634 est

579 3673 721 3741 quod
748 3671 963 3741 expedit
989 3670 1143 3726 vobis
1160 3671 1376 3742 eligere.
1401 3669 1740 3741 Receperunt
1761 3684 1891 3739 ergo
1914 3682 1966 3727 et
1986 3671 2039 3725 in
2072 3670 2173 3726 hoc

575 3765 997 3823 obedientiasimi
1030 3765 1123 3821 ﬁlii
1155 3764 1438 3821 consilium
1490 3765 1681 3836 patris.
1736 3765 1865 3821 Erat
1896 3765 2037 3822 enim
2067 3765 2170 3823 Pe-

577 3859 780 3915 tronius
812 3866 999 3928 potens
1028 3858 1081 3913 in
1110 3858 1235 3925 lide,
1266 3858 1481 3913 humilis
1527 3858 1580 3913 in
1619 3860 2054 3923 conversatione,
2088 3860 2171 3914 in-

577 3952 791 4008 tellectu
838 3950 1306 4021 prudentissimus,
1351 3951 1506 4007 bonis
1546 3953 1812 4019 moribus,
1841 3936 2187 4010 discretione

578 4043 866 4114 perfectus.
902 4042 1005 4099 Pro
1049 4058 1156 4112 quo
1198 4057 1411 4114 precem
1442 4043 1674 4100 Domino
1708 4056 1926 4101 sanctus
1969 4045 2175 4103 Pacho-

2283 3417 2425 3468 mus,
2457 3400 2705 3469 precibus
2748 3413 2965 3469 semper
3007 3396 3174 3468 adjuti
3216 3396 3494 3451 beatorum
3529 3402 3757 3462 patrum,
3785 3404 3884 3461 pa-

2276 3480 2652 3557 triarcharum,
2679 3491 3063 3562 prOpbetarum
3083 3532 3098 3553 ,
3131 3489 3521 3558 apostolorum,
3554 3498 3880 3557 martyrum,

2277 3587 2624 3656 omniumque
2653 3594 2962 3640 sanctorum
2981 3624 2997 3649 ,
3031 3598 3126 3653 per
3151 3595 3286 3653 quos
3315 3579 3657 3648 omnipotens
3684 3588 3737 3633 et
3766 3576 3885 3631 cle-

2278 3693 2429 3734 mens
2461 3677 2603 3733 Deus
2631 3685 2837 3743 noster,
2863 3675 3018 3730 beata
3049 3682 3105 3730 et
3134 3683 3399 3729 coaati-rna
3437 3684 3491 3728 et
3520 3670 3886 3727 consubstan~

2281 3773 2422 3828 tialis
2472 3780 2528 3827 et
2572 3769 2949 3840 inseparabilis
2996 3768 3250 3831 Trinitas,
3301 3766 3477 3833 Pater,
3510 3775 3563 3821 et
3606 3764 3794 3828 Filius.
3824 3774 3885 3825 et

2283 3864 2512 3935 Spiritus
2554 3873 2807 3928 sanctus,
2836 3862 3167 3932 glorificatur
3191 3859 3393 3931 jugitcr
3433 3869 3483 3913 et
3519 3856 3883 3927 collaudatur,

2282 3958 2406 4026 quia
2438 3956 2539 4025 ipsi
2578 3954 2803 4011 debetur
2831 3955 3005 4010 omnis
3032 3954 3147 4009 laus
3179 3959 3235 4009 et
3267 3951 3434 4022 gloria
3466 3951 3519 4006 in
3550 3949 3748 4007 saecula
3777 3965 3885 4007 sa-

2286 4049 2550 4105 culorum.
2582 4050 2771 4103 Amen.

1839 4177 2219 4238 ROSWEYDI
2257 4181 2580 4240 NOTATIO.

648 4274 731 4346 (l)
760 4268 1041 4346 Domini“
1068 4270 1379 4346 Totus__hic
1409 4273 1673 4346 prologue,
1690 4275 1998 4343 interpretis
2022 4275 2176 4332 deest

579 4343 800 4401 editioni
848 4343 1179 4400 Coloniensi.
1241 4343 1479 4399 llabetur
1523 4343 1585 4399 in
1629 4345 1753 4399 Mss.
1805 4355 1859 4400 et
1904 4347 2174 4403 veteribus

578 4416 924 4475 editionibus.
957 4415 1062 4472 Sed
1095 4416 1145 4488 in
1168 4414 1491 4471 editionibus
1512 4432 1617 4471 non
1646 4426 1791 4488 recte
1821 4427 1905 4488 est
1930 4417 2169 4488 Domine,

579 4501 831 4558 tanquam
854 4490 896 4542 si
921 4489 1037 4541 viro
1067 4487 1222 4542 alicui
1249 4488 1506 4557 primario
1532 4488 1648 4542 haec
1671 4487 1788 4542 Vita
1821 4487 2167 4544 inscribatur.

578 4559 694 4614 lmo
722 4573 849 4613 vero
880 4558 967 4613 vel
1009 4560 1123 4627 ipsa
1164 4558 1429 4614 dedicatio
1470 4570 1525 4614 et
1553 4562 1885 4615 construCtio
1930 4559 2169 4615 Domina:

579 4629 891 4699 legendum
920 4629 1188 4696 suadent,
1240 4638 1300 4685 ut
1358 4629 1561 4685 habent
1607 4632 1955 4699 manuscripti
2003 4632 2172 4686 sancti

577 4698 848 4756 Laurentii
878 4698 1063 4753 Leodii
1092 4710 1147 4755 et
1175 4700 1599 4756 Gemblacettsis.

649 4770 755 4827 Sed
801 4784 923 4839 quae
954 4770 1068 4823 haec
1116 4769 1379 4825 Domina?
1412 4772 1638 4827 Difficile
1661 4783 1746 4828 est
1775 4773 2031 4828 divinare.
2072 4775 2167 4830 Su-

577 4844 960 4915 spicor__tameu
989 4839 1197 4915 Gallam
1228 4842 1473 4908 indicari,
1502 4846 1812 4915 Symmachi
1853 4847 2091 4901 consulis
2118 4854 2175 4901 et

578 4910 799 4970 Patricii
854 4910 1040 4975 ﬁliam,
1066 4914 1228 4985 claris
1275 4922 1446 4985 ortam
1492 4910 1779 4977 natalibus,
1813 4926 1871 4971 et
1913 4919 2173 4985 religione

578 4992 960 5056 praestantem,
1000 4997 1118 5052 qua:
1172 4983 1412 5054 Dionysii
1450 4985 1631 5056 _bujus
1689 4987 1873 5056 Exigui
1930 4983 2173 5055 tempore

575 5053 715 5111 vixit
743 5053 928 5109 Romae
956 5058 1007 5107 in
1040 5056 1367 5109 monasterio
1397 5054 1462 5109 ad
1494 5053 1662 5111 sancti
1698 5053 1836 5111 Petri
1862 5053 2169 5112 ecclesiam.

579 5129 756 5183 Ducor
800 5126 1008 5180 duobus
1048 5125 1386 5195 sequentium
1433 5132 1774 5182 numerorum
1818 5132 2169 5196 argumentis,

579 5199 772 5269 quibus
819 5197 1125 5267 Symmachi
1173 5196 1463 5269 delatores,
1504 5207 1558 5251 et
1588 5198 1826 5268 ejusdem
1878 5201 2170 5269 gloriosum

578 5267 687 5339 pro
702 5267 917 5323 Christo
947 5268 1264 5339 martyrium
1297 5267 1665 5335 designantur.

653 5336 818 5392 Galla:
874 5338 1031 5413 hujus
1080 5336 1339 5413 celebris
1374 5342 1629 5392 memoria
1680 5340 1734 5394 in
1780 5340 2174 5413 Martyrologio

578 5407 845 5471 Romano,
877 5410 909 5463 5
937 5407 1220 5464 Octobris:
1255 5429 1274 5461 ε
1312 5410 1495 5465 Roma:
1526 5422 1728 5463 Sancta-
1760 5407 1945 5467 Galle
1975 5407 2169 5476 viduas,

578 5478 704 5554 ﬁlia:
733 5478 1041 5554 Symmachi
1068 5482 1457 5554 consulis,qu:e
1480 5483 1594 5554 viro
1616 5496 1713 5537 suo
1736 5483 2007 5547 defuncto,
2032 5485 2174 5554 apud

578 5552 863 5608 ecclesiam
894 5549 1036 5603 beati
1070 5552 1211 5607 Petri
1239 5549 1421 5608 multis
1451 5553 1626 5617 annis,
1654 5556 1908 5617 orationi,
1940 5549 2173 5609 eteeiuo-

579 5621 753 5694 synis,
779 5620 1042 5694 jejuniisr
1061 5623 1283 5694 aliisque
1310 5626 1512 5679 sanctis
1540 5625 1792 5693 operibus
1816 5624 2021 5680 intenta
2052 5643 2173 5692 per-

581 5690 780 5769 mansit
804 5708 816 5743 :
838 5690 991 5769 cujus
1023 5690 1385 5769 felicisSimum
1419 5690 1942 5769 transitumsanctus
1969 5690 2172 5769 Grego-

578 5765 694 5823 rius
716 5778 853 5834 papa
870 5761 1170 5834 descripsit.
1190 5780 1214 5817 ι
1238 5765 1551 5834 Quanquam
1575 5767 1643 5821 de
1664 5768 1751 5823 die
1773 5769 1951 5823 obitus
1972 5761 2173 5823 sancite

581 5833 751 5909 Galla:
797 5833 1059 5909 disceptat
1096 5833 1380 5909 Arnoldus
1410 5833 1563 5891 Wiou
1596 5839 1749 5909 Ligni
1780 5842 1904 5893 vitae
1936 5849 2082 5909 parte
2109 5855 2169 5904 ιι,

582 5907 723 5966 libro
762 5921 844 5975 ιιι,
876 5903 943 5960 ad
981 5903 1123 5960 diem
1153 5906 1186 5961 6
1214 5905 1414 5977 Aprilis
1438 5950 1452 5975 ,
1481 5924 1588 5977 quo
1614 5903 1730 5979 ejus
1760 5903 1963 5968 obium}
1995 5903 2171 5968 comi.

2279 4279 2421 4347 gisse
2444 4294 2511 4334 ex
2534 4287 2719 4333 sancto
2746 4276 3007 4347 Gregorio
3035 4275 3242 4341 probat.
3272 4276 3341 4331 Et
3364 4276 3397 4331 5
3421 4274 3670 4347 Octobris
3699 4274 3885 4346 potius

2281 4346 2420 4405 diem
2466 4346 2873 4431 Translationis
2906 4349 2988 4404 vel
3033 4346 3568 4403 Commemorationis
3599 4346 3717 4416 ejus
3757 4361 3886 4405 esse

2284 4421 2768 4547 pegg'cdansauctus
2814 4489 3103 4553 Gregorius
3130 4532 3145 4554 ,
3179 4490 3315 4544 libro
3345 4506 3398 4542 tv
3429 4488 3584 4550 ltial.,
3617 4502 3736 4555 cap.
3772 4488 3837 4542 l3
3864 4508 3881 4546 :

2287 4581 2303 4614 ι
2340 4561 2634 4617 Gothorum
2677 4577 2907 4630 namque
2957 4562 3287 4632 temporibus
3320 4560 3466 4614 Galla
3489 4603 3503 4625 ,
3538 4559 3701 4626 huius
3731 4561 3883 4617 urbis

2281 4634 2611 4689 nobilissima
2642 4635 2840 4699 puella,
2875 4634 3182 4704 Symmachi
3205 4632 3441 4686 consulis
3469 4646 3629 4702 atque
3660 4632 3879 4704 Patririi

2200 4725 2254 4785 ι)
2282 4706 2407 4785 ﬁlia,
2454 4706 2592 4785 intra
2641 4703 3016 4785 adolesq-ntize
3062 4703 3787 4785 teinporainaritotradi-t1,
3825 4706 3883 4785 iu

2281 4780 2436 4833 unius
2468 4778 2590 4830 anui
2621 4777 2795 4845 spatio
2822 4774 2938 4845 cjns
2967 4788 3046 4831 est
3081 4788 3252 4829 urorte
3282 4775 3490 4828 viduata
3513 4816 3527 4837 ,
3557 4783 3611 4829 et
3635 4778 3701 4828 ad
3730 4774 3882 4832 Petri

2279 4848 2507 4917 apostoli
2540 4847 2820 4901 ecclesiam
2875 4853 3202 4901 monasterio
3243 4861 3303 4902 se
3335 4845 3573 4908 tradidit,
3606 4864 3625 4897 ι
3655 4858 3762 4900 etc.
3802 4848 3884 4904 Ex

2279 4921 2379 4974 hoc
2417 4920 2599 4975 creteri
2650 4918 2977 4973 recentiores
3018 4932 3113 4973 sua
3165 4920 3550 4987 desumpssre,
3588 4918 3779 4977 Petrus
3829 4920 3887 4975 in

2277 4990 2521 5057 Cutalt'tgo
2574 5001 2879 5043 sanetoinm
2906 5030 2919 5053 ,
2954 4990 3043 5043 lib.
3077 5004 3125 5043 ιι
3148 5030 3162 5051 ,
3195 5003 3243 5039 c.
3278 4987 3377 5049 25;
3409 4988 3739 5043 ’l‘iithemizis
3766 5033 3781 5055 ,
3813 4993 3885 5044 de

2280 5059 2419 5114 Viris
2451 5061 2616 5115 illttSl.
2649 5061 2768 5115 orti.
2796 5061 2965 5115 sanati
3000 5061 3289 5117 Benedicti.
3328 5061 3398 5114 lib
3450 5075 3530 5123 ιιι,
3562 5074 3609 5114 c.
3647 5057 3727 5112 l5.

2349 5131 2578 5200 Scripsit
2606 5146 2817 5201 quoque
2848 5132 3155 5201 Fulgentius
3182 5138 3447 5202 egregiam
3480 5134 3545 5184 ad
3575 5132 3786 5185 Gallam
3812 5131 3887 5186 de

2278 5204 2647 5257 consolatione
2676 5218 2838 5270 super
2877 5214 3049 5258 morte
3085 5204 3301 5266 mariti,
3335 5215 3386 5258 et
3418 5213 3556 5255 statu
3588 5203 3881 5257 viduarqu

2279 5276 2597 5338 epistolam,
2648 5276 2699 5326 iu
2751 5290 2853 5343 qua
2909 5274 3046 5329 inter
3087 5290 3320 5329 metera:
3356 5292 3374 5324 ι
3433 5273 3587 5328 Disce
3633 5274 3796 5344 igitur
3826 5288 3885 5327 tu

2279 5361 2491 5413 quaquo
2525 5344 2653 5398 nihil
2684 5344 2749 5397 de
2781 5346 3057 5400 nobilitate
3084 5347 3294 5414 generi~
3328 5347 3622 5407 assignare.
3662 5347 3725 5397 Et
3749 5345 3885 5399 liene

2280 5431 2399 5470 avo.
2439 5428 2610 5483 patre,
2645 5431 2855 5481 socero,
2889 5417 3077 5471 marito
3124 5418 3429 5471 consulibus
3463 5416 3665 5483 pridem
3714 5416 3888 5470 fueris

2280 5486 2419 5542 inter
2443 5489 2730 5541 sa-eulares
2755 5487 3000 5551 illustris,
3033 5503 3171 5543 nunc
3199 5491 3250 5542 in
3293 5506 3358 5539 eo
3383 5496 3435 5541 te
3467 5488 3727 5542 illuStreut
3763 5488 3887 5543 ﬁeri

2280 5572 2564 5628 cognosce,
2598 5559 2647 5611 in
2700 5574 2805 5628 quo
2852 5558 2944 5612 tibi
2979 5560 3143 5612 virtus
3185 5560 3500 5613 humilitatis
3539 5559 3816 5615 acrrescit.
3857 5578 3881 5610 ι

2284 5627 2379 5701 Ubi
2411 5632 2571 5684 etiam
2596 5644 2654 5683 se
2685 5627 2747 5683 ad
2786 5629 3011 5682 Proh..m
3044 5644 3282 5684 sororem
3306 5629 3422 5701 ejus
3449 5632 3593 5700 (quia
3624 5629 3890 5701 videliiet

2282 5699 2334 5751 iu
2367 5702 2556 5753 eodem
2606 5700 2933 5754 monasterio
2962 5702 3034 5753 uti
3068 5718 3282 5757 sorores
3325 5699 3602 5766 vivebant)
3632 5700 3883 5769 scriptu-

2280 5786 2398 5843 rum
2442 5774 2639 5843 asserit
2666 5788 2722 5843 ες
2764 5770 3136 5839 Disposuimus
3183 5775 3342 5828 etiam
3374 5776 3440 5843 (si
3473 5773 3732 5828 Dominus
3782 5787 3888 5825 vo-

2281 5840 2463 5905 luerit,
2491 5850 2546 5897 et
2589 5841 2633 5894 si
2670 5842 2990 5909 vixerimus)
3033 5844 3097 5898 ad
3147 5840 3391 5900 sororem.
3434 5852 3601 5909 tuam,
3633 5851 3887 5901 samum

2283 5911 2480 5968 Christi
2532 5911 2795 5983 virginem
2842 5911 3093 5983 Proham,
3124 5931 3282 5985 quam
3314 5915 3576 5972 Dominus
3607 5915 3710 5972 ltoc
3742 5925 3886 5970 teut-
