4142 6350
384 384 490 442 273

1003 382 1163 442 VITA
1202 382 1453 443 SANCTI
1491 382 1819 442 PACHOMII
1860 382 2155 445 ABBATIS
2192 386 2681 449 TABENNENSIS.
2721 390 3045 450 NOTATIO.

3383 324 3431 338 _‘r

3565 396 3669 455 274

380 520 511 591 pore
532 486 535 487 ν
556 505 883 591 praecipuum
928 504 1168 591 innurbe
1218 506 1413 591 Roma_
1435 508 1564 565 dare
1585 509 1842 591 dignatus
1886 518 1972 591 est
2000 509 2053 572 Α
2077 512 2227 591 deest
2266 525 2382 586 post
2422 518 2853 591 persecutionem;
2884 528 2938 575 et
2970 520 3111 577 male
3142 519 3211 575 ibi
3241 529 3546 591 properante
3573 535 3671 591 pro

376 578 708 646 virginitatis
745 589 799 633 et
845 577 1161 633 humilitatis
1204 580 1479 642 exemplar
1504 624 1519 645 ,
1565 583 1633 637 de
1657 577 1878 649 jejunio
1917 588 1974 636 et

334 656 337 657 '
375 651 623 706 oratione
665 649 867 719 aliquid
910 650 1166 706 scribere.
1198 668 1219 703 ι
1248 652 1365 719 Quo
1411 662 1652 720 tempore
1680 653 1839 707 etiam
1870 653 1975 708 Eu-

375 720 570 791 gypius
593 721 660 775 ad
702 720 931 777 Probam
963 720 1225 789 virginem
1260 723 1476 792 scripsit
1506 724 1697 778 librum
1733 722 1973 778 Thesau-

375 807 563 918 lrorlum
590 809 655 848 ex
688 794 989 920 Aetégustino
1011 832 1027 859 ,
1059 802 1116 846 ut
1147 803 1373 850 testatur
1400 792 1752 851 Cassiodorus
1795 795 1969 849 Divin.

398 878 461 919 ec
488 905 530 920 ..
555 880 675 920 can.
780 903 793 915 .

398 873 530 928 ect.,
555 880 675 935 cap.
706 873 793 920 es.

453 937 568 1010 Alia
598 945 701 1010 est,
728 937 936 1004 Opinor,
968 937 1117 993 Galla
1146 937 1348 1010 senior,
1377 936 1679 1010 Q._Aurelii
1722 938 1975 1010 Symma-

378 1006 465 1062 chi
497 1007 726 1063 senioris
764 1024 917 1064 cons.
943 1009 1196 1063 ordinarii
1226 1018 1281 1063 et
1330 1008 1567 1075 praefecti
1598 1009 1747 1064 urbis
1768 1006 1970 1077 neptis,

376 1081 533 1139 cuius
581 1080 699 1150 ipse
729 1082 969 1136 meminit
999 1081 1136 1136 libro
1163 1095 1245 1146 vr,
1270 1080 1429 1151 epist.
1463 1080 1553 1147 52,
1585 1096 1851 1152 quamque
1882 1097 1975 1137 ne-

382 1152 668 1220 poticulatn
696 1166 848 1205 suam
878 1163 1049 1207 vocat.

451 1221 566 1276 Alia
624 1237 835 1293 quoque
880 1224 1051 1289 Galla,
1105 1222 1377 1285 Eucherii,
1436 1231 1552 1292 post
1602 1222 1973 1292 Lugdunensis

382 1293 642 1364 episcopi,
670 1310 832 1359 uxor,
865 1295 1016 1364 cujus
1046 1295 1171 1349 dum
1193 1295 1261 1348 de
1286 1294 1549 1351 Eucherio
1577 1298 1706 1363 agit,
1730 1296 1976 1350 meminit

384 1363 501 1418 Adn
532 1364 586 1418 in
616 1363 987 1436 Martyrolog’io
1009 1407 1023 1430 ,
1052 1366 1116 1420 16
1147 1365 1463 1429 Novemlir.,
1494 1376 1549 1420 ct
1575 1366 1763 1421 Petrus
1786 1367 1846 1421 in
1878 1382 1973 1422 ca-

382 1439 560 1503 talogo
585 1447 913 1502 sanctorum,
944 1438 1035 1492 lib.
1069 1454 1123 1503 x,
1155 1453 1272 1503 cap.
1301 1437 1390 1490 67.
1750 1450 1763 1457 ’

450 1506 567 1561 Alia
612 1516 726 1562 est.
752 1509 820 1562 de
855 1509 1009 1578 cujus
1038 1511 1287 1576 sepulcro
1327 1508 1434 1578 agit
1475 1506 1766 1576 Gregorius
1798 1509 1973 1564 Turo-

380 1580 560 1632 neusis
591 1578 658 1632 de
689 1578 868 1635 Gloria
898 1577 1134 1635 confess.
1158 1621 1175 1646 ,
1205 1596 1322 1649 cap.
1351 1577 1443 1642 56,
1476 1596 1592 1645 quae
1623 1581 1831 1647 sepulta
1879 1581 1975 1635 fuit

379 1650 433 1703 in
462 1648 694 1721 ecclesia
716 1652 911 1721 sancti
944 1650 1243 1707 Venerandi
1274 1648 1326 1705 in
1360 1651 1646 1715 Arvernia;
1680 1666 1840 1721 quant
1873 1654 1973 1706 Ba-

377 1723 585 1794 tonius,
608 1724 659 1794 in
682 1720 1081 1794 Martyrologio,
1107 1724 1349 1777 eamdem
1377 1737 1498 1776 cum
1532 1720 1710 1792 priore
1741 1725 1969 1791 putavit.

376 1790 482 1916 Se;l
528 1807 592 1846 ea
639 1790 843 1847 inclusa
891 1790 1001 1847 fuit
1028 1794 1295 1863 Lugduni,
1328 1794 1446 1847 haec
1488 1790 1545 1848 in
1587 1790 1845 1848 Arvernia
1894 1810 1975 1850 se-

376 1877 443 1916 nu
471 1872 541 1916 ta.

376 1872 541 1932 pulta.

396 1948 403 1953 ί
446 1935 563 1989 Alia
593 1935 720 1991 item
753 1934 907 1991 Galla
952 1936 1110 1992 vidua
1140 1951 1262 1993 cum
1298 1935 1403 1991 filia
1429 1935 1779 2005 Simpliciola,
1810 1952 1969 2005 quam

375 2016 595 2088 sanctus
622 2008 953 2078 Augustinus
982 2007 1162 2063 laudat
1183 2008 1409 2079 cpistola
1436 2009 1557 2073 105.
1577 2022 1697 2078 quae
1719 2008 1773 2061 in
1792 2008 1970 2065 Africa

375 2088 644 2133 Vixerunt.

445 2148 527 2219 (Ξ)
560 2148 714 2223 ρυοᾴ
739 2148 1042 2223 hujusmodi
1068 2150 1275 2223 pestem]
1312 2150 1501 2206 Statim
1532 2150 1723 2223 ittl'ert:
1751 2167 1771 2202 ι
1809 2149 1969 2207 Tales

375 2230 629 2294 expertus
658 2222 740 2276 vir
766 2221 991 2294 beatus,
1024 2232 1184 2292 atque
1214 2221 1476 2294 gloriosus
1506 2221 1726 2294 genitor
1743 2230 1922 2277 vester
1947 2264 1964 2289 ,

377 2290 637 2364 Dominus
681 2307 849 2348 meus.
882 2310 903 2344 ι
932 2290 1180 2363 lntelligit
1206 2290 1474 2362 (Opinor,
1513 2292 1671 2364 139
1696 2292 1968 2364 delatores
2020 2310 2025 2315 ’

375 2362 688 2435 Symmachi
714 2374 767 2418 et
792 2364 985 2434 Boetii,
1009 2366 1076 2421 de
1095 2362 1286 2435 quibus
1307 2366 1376 2419 ita
1400 2362 1710 2432 Procopius,
1741 2363 1831 2419 lib.
1865 2381 1877 2417 I
1900 2368 1968 2421 de

378 2432 522 2509 Bello
551 2435 811 2509 Gothico:
831 2432 1223 2509 Σύμμαχοςτκαὶ
1251 2435 1489 2497 Βοέτιοςὸ
1514 2438 1696 2509 τοὺςου
1711 2436 1962 2509 γαμϐρὸς,

372 2504 681 2583 εὐπατρίδαι
699 2511 790 2579 μὲν
810 2511 868 2583 τὸ
898 2504 1137 2583 iniusto”,
1158 2510 1319 2583 ἧστῃν
1335 2523 1351 2539 ⁵
1378 2510 1571 2583 «primo;
1596 2505 1651 2561 δέ
1673 2504 1967 2583 ﬁculis-Ti:

373 2576 627 2647 Ῥωμαίων
644 2576 920 2655 κάὶᾼύπάτω
952 2578 1228 2655 ἐγειρέσθην
1253 2577 1402 2651 ἄμφω
1420 2576 1479 2655 ξτι
1502 2576 1785 2655 prlegova
1795 2581 1966 2655 flami-

374 2670 551 2724 σαγςτε,
602 2653 687 2705 καὶ
725 2647 1051 2724 δικαιοσύὖης
1088 2647 1514 2724 ἐπιμελήσὰμέννιί
1547 2647 1747 2711 οὐδιύός
1788 2647 1963 2710 ἧσσον·

373 2720 577 2800 aranei;
597 2743 653 2777 τε
672 2724 861 2800 ΔοιὺαιτςῖνιοΔ
882 2728 968 2777 καὶ
996 2722 1141 2787 ξένων
1162 2720 1399 2800 χρήμασέι
1425 2730 1540 2800 τήν..
1553 2726 1772 2800 agt-opina
1811 2726 1966 2800 iatra-

373 2794 524 2868 μένω·
560 2798 645 2848 καὶ
667 2791 810 2858 δόξης
841 2795 926 2849 ἐπὶ
953 2796 1092 2868 μέγα
1134 2790 1459 2868 inimicent-rc,
1478 2790 1698 2868 Δἄνδράς
1727 2795 1776 2853 ἐς
1796 2794 1965 2865 φθόνον

372 2866 522 2940 τοὺς.
547 2869 891 2940 πικροτάτους
936 2862 1290 2940 inﬁgenda,
1326 2862 1419 2940 Αοῖς
1471 2863 1533 2924 δὴ
1555 2938 1561 2940 _
1586 2862 1965 2940 ἀυκοφαιᾷτοῦσι

371 2935 685 3014 Θεοεῖἐριχός
709 2938 1026 3014 σξνᾳπεισοιίς
1047 2935 1147 3014 ίᾶεε
1181 2938 1441 3014 νεωτέρως
1462 2935 1765 3014 πράγμασιν
1789 2938 1965 3014 ἑγχειτ

373 3005 592 3082 ροῦνῖὰξ
716 3005 864 3082 ἄνδρε
890 3011 1057 3065 τούτω
1085 3007 1264 3065 ἔκτεινε
1314 3005 1396 3063 nat
1424 3005 1767 3082 τά’χρἧματα
1796 3005 1885 3082 εἳέ-⁷
1903 3010 1962 3063 τὸ

377 3077 627 3154 dictitamus
655 3077 959 3154 ἀχάγεῲιπτα
1005 3082 1347 3154 Enamoured
1384 3077 1839 3154 Sytntiiaélttts_,__et
1866 3080 1964 3133 hu-

373 3149 462 3215 jus
487 3164 654 3220 gener
680 3149 913 3217 Boetius,
939 3168 966 3205 a
989 3151 1098 3205 suis
1120 3151 1409 3218 majoribus
1429 3150 1605 3220 gentis
1627 3150 1959 3205 nobilitatem

378 3221 580 3288 adepti,
614 3220 753 3275 inter
780 3221 1051 3277 Romanos
1090 3232 1145 3277 ct
1183 3222 1484 3277 senatorios
1527 3225 1667 3276 viros
1693 3222 1961 3290 principes

2028 600 2031 603 ν
2079 585 2688 660 perd_urante.'lntellige
2717 591 2787 645 de
2830 593 3210 660 persecutione
3241 585 3588 648 Diocletiani
3614 605 3672 647 ct

2028 660 2041 732 '_
2080 655 2585 735 Maxitniatti,__qtt:e
2612 655 3279 735 duravitidecemhannis,
3315 672 3374 718 ut
3417 674 3498 719 est
3526 665 3668 735 apud

2080 726 2371 803 Eusebium
2404 726 2539 803 libro
2567 747 2690 795 vnt,
2723 733 2896 802 capite
2926 734 3014 801 57,
3061 733 3197 790 Hist.
3250 726 3589 803 Ecclesiasti,
3617 747 3673 790 et.

2077 798 2130 881 in
2162 796 2449 881 Chronico.
2502 802 2711 881 ln_cepit_
2749 796 2810 857 ea
2841 796 3141 881 persecutio
3186 822 3327 861 anno
3350 806 3422 881 _19
3452 796 3671 881 Diocle-

2078 872 2227 947 tiani,
2265 883 2334 947 _et
2387 872 2599 927 duravit
2647 875 2711 947 ad
2767 889 2962 930 annum
3006 876 3039 930 6
3082 876 3420 931 Constantini
3471 877 3670 947 (justus

2078 945 2219 1018 enim
2265 943 2334 997 ita
2366 958 2628 1018 annorum
2653 945 2907 1001 denarius
2953 949 3213 1018 exsurgit)
3237 964 3342 1016 quo
3369 943 3670 1004 Maxentius

2077 1016 2310 1078 occisus,
2370 1025 2425 1070 ut
2469 1017 2628 1070 habet
2677 1018 3042 1084 incorruptum
3100 1016 3311 1075 Eusebii
3355 1020 3662 1074 Chronicon

2058 1086 2438 1141 'Amundinum
2493 1090 2935 1156 manuscriptum,
2987 1097 3043 1143 ct
3070 1089 3287 1145 Pontaci
3316 1100 3370 1145 et
3411 1090 3669 1156 Scaligeri

2076 1157 2299 1231 editum.
2333 1161 2496 1231 ltecte
2538 1160 2694 1231 igitur
2720 1171 2832 1231 post
2864 1163 3283 1231 persecutionem,
3314 1162 3520 1216 scilicet
3546 1162 3674 1215 Dio-

2087 1229 2302 1282 cletiani
2329 1241 2377 1283 et
2410 1229 2737 1284 Maximiani.
2772 1229 2901 1284 Nam
2935 1232 3058 1287 licet
3103 1232 3181 1287 illi
3223 1233 3461 1287 secundo
3492 1247 3673 1297 perse-

2077 1300 2308 1370 cutionis
2336 1316 2476 1354 anno
2511 1317 2795 1369 purpuram
2829 1303 3196 1370 deposuerint,
3232 1311 3290 1357 ut
3319 1303 3479 1358 habet
3500 1304 3670 1357 Euse-

2080 1369 2147 1423 bii
2179 1370 2509 1443 Chronicon,
2559 1387 2744 1426 eorum
2779 1369 2953 1428 tamen
2988 1375 3204 1428 nomine
3249 1375 3505 1430 saeviebat
3549 1389 3672 1443 per-

2079 1442 2284 1495 Si‘CllliO
2331 1458 2426 1513 per
2458 1452 2747 1512 sequentes
2788 1443 3146 1514 imperatores
3187 1456 3239 1499 et
3278 1442 3673 1514 ctesares,’qui

2080 1522 2257 1566 tamen
2301 1529 2493 1568 omnes
2535 1517 2783 1569 exstincti
2816 1516 2953 1570 intra
2994 1517 3121 1570 illud
3160 1516 3504 1571 decennium.
3537 1515 3669 1569 Nam

2077 1583 2308 1639 Severus
2363 1601 2531 1640 cmsar
2571 1588 2746 1653 primo
2790 1602 2932 1641 anno
2970 1584 3311 1642 Constantini
3354 1586 3673 1642 interfectus

2077 1656 2441 1726 est,Galerius
2473 1656 2824 1711 Maximianus
2846 1658 2879 1709 5
2906 1658 3262 1726 Constantini,
3292 1658 3607 1712 Maximinus
3635 1655 3673 1710 4

2078 1725 2317 1795 ejusdem
2352 1745 2489 1782 anno
2505 1727 2824 1784 moriuntur.
2854 1728 3150 1783 Maxentius
3163 1725 3499 1783 Constantini
3522 1743 3667 1782 anno

2080 1795 2113 1867 6
2159 1808 2439 1864 superatus
2491 1800 2760 1854 occubuit.
2814 1800 2931 1867 Ipse
2982 1800 3259 1855 Herculius
3317 1799 3671 1854 Maximianus

2079 1866 2412 1941 Constantini
2462 1884 2604 1925 anno
2650 1870 2684 1922 2
2730 1866 2960 1925 occisus.
2994 1871 3071 1925 Ita
3123 1885 3292 1925 annos
3325 1870 3671 1941 hosdigcrit

2080 1938 2291 1995 Eusebii
2341 1953 2443 1996 ms.
2494 1941 2797 2011 Cltronicon
2844 1942 3224 2003 Amandinmn.
3277 1940 3365 1996 cui
3407 1938 3671 2011 Hierony-

2079 2026 2199 2065 mus
2229 2012 2417 2080 multa,
2447 2022 2502 2067 ut
2528 2008 2723 2068 fatetur
2746 2014 2798 2067 in
2831 2013 3163 2082 praefatione.
3190 2011 3434 2067 inseruit.
3468 2010 3535 2066 Ut
3560 2008 3664 2065 tui-

2076 2097 2197 2137 rum
2229 2097 2335 2137 non
2359 2085 2427 2138 sit
2456 2085 2499 2137 si
2528 2084 2594 2137 de
2625 2094 2797 2139 morte
2828 2083 3098 2138 Maximini
3128 2083 3433 2138 Chronicon
3457 2083 3684 2137 dissens

2077 2152 2170 2208 tiat
2205 2153 2273 2208 ab
2320 2154 2535 2208 Eusebii
2588 2154 2816 2212 Historia
2849 2154 3242 2220 ecclesiastica,
3289 2157 3378 2222 qui
3411 2154 3551 2208 libro
3581 2169 3665 2220 tx,

2074 2238 2125 2295 c.
2158 2226 2212 2291 8,
2237 2225 2510 2280 Maximini
2540 2236 2765 2280 mortem
2798 2227 2964 2280 refert
2987 2235 3107 2295 post
3136 2235 3361 2279 mortem
3394 2224 3665 2279 Maxentii.

2072 2294 2129 2372 ’φ
2152 2294 2195 2351 δ’
2210 2299 2467 2372 ἀνατολῆς
2488 2298 2725 2372 mincius
2746 2294 3175 2372 Em'griaacéx‘sivrp
3206 2297 3406 2372 χρόνον.
3436 2313 3455 2347 t
3478 2295 3667 2350 Orien-

2075 2368 2147 2421 tis
2199 2370 2482 2437 (tyrannus
2514 2368 2857 2437 Maximinus)
2912 2383 3016 2422 non
3063 2368 3222 2437 longo
3252 2368 3496 2437 tempore
3544 2375 3666 2433 post

2073 2438 2215 2509 illius
2244 2436 2543 2509 (Maxentii)
2576 2436 2909 2509 occasum'in
2939 2439 3046 2493 vita
3075 2436 3333 2509 manens:
3359 2457 3377 2490 ι
3415 2436 3481 2491 Et
3503 2437 3666 2490 Baro-

2073 2508 2195 2563 nius
2224 2507 2491 2564 Maximini
2525 2507 2763 2565 mortem
2793 2508 2946 2565 affert
2975 2510 3039 2565 ad
3068 2524 3267 2563 annum
3295 2507 3659 2563 Constantini.

2072 2580 2336 2665 Quidquid
2366 2580 2456 2665 sit,
2486 2593 2609 2665 post
2639 2582 2894 2663 Maxentii
2926 2580 3373 2665 necem_cessavit
3401 2594 3662 2665 persecu-

2073 2652 2166 2705 tio.
2218 2651 2349 2706 Nam
2398 2651 2501 2707 etsi
2548 2651 2889 2706 Maximinum
2940 2662 3064 2722 post
3087 2652 3409 2705 Maxentium
3464 2651 3664 2722 vixisse

2074 2736 2337 2789 p0namus
2382 2737 2503 2778 cum
2535 2723 2771 2779 Eusebio
2800 2726 2852 2776 in
2882 2720 3112 2778 Historia
3145 2737 3238 2777 sua
3267 2720 3654 2786 ecclesiastica,

2071 2795 2211 2864 idem
2242 2806 2419 2849 tamen
2444 2796 2636 2850 eodem
2668 2795 2788 2849 loco
2838 2803 3083 2863 testatur,
3114 2792 3255 2864 quod
3283 2794 3515 2848 edictum
3564 2807 3664 2863 pro

2068 2862 2385 2920 Christianis
2414 2865 2644 2921 dederit.
2678 2865 2744 2919 Et
2771 2865 2894 2919 licet
2918 2862 3086 2934 usque
3106 2862 3172 2919 ad
3198 2864 3532 2919 Constantini
3559 2878 3662 2917 an-

2071 2952 2197 2989 tuttn
2231 2936 2300 2990 10
2322 2936 2519 2991 vixerit
2544 2938 2924 3003 Diocletianus,
2948 2938 3071 3006 quia
3096 2947 3272 2990 tamen
3297 2934 3521 3003 imperio
3548 2935 3658 3006 pri:-

2074 3017 2227 3063 vatus
2265 3010 2500 3074 vivebat,
2534 3008 2783 3073 cessavit,
2832 3018 2892 3061 ut
2934 3004 3072 3073 dixi,
3108 3008 3412 3077 persecutio
3455 3021 3597 3059 anno
3626 3004 3660 3055 6

2067 3077 2427 3136 Constantini.
2466 3079 2593 3134 Vide
2627 3078 2933 3142 Baronium,
2967 3087 3113 3134 tomo
3142 3078 3230 3142 Ill,
3275 3078 3340 3132 ad
3392 3090 3594 3132 annum
3624 3077 3658 3130 1

2074 3149 2436 3204 Constantini.

2139 3223 2217 3291 (ὃ)
2252 3220 2551 3291 Tyrannum
2583 3218 2945 3292 Maxentium]
2973 3220 3114 3275 Nulli
3144 3221 3402 3275 hactenus
3426 3219 3557 3274 editi
3590 3218 3662 3292 li-

374 3301 552 3364 erant,
582 3301 637 3346 et
663 3297 970 3349 consulatus
998 3292 1211 3364 utrique
1238 3292 1495 3364 dignitate
1525 3292 1812 3361 perfuncti,
1844 3292 1961 3362 phi-
1984 3292 2033 3357 C
2066 3291 2147 3347 bri
2176 3293 2387 3364 tyranni
2421 3307 2615 3348 nomen
2640 3291 2982 3364 expressere.
3034 3293 3314 3361 Expressit
3359 3291 3663 3364 manuscri-

373 3333 638 3431 ῑόξιΐιζῖιίὲἑ
664 3333 1959 3434 ἴδῖἔῗῖὲὧῖὶέἕῗἆ’⁶ἐὲὶίῖιὶἷεῆ”’ἐὶ’63ἇὲτῧὲἰὲ,

372 3436 668 3505 multisque
699 3443 803 3489 tam
833 3436 1029 3490 civium
1059 3450 1217 3503 quam
1249 3443 1594 3490 externorum
1620 3435 1815 3502 impiae
1841 3450 1963 3491 suc-

372 3511 641 3561 currendo
667 3507 822 3563 saluti
852 3504 1024 3563 fuere.
1059 3506 1121 3561 Hi
1151 3514 1430 3576 postquam
1457 3506 1522 3561 ad
1551 3506 1823 3575 ingentem
1844 3508 1965 3574 glo-

373 3578 509 3631 riam
560 3593 801 3645 evasere,
834 3578 1152 3633 deterrimos
1201 3592 1446 3647 quosque
1491 3580 1544 3632 in
1592 3580 1671 3632 sui
1706 3579 1960 3633 invidiam

374 3649 734 3704 concitarunt.
780 3650 912 3709 Nam
954 3650 1039 3704 his
1085 3649 1560 3704 calumniatoribus
1596 3648 1962 3705 Theodericus

375 3734 469 3793 rex
501 3734 813 3789 persuasus,
836 3720 1219 3793 Symmachum
1248 3720 1623 3793 Boetiumque,
1650 3722 1873 3791 perinde
1898 3736 1962 3793 ac

369 3791 533 3846 rebus
560 3793 712 3848 novis
738 3791 1037 3857 studentes,
1057 3792 1271 3856 occidit,
1296 3807 1588 3861 eorumque
1615 3792 1751 3845 bona
1779 3792 1961 3847 omnia

371 3863 679 3987 publicavit.
713 3882 732 3915 δ
768 3864 1007 3919 Meminit
1052 3874 1107 3919 et
1137 3864 1435 3920 delatorum
1464 3878 1685 3918 suorum
1717 3863 1957 3929 Boetius,

396 3935 470 3987 ib.
505 3950 521 3987 t
550 3934 770 3987 Consol.
822 3935 1046 3987 Philos..
1082 3949 1224 3987 nros.
1260 3950 1337 3987 tv.
1371 3933 1679 3987 Svmmachi
1708 3943 1761 3987 et
1791 3935 1957 3987 Boetii

396 3935 470 3990 ib.
505 3950 521 3989 ι
550 3934 770 3991 Consol.
822 3935 1047 4001 Philos.,
1082 3949 1224 4002 pros.
1260 3950 1337 3989 tv.
1371 3933 1679 4005 Symmachi
1708 3943 1761 3988 et
1791 3935 1960 3990 Boetii

370 4006 518 4076 jussu
547 4006 870 4062 Theudorici
895 4008 1194 4062 occisorum
1226 4008 1549 4061 mentionem
1576 4006 1701 4058 facit
1730 4012 1960 4060 Anasm-

370 4075 483 4131 sius
510 4076 976 4146 Bibliothecarius,
1010 4080 1065 4133 in
1095 4078 1227 4132 Vitis
1259 4075 1566 4145 pontificum
1601 4078 1653 4129 in
1682 4076 1886 4133 Joanne
1916 4078 1959 4146 Ι,

368 4159 424 4203 et
456 4149 653 4204 Paulus
682 4151 957 4214 diaCouus,
989 4150 1234 4203 Historia:
1256 4150 1506 4203 miscellze
1537 4148 1628 4202 lib.
1655 4164 1743 4201 xv.

442 4220 521 4292 (3)
548 4220 774 4293 _Genitar
801 4219 1005 4293 vestem}
1033 4221 1216 4275 Fuerit
1261 4220 1349 4293 hic
1368 4222 1450 4293 Ω.
1484 4220 1750 4293 Δχλιιι-(31168
1796 4220 1963 4293 Mem-

369 4289 510 4364 mius
537 4291 913 4364 Symmachus,
938 4289 1214 4364 re'xconsul
1262 4290 1565 4364 ordinarius
1590 4298 1645 4345 et
1686 4289 1957 4364 patricius,

369 4362 437 4417 ad
465 4361 624 4432 quem
655 4372 839 4419 exstat
863 4363 1087 4432 epistola
1122 4362 1369 4432 Ennodti,
1394 4363 1530 4416 libro
1554 4376 1653 4429 vn,
1682 4362 1841 4431 epist.
1864 4361 1957 4428 25,

370 4435 523 4503 cujus
554 4434 714 4489 etiam
745 4434 839 4490 lib.
869 4431 984 4501 vin,
1015 4436 1176 4504 epist,
1200 4431 1291 4497 28,
1323 4435 1462 4504 idem
1495 4433 1961 4504 meminit._Theo-

371 4502 592 4561 doricus
613 4522 827 4576 quoque
856 4521 948 4562 rex
978 4502 1151 4561 eidem
1172 4503 1361 4576 scribit
1387 4506 1525 4576 apud
1554 4502 1959 4576 Cassiodorum,

370 4577 508 4631 libro
537 4592 594 4645 tt,
630 4574 795 4643 epist.
830 4578 917 4641 14,
950 4587 1003 4631 et
1048 4577 1140 4631 lib.
1175 4591 1246 4642 tv,
1277 4575 1436 4644 epist.
1489 4574 1521 4626 6
1565 4587 1620 4627 et
1678 4574 1768 4629 51.
1805 4576 1960 4642 Ejus-

366 4647 491 4704 dem
542 4650 681 4718 apud
712 4649 960 4704 eumdem
1007 4647 1211 4718 mentio
1252 4648 1391 4701 inter
1421 4648 1735 4711 Senatores,
1767 4648 1958 4713 quibus

367 4716 605 4775 examen
654 4720 963 4775 Praetextati
995 4730 1050 4774 et
1098 4716 1300 4781 Basilii,
1331 4718 1419 4785 qui
1472 4719 1663 4786 magia:
1714 4732 1957 4773 arcesse-

368 4792 584 4861 bantur,
614 4793 995 4847 demandatom
1026 4788 1119 4846 lib.
1174 4805 1247 4855 tv,
1281 4789 1441 4861 epist.
1492 4787 1877 4861 222Metninit
1904 4796 1960 4843 et.

367 4859 677 4933 Symmachi
712 4862 994 4917 Hormisda
1027 4878 1181 4932 papa.
1216 4860 1373 4929 epist.
1396 4859 1472 4933 Δ57
1500 4866 1561 4933 et
1590 4859 1657 4913 66
1684 4874 1816 4929 quas
1865 4859 1959 4913 ha-

367 4930 462 4989 bes
493 4937 631 4991 inter
658 4934 955 4989 decretales
985 4930 1302 5004 pbntificumj
1323 4930 1596 5004 epistolas.

439 5005 665 5077 lntelligi
690 5014 866 5061 autem
897 5000 1000 5060 hic'
1020 5020 1054 5077 a
1091 5000 1963 5077 DionysioASytnmachtttn,‘Gallge

366 5073 687 5147 genitorem,
717 5078 809 5145 qui
840 5074 1151 5148 martyrium
1180 5073 1279 5145 pro
1320 5073 1537 5148 Christo
1565 5074 1855 5148 sustinuit,
1875 5073 1961 5127 vi-

366 5143 524 5204 detur
574 5143 750 5218 colligi
801 5164 871 5203 ex
903 5143 1080 5203 ver'bis
1110 5143 1462 5211 seuuentibus
1511 5161 1523 5199 :
1560 5160 1579 5194 ι
1614 5143 1729 5199 Non
1780 5145 1951 5199 solum

367 5220 634 5301 patienter
662 5227 731 5301 et
746 5218 956 5301 fortiter
985 5218 1366 5301 insectatiottes
1392 5230 1582 5301 potum
1615 5230 1952 5301 semper-pro

366 5284 568 5359 iustitia
620 5290 860 5360 pertulit,
914 5289 1007 5346 sed
1055 5290 1215 5346 etiam
1267 5288 1404 5343 felici
1453 5284 1572 5360 ﬁne
1605 5301 1703 5360 pro
1730 5284 1954 5343 veritate

368 5358 508 5431 (qua:
535 5358 780 5417 Christus
809 5362 915 5430 est)
941 5369 1253 5416 constanter
1274 5372 1435 5429 atque
1460 5358 1761 5414 sublimiter
1791 5362 1954 5415 totius

365 5432 552 5488 mundi
578 5435 799 5488 adversa
830 5434 1121 5502 superavit.
1163 5451 1182 5485 ι

438 5503 517 5572 (4)
555 5502 819 5575 Amatam]
847 5504 1023 5559 Habes
1050 5504 1119 5560 de
1143 5517 1209 5557 eo
1228 5501 1595 5575 c7t_'l'beodoro
1621 5502 1761 5575 apud
1785 5501 1951 5556 Atha-

366 5578 574 5632 nasium
599 5580 650 5630 itt
683 5572 1073 5643 Vita'Antonii,
1097 5589 1217 5644 cap.
1251 5572 1344 5629 52.
1377 5573 1431 5626 ltt
1464 5574 1732 5629 veteribus
1755 5575 1950 5628 editio-

368 5647 527 5702 nibus
556 5646 706 5702 deest
733 5646 821 5702 hic
850 5649 1056 5717 integra
1106 5647 1245 5701 linea
1280 5656 1397 5715 poSt
1419 5644 1774 5713 fundamenta,
1808 5647 1953 5700 vide-

365 5718 521 5782 licet,
551 5719 942 5772 conversationis
972 5733 1148 5772 eorum
1172 5717 1413 5788 fratrum,
1440 5718 1527 5786 qui
1555 5734 1694 5772 nunc
1715 5719 1768 5769 in
1788 5728 1954 5772 mante

367 5789 558 5845 Nitriae
583 5797 988 5844 commorantur.

342 5924 343 5935 χ
438 5860 519 5935 (5)
548 5859 884 5935 Constantino
910 5868 1025 5933 post
1062 5859 1463 5935 persecutionem
1504 5859 1953 5935 injmperiaperf

367 5928 630 6005 uitiante]
659 5930 735 5987 tut
760 5930 885 5989 Mss.
910 5928 973 5989 ἰιι
999 5928 1212 5987 veteres
1239 5929 1535 5987 Editiones.
1566 5928 1625 5985 in
1643 5930 1950 5987 Coloniensi

1986 4685 2042 4747 Ι)

2020 3424 2027 3431 ί
2072 3362 2387 3430 ριιιεέθιιοιὶ
2412 3362 2709 3419 Laurentii.
2739 3364 2909 3417 Etiam
2939 3366 3145 3433 tyranni
3173 3365 3389 3417 nomine
3414 3362 3659 3417 absolute

2068 3437 2243 3503 posito
2290 3433 2653 3498 Prudentius,
2715 3435 2851 3490 libro
2904 3450 2921 3487 ι
2975 3443 3164 3491 contra
3217 3434 3603 3505 Symmachum
3635 3470 3657 3503 ,

2066 3520 2118 3560 v.
2152 3505 2280 3573 485,
2314 3506 2581 3562 intellexit
2610 3506 2943 3562 Maxentium
2974 3523 2985 3560 :

2162 3621 2374 3673 Mulvius
2401 3627 2668 3685 exceptum
2694 3622 2929 3673 Tiberina
2952 3624 3002 3672 in
3023 3627 3196 3684 stagna
3214 3630 3469 3686 tyrannum

2161 3686 2563 3749 Praecipitant...

2139 3794 2420 3855 Baron'ns.
2452 3809 2593 3848 anno
2617 3791 2814 3848 Christi
2845 3793 2951 3850 516
2983 3793 3225 3850 Silvestri
3259 3807 3408 3862 papa:
3438 3792 3473 3848 5
3518 3792 3661 3848 Con-

2065 3866 2283 3919 stantini
2327 3867 2458 3932 imp.
2490 3864 2577 3928 11,
2599 3868 2747 3936 Διιυίιι
2791 3865 2843 3919 in
2876 3866 3103 3936 vulgatis
3134 3864 3393 3936 hactenus
3443 3865 3659 3936 tyranni

2065 3951 2260 3991 nomen
2289 3936 2474 3999 defuit,
2531 3933 2796 3991 referebat
2839 3936 2901 3990 ad
2954 3933 3234 3992 Licinium.
3281 3935 3386 3991 Sed
3438 3933 3660 3989 Maxen-

2067 4007 2198 4063 tium
2244 4008 2689 4078 intelligendum,
2737 4016 2793 4060 ut
2851 4009 3247 4075 manuscriptus
3292 4006 3401 4077 jam
3453 4008 3654 4078 citatus

2065 4080 2300 4148 praefert,
2338 4080 2613 4147 probatur.
2647 4078 2766 4147 quia
2812 4078 2898 4135 hic
2942 4091 3063 4147 post
3108 4078 3302 4134 dicitur
3332 4077 3475 4147 quod
3517 4080 3660 4133 Con-

2064 4152 2333 4205 stantinus
2360 4149 2524 4219 jussit
2550 4151 2738 4203 tirones
2782 4150 2998 4219 absolvi.
3042 4150 3156 4205 Non
3186 4166 3291 4204 uno
3322 4150 3529 4219 integro
3557 4148 3660 4219 igi-

2066 4232 2152 4276 tur
2180 4237 2321 4278 anno
2350 4224 2622 4276 duraverit
2668 4220 2994 4289 belluman
3036 4224 3238 4276 tirones
3280 4219 3656 4285 militaverint,

2064 4294 2133 4358 si,
2165 4294 2291 4347 dum
2323 4293 2497 4346 adhuc
2520 4295 2720 4347 tirones
2750 4295 3073 4358 existerent,
3105 4292 3291 4347 militia
3321 4291 3489 4346 soluti
3524 4294 3657 4358 sint,

2046 4382 2185 4427 cum
2222 4364 2527 4418 tirocinium
2559 4379 2666 4419 uno
2697 4374 2898 4418 tantum
2942 4379 3084 4418 anno
3115 4365 3292 4427 duret,
3320 4373 3378 4416 ut
3406 4376 3529 4415 mox
3570 4363 3655 4418 di-

2066 4444 2248 4490 cturus
2293 4452 2433 4489 sttnt.
2485 4436 2602 4489 Jam
2670 4450 2800 4488 vero
2853 4436 3049 4490 bellum
3089 4443 3277 4488 contra
3326 4432 3657 4489 Maxentium

2069 4524 2174 4560 non
2205 4508 2416 4561 duravit
2462 4523 2566 4561 uno
2602 4521 2774 4571 anno;
2809 4513 2993 4560 contra
3042 4506 3302 4560 Licinium
3344 4518 3476 4559 vero
3501 4508 3659 4560 annis

2066 4578 2288 4645 aliquot.

2141 4648 2484 4703 Pachomium
2513 4647 2656 4702 bello
2687 4647 3024 4702 Maxentiano
3064 4661 3169 4702 non
3196 4646 3475 4702 Liciniano
3511 4646 3657 4701 mili-

2069 4732 2233 4787 tasse,
2276 4720 2555 4774 manifeste
2590 4720 2870 4774 deducitur
2895 4735 2960 4773 ex
3013 4720 3182 4788 ipsius
3214 4719 3328 4774 Vita
3358 4718 3654 4788 Pachumii,

2068 4802 2123 4844 et
2151 4792 2362 4846 Eusebii
2394 4806 2457 4845 ac
2498 4790 2763 4859 Sigeherti
2807 4790 3093 4845 Chronico.
3143 4790 3275 4846 Nam
3318 4805 3437 4845 cum
3468 4805 3587 4856 cap.
3622 4789 3659 4841 4

2070 4862 2206 4915 Vitae
2241 4861 2506 4915 Pachumii
2539 4862 2752 4916 dicatur
2782 4862 2896 4932 ipse
2932 4862 3251 4918 Pacltomius
3284 4862 3452 4916 fuisse
3482 4874 3657 4932 xxan-

2071 4948 2404 4986 norumcum
2453 4935 2503 4986 itt
2551 4929 2851 4987 tirocinium
2882 4934 3149 5003 ascriptus
3178 4944 3281 4999 est,
3321 4943 3373 4986 et
3417 4934 3470 4983 in
3502 4929 3658 4999 Sige-

2069 5006 2153 5058 bei
2171 5007 2205 5058 ti
2238 5003 2503 5059 Chronico
2531 5004 2736 5059 dicatur
2762 5002 3084 5060 Pachomius
3110 5019 3305 5059 annum
3334 5015 3497 5071 agens
3523 5002 3653 5066 “0,

2070 5076 2121 5130 in
2155 5076 2442 5130 virtutibus
2472 5085 2896 5143 consummatus,
2924 5092 3017 5131 seu
3049 5076 3270 5137 obiisse,
3301 5083 3356 5127 et
3382 5087 3525 5125 anno
3542 5071 3658 5143 robi-

2071 5156 2156 5200 tus
2185 5148 2302 5215 eius
2334 5148 2526 5202 ibidem
2570 5162 2741 5200 annus
2787 5146 2893 5202 405
2922 5148 3119 5202 Ch‘risti
3165 5147 3505 5212 assignetur;
3539 5142 3657 5198 bel-

2066 5216 2174 5273 lum
2224 5233 2352 5272 vero
2391 5219 2784 5273 Maxentianum
2815 5223 2864 5272 in
2898 5218 3105 5273 liusebii
3136 5215 3404 5271 Chronico
3434 5222 3654 5269 notetur

2062 5304 2204 5344 anno
2224 5290 2426 5344 Christi
2456 5290 2582 5354 515,
2612 5289 2756 5359 juste
2783 5290 3002 5357 colliges
3027 5301 3262 5359 annoxc
3280 5287 3428 5359 inter
3450 5300 3655 5341 annum

2061 5361 2257 5416 Christi
2290 5360 2395 5416 515
2425 5362 2568 5433 (quo
2612 5356 2753 5416 bello
2785 5356 3129 5433 Maxentiano
3170 5356 3508 5433 Pachomiu_s_
3545 5360 3651 5433 tiro

2061 5434 2298 5489 existens
2348 5426 2609 5488 annorum
2660 5448 2727 5485 xx
2787 5426 3071 5500 militavit)
3100 5436 3155 5483 et
3201 5439 3401 5483 annum
3445 5427 3655 5483 Christi

2062 5502 2166 5556 5υῦ
2211 5520 2341 5574 tquo
2381 5505 2496 5572 ipse
2535 5503 2712 5572 obiit).
2741 5501 2857 5556 Jam
2885 5504 2929 5554 si
2962 5499 3143 5574 addas
3172 5516 3240 5555 xx
3272 5514 3474 5574 annos,
3520 5510 3653 5566 quot

2063 5588 2218 5630 natus
2254 5571 2395 5643 erat,
2427 5591 2546 5629 cum
2591 5574 2790 5628 relatus
2832 5579 2918 5625 est
2960 5571 3012 5626 itt
3047 5587 3328 5628 numerum
3382 5572 3643 5641 tironum,

2063 5656 2208 5702 recte
2236 5657 2440 5703 statues
2460 5660 2580 5699 eum
2609 5657 2874 5697 annorum
2904 5659 2971 5699 cx
2995 5643 3216 5699 obiisse.
3248 5646 3311 5698 Et
3339 5657 3437 5712 per
3456 5654 3651 5697 conse-

2062 5732 2229 5782 quens
2279 5718 2468 5770 natalis
2497 5714 2616 5785 ejns
2663 5714 2823 5768 statui
2856 5717 3051 5782 poterit
3094 5730 3234 5770 anno
3263 5713 3464 5770 Christi
3504 5712 3645 5778 595,

2061 5793 2147 5858 qui
2180 5788 2312 5858 est_8
2339 5800 2508 5840 annus
2539 5786 2749 5858 imperii
2773 5787 3100 5842 Diocletiani.

2132 5862 2211 5932 (ἰ)
2246 5856 2740 5932 Ρςῳςεριία-τεθαιία
2778 5856 3154 5927 cucurrerunt.)
3186 5856 3476 5932 Haronius,‘
3500 5865 3644 5932 anno

2061 5920 2259 5985 Christi
2300 5920 2701 5995 316,'Silvestri
2745 5932 2894 6002 papae
2921 5934 2976 5997 '5,
3022 5920 3359 5985 Constantini
3390 5920 3519 5994 imp.
3556 5920 3648 5977 ll.
