4142 6350
520 409 621 465 283

1593 397 1684 456 DE
1726 398 1905 458 VIYIS
1945 395 2229 456 PATRUM
2275 393 2477 449 LIBER
2518 390 2785 475 Μηκιυῇ

3698 390 3805 444 284

524 534 629 579 tam
662 525 730 580 de
760 538 825 580 eo
872 522 1151 579 historiam
1185 530 1405 593 texere,
1438 534 1558 575 cum
1594 518 1881 589 imaginem
1913 516 2169 569 virtutum
2216 511 2331 579 ejus
2378 507 2685 564 considero.
2720 504 2858 559 Ecce
2900 502 3052 557 enim
3080 501 3421 558 conversatio
3451 500 3669 571 quidem
3698 503 3798 557 viri

524 617 760 685 perfecta
791 624 874 685 est
902 617 1098 686 optima
1122 656 1137 683 ,
1187 629 1285 685 ege
1315 596 1441 683 vero
1471 611 1716 675 inﬁrmus
1743 618 1797 667 et
1844 608 2100 665 rusticus.
2146 604 2402 672 Equidem
2453 603 2629 671 imago
2660 600 2871 661 virtutis
2912 600 3030 672 ejus
3058 597 3369 675 admiranda
3400 611 3463 650 ac
3490 599 3768 670 splendida
3790 644 3804 667 ,

521 708 730 763 colores
758 716 937 763 autem
964 706 1254 763 verborum
1285 704 1481 774 quibus
1507 700 1848 770 depingenda
1875 711 1979 769 εει,
2010 698 2298 759 admodum
2332 697 2512 753 tristes
2540 710 2604 749 ac
2634 695 2756 750 tetri
2788 702 2935 751 sunt.
2966 696 3217 759 Attamen
3245 691 3369 764 licet
3399 693 3697 762 inperitus,
3726 694 3812 753 vct

527 816 591 855 ex
622 812 769 868 parte
802 799 1041 863 tentabo,
1073 811 1375 868 quanquam
1408 794 1898 861 comprehendere.
1935 791 2174 860 perfecte
2203 803 2306 844 non
2339 790 2564 853 valeam,
2612 785 2880 841 enarrabo
2913 795 3115 850 tamen,
3150 784 3463 854 iuquantum
3495 783 3707 841 sufficio
3736 787 3808 845 de

520 893 710 949 eodem
760 893 875 946 viro
928 899 1224 961 disserere;
1269 905 1515 961 quoniam
1570 888 1657 965 qui
1694 888 1959 943 secundus
1990 886 2256 942 Abraham
2290 884 2484 955 meruit
2524 882 2841 955 nuncupari,
2875 897 2981 936 non
3030 880 3185 935 facile
3230 887 3463 935 humano
3508 894 3605 935 ore
3634 888 3811 947 potest

520 984 733 1045 referri.
767 985 983 1041 Esstitit
1028 982 1167 1037 enim
1199 982 1397 1037 nostris
1430 982 1775 1048 temporibus,
1827 979 2126 1050 angelicam
2157 977 2320 1032 vitam
2367 977 2420 1033 in
2454 976 2611 1030 terris
2659 988 2842 1044 agens.
2896 971 3195 1042 Acquisivit
3233 982 3411 1033 autem
3462 974 3810 1044 patientiam,

522 1082 670 1152 quasi
714 1079 928 1133 adamas
964 1077 1319 1142 fortissimus,
1358 1092 1449 1146 per
1478 1091 1635 1145 quam
1669 1074 1943 1141 caelestem
1974 1074 2199 1146 gloriam
2230 1072 2453 1142 adipisci
2485 1072 2705 1126 meruit.
2759 1068 2825 1124 Et
2876 1068 2999 1138 quia
3055 1084 3085 1122 a
3110 1068 3392 1138 iuventute
3424 1067 3687 1123 castitatis
3715 1082 3814 1137 pu-

533 1173 767 1227 dicitiam
798 1171 1163 1235 conservavit,
1198 1170 1451 1242 templum
1485 1170 1650 1223 sancti
1683 1167 1913 1239 Spiritus
1944 1166 2114 1221 factus
2141 1174 2255 1230 est,
2292 1173 2541 1234 tanquam
2573 1160 2962 1218 sanctificatum
2993 1175 3115 1229 vas;
3148 1168 3205 1233 et
3231 1159 3305 1215 ita
3336 1159 3686 1230 semetipsum
3710 1173 3812 1214 ex-

522 1269 696 1333 hibuit
725 1268 858 1335 Deo.
888 1277 949 1325 ut
969 1283 1091 1324 eum
1117 1266 1475 1329 habitatorem
1508 1266 1561 1321 in
1593 1264 1789 1321 mentis
1820 1278 1929 1321 suae
1958 1261 2189 1332 hospitio
2222 1260 2464 1317 haberet.

521 1401 3806 1433 MM

1927 1516 2422 1648 VITA.

596 1731 778 1787 Carnr
816 1746 1042 1803 PBIIUI.
1072 1758 1139 1770 -—
1180 1728 1278 1785 Hic
1307 1728 1489 1799 itaque
1520 1726 1709 1781 beatus
1736 1723 2002 1779 Abraham
2036 1720 2131 1777 ha-
2160 1703 2213 1762 Α
2310 1726 2494 1797 Itaque
2525 1735 2758 1782 mentem
2787 1726 2903 1798 ejus
2936 1734 3193 1783 remotam
3235 1737 3266 1780 a
3302 1725 3625 1782 turbulentis
3655 1726 3823 1784 inter-

526 1823 636 1887 httit
666 1832 913 1895 parentes
944 1823 1101 1881 valde
1143 1823 1467 1891 locupletes,
1516 1820 1605 1897 qui
1652 1834 1771 1875 eum
1818 1829 2009 1873 tenere
2057 1830 2122 1871 ac

528 1931 682 1986 supra
704 1916 920 1983 modum
947 1916 1248 1985 diligentes,
1282 1915 1352 1970 ita
1385 1922 1441 1968 ut
1462 1912 1620 1968 etiam
1650 1909 1899 1965 allectum
1932 1909 2124 1965 huma-

528 2020 650 2085 nutn
684 2026 869 2065 eorum
918 2007 1133 2063 dilectio
1180 2005 1612 2071 transcenderet,
1668 2004 2127 2071 de~ponsaverunt

529 2104 578 2177 ei
608 2103 835 2175 puellam
881 2102 1055 2165 adhuc
1102 2104 1151 2155 in
1207 2100 1432 2173 pueritia
1466 2100 1757 2151 constituto
1787 2093 1901 2168 (4),
1936 2108 2126 2163 exspe-

530 2204 735 2251 ctantes
763 2209 826 2249 ac
854 2194 1223 2249 desiderantes
1267 2192 1320 2246 in
1368 2190 1543 2260 aliqua
1576 2204 1698 2244 eum
1745 2187 2001 2259 dignitate
2028 2200 2127 2243 sae-

531 2288 688 2342 culari
722 2286 1000 2356 proﬁcere.
1028 2285 1131 2340 Sed
1162 2286 1247 2344 hic
1276 2284 1430 2353 longe
1452 2284 1607 2337 aliter
1633 2281 1894 2343 sentiens,
1927 2279 1979 2333 in
2006 2280 2128 2345 ipso

531 2380 701 2453 primo
742 2380 1118 2451 adolescentia;
1146 2376 1312 2453 gradu
1353 2376 1705 2430 ecclesiarum
1754 2371 2129 2427 conventicula

532 2474 720 2544 iugiter
767 2471 1169 2543 frequentabat;
1220 2479 1275 2524 et
1328 2482 1662 2539 qumcunqne
1696 2465 1768 2522 ibi
1798 2481 1860 2520 ex
1910 2464 2107 2518 divinis

533 2568 616 2623 Sci
632 2567 821 2633 ipturis
846 2564 1229 2629 recitabantur,
1251 2577 1433 2617 aurem
1460 2562 1690 2615 libenter
1712 2559 2130 2614 accommodans

535 2657 814 2729 audiebat,
862 2664 915 2711 et
941 2656 992 2710 in
1017 2655 1195 2709 cordis
1223 2656 1304 2708 sui
1332 2653 1645 2708 memoriam
1673 2654 1743 2706 ita
1784 2651 2129 2718 recondebat,

536 2751 692 2827 145
738 2736 981 2821 utetiam
1028 2765 1149 2805 cum
1184 2750 1379 2803 absens
1408 2758 1550 2803 esset
1600 2762 1661 2801 ea
1711 2762 1828 2814 quae
1874 2745 2133 2802 dzdit-erat

536 2844 881 2899 meditatione
910 2842 1268 2898 intentissima
1310 2842 1625 2896 rumiuaret.
1648 2837 1886 2908 Cumque
1916 2853 2127 2893 memo-

538 2938 635 3005 rati
684 2948 934 3007 parentes
983 2936 1097 3009 ejus
1130 2948 1340 3005 tempus
1387 2934 1690 3002 nuptiarum
1724 2931 2134 3002 propinquabile

538 3030 618 3103 (5)
643 3029 975 3103 jutlicarent,
1008 3030 1401 3101 compellebant
1428 3044 1551 3084 eum
1585 3025 1907 3083 matrimonii
1942 3026 2133 3079 vincu-

538 3124 601 3181 lis
627 3124 876 3197 obligari.
906 3124 1013 3182 Sed
1053 3139 1172 3180 eum
1208 3125 1323 3181 ham
1354 3125 1441 3179 ille
1467 3125 1640 3193 primo
1669 3130 1947 3185 renueret,
1992 3130 2137 3191 pnst-
2165 3114 2213 3175 Β

538 3217 754 3273 modum
808 3216 1106 3273 molestiam
1158 3232 1342 3273 eorum
1387 3216 1569 3288 jugem
1627 3214 1975 3285 sedulamque
2029 3231 2133 3267 non

540 3311 752 3383 ferens,
800 3317 1020 3389 pudoris
1054 3312 1372 3375 verecundia
1427 3320 1742 3381 superatus,
1794 3309 2138 3380 acquiescere

543 3414 872 3477 perurgetur.
902 3404 1033 3463 Cum
1065 3406 1278 3476 itaque,
1328 3404 1612 3461 celebratis
1664 3402 1883 3471 nuptiis,
1939 3410 2137 3472 sponsa

544 3498 629 3553 tlie
658 3503 887 3566 septimo
929 3497 1008 3573 (1»)
1036 3500 1088 3553 in
1142 3498 1373 3553 thalamo
1410 3496 1692 3561 resideret,
1733 3504 1951 3565 repente
1988 3494 2139 3565 quasi

545 3588 630 3657 lux
654 3590 897 3665 quaedam
923 3592 973 3665 in
991 3605 1021 3645 c
1046 3589 1154 3644 trde
1176 3590 1291 3659 ejus
1317 3590 1493 3659 divina
1518 3587 1683 3658 gratia
1709 3586 1949 3655 refulsit,
1979 3602 2137 3657 quam

545 3686 706 3743 veluti
764 3687 950 3745 ducent
998 3685 1283 3755 quemdam
1335 3684 1417 3742 sui
1468 3683 1574 3743 voti
1633 3683 1949 3747 inveniens,
1998 3684 2141 3739 illico

547 3779 795 3847 exsiluit,
844 3790 896 3834 et
928 3789 1144 3836 secutus
1172 3790 1249 3833 est
1274 3819 1287 3841 .
1321 3786 1376 3833 et
1403 3778 1469 3833 ab
1495 3777 1625 3834 urbe
1648 3778 1938 3846 egreditur.

617 3873 746 3953 Cap,
782 3858 854 3928 ill.
889 3904 958 3914 —
988 3873 1207 3929 Duobus
1252 3881 1427 3927 autem
1470 3871 1581 3927 fere
1623 3871 1857 3926 millibus
1891 3871 2077 3945 procul
2110 3886 2139 3926 a

548 3967 712 4028 thmo
750 3984 848 4033 sua
879 3969 1123 4031 cellulam
1156 3975 1433 4033 vacantem
1458 3966 1658 4037 reperit
1692 3984 1705 4022 :
1737 3964 1825 4021 ubi
1856 3981 1914 4033 se
1936 3966 2139 4037 consti-

549 4069 737 4129 tttens,
781 4072 829 4115 et
874 4060 1182 4130 glorificans
1216 4060 1382 4114 Deum
1411 4074 1531 4112 cum
1573 4059 1773 4128 ingenti
1807 4057 1991 4113 laetitia
2022 4072 2143 4125 per-

552 4151 833 4223 manebat;
865 4162 1140 4221 stuporem
1174 4166 1302 4209 vero
1332 4150 1644 4217 maximum,
1692 4159 1796 4206 tam
1832 4152 2141 4220 parentibus

534 4245 671 4309 suis
721 4260 881 4315 quam
930 4244 1140 4319 vicinis.
1202 4244 1268 4311 de
1318 4244 1419 4298 hoc
1474 4243 1611 4301 facto
1664 4242 1982 4300 incusserat.
2041 4244 2141 4312 Qui

560 4346 839 4400 exeuntes.
879 4337 930 4391 in
964 4339 1177 4393 diversa
1207 4337 1437 4407 dispersi
1465 4379 1479 4403 ,
1509 4338 1706 4406 ubique
1740 4336 1831 4393 Dei
1865 4336 2135 4394 hominem

557 4431 923 4501 requirebant.
960 4430 1084 4485 Post
1123 4428 1237 4486 dies
1289 4439 1466 4484 autem
1514 4428 1699 4483 decem
1752 4436 1807 4483 et
1855 4437 2060 4497 septem
2091 4432 2141 4484 itt

554 4530 857 4593 mergatis
900 4523 1094 4597 cellula
1150 4539 1271 4599 eunt
1327 4532 1573 4599 orantem
1614 4520 1910 4591 reperiunt.
1952 4521 2143 4575 Beatus

557 4626 735 4668 autem
763 4615 863 4679 vir,
894 4629 1012 4669 cum
1048 4629 1112 4669 eo
1143 4624 1363 4684 stupore
1387 4616 1662 4684 perculsos
1685 4615 1948 4683 aspiceret
1973 4631 1985 4667 :
2010 4615 2145 4681 Quid

558 4723 685 4771 me,
747 4708 950 4777 inquit,
1010 4722 1107 4762 vos
1158 4708 1488 4763 admirantes
1535 4706 2147 4777 aspicitis‘lGloriﬁcate

558 4804 742 4873 potius
789 4803 1351 4858 misericordissimum
1392 4803 1558 4857 Deum
1585 4848 1599 4872 ,
1653 4804 1739 4873 qui
1779 4817 1864 4858 me
1893 4819 1958 4859 ex
1989 4818 2147 4858 cmuo

558 4896 897 4965 iniqttilatum
948 4911 1192 4951 mearum
1223 4896 1451 4963 eripuit;
1480 4902 1535 4963 et
1566 4904 1717 4975 orate
1772 4910 1867 4989 ιιι-ρ
1909 4910 1995 4955 me
2021 4937 2036 4960 ,
2092 4902 2151 4949 ut

560 4989 744 5059 jugum
774 4990 877 5044 hoc
904 4989 1280 5047 suavissimum
1303 5031 1315 5050 .
1358 4989 1458 5042 sub
1496 5003 1604 5058 quo
1643 5004 1729 5044 me
1758 4988 2029 5059 indignum
2060 5003 2150 5043 su-

561 5081 768 5149 scipere
807 5080 1054 5148 dignatus
1092 5088 1174 5135 est
1219 5079 1513 5147 Dominus,
1562 5095 1731 5151 usque
1769 5081 1819 5135 in
1854 5082 2011 5135 linem
2061 5097 2151 5134 va-

570 5178 706 5231 leam
742 5176 1003 5245 bajulare,
1036 5176 1610 5246 conversationemque
1634 5192 1807 5232 meam
1840 5176 2150 5244 beneplaci-

571 5280 677 5325 tum
712 5271 1009 5347 sceupdum
1038 5271 1362 5343 voluntatem
1409 5270 1524 5341 ejus
1573 5271 1771 5345 possim
1820 5270 1871 5335 in
1900 5268 2151 5339 omnibus

563 5370 835 5428 coaptare.
869 5363 970 5429 Qui
1022 5377 1143 5418 eum
1193 5377 1383 5418 omnes
1434 5378 1555 5418 eum
1596 5363 1901 5428 audientes,
1928 5376 2155 5428 reSpon-

563 5455 768 5509 dissent
794 5460 982 5521 Amen,
1007 5456 1327 5526 deprecatus
1380 5468 1459 5513 cst
1506 5472 1601 5513 eos
1638 5473 1702 5510 nc
1728 5456 1773 5510 ei
1809 5454 2007 5509 vellent
2038 5470 2157 5519 ere:

567 5547 666 5601 hro
716 5526 1015 5602 molestiam
1070 5551 1293 5607 obtentu
1338 5550 1660 5605 visitationis
1696 5546 1913 5600 inferre.
1947 5546 2154 5613 Quibus

568 5637 966 5708 recedentibus,
997 5640 1196 5697 aditum
1241 5642 1446 5700 cellulae
1478 5655 1588 5711 sua
1619 5637 1884 5709 obstruxit
1912 5654 1927 5695 :
1952 5648 2004 5711 et
2029 5652 2154 5701 con-

566 5730 790 5785 cludens
844 5733 1185 5803 semetipsum
1238 5738 1561 5788 intrinsecus
1593 5772 1608 5799 ,
1668 5730 2041 5801 parvissimum
2073 5729 2154 5784 fe-

575 5834 776 5883 nestrae
805 5824 1043 5881 foramen
1073 5827 1306 5900 reliquit,
1333 5842 1429 5897 per
1448 5826 1592 5897 quod
1619 5824 1871 5885 alimenta
1901 5822 1989 5885 die
2017 5837 2151 5881 cons-

562 5924 717 5981 pueta
756 5918 1039 5996 reciperet.

2228 1821 2627 1892 pellationibus,
2653 1821 2837 1877 divina
2864 1821 3035 1893 gratia
3068 1819 3403 1886 illustrabat;
3430 1820 3825 1893 proliciensque

2228 1916 2469 1984 quotidie
2529 1916 2582 1970 in
2638 1916 2839 1985 optima
2902 1915 3335 1974 conversatione.
3392 1915 3621 1983 primum
3668 1916 3825 1984 quasi

2230 2009 2638 2066 fundamentum
2697 2011 2819 2063 vitae
2864 2023 2975 2063 sum
3029 2007 3416 2064 continentiam
3468 2007 3822 2076 possidebat;

2233 2118 2443 2157 necnon
2474 2102 2670 2172 vigiliis
2702 2110 2756 2157 et
2779 2102 3132 2166 orationibus,
3164 2116 3285 2157 cum
3305 2100 3432 2165 ﬂetu
3450 2099 3827 2157 ethumilitate

2231 2204 2391 2265 atque
2416 2195 2983 2263 charitate,studebat.
3014 2196 3255 2265 Cumque
3278 2210 3374 2266 per
3399 2210 3614 2259 omnem
3646 2196 3823 2259 locum

2234 2291 2302 2346 de
2322 2306 2387 2345 eo
2418 2297 2603 2346 saneta
2632 2289 2817 2359 opinio
2845 2289 3238 2360 divulgaretur,
3281 2290 3459 2344 cuncti
3490 2290 3777 2346 audientes
3806 2330 3825 2359 ,

2233 2384 2299 2439 ad
2342 2383 2627 2439 videndum
2659 2398 2779 2438 eum
2812 2426 2827 2450 ,
2866 2391 2922 2439 et
2950 2392 3008 2437 ut
3032 2382 3428 2438 mdillcarentur
3454 2382 3522 2438 ab
3548 2398 3645 2450 eo,
3677 2384 3829 2440 undi-

2235 2492 2338 2544 que
2388 2475 2747 2533 conﬂuebant.
2803 2475 2994 2533 Sermo
3048 2491 3260 2545 quoque
3312 2475 3362 2535 ei
3426 2475 3706 2545 sapientia:
3764 2490 3829 2530 ac

2235 2568 2473 2623 scientias
2500 2579 2553 2622 et
2581 2568 2970 2623 consolationis
2997 2584 3027 2623 a
3060 2569 3167 2623 Deo
3197 2568 3483 2624 afﬂuenter
3509 2570 3668 2624 datus
3698 2580 3780 2625 est
3811 2609 3830 2638 ,

2236 2665 2327 2734 qui
2358 2664 2409 2717 in
2443 2663 2713 2717 mentibus
2741 2663 3070 2719 audientium
3095 2664 3248 2736 quasi
3307 2663 3567 2719 luminare
3613 2663 3832 2719 lucidis-

2237 2757 2429 2815 simum
2462 2755 2725 2811 radiabat.

2308 2851 2437 2905 Car.
2473 2848 2909 2919 lli.—-Contigit
2952 2857 3130 2904 autem
3174 2863 3314 2904 anno
3367 2848 3690 2906 duodecimo
3744 2865 3832 2907 re-

2240 2941 2588 2997 nuntiationis
2614 2940 2732 3011 ejus
2761 2984 2775 3008 ,
2811 2951 2865 2995 ut
2897 2951 3149 3010 parentes
3173 2940 3289 3011 ejus
3322 2957 3387 2996 ex
3417 2944 3515 2997 hac
3543 2944 3649 2997 vita
3684 2956 3834 2999 rece-

2239 3038 2450 3101 dentes,
2475 3051 2664 3091 aurum
2694 3036 2745 3091 ei
2766 3035 3040 3106 copiosum
3075 3035 3381 3107 praadiaque
3430 3052 3616 3109 magna
3665 3036 3835 3097 relin-

2241 3139 2488 3198 querent.
2543 3127 2643 3195 Qui
2688 3142 2884 3197 rogans
2934 3127 3165 3183 amicum
3204 3128 3493 3198 quemdam
3542 3128 3835 3187 admodum

2242 3222 2342 3276 sibi
2375 3223 2627 3284 charum,
2660 3219 2726 3275 ad
2754 3220 3122 3275 distribuenda
3172 3219 3422 3275 universa
3472 3220 3833 3290 indigentibus

2242 3329 2305 3379 ac
2335 3313 2547 3385 pupillis
2578 3312 2810 3367 ofﬁcium
2843 3311 3157 3383 religiosum
3191 3312 3263 3366 illi
3295 3312 3545 3382 injungit,
3569 3326 3633 3367 ue
3659 3312 3831 3383 ipsius

2242 3406 2581 3465 orationibus
2613 3404 3055 3476 impedimentum
3090 3404 3247 3473 hujus
3276 3406 3351 3459 rei
3384 3405 3554 3473 gratia
3584 3404 3836 3476 gignere-

2245 3511 2349 3556 tur.
2383 3502 2597 3555 Etcum
2633 3499 2736 3553 hoc
2771 3498 3008 3560 fecisset.
3051 3513 3275 3553 securus
3326 3499 3506 3554 animo
3553 3509 3607 3553 et
3657 3510 3839 3556 mente

2243 3594 2423 3677 quieta
2483 3592 2793 3663 permansit.
2849 3591 2958 3646 Hoc
3010 3591 3151 3647 enim
3194 3592 3337 3647 bono
3374 3592 3491 3647 viro
3539 3594 3837 3649 maximum

2244 3686 2476 3750 studium
2519 3698 2668 3751 erat,
2724 3694 2780 3741 ut
2835 3700 2929 3741 cor
2976 3684 3094 3756 ejus
3139 3685 3301 3743 nullis
3338 3685 3567 3755 terrenis
3606 3686 3839 3757 negotiis

2246 3781 2582 3845 vinciretur;
2617 3788 2671 3833 et
2699 3767 2904 3834 idcirco
2934 3794 3096 3848 super
3124 3788 3326 3835 terram
3357 3779 3491 3835 nihil
3531 3779 3674 3834 aliud
3722 3793 3839 3849 pos-

2246 3873 2495 3955 sidebat,
2531 3882 2766 3944 excepto
2798 3888 2904 3927 uno
2934 3887 3061 3945 sago
3089 3916 3101 3938 ,
3137 3889 3347 3946 unaque
3376 3872 3725 3928 nihilominus
3757 3882 3840 3929 tu-

2246 3968 2366 4027 nica
2394 3968 2606 4035 cilicirta
2636 3983 2739 4036 qua
2771 3966 3020 4035 luebatur
3050 3966 3285 4025 Caucum
3332 3965 3414 4041 (7)
3460 3981 3671 4037 quoque
3729 3980 3841 4035 per-

2248 4061 2517 4116 modicum
2551 4102 2565 4127 ,
2623 4061 2673 4115 in
2732 4076 2839 4132 quo
2890 4060 3051 4116 edere
3104 4076 3197 4115 seu
3239 4060 3425 4115 bibere
3452 4061 3642 4115 solitus
3671 4068 3791 4116 erat
3819 4101 3840 4129 ,

2248 4160 2513 4226 habebat;
2559 4174 2767 4215 necnon
2810 4167 2864 4213 et
2902 4174 3062 4212 unum
3121 4156 3411 4229 psiathiutn
3467 4154 3582 4226 (8),
3638 4154 3691 4209 in
3732 4169 3841 4224 quo

2244 4253 2492 4319 cubitare
2521 4261 2901 4323 consueverat.
2948 4250 3081 4305 Cum
3117 4249 3200 4304 bis
3246 4258 3424 4305 autem
3453 4246 3703 4307 omnibus
3746 4246 3843 4302 bu-

2246 4348 2529 4402 tnilitatem
2568 4360 2732 4413 supra
2782 4342 3000 4400 modum
3057 4350 3113 4399 et
3158 4340 3477 4409 charitatem
3533 4338 3599 4397 ad
3651 4350 3843 4403 omnes

2250 4437 2533 4508 :rqualiter
2563 4434 2906 4505 possidebat;
2948 4447 3048 4488 nec
3080 4432 3413 4503 proponebat
3443 4432 3495 4485 iu
3528 4431 3733 4486 honore
3761 4430 3843 4488 Io-

2253 4530 2523 4603 cupletum
2556 4528 2796 4603 pauperi,
2831 4540 2930 4580 nec
2963 4524 3252 4596 principem
3285 4522 3548 4597 subjecto,
3575 4522 3656 4597 vel
3683 4521 3843 4599 nobi-

2254 4602 2357 4679 lem
2406 4622 2625 4692 ignobili
2661 4602 3015 4688 prmferebat;
3058 4606 3149 4673 sed
3183 4632 3371 4673 omnes
3422 4616 3667 4672 similiter
3715 4616 3845 4670 dili-

2250 4732 2404 4787 gens,
2424 4716 2723 4769 honorabat
2741 4714 3040 4776 universos,
3054 4712 3172 4766 sine
3185 4710 3498 4781 cujusquam
3528 4708 3846 4778 acceptione

2254 4825 2517 4882 personae.
2573 4808 2681 4863 Nec
2721 4805 3004 4875 aliquando
3053 4820 3376 4874 quemquam
3421 4804 3722 4873 procaciter
3765 4802 3845 4858 in-

2252 4886 2529 4975 crepabat,
2561 4901 2656 4981 sed
2686 4909 2805 4963 erat
2836 4915 3014 4973 seer
3041 4898 3161 4975 ejup
3190 4899 3452 4977 cltaritgle
3481 4906 3535 4951 et
3574 4898 3848 4954 suavitate

2254 4996 2526 5051 conditus.
2560 4996 2691 5061 Quis
2723 4993 2948 5047 audiens
2982 4994 3101 5061 ejus
3124 4992 3417 5061 eioquium,
3454 4990 3638 5045 satiari
3669 4993 3849 5058 potuit

2255 5089 2543 5155 aliquando
2574 5087 2641 5141 de
2674 5086 2755 5139 his
2784 5101 2902 5155 qua:
2945 5083 3233 5154 aliquando
3268 5097 3335 5137 ex
3394 5082 3659 5136 sermonis
3716 5081 3842 5150 ejus

2257 5158 2545 5234 dulcedine
2597 5176 3048 5245 proferebantur?
3096 5175 3175 5229 vel
3222 5174 3340 5242 quis
3391 5172 3597 5227 vultum
3652 5172 3797 5228 illius
3826 5216 3844 5241 ,

2257 5272 2558 5327 sanctitatis
2609 5268 2893 5338 imaginem
2928 5267 3305 5337 prtel'erentem
3338 5305 3352 5329 ,
3386 5263 3703 5333 respiciens.
3734 5279 3848 5319 non

2259 5363 2427 5433 magis
2458 5362 2670 5417 videndi
2702 5344 2824 5415 eum
2866 5344 3063 5428 sepius
3097 5356 3424 5413 desiderium
3475 5357 3746 5424 sumpsit?
3784 5354 3846 5412 in

2259 5456 2404 5519 omni
2448 5466 2710 5523 tempore,
2737 5453 3077 5506 abstinentiae
3099 5466 3210 5505 sua:
3231 5451 3471 5519 regulam
3492 5464 3651 5517 quam
3671 5448 3845 5503 semel

2261 5546 2510 5615 arripuit.
2546 5560 2650 5600 non
2678 5543 2902 5605 mutavit
2925 5544 3004 5612 (9)
3040 5560 3052 5596 :
3090 5540 3471 5610 quinquaginta
3501 5554 3669 5592 annos
3695 5540 3848 5594 insti-

2265 5647 2437 5717 tutum
2474 5638 2749 5715 proprium
2776 5676 2791 5703 ,
2824 5635 2968 5689 otnni
3016 5633 3297 5689 alacritate
3327 5631 3613 5701 complevit
3643 5670 3658 5693 ,
3688 5639 3745 5686 et
3772 5630 3849 5687 ob

2262 5734 2483 5787 nimium
2536 5746 2776 5785 amorem
2832 5744 2895 5784 ac
2937 5728 3259 5784 desiderium
3306 5727 3447 5797 quod
3504 5724 3735 5779 habebat
3774 5722 3851 5785 in

2263 5826 2503 5897 Christo,
2534 5839 2696 5885 omne
2721 5835 2895 5883 atrum
2924 5817 3347 5895 temporisillius
3379 5832 3529 5884 quasi
3565 5815 3683 5879 dies
3716 5830 3850 5893 pau-
