4142 6350
331 406 443 471 385

1413 410 1573 480 ωτι
1601 411 1850 482 SANCTI
1890 410 2198 492 ΑΒῆΑιΙέΕ
2239 414 2605 494 ΕΒΕΜᾸΤΔΕ.

3505 416 3613 488 286

330 531 507 587 cimus
536 528 847 596 reputabat;
896 535 954 588 et
991 534 1136 590 totus
1168 541 1314 598 rtgor
1335 529 1612 590 acerrimae
1638 542 1916 592 conversa-
1943 529 1996 606 ᾼ
2025 543 2351 604 paganorum
2406 537 2526 604 sine
2563 551 2712 608 mora
2755 536 3022 614 dirigitur.
3075 533 3190 609 Quo
3232 533 3359 604 dum
3400 544 3615 590 sanctus

331 622 491 682 tionis
520 623 640 691 eius
663 619 806 690 apud
833 634 956 684 eum
982 634 1078 688 pro
1109 619 1279 680 nihilo
1311 619 1618 685 videbatur.

400 718 534 774 Gn.
579 715 667 774 IV.
691 745 760 766 -..—-
787 714 915 777 Erat
943 725 1124 774 autent
1167 714 1310 780 baud
1357 715 1542 784 procul
1575 713 1641 774 ab
1674 712 1802 770 urbe
1831 711 1918 774 illa

329 813 486 870 vicus
506 810 797 876 admodum
827 808 1103 878 spatiosus
1131 824 1195 866 ac
1216 823 1461 879 magnus,
1478 808 1531 870 in
1554 821 1662 877 quo
1681 806 1919 864 universi

328 904 535 974 pariter
565 918 596 958 θ
626 901 850 964 minimo
872 915 1042 970 usque
1069 901 1137 956 ad
1176 901 1466 956 maximum
1508 899 1698 970 pagani
1727 897 1921 958 crude-

328 998 525 1064 lissimi
557 997 883 1062 existebant,
928 1009 1064 1065 quos
1115 995 1181 1049 ab
1231 994 1497 1050 idolorum
1539 994 1684 1050 cultu
1741 991 1918 1048 nullus

329 1093 560 1157 mnino,
581 1090 793 1150 valebat
819 1099 1084 1153 avertere.
1109 1086 1358 1150 Nonnulli
1384 1085 1600 1156 quidem
1621 1083 1917 1155 presbyteri

330 1194 392 1242 et
416 1184 626 1244 diaconi
652 1223 668 1250 ,
701 1183 754 1239 in
787 1184 888 1240 hoc
916 1184 1090 1254 ipsum
1119 1181 1230 1244 illic
1260 1181 1490 1240 ordinati
1538 1189 1591 1236 et
1621 1180 1808 1238 directi
1850 1177 1918 1231 ab
1963 1193 1966 1196 ’

330 1277 612 1347 episcopo,
637 1276 755 1340 sine
780 1277 892 1334 ullo
919 1277 1108 1334 salutis
1141 1289 1327 1332 eorum
1351 1274 1525 1330 fructu
1549 1272 1871 1330 recedebant
1898 1311 1913 1337 ,

327 1386 672 1443 nequaquam
704 1370 1013 1432 afﬂictionis
1062 1368 1298 1428 ferentes
1331 1369 1570 1425 laborem
1605 1385 1617 1422 :
1652 1367 1777 1437 quia
1807 1380 1916 1424 non

325 1464 508 1522 solum
539 1480 644 1524 non
687 1464 902 1522 suaderi
927 1470 983 1519 et
1021 1463 1088 1522 ad
1139 1477 1462 1520 consensum
1494 1461 1705 1516 animus
1729 1474 1914 1520 eorum

325 1559 482 1622 ferox
509 1574 614 1616 nun
645 1566 857 1629 poterat
885 1559 1065 1626 ﬂecti,
1103 1573 1290 1620 verum
1318 1556 1482 1612 etiam
1514 1556 1917 1626 persecutiones

330 1653 390 1708 in
418 1667 514 1710 eos
538 1654 628 1722 qui
660 1667 718 1708 se
750 1653 1044 1710 monebant
1073 1664 1137 1706 ac
1178 1649 1469 1706 seditiones
1509 1645 1918 1706 vehementissi-

326 1761 445 1802 mas
473 1746 834 1802 concitabant.
885 1745 991 1801 Sed
1048 1746 1199 1800 turba
1245 1743 1594 1802 nihilominus
1626 1741 1916 1796 monacho-

325 1852 446 1895 rum
475 1839 646 1896 semel
674 1847 834 1906 atque
863 1840 1053 1896 iterum
1083 1838 1232 1894 adire
1261 1837 1514 1895 nitentes.
1544 1834 1673 1890 nihil
1707 1834 1915 1906 penitus

2024 626 2296 690 Abraham
2325 639 2592 700 pergeret,
2637 630 2953 703 precabatur
2996 630 3278 690 Dominum
3305 671 3318 695 ,
3370 628 3560 680 dicens
3595 643 3609 679 :

2024 717 2461 786 Clementissime
2510 737 2573 784 ac
2615 722 2992 797 benignissime
3025 722 3182 784 Deus,
3223 719 3428 788 reapice
3459 717 3611 772 inﬁr-

2027 816 2272 877 mitatem
2295 832 2492 881 meam,
2517 816 2851 888 gratiamque
2877 823 3019 872 tuam
3051 815 3326 868 caelestem
3346 813 3409 865 ad
3434 824 3611 865 meum

2023 907 2332 978 praesidium
2345 907 2536 977 dirige,
2555 918 2608 962 ut
2626 907 2954 978 gloriﬁcetur
2970 922 3160 960 nomen
3179 915 3325 959 tuum
3341 912 3608 959 sanctum.

2021 995 2346 1056 Perveniens
2396 1011 2571 1060 autem
2621 1000 2685 1056 ad
2737 999 2954 1068 vicum,
2994 999 3289 1068 vidensque
3341 1012 3528 1050 omnes
3560 996 3611 1058 in

2023 1090 2229 1146 insania
2262 1093 2532 1147 idolatria
2564 1093 2909 1160 vehementer
2930 1108 3048 1154 esse
3077 1094 3354 1164 detentus,
3386 1106 3452 1144 ex
3507 1091 3614 1144 imo

2027 1197 2248 1254 peetore
2274 1186 2655 1254 ingemiscens,
2685 1187 2919 1256 graviter
2948 1186 3092 1240 ﬂevit
3113 1195 3209 1250 ;'et
3235 1185 3450 1252 elevans
3485 1197 3610 1237 ocu-

2022 1277 2103 1332 los
2125 1292 2250 1332 suos
2275 1277 2342 1332 ad
2370 1279 2563 1334 caelum
2590 1320 2603 1344 ,
2638 1278 2772 1332 dixit
2805 1297 2817 1330 :
2851 1277 2928 1334 Tu
2963 1278 3105 1330 solus
3135 1278 3218 1346 qui
3254 1277 3369 1340 sine
3396 1282 3613 1343 peccato

2021 1384 2101 1438 es,
2134 1369 2295 1438 Deus,
2323 1387 2388 1427 ne
2410 1370 2676 1440 despicias
2705 1386 2864 1446 opera
2908 1386 3156 1434 manuum
3187 1380 3415 1434 tuarum.
3448 1367 3615 1422 Festi-

2023 1475 2326 1536 nanterque
2377 1467 2578 1522 direxit
2607 1466 2849 1522 nuntium
2891 1466 2944 1524 in
2987 1465 3256 1528 civitatem
3288 1463 3353 1517 ad
3386 1463 3614 1515 amicum

2019 1555 2170 1612 illum
2213 1556 2586 1624 citarissimum
2632 1557 2757 1624 sibi,
2815 1565 2871 1618 ut
2924 1557 3202 1626 pecuniam
3262 1570 3324 1610 ex
3374 1553 3614 1623 reliquiis

2026 1651 2336 1720 patrimonii
2369 1650 2448 1704 sui
2481 1650 2714 1705 aﬂ‘erret.
2749 1650 2918 1726 Quam
2943 1665 3064 1704 cum
3111 1647 3443 1726 accepisset,
3476 1647 3614 1701 inter

2024 1757 2225 1811 paucos
2257 1743 2376 1799 dies
2416 1745 2720 1807 construxit
2749 1742 3058 1806 ecclesiam.
3090 1742 3153 1804 Et
3176 1741 3321 1796 velut
3357 1753 3613 1809 sponsam

2021 1836 2279 1903 Optimam
2308 1878 2321 1900 ,
2375 1837 2545 1891 multo.
2585 1851 2700 1890 eam
2734 1835 3070 1905 ptirilicoque
3102 1833 3373 1888 decoravit
3402 1842 3612 1886 ornatu.

324 1947 428 2003 pro
458 1932 810 1990 conversione
851 1946 1037 1987 eorum
1069 1945 1227 1999 agere
1266 1938 1574 1999 potuerunt.
1613 1928 1778 1982 Porro
1812 1941 1911 1992 una
1944 1927 1994 1992 Β
2021 1929 2271 1985 Attamen
2320 1928 2446 1983 dum
2501 1927 2878 1994 aediﬁcaretur,
2911 1926 3147 1997 quotidie
3178 1927 3342 1979 homo
3374 1923 3466 1977 Dei
3519 1938 3613 1990 per

325 2026 416 2080 die
443 2026 692 2080 residens
721 2039 842 2079 cum
875 2025 1088 2079 clericis
1118 2023 1230 2078 suis
1259 2021 1576 2092 episcopus,
1622 2019 1916 2076 beatissimi

323 2119 489 2189 hujus
523 2119 616 2176 viri
642 2117 826 2177 habuit
863 2119 1223 2181 mentionem,
1259 2117 1502 2187 dixitque
1533 2116 1600 2170 ad
1632 2131 1731 2170 eos
1765 2133 1779 2170 :
1808 2116 1915 2184 ligo

326 2213 489 2272 talem
504 2210 678 2272 virum
698 2210 1031 2277 temporibus
1062 2209 1221 2282 146
1244 2212 1377 2268 tneis
1401 2207 1584 2264 videre
1610 2224 1714 2264 non
1747 2208 1914 2278 potui,

323 2307 401 2364 ita
431 2308 484 2362 in
516 2320 661 2362 omni
691 2320 856 2374 opere
883 2305 1141 2362 bonitatis
1167 2302 1485 2374 perfectum,
1517 2314 1571 2359 et
1597 2304 1676 2360 sic
1703 2313 1914 2359 cunctis

323 2398 616 2459 virtutibus
643 2390 1002 2464 adornatum:
1032 2398 1084 2453 in
1125 2413 1231 2466 quo
1257 2397 1421 2466 elegit
1460 2397 1602 2452 Deus
1646 2398 1910 2466 habitare,

323 2503 386 2550 ut
407 2493 636 2552 habetur
651 2507 792 2550 nunc
807 2492 1180 2548 sanctissimus
1195 2493 1488 2552 Abraham.
1502 2492 1915 2562 Respondentes

322 2597 509 2642 autem
539 2584 724 2642 clerici
753 2600 940 2643 verum
987 2599 1107 2644 esse
1155 2600 1277 2640 eum
1313 2585 1407 2644 Dei
1436 2582 1692 2642 famulum
1736 2601 1918 2640 tuuna-

319 2680 595 2750 chumque
627 2678 920 2749 perlectum
944 2676 1304 2736 afﬁrmabant.
1329 2678 1395 2734 Et
1419 2679 1732 2748 episcopus:
1760 2679 1915 2747 Volo,

325 2775 522 2845 inquit,
566 2789 688 2830 eum
723 2775 776 2828 in
820 2774 940 2830 vico
973 2774 1062 2829 illo
1092 2773 1378 2844 gentilium
1409 2773 1664 2830 ordinare
1695 2773 1918 2844 presby-

325 2875 550 2933 terum;
585 2874 764 2935 potest
787 2863 929 2922 enim
953 2881 1048 2922 eos
1081 2863 1333 2934 patientia
1367 2882 1426 2920 ac
1463 2867 1624 2922 nimia
1657 2865 1917 2922 cbaritate

326 2961 400 3015 ad
427 2960 594 3015 Deum
627 2968 965 3014 convertere.
1019 2958 1087 3013 Et
1139 2972 1472 3028 consurgens
1524 2956 1788 3025 protinus,
1845 2957 1915 3012 ad

324 3053 580 3110 cellulam
619 3052 791 3110 sant-ti
832 3051 930 3106 viri
969 3065 1092 3106 cum
1129 3049 1238 3108 suis
1289 3050 1642 3119 proficiscitur
1680 3049 1915 3109 clericis.

324 3147 573 3218 Cumque
609 3147 894 3201 salutasset
919 3160 1066 3212 eum,
1098 3145 1383 3214 statimque
1406 3145 1474 3199 de
1493 3144 1785 3212 gentilibus
1815 3142 1915 3198 vici

327 3242 476 3298 illius
502 3241 760 3306 insinuat,
794 3250 853 3294 ut
878 3239 943 3294 ad
975 3253 1072 3294 eos
1095 3239 1164 3293 ob
1191 3238 1418 3294 salutem
1451 3252 1639 3298 eorum
1673 3244 1919 3306 pergeret

2022 2021 2199 2076 media
2238 2021 2521 2076 simulacra
2552 2020 2827 2090 gentilium
2874 2019 3176 2086 transiens,
3225 2016 3356 2078 nihil
3404 2015 3613 2083 penitus

2023 2115 2366 2184 loqutdiatnr,
2402 2116 2502 2170 nisi
2556 2115 2605 2168 in
2656 2115 2819 2170 corde
2864 2129 2961 2168 suo
3011 2112 3201 2166 orabat
3251 2108 3610 2175 solummodo,

2019 2208 2356 2277 gemitusque
2385 2221 2506 2262 cum
2541 2205 2667 2260 ﬂetu
2719 2205 2966 2271 mittebat
3013 2202 3079 2258 ad
3121 2202 3424 2278 Dominum.
3457 2198 3614 2252 Post-

2021 2316 2178 2370 quam
2207 2315 2334 2354 vero
2367 2301 2591 2362 ecclesia
2639 2308 2721 2360 est
2767 2282 3161 2359 consummata,
3209 2292 3362 2365 quasi
3413 2306 3607 2346 munus

2021 2377 2436 2464 quoddam'cum
2469 2393 2651 2446 multis
2694 2391 2944 2461 lacrymis
2990 2389 3184 2448 obtulit
3232 2388 3340 2440 Deo
3373 2403 3386 2451 ;
3419 2385 3489 2438 ibi
3518 2399 3612 2458 ge-

2023 2489 2196 2546 nubus
2224 2486 2410 2556 positis
2438 2526 2453 2552 ,
2483 2485 2578 2540 has
2607 2500 2792 2556 preces
2824 2482 3138 2552 suppliciter
3169 2483 3216 2534 in
3249 2494 3340 2542 sua
3369 2479 3614 2531 oratione

2023 2579 2259 2651 profudit.
2293 2598 2303 2632 :
2333 2579 2430 2644 Tu,
2461 2579 2735 2642 inquiens,
2759 2575 3096 2642 omnipotens
3123 2573 3222 2632 Fili
3252 2572 3345 2632 Dei
3375 2570 3501 2639 vivi,
3525 2568 3613 2639 qui

2023 2682 2194 2728 totum
2225 2672 2482 2730 mundum
2517 2670 2717 2734 erroris
2748 2670 3059 2738 depressum
3085 2663 3414 2736 caligine,ad
3432 2661 3615 2733 cogni-

2030 2769 2230 2824 tionem
2272 2764 2489 2820 luminis
2519 2766 2591 2818 tui
2627 2779 2720 2832 per
2748 2774 2889 2824 tuam
2923 2758 3264 2827 praesentiam
3291 2755 3564 2812 deduxisti
3594 2795 3611 2823 ,

2023 2864 2164 2918 hunc
2207 2875 2417 2931 quoque
2463 2859 2715 2929 populum
2745 2865 2891 2911 tuum
2923 2855 3226 2924 dispersum
3263 2864 3527 2921 congrega
3560 2848 3614 2902 in

2024 2959 2203 3012 sinum
2251 2952 2507 3010 Ecclesiae
2543 2961 2665 3019 tuae,
2696 2960 2748 3004 et
2781 2949 3015 3004 illumina
3049 2948 3235 3010 oculos
3285 2943 3482 3010 mentis
3530 2957 3615 2998 eo-

2023 3063 2161 3110 rum,
2190 3054 2244 3101 ut
2275 3054 2591 3114 respuentes
2617 3042 3030 3106 simulacrorum
3054 3039 3343 3104 culturam,
3368 3045 3418 3092 te
3438 3036 3613 3091 solum

2023 3151 2320 3200 amatorem
2349 3140 2626 3194 hominum
2653 3152 2717 3194 ac
2746 3136 3030 3205 benignum
3064 3135 3232 3190 Deum
3263 3139 3610 3205 cognoscant.

2101 3232 2347 3300 Cumque
2379 3233 2515 3290 hanc
2543 3229 2844 3284 orationem
2889 3229 3116 3288 linisset,
3156 3225 3412 3290 continuo
3435 3236 3616 3291 egres-

327 3337 800 3408 rogans.Quicum
819 3333 1078 3398 audisset,
1109 3332 1277 3388 tristis
1298 3331 1646 3388 Vehementer
1675 3331 1917 3396 effectus,
1947 3320 1993 3382 (Ξ
2028 3341 2124 3383 sus
2157 3327 2223 3386 ab
2253 3325 2478 3384 ecclesia
2519 3364 2532 3387 ,
2583 3323 2816 3393 perrexit
2865 3321 2930 3374 ad
2983 3319 3236 3387 templum
3286 3316 3566 3391 gentilium
3594 3354 3609 3382 ,

327 3430 403 3486 ait
432 3430 499 3484 ad
529 3430 841 3498 episcopum
875 3443 889 3480 :
925 3427 1140 3494 Quaeso,
1161 3424 1355 3493 inquit,
1387 3425 1542 3480 i'ater
1563 3426 1916 3488 sanctissime,

326 3521 580 3594 permitte
637 3519 770 3574 mihi
818 3528 876 3573 ut
925 3533 1073 3572 meas
1117 3515 1424 3585 iniquitates
1471 3515 1718 3581 deﬂeam,
1751 3531 1924 3585 neque

325 3615 637 3686 bujusmodi
668 3613 937 3684 negotium
970 3615 1184 3668 inlirmo
1213 3623 1266 3666 et
1313 3619 1509 3680 exiguo
1552 3610 1801 3668 existenti
1841 3609 1922 3666 in-

327 3713 542 3790 iungas.
587 3711 668 3765 Ad
709 3726 869 3782 quem
913 3722 1097 3764 rursus
1139 3707 1424 3777 episcenos
1460 3705 1594 3761 dixit
1632 3724 1644 3760 :
1682 3705 1786 3762 Per
1829 3705 1921 3762 Dei

327 3809 580 3878 gratiam,
605 3805 795 3874 inquit,
822 3811 1010 3872 potens
1037 3815 1127 3867 es;
1162 3816 1229 3856 ne
1257 3799 1390 3855 velis
1417 3816 1545 3869 ergo
1578 3799 1629 3853 in
1660 3799 1760 3855 hac
1781 3800 1920 3855 bona

329 3899 641 3956 obedientia
664 3897 781 3955 ﬁeri
813 3895 1242 3952 cunctabundus.
1275 3893 1373 3949 Cui
1407 3894 1487 3950 vir
1511 3895 1697 3949 beatus
1730 3897 1920 3951 iterum

330 3992 668 4062 respondens
711 3989 847 4045 dixit
878 4003 893 4042 :
928 3989 1164 4043 Obsecro
1193 3986 1534 4043 sanctitatem
1578 3995 1720 4042 tuam
1754 3995 1810 4042 ut
1839 4003 1924 4044 me

328 4088 473 4144 mala
503 4101 621 4142 mea
644 4086 897 4156 plangere
924 4082 1224 4151 permittas.
1257 4081 1323 4135 Et
1350 4080 1426 4134 ait
1454 4078 1521 4135 ad
1552 4095 1674 4135 eum
1713 4080 1923 4149 episco-

330 4203 434 4258 pus
470 4203 486 4241 :
515 4186 653 4241 Ecce
681 4192 848 4237 totum
882 4179 1136 4234 mundum
1165 4186 1220 4233 et
1262 4193 1384 4248 quia;
1433 4179 1485 4230 in
1530 4192 1596 4231 eo
1642 4186 1765 4232 sunt
1796 4178 1924 4233 reli-

329 4279 524 4352 quisti,
575 4287 628 4333 et
665 4277 827 4331 vitam
859 4275 1168 4329 cruciﬂxatn
1201 4273 1536 4342 amplexatus
1565 4287 1659 4336 es;
1691 4283 1924 4327 attamen

331 4392 456 4432 cum
486 4374 600 4429 haec
627 4374 878 4429 universo
906 4367 1267 4438 Compleveris
1285 4407 1299 4432 ,
1327 4381 1557 4437 agnosce
1587 4375 1639 4421 te
1664 4366 1924 4422 obedien-

336 4474 468 4528 tiam
505 4514 520 4539 ,
570 4487 688 4542 quas
739 4470 943 4525 cunctis
974 4467 1264 4522 virtutibus
1311 4467 1532 4530 eminet,
1569 4478 1672 4518 non
1707 4463 1922 4517 habere.

333 4566 466 4622 "mc
497 4566 586 4620 ille
615 4580 735 4620 cum
761 4561 1017 4627 audisset,
1051 4561 1213 4631 cmpit
1245 4560 1374 4614 ﬂere
1399 4573 1601 4624 amare,
1647 4556 1829 4612 dicens
1861 4555 1926 4609 ad

334 4677 463 4717 eum
499 4678 510 4712 :
543 4660 677 4727 Quid
725 4675 841 4713 sum
888 4672 1008 4728 ego,
1042 4655 1192 4710 canis
1221 4662 1460 4708 mortuus
1492 4650 1543 4721 (1
1580 4651 1706 4721 Reg.
1738 4650 1928 4720 xxiv)?

333 4765 395 4810 et
425 4771 542 4826 quat
567 4764 648 4809 est
677 4754 780 4808 vita
815 4766 952 4817 mea,
986 4748 1235 4820 quoniam
1262 4747 1383 4802 talia
1413 4749 1478 4799 de
1507 4761 1611 4809 me,
1641 4759 1674 4798 ο
1695 4743 1926 4798 sanctis-

334 4850 476 4905 sime
509 4848 686 4914 Pater,
715 4844 962 4916 judicasti
985 4845 1008 4898 ?
1032 4841 1128 4897 Cui
1163 4840 1236 4895 ait
1265 4840 1550 4910 episcopus
1596 4855 1608 4890 :
1655 4838 1790 4890 Ecce
1841 4837 1925 4890 hic

337 4942 623 5007 residens,
683 4951 824 4994 tuam
884 4934 1223 4992 solummodo
1272 4933 1497 4987 salutem
1553 4929 1824 4999 acquiris;
1856 4927 1928 4982 ibi

336 5044 518 5092 autem
552 5033 764 5105 plurimi
815 5047 906 5100 per
947 5040 998 5085 te
1023 5069 1035 5093 ,
1089 5028 1267 5081 divina
1312 5023 1477 5094 gratia
1509 5031 1790 5093 operante,
1823 5021 1930 5076 sal-

339 5130 498 5182 vandi
529 5137 673 5192 sunt,
701 5138 1068 5196 quoscumque
1095 5124 1158 5176 ad
1193 5119 1473 5174 Dominum
1508 5117 1671 5172 Deum
1703 5131 1930 5171 conver-

340 5223 494 5276 teris.
527 5221 816 5274 Considera
861 5226 1038 5288 itaque
1081 5215 1222 5271 unde
1261 5212 1575 5280 ampliorem
1617 5211 1924 5266 mercedem

338 5315 564 5379 habeas,
596 5321 770 5366 utrum
804 5311 847 5365 si
878 5311 1105 5380 teipsum
1164 5308 1454 5363 salvaveris
1499 5305 1670 5360 solum
1695 5346 1708 5371 ,
1760 5319 1828 5357 an
1885 5303 1931 5357 si

338 5404 606 5475 plurimos
637 5412 810 5457 tecum
845 5401 909 5456 ad
939 5402 1164 5455 salutem
1195 5399 1504 5455 adduxeris.
1551 5397 1702 5450 Tunc
1743 5395 1933 5451 beatus

339 5496 424 5550 vir
451 5497 542 5550 Dei
577 5495 731 5560 ﬂens,
784 5496 858 5548 ait
889 5511 902 5547 :
937 5494 1053 5548 Fiat
1095 5493 1338 5548 voluntas
1414 5489 1654 5557 Domini;
1714 5504 1934 5544 verum-

341 5603 521 5647 tamen
572 5600 788 5661 prepter
832 5589 1194 5646 obedientiam
1227 5631 1242 5655 ,
1287 5600 1607 5659 quocunque
1659 5583 1886 5654 jusseris
1918 5625 1933 5650 ,

340 5701 587 5768 pergam.

417 5761 548 5837 CAP.
591 5778 678 5838 Vl.
703 5807 774 5820 —-
803 5777 1051 5833 Educens
1083 5791 1210 5846 ergo
1229 5791 1354 5831 eum
1386 5775 1452 5830 de
1478 5761 1670 5830 cellula
1709 5773 1760 5828 in
1804 5774 1938 5828 civi-

343 5885 509 5933 tatem
569 5875 714 5931 illico
773 5872 1106 5947 introduxit;
1159 5872 1336 5942 ibique
1393 5885 1487 5941 per
1536 5868 1936 5940 impositionem

341 5985 534 6032 manus
587 5967 867 6050 presbyter
904 5967 1181 6033 ordinatus
1221 5963 1380 6044 (l0),
1434 5960 1616 6023 statim
1649 5961 1715 6020 ad
1761 5960 1938 6024 vicum

2030 3432 2258 3488 arasque
2280 3431 2464 3476 eorum
2497 3423 2551 3478 et
2579 3413 2867 3482 simulacra
2898 3411 3139 3471 manibus
3169 3409 3280 3465 suis
3311 3405 3502 3460 evertit
3530 3411 3610 3458 at-

2027 3529 2130 3584 que
2163 3512 2452 3578 destruxit.
2475 3509 2628 3576 Quod
2661 3508 2858 3572 factum
2885 3522 3004 3562 cum
3028 3511 3277 3567 cerni-ret
3303 3501 3452 3562 turba
3484 3513 3617 3572 gen-

2028 3608 2222 3673 tilium,
2247 3607 2402 3676 quasi
2429 3613 2666 3676 agrestes
2702 3602 2829 3664 ferae
2862 3601 3133 3666 insiliunt,
3158 3611 3388 3668 eumque
3416 3595 3615 3669 lacera-

2029 3711 2139 3758 tum
2183 3698 2362 3764 multis
2395 3694 2708 3764 verberibus
2745 3695 3082 3772 fugaverunt.
3117 3688 3237 3759 Ipse
3267 3697 3445 3756 autem
3475 3686 3614 3758 clam

2030 3803 2189 3853 nocte
2216 3794 2268 3858 in
2302 3791 2531 3858 ecclesia
2567 3788 2832 3856 residens,
2866 3786 3142 3862 plagarum
3165 3796 3380 3850 suarum
3410 3781 3618 3856 lacera-

2029 3889 2228 3948 tionem
2265 3899 2371 3946 non
2399 3898 2617 3954 curans,
2649 3881 2742 3950 sed
2766 3875 3136 3946 tantummodo
3168 3889 3286 3949 culp
3320 3872 3532 3939 ﬂetibus
3557 3885 3618 3930 ac

2026 3982 2334 4054 gemitibus,
2368 3988 2424 4040 ut
2470 3976 2602 4034 salvi
2646 3976 2839 4042 ﬂerent
2867 4018 2881 4043 ,
2935 3971 3220 4038 Dominum
3274 3967 3614 4051 precabatur.

2029 4079 2194 4133 Facto
2224 4083 2406 4136 autem
2430 4085 2590 4134 mane
2610 4069 2958 4136 advenientes
2983 4065 3195 4138 pagani,
3220 4061 3492 4126 inveniunt
3519 4059 3619 4122 ho.-

2033 4171 2232 4231 minem
2289 4167 2382 4224 Dei
2435 4173 2713 4230 orantem;
2764 4171 2819 4228 et
2863 4160 3027 4222 nimio
3078 4165 3299 4224 stupore
3340 4152 3573 4223 perculsi
3603 4192 3619 4217 ,

2026 4265 2179 4336 quasi
2209 4263 2329 4322 enei
2375 4259 2490 4330 (Η)
2533 4255 2748 4330 quidam
2780 4253 2956 4322 eﬂ'eeti
2987 4259 3132 4310 sunt.
3163 4247 3318 4308 Unde
3347 4253 3403 4306 et
3427 4244 3491 4310 ad
3528 4258 3623 4336 ες-

2029 4335 2250 4415 clesiam
2306 4352 2548 4423 quotidie
2603 4347 2921 4420 veniebant,
2976 4359 3082 4398 non
3133 4350 3314 4400 tamen
3364 4335 3622 4391 orationis

2031 4448 2219 4519 gratia,
2254 4446 2346 4501 sed
2372 4454 2427 4498 ut
2455 4442 2625 4496 oculis
2665 4439 2776 4493 suis
2806 4437 3053 4492 ecclesia:
3085 4429 3514 4499 contemplantes
3536 4443 3624 4482 or-

2033 4552 2216 4600 natum
2255 4553 2318 4598 ac
2353 4531 2848 4608 pulchritudinem,
2875 4527 3289 4592 delectarentur.
3323 4520 3500 4594 Capit
3525 4519 3622 4573 ita-

2034 4649 2138 4703 que
2167 4630 2396 4702 quadam
2429 4628 2514 4680 die
2546 4627 2626 4679 vir
2657 4623 2845 4694 beatus
2892 4619 3160 4695 Abraham
3185 4615 3466 4684 deprecari
3487 4628 3581 4669 eos
3606 4654 3623 4681 ,

1955 4715 2009 4777 Ι)
2036 4727 2466 4793 utagnoscerent
2485 4716 2680 4776 Deum.
2713 4714 2787 4772 Illi
2821 4727 2944 4766 vero
2967 4711 3220 4779 suaviores
3243 4707 3439 4772 eﬂecti,
3474 4704 3624 4759 fusti-

2035 4817 2136 4874 bus
2173 4829 2296 4869 eum
2331 4810 2484 4877 quasi
2519 4808 2747 4877 lapidem
2780 4803 3065 4878 quemdam
3114 4812 3273 4878 atque
3321 4800 3623 4872 exanimem

2033 4910 2384 4972 ceciderunt;
2409 4912 2464 4960 et
2490 4902 2704 4977 deinde,
2721 4899 2943 4972 pedibus
2965 4899 3084 4970 ejus
3112 4894 3235 4966 fune
3259 4894 3624 4962 ligatis,extra

2037 5004 2216 5064 vicum
2253 5003 2552 5059 traxerunt,
2588 4992 2852 5064 lapidibus
2881 4992 3203 5056 obruentes;
3250 4994 3626 5063 mortuumque

2038 5110 2164 5152 eum
2190 5094 2536 5156 arbitrantes,
2565 5088 2888 5160 seminecem
2914 5085 3261 5154 reliquerunt.

2114 5210 2283 5267 Media
2311 5217 2488 5263 autem
2519 5215 2676 5260 nocte
2701 5203 2754 5259 in
2785 5203 3137 5268 semetipsum
3165 5203 3435 5256 reversus,
3460 5187 3628 5260 erepit

2047 5307 2178 5362 ﬂere
2208 5300 2696 5364 vehementissime,
2727 5312 2789 5350 ac
2822 5294 3004 5349 dicere
3037 5309 3048 5342 :
3083 5288 3152 5346 Ut
3179 5285 3335 5353 quid,
3363 5283 3591 5348 Domine
3612 5320 3629 5348 ,

2045 5396 2338 5467 deSpesisti
2365 5393 2724 5448 humilitatem
2750 5401 2952 5447 meam,
2978 5392 3030 5442 et
3061 5377 3442 5448 querelantem
3485 5385 3630 5446 illam

2039 5490 2240 5545 avertis
2273 5503 2300 5540 a
2331 5485 2449 5540 me?
2479 5495 2531 5540 et
2560 5499 2655 5537 cur
2680 5478 2900 5550 repellis
2925 5473 3158 5536 animant
3205 5485 3402 5533 meam.
3445 5479 3499 5540 et
3528 5468 3626 5534 de-

2041 5582 2260 5654 spexisti
2294 5623 2309 5647 ,
2343 5579 2585 5643 Domine,
2618 5587 2778 5644 opera
2810 5583 3059 5632 manuum
3091 5567 3336 5628 tuarum?
3367 5563 3433 5630 Et
3457 5577 3631 5632 nunc,

2049 5675 2296 5738 nomine,
2326 5671 2534 5740 respice
2573 5681 2734 5732 super
2773 5677 2989 5719 servum
3021 5668 3168 5722 tuum
3197 5698 3213 5726 ,
3243 5669 3298 5718 et
3317 5656 3510 5723 exaudi
3542 5655 3636 5720 de-

2011 5791 2024 5798 "
2045 5771 2406 5842 precationem
2437 5776 2635 5825 meam,
2680 5766 2736 5814 et
2779 5757 3072 5814 corrobora
3102 5770 3188 5812 me
3220 5770 3232 5818 ;
3273 5749 3425 5823 147
3460 5757 3514 5812 et
3539 5753 3635 5801 ab-

2019 5868 2196 5924 solve
2223 5875 2415 5916 servos
2448 5867 2566 5912 tuos
2595 5870 2625 5909 a
2656 5854 2883 5910 vinculis
2907 5851 3106 5909 diaboli
3125 5891 3143 5917 ,
3174 5858 3230 5908 et
3252 5851 3446 5916 praesta
3471 5844 3550 5904 eis
3581 5846 3638 5897 ut

2042 5959 2371 6032 cognoscant
2393 5961 2443 6008 te
2471 5948 2722 6028 quoniam
2749 5955 2805 6007 tu
2834 5960 2898 6006 es
2923 5945 3104 6013 solus,
3123 5949 3180 6005 et
3203 5945 3396 6012 praeter
3425 5944 3477 5996 te
3523 5945 3637 5994 non
