4142 6350
593 440 700 496 287

1675 428 1768 486 DE
1807 425 1992 485 VITIS
2031 418 2318 479 PATRUM
2361 418 2564 476 LIBER
2602 415 2882 476 PRIMUS.

3777 407 3882 460 288

595 564 680 612 est
699 552 834 608 alius
858 551 1019 605 Deus.
1053 546 1256 603 Deinde
1285 557 1615 616 consurgens
1641 542 1710 598 ab
1729 543 1991 605 oratione,
2017 541 2177 596 intra-
2206 538 2260 596 Α
2285 535 2568 590 admodum
2624 535 2909 591 denuntias
2961 530 3115 586 nobis
3141 538 3198 586 et
3249 529 3437 595 doces,
3489 527 3563 584 ita
3609 527 3881 586 credimus

595 651 672 704 vit
703 648 754 702 in
779 647 986 707 vicum;
1020 645 1396 711 ingressusque
1425 641 1729 704 ecclesiam,
1763 637 1987 692 Domino
2036 638 2177 705 psal-

595 757 713 797 mos
744 743 993 793 canebat.
1019 734 1225 788 Rursus
1250 741 1429 787 autem
1453 733 1594 787 facto
1616 731 1870 796 diluculo,
1905 732 2183 785 venientes

597 834 852 888 viderunt
874 845 1020 883 eum.
1043 828 1106 882 Et
1133 827 1414 895 stupefacti
1443 835 1601 894 atque
1624 823 1676 878 in
1703 824 1962 878 insaniam
1996 823 2137 877 versi
2163 862 2180 888 ,

594 925 736 979 nulla
763 921 1017 976 habentes
1047 919 1254 972 viscera
1286 915 1694 982 misericordia»,
1718 913 1998 968 acerrimis
2033 914 2180 966 illum

593 1015 873 1071 tormentis
917 1010 1311 1079 crudeliterque
1354 1007 1675 1071 conficiunt;
1705 1016 1763 1061 et
1781 1006 1943 1060 solito
1965 1005 2183 1060 funibus

592 1109 888 1174 alligatum,
919 1114 1068 1159 extra
1097 1103 1275 1157 vicum
1309 1110 1612 1156 traxerunt.

661 1197 793 1254 Car.
837 1197 924 1252 Vl.
956 1227 1027 1237 —
1056 1195 1184 1250 Haec
1207 1191 1386 1249 aut’em
1428 1209 1548 1249 cum
1580 1208 1676 1262 per
1717 1190 2008 1245 triennium
2038 1198 2185 1260 pate-

590 1299 758 1356 retur,
790 1290 940 1360 quasi
971 1303 1134 1341 verus
1159 1286 1379 1341 adamas
1426 1284 1781 1340 tolerabiliter
1810 1281 2135 1349 perdurabat
2165 1297 2179 1346 ;

589 1398 694 1438 nec
718 1393 795 1436 tot
820 1380 1093 1449 tantisque
1117 1380 1528 1433 insectationum
1547 1374 1981 1430 tribulationibus
1993 1373 2180 1438 cessit;

592 1475 687 1530 sed
734 1490 852 1528 cutn
885 1472 1204 1540 caaderetur,
1237 1485 1357 1525 cum
1390 1469 1714 1533 traheretur,
1759 1483 1882 1522 cum
1934 1481 2184 1536 persecu-

590 1565 762 1620 tiones
796 1575 1095 1635 pateretur,
1140 1578 1262 1617 cum
1305 1563 1657 1632 lapidaretur,
1699 1577 1818 1615 cum
1852 1562 1994 1615 fame
2021 1573 2075 1614 et
2095 1561 2182 1615 siti

589 1657 880 1720 laboraret,
913 1656 965 1709 in
997 1655 1246 1709 omnibus
1271 1653 1354 1708 his
1397 1669 1516 1722 qua:
1561 1655 1608 1708 ei
1662 1653 2006 1714 acciderant,
2041 1668 2181 1706 nun-

591 1766 748 1821 quam
780 1750 845 1803 ad
879 1747 1208 1802 iracundiam
1252 1755 1570 1815 provocatus
1597 1786 1612 1810 ,
1668 1761 1938 1814 nunquam
1986 1746 2052 1798 ad
2103 1746 2184 1801 in-

587 1843 953 1911 dignationem
978 1849 1280 1893 commotus
1305 1847 1418 1904 est;
1443 1853 1714 1908 nunquam
1739 1837 2181 1907 pusillanimitate

2289 637 2344 682 et
2372 628 2646 683 faciemus.
2671 628 2735 682 Et
2757 625 3036 682 confestim
3061 632 3279 680 sanctus
3299 623 3569 679 Abraham
3597 637 3882 680 assumens

2283 733 2497 774 sacrum
2533 719 2809 787 baptisma,
2862 717 3147 787 baptizavit
3191 731 3286 772 eos
3316 716 3369 772 in
3420 718 3635 772 nomine
3684 715 3880 785 Patris,

2288 821 2343 866 et
2375 812 2521 879 Filii,
2551 821 2606 866 et
2633 813 2863 880 Spiritus
2890 812 3082 876 sancti,
3111 827 3140 865 a
3166 812 3386 866 minimo
3416 826 3587 882 usque
3611 812 3678 866 ad
3709 815 3878 866 maxi-

2288 927 2454 966 mum.
2493 913 2660 966 Erant
2713 921 2887 966 autem
2930 925 3101 978 usque
3125 909 3190 963 ad
3231 908 3375 964 mille
3417 909 3646 964 animas.
3677 909 3883 965 Deinde

2289 1024 2383 1079 per
2409 1008 2649 1077 singulos
2677 1008 2792 1061 dies
2835 1006 3044 1060 divinas
3076 1005 3380 1074 Scripturas
3409 1006 3488 1059 eis
3518 1003 3746 1073 legebat,
3779 1003 3881 1058 do-

2288 1099 2445 1153 cebat
2472 1113 2565 1152 eos
2591 1098 2657 1152 de
2679 1113 2846 1169 regno
2877 1098 3002 1163 Dei,
3056 1097 3124 1151 de
3157 1095 3388 1164 paradisi
3420 1094 3649 1160 deliciis,
3690 1093 3758 1149 de
3787 1109 3882 1165 ge-

2289 1192 2483 1248 hennae
2512 1193 2810 1261 suppliciis,
2861 1191 2928 1246 de
2969 1191 3194 1260 justitia,
3225 1189 3292 1244 de
3341 1190 3443 1244 fide
3494 1198 3550 1243 et
3595 1191 3877 1246 charitate.

2291 1283 2364 1337 llli
2398 1299 2545 1348 vero,
2578 1284 2716 1338 sicut
2744 1284 2881 1338 bona
2911 1294 3052 1337 terra
3097 1284 3319 1352 percipit
3348 1297 3531 1338 semen
3579 1283 3796 1348 bonum,
3825 1293 3882 1342 et

2287 1376 2441 1431 affert
2492 1376 2740 1443 fructum,
2789 1376 2932 1430 aliud
2986 1379 3355 1443 centesimum,
3411 1375 3553 1430 aliud
3608 1378 3877 1446 sexagesi-

2288 1487 2456 1537 mum,
2488 1472 2629 1525 aliud
2664 1473 2994 1540 trigesimum
3031 1471 3244 1539 (Matth.
3278 1474 3426 1540 xtu);
3479 1471 3548 1524 ita
3580 1471 3735 1526 verba
3764 1475 3881 1538 ejus

2289 1567 2646 1621 libentissime
2671 1567 2974 1627 audientes.
3000 1578 3158 1636 atque
3189 1567 3240 1620 in
3301 1568 3494 1621 timore
3523 1567 3734 1620 Domini
3760 1582 3883 1636 pro-

2290 1658 2552 1724 ficientes,
2587 1659 2790 1712 fructus
2810 1658 3143 1728 largissimus
3163 1659 3474 1713 afferebant.
3510 1659 3565 1712 In
3589 1671 3883 1728 censpectu

2288 1760 2466 1803 autem
2499 1764 2684 1803 eorum
2709 1751 2855 1816 quasi
2907 1750 3124 1817 angeIUs
3181 1749 3276 1802 Dei
3307 1748 3604 1813 videbatur,
3647 1759 3699 1804 et
3730 1753 3883 1817 quasi

2291 1840 2534 1909 quaedam
2565 1840 2772 1895 aediﬁcii
2828 1841 3075 1911 ligatura.
3111 1840 3199 1897 Sic
3247 1843 3386 1897 enim
3432 1841 3665 1897 charitas
3693 1858 3885 1900 eorum

586 1934 837 1987 distabuit
865 1974 880 1999 ,
936 1947 1205 2001 nunquam
1249 1931 1409 1986 taedio
1449 1931 1700 2001 fatigatus
1750 1941 1865 1995 est;
1919 1933 2014 1986 sed
2060 1947 2182 1985 cum
2214 1913 2266 1975 Β
2295 1934 2438 1988 circa
2470 1935 2643 2003 ipsum
2674 1942 2792 1988 erat
2824 1950 2916 2003 per
2947 1935 3245 1988 doctrinam
3275 1936 3539 1989 sermonis
3561 1935 3883 2008 dulcissimi,

587 2040 776 2094 aspera
802 2025 978 2078 omnia
1012 2032 1308 2094 pateretur,
1337 2024 1506 2093 magis
1537 2039 1599 2078 ac
1651 2023 1820 2094 magis
1871 2039 2021 2077 amor
2064 2025 2181 2093 ejus

586 2119 638 2175 in
665 2135 759 2173 eos
781 2129 836 2174 et
859 2117 1092 2173 charitas
1116 2117 1429 2187 augebatur.
1458 2113 1615 2169 Modo
1645 2116 1994 2182 admonebat,
2021 2117 2180 2171 Inodo

586 2210 960 2265 blandiebatur
986 2251 1001 2275 ,
1034 2209 1195 2265 modo
1223 2209 1601 2264 blandimentis
1644 2208 1948 2263 suavissimi
1980 2210 2180 2276 eloquii

585 2301 829 2359 liniebat.
864 2303 927 2357 Et
954 2301 1168 2373 quidem
1202 2303 1467 2367 seniores,
1510 2301 1675 2356 veluti
1705 2313 1884 2371 patres
1917 2302 2176 2372 rogabat;

583 2396 806 2472 juvenes
839 2407 896 2452 ut
926 2398 1138 2462 fratres,
1165 2397 1535 2451 adolescentes
1562 2407 1618 2451 ut
1659 2397 1829 2462 filios;
1865 2413 1985 2451 cum
2013 2412 2178 2451 econ-

584 2492 750 2545 trario
777 2491 843 2544 ab
880 2489 960 2545 eis
987 2493 1427 2557 subsannaretur,
1461 2487 1813 2558 irrideretur,
1843 2499 2002 2559 atque
2031 2489 2180 2542 mille

589 2584 875 2654 opprobria
911 2591 1203 2652 pateretur.

653 2672 781 2728 Car.
826 2672 934 2726 Vll.
977 2703 1048 2713 —
1085 2673 1325 2740 Quadam
1368 2674 1526 2741 igitur
1570 2673 1655 2729 die
1705 2673 2030 2730 habitatores
2075 2676 2177 2729 vici

584 2767 730 2822 illius
758 2766 1083 2836 congregati,
1118 2765 1396 2831 nimioque
1425 2775 1643 2829 stupore
1679 2768 1935 2820 mirantes
1963 2781 2026 2820 ac
2060 2781 2182 2834 per-

586 2861 778 2924 territi,
815 2861 1128 2913 adinvicem
1161 2859 1526 2928 colloquentes
1565 2857 1861 2922 :Cernitis,
1909 2860 2175 2928 inquiunt,

584 2963 689 3007 tam
716 2967 958 3023 magnam
989 2953 1298 3020 patientiam
1332 2953 1452 3017 viri,
1483 2961 1537 3006 et
1559 2952 1878 3006 ineffabilem
1905 2956 2046 3007 circa
2079 2969 2177 3010 nos

582 3047 924 3102 charitatem.
976 3047 1248 3112 quomodo
1279 3045 1329 3099 in
1366 3046 1525 3100 tantis
1574 3045 2000 3100 trilmlationihns
2047 3063 2177 3116 quas

581 3139 629 3194 ei
661 3138 936 3193 intulimus
966 3153 1297 3208 nequaquam
1330 3155 1395 3193 ex
1448 3140 1548 3194 hoc
1582 3140 1700 3192 loco
1727 3138 2055 3204 discesserit,
2086 3155 2176 3193 nv-

580 3247 682 3301 que
712 3231 868 3284 alicui
892 3242 1128 3286 nostrum
1161 3233 1357 3285 malum
1387 3232 1607 3285 verbum
1647 3231 1855 3286 locutus
1886 3231 1975 3297 sit,
2002 3247 2173 3301 neque

2288 2041 2345 2085 ut
2370 2045 2438 2085 ex
2470 2030 2571 2084 hoc
2598 2030 2764 2084 Deum
2793 2030 3014 2084 credere
3044 2030 3373 2084 viderentur.

2357 2123 2488 2177 Car.
2535 2121 2623 2177 lX.
2665 2152 2734 2163 -—
2775 2123 3054 2192 Completo
3119 2124 3278 2192 igitur
3343 2139 3524 2188 anno,
3600 2132 3885 2194 postquam

2285 2215 2650 2282 crediderunt,
2680 2217 2759 2268 vir
2786 2215 2968 2270 beatus
2990 2215 3257 2270 Abraham
3280 2232 3383 2270 non
3411 2215 3659 2269 cessabat
3687 2217 3881 2272 diebus

2284 2308 2507 2377 singulis
2539 2308 2760 2362 verbum
2792 2309 2870 2362 eis
2895 2308 3105 2361 Domini
3134 2308 3442 2376 praedicare.
3478 2310 3545 2363 At
3575 2310 3664 2362 ubi
3693 2325 3881 2365 eorum

2284 2400 2519 2454 studium
2550 2400 2691 2454 circa
2727 2400 2890 2454 Demn
2924 2383 3205 2469 fidemque!
3245 2400 3612 2456 firmissimam
3642 2402 3794 2467 vidit,
3827 2413 3881 2458 et

2283 2493 2422 2558 quod
2455 2506 2580 2561 erga
2613 2507 2736 2546 eum
2792 2493 2951 2545 nimia
3011 2501 3191 2548 essent
3244 2493 3505 2547 cliaritatc
3551 2497 3798 2559 connexi,
3827 2505 3881 2552 et

2283 2580 2540 2637 honorem
2572 2583 2671 2637 sibi
2703 2585 2992 2637 maximum
3011 2583 3350 2648 exhiberem,
3376 2599 3570 2640 verens
3599 2602 3665 2640 ne
3695 2586 3880 2640 obten-

2285 2683 2337 2726 tu
2362 2689 2547 2728 eorum
2576 2674 2915 2730 abstinentia:
2938 2690 3047 2729 sua:
3080 2678 3315 2746 regulam
3341 2676 3620 2734 destruere
3649 2694 3879 2748 cogere-

2283 2778 2389 2835 tur,
2439 2776 2492 2822 et
2536 2785 2855 2838 quocunque
2891 2769 3050 2823 modo
3103 2785 3256 2824 mens
3305 2769 3421 2838 ejus
3475 2774 3703 2827 terrenis
3732 2774 3878 2827 curis

2282 2861 2690 2930 astringeretur,
2725 2877 3054 2931 consurgens
3081 2863 3134 2916 in
3165 2862 3344 2917 medio
3373 2867 3564 2928 noctis,
3594 2867 3731 2920 hanc
3753 2882 3878 2920 ora-

2285 2952 2480 3006 tionem
2539 2951 2736 3006 fudisse
2769 2953 2937 3007 fertur
2981 2954 3046 3007 ad
3076 2955 3406 3009 Dominum:
3451 2956 3529 3009 Tu
3571 2955 3716 3010 solus
3757 2957 3880 3013 sine

2281 3055 2521 3112 peccato,
2558 3044 2722 3111 Deus,
2769 3046 2878 3116 qui,
2909 3061 3029 3101 cum
3062 3049 3136 3102 sis
3187 3059 3429 3117 sanctus,
3480 3050 3774 3118 requiescis
3822 3053 3878 3107 in

2280 3137 2496 3202 sanctis,
2529 3137 2620 3207 qui
2645 3139 2793 3192 solus
2824 3149 3032 3193 amator
3061 3155 3121 3195 es
3160 3140 3431 3194 hominum
3465 3156 3525 3195 ac
3563 3142 3879 3198 misericors

2285 3233 2560 3300 Dominus,
2591 3235 2682 3303 qui
2711 3235 2909 3289 mentis
2953 3237 3138 3289 oculos
3171 3235 3328 3303 hujus
3371 3235 3725 3291 multitudinis
3753 3237 3880 3291 illu-

579 3341 796 3381 aversus
818 3334 902 3380 est
926 3341 952 3379 a
977 3327 1151 3392 nobis,
1178 3326 1270 3380 sed
1295 3340 1416 3379 cum
1449 3325 1644 3395 gaudio
1680 3339 1872 3394 magno
1900 3325 2170 3379 sustinue-
2199 3295 2246 3360 ο
2284 3329 2519 3390 minasti,
2543 3327 2630 3396 qui
2651 3343 2745 3383 eos
2769 3328 2838 3382 ab
2872 3327 3163 3383 adversarii
3194 3329 3420 3383 vinculis
3448 3329 3748 3398 absolvisti,
3783 3331 3878 3400 qui

581 3420 648 3474 rit
677 3420 946 3473 universa.
981 3419 1131 3474 Unde
1157 3418 1257 3472 nisi
1288 3428 1432 3472 esset
1458 3421 1538 3488 (ut
1583 3419 1798 3484 asserit)
1831 3417 1967 3472 Deus
2013 3433 2173 3472 verus

580 3528 738 3583 quem
783 3511 1061 3580 praedicat,
1091 3521 1145 3566 et
1172 3527 1392 3581 regnum
1447 3521 1501 3567 et
1553 3512 1853 3580 paradiStIs,
1890 3512 2021 3565 ultio
2045 3528 2176 3579 quo-

579 3624 681 3680 que
710 3608 992 3670 malorum,
1022 3622 1128 3660 non
1158 3606 1296 3660 hanc
1336 3605 1731 3660 tribulationem
1763 3614 2032 3675 pateretur
2062 3606 2176 3657 ina-

578 3703 739 3756 niter.
808 3699 939 3757 Illud
994 3700 1154 3754 etiam
1206 3699 1653 3755 considerandum
1683 3739 1697 3764 ,
1745 3699 1996 3768 quoniam
2044 3698 2174 3753 deos

576 3802 814 3858 nostros,
845 3808 964 3848 cum
1007 3802 1154 3847 esset
1201 3793 1371 3858 solus,
1424 3790 1638 3859 evertit,
1678 3800 1734 3846 et
1778 3791 1831 3845 in
1863 3791 2008 3845 nullo
2051 3806 2172 3846 eum

575 3888 773 3941 laedere
805 3886 1103 3939 valuerunt.
1146 3885 1282 3940 Vere
1312 3897 1500 3939 servus
1553 3883 1648 3937 Dei
1673 3891 1756 3938 est
1788 3883 1948 3937 homo
1979 3883 2083 3950 hic,
2117 3893 2173 3939 et

576 3989 768 4033 cuncta
792 3993 921 4032 vera
953 3988 1078 4032 sunt
1105 3993 1222 4047 quae
1267 3977 1336 4031 de
1378 3990 1446 4030 eo
1491 3975 1631 4030 fama
1680 3975 1950 4044 dispersit.
1982 3974 2173 4030 Venite

575 4070 774 4138 itaque,
810 4073 1091 4124 credamus
1140 4069 1194 4123 in
1252 4069 1414 4123 Deum
1447 4084 1603 4140 quem
1634 4069 1909 4138 praedicat.
1961 4067 2026 4123 Et
2057 4070 2176 4125 inec

575 4164 714 4219 inter
764 4179 822 4219 se
865 4165 1250 4233 colloquentes,
1305 4163 1506 4234 pariter
1551 4177 1738 4218 omnes
1786 4165 1838 4218 in
1885 4165 2168 4218 ecclesiam

576 4267 824 4330 pergunt,
858 4259 1152 4312 clamantes
1181 4267 1342 4326 atque
1391 4257 1663 4313 dicentes:
1695 4257 1876 4312 Gloria
1909 4259 2015 4311 Deo
2062 4273 2172 4313 coe-

573 4351 716 4420 lesti,
746 4353 833 4422 uui
867 4352 1009 4406 misit
1031 4351 1285 4406 famulum
1304 4367 1455 4406 suum
1476 4393 1491 4419 ,
1526 4360 1584 4405 ut
1615 4366 1709 4406 nos
1739 4351 1806 4405 ab
1837 4367 2023 4407 errore
2069 4353 2173 4406 sal-

572 4456 746 4502 varet.

642 4541 770 4596 CAP.
816 4539 951 4595 Vlll.
990 4569 1062 4582 -—
1099 4539 1248 4595 Tunc
1269 4540 1457 4596 beatus
1491 4541 1650 4596 homo
1681 4540 1773 4594 Dei
1817 4539 1930 4594 haec
1958 4539 2168 4604 videns,

572 4631 753 4686 Iaztitia
784 4633 983 4704 ingenti
1017 4634 1252 4703 repletus
1281 4642 1383 4697 est,
1433 4642 1484 4686 et
1539 4632 1701 4686 facies
1751 4630 1868 4700 ejus
1895 4631 2043 4700 quasi
2075 4645 2162 4684 ros

2281 3418 2580 3486 implicatos
2611 3434 2705 3473 eos
2735 3418 2801 3472 ab
2848 3419 3255 3473 simulacrorum
3303 3420 3576 3474 erroribus
3600 3421 3870 3474 converti-

2278 3511 2366 3573 sti,
2392 3520 2445 3564 et
2474 3520 2575 3565 tute
2603 3510 2921 3579 cognitionis
2949 3512 2996 3566 ei
3040 3511 3315 3568 scientiam
3363 3511 3595 3567 tribuisti
3619 3529 3632 3577 ;
3663 3527 3877 3582 quaeso,

2280 3602 2526 3670 Domine,
2554 3613 2610 3658 ut
2641 3620 2811 3670 usque
2835 3605 2888 3659 in
2918 3605 3076 3660 finem
3104 3621 3292 3675 regere
3313 3620 3406 3660 eos
3449 3615 3505 3660 et
3548 3622 3878 3663 conservare

2279 3696 2538 3765 digneris,
2561 3709 2614 3753 et
2642 3698 2899 3753 auxilium
2943 3709 3092 3754 tuum
3123 3702 3269 3772 gregi
3301 3700 3424 3756 huic
3458 3701 3681 3771 Optimo,
3714 3719 3876 3771 quem

2278 3791 2553 3858 possidere
2577 3791 2813 3860 voluisti,
2838 3803 3156 3863 perpetuum
3177 3795 3562 3864 copiosumque
3577 3797 3878 3853 clementer

2278 3885 2555 3951 impertias
2583 3903 2597 3951 ;
2628 3894 2683 3941 et
2722 3889 2870 3956 quasi
2903 3903 3058 3942 muro
3081 3888 3409 3943 validissimo
3453 3903 3547 3943 eos
3575 3890 3746 3960 gratia
3778 3889 3878 3947 bo-

2277 3978 2460 4030 nitatis
2492 3987 2596 4032 tute
2634 3979 2958 4044 circumdes,
3010 3990 3065 4034 et
3092 3995 3184 4033 cor
3214 3995 3401 4034 eorum
3433 3994 3644 4047 semper
3673 3981 3876 4035 illumi-

2277 4085 2392 4134 nes,
2425 4079 2480 4123 ut
2507 4085 2567 4122 ea
2601 4085 2721 4140 quae
2751 4081 2875 4126 sunt
2906 4071 3000 4125 tibi
3056 4072 3218 4143 148
3265 4073 3455 4140 placita
3507 4072 3873 4141 perﬁcientes,

2275 4174 2532 4218 aeternam
2568 4165 2732 4219 vitam
2783 4166 3060 4234 percipere
3106 4177 3448 4231 mereantur;
3481 4167 3610 4220 tnihi
3657 4179 3875 4234 quoque

2277 4255 2641 4311 infirmissimo
2685 4257 3064 4312 adminiculum
3095 4258 3316 4322 tribuas,
3348 4273 3519 4327 neque
3551 4267 3766 4326 reputes
3817 4261 3873 4314 in

2279 4357 2554 4417 peccatum
2585 4350 2751 4418 quotl'
2779 4349 2847 4404 ab
2890 4349 2970 4403 eis
3017 4349 3210 4404 feStino
3259 4348 3556 4404 discedere.
3589 4349 3669 4404 Tu
3725 4351 3870 4405 enim

2277 4441 2439 4506 nosti,
2485 4441 2855 4496 universorum
2904 4444 3167 4510 cognitor,
3214 4443 3354 4510 quod
3407 4451 3458 4495 te
3504 4441 3678 4496 solum
3721 4443 3871 4498 desi-

2274 4535 2425 4598 dero,
2457 4544 2509 4588 et
2555 4544 2606 4588 te
2633 4534 2764 4588 mihi
2796 4534 3078 4588 Dominum
3121 4549 3241 4588 esse
3284 4549 3566 4604 cognosco.
3602 4533 3872 4589 Consum-

2275 4637 2525 4698 mataque
2549 4627 2792 4682 oratione
2815 4627 3118 4694 discedens,
3151 4626 3307 4680 tertio
3330 4625 3667 4694 consignavit
3689 4629 3870 4681 vicum

573 4726 865 4778 matutinus
895 4734 1094 4778 mutata
1126 4735 1225 4778 est.
1272 4724 1636 4795 Aperiensque
1660 4738 1721 4778 os
1769 4739 1946 4786 suum,
1985 4724 2058 4776 ait
2097 4723 2163 4777 ad
2196 4692 2250 4754 D
2272 4722 2472 4778 Christi
2504 4722 2810 4792 signaculo;
2855 4722 3091 4790 abiitque
3123 4721 3355 4775 latenter
3385 4721 3438 4776 in
3477 4721 3638 4776 alium
3665 4721 3866 4790 locum,

567 4832 662 4871 eos
693 4836 703 4869 :
737 4817 919 4872 Patres
951 4818 1076 4882 mei,
1107 4817 1301 4871 fratres
1330 4831 1392 4872 ac
1449 4818 1561 4880 filii,
1595 4816 1789 4884 venite,
1835 4818 2024 4871 demus
2051 4818 2159 4886 glo.

570 4911 703 4963 riam
730 4908 862 4985 Deo,
919 4909 1010 4977 qui
1038 4909 1342 4964 illuminare
1376 4909 1626 4980 dignatus
1648 4918 1730 4963 est
1755 4911 1940 4964 oculos
1970 4911 2168 4965 mentis

570 5013 790 5070 vestrte,
817 5012 876 5056 ut
903 5017 1023 5058 eum
1047 5004 1262 5073 possitis
1284 5018 1608 5074 agnoscere;
1634 5013 1687 5057 et
1705 5004 1962 5074 percipite
1992 5004 2166 5076 signa-

571 5096 750 5149 culum
777 5095 903 5149 vitaa
931 5104 988 5148 ut
1017 5095 1373 5164 puriflcemini
1403 5095 1472 5149 ab
1495 5095 1827 5150 immunditia
1855 5096 2119 5150 idolorum
2146 5113 2162 5151 :

571 5195 625 5241 et
665 5185 867 5242 credite
912 5201 978 5241 ex
1028 5195 1139 5242 toto
1168 5187 1333 5242 corde
1382 5197 1436 5241 et
1486 5186 1688 5250 animo,
1737 5188 1876 5256 quod
1931 5201 2066 5242 unus
2093 5190 2165 5243 sit

567 5275 712 5331 Deus
732 5277 853 5333 caeli
881 5287 936 5332 et
966 5289 1122 5332 terrae
1150 5288 1206 5333 et
1245 5276 1482 5331 omnium
1514 5291 1634 5344 quae
1666 5276 1717 5329 in
1764 5278 1844 5331 eis
1872 5287 2014 5341 sunt,
2046 5279 2162 5334 sine

568 5369 746 5435 initio,
794 5371 1167 5427 inenarrabilis
1198 5381 1251 5426 et
1281 5368 1858 5437 incomprehensibilis,
1888 5371 2042 5423 dator
2087 5372 2165 5424 lu-

568 5465 750 5532 minis,
779 5475 834 5520 et
884 5474 1092 5521 amator
1123 5479 1184 5518 ac
1221 5464 1530 5531 redemptor
1562 5461 1858 5528 hominum,
1911 5461 2162 5519 terribilis

564 5572 628 5612 ac
657 5562 869 5625 suavis;
901 5569 956 5614 et
1005 5561 1057 5614 in
1091 5557 1282 5612 Fliium
1306 5555 1422 5627 ejus
1449 5556 1804 5630 unigenitum,
1830 5558 1916 5627 qui
1958 5566 2040 5610 est
2067 5573 2155 5613 sa-

565 5649 764 5718 pientia
808 5649 954 5721 ejus;
1004 5659 1059 5705 et
1090 5651 1141 5703 in
1193 5649 1449 5718 Spiritum
1487 5659 1755 5714 sanctum,
1784 5649 1871 5716 qui
1925 5647 2158 5704 vivificat

564 5743 770 5808 omnia,
802 5755 860 5798 ut
904 5743 1153 5798 caelestes
1176 5757 1246 5798 ex
1280 5746 1510 5800 terrenis
1535 5742 1732 5807 effecti,
1787 5743 1946 5798 vitam
1995 5743 2160 5799 caele-

567 5843 704 5889 stem
739 5835 952 5904 possitis
981 5836 1226 5905 adipisci.
1256 5836 1667 5907 Respondentes
1692 5847 1869 5892 autem
1897 5835 2152 5904 universi,

567 5932 815 5987 dixerunt
837 5950 850 5987 :
870 5929 945 5989 ita
963 5942 1115 5992 pater
1143 5943 1344 5992 uoster.
1363 5934 1432 5987 ita
1457 5935 1562 5987 dux
1586 5936 1707 5990 vitae
1737 5942 2157 5996 nostraquem-

2270 4827 2326 4874 et
2352 4817 2547 4886 quibus
2581 4817 2751 4884 potuit
2780 4815 2996 4871 latebris
3020 4815 3328 4870 occultavit.

2342 4907 2470 4963 CAP.
2514 4907 2583 4964 Χ.
2625 4937 2696 4949 -—
2734 4908 2888 4962 Mane
2917 4916 3094 4962 autem
3126 4907 3283 4963 solito
3307 4921 3454 4962 more
3475 4905 3540 4960 ad
3577 4907 3866 4964 ecclesiam

2273 5004 2444 5057 turbae
2476 5003 2822 5057 conveniunt.
2857 5001 3097 5070 Cumque
3121 5015 3241 5055 eum
3267 5001 3488 5054 minime
3507 5000 3863 5070 reperissent,

2270 5094 2507 5150 maximo
2557 5103 2775 5162 stupore
2826 5093 3085 5162 percussi,
3120 5103 3174 5146 et
3221 5091 3374 5161 quasi
3413 5103 3656 5148 errantes
3701 5107 3862 5158 oves,

2269 5185 2497 5240 diversis
2545 5184 2674 5238 locis
2705 5193 2979 5253 pastorem
3024 5185 3299 5256 proprium
3340 5185 3742 5252 perquirebant,
3768 5201 3866 5242 no-

2270 5292 2500 5346 menque
2528 5277 2788 5332 ululantes
2815 5292 2936 5331 cum
2970 5277 3223 5348 lacrymis
3246 5277 3556 5331 inclamant.
3590 5277 3724 5332 Cum
3767 5292 3863 5331 au-

2269 5380 2374 5426 tem
2402 5369 2705 5424 diutissime
2760 5370 3118 5438 perquirendo
3148 5385 3272 5425 eum
3327 5369 3571 5424 invenire
3599 5385 3707 5424 non
3739 5385 3864 5440 pos-

2264 5474 2405 5530 seut,
2437 5465 2604 5518 nimio
2631 5479 2863 5518 maerore
2899 5463 3116 5532 dejecti,
3139 5463 3449 5533 confestim,
3473 5462 3611 5532 quod
3643 5465 3723 5517 eis
3772 5479 3864 5518 ac-

2266 5559 2488 5623 ciderat,
2519 5568 2800 5628 pergentes
2848 5558 3102 5626 episcopo
3151 5559 3546 5614 nuntiaverunt.
3581 5557 3683 5624 Qui
3733 5574 3858 5613 cum

2268 5654 2367 5710 hoc
2389 5654 2718 5724 agnovisset,
2744 5653 2857 5722 ipse
2871 5667 3085 5723 quoque
3107 5651 3396 5706 admodum
3420 5651 3586 5705 tristis
3606 5650 3857 5718 effectus,

2264 5749 2442 5803 statim
2476 5746 2733 5815 plurimos
2756 5746 2822 5800 ad
2853 5744 3228 5816 requirendum
3261 5743 3354 5800 Dei
3379 5743 3648 5800 hominem
3690 5742 3859 5800 desti-

2265 5842 2429 5903 navit,
2455 5839 2689 5894 maxime
2712 5838 2781 5894 ob
2801 5838 3227 5893 consolationem
3250 5835 3427 5906 gregis
3455 5836 3593 5904 ejus,
3622 5850 3687 5889 eo
3710 5835 3854 5906 quod

2264 5941 2513 5990 cerneret
2541 5945 2634 5987 eos
2659 5929 2910 5986 ﬂebiliter
2956 5929 3285 5986 contristari.
3339 5928 3583 5995 Cumque
3635 5925 3706 5984 ab
3735 5944 3848 5984 om-
