4142 6350
371 391 480 448 289

1433 394 1589 450 Vl'l‘A
1626 393 1869 451 SANCTI
1911 391 2216 449 ABBAHE
2259 392 2614 450 EREMITE.

3558 396 3664 454 290

373 507 533 565 nibus
558 516 810 573 tanquam
861 518 995 574 lapts
1044 509 1472 578 pretiosissimus
1514 520 1866 580 quaereretur,
1917 510 2204 573 etAmei,
2263 510 2512 566 festinate
2565 508 2836 576 celeriter,
2891 517 3053 581 atque
3101 510 3452 576 introeunte‘s,
3499 513 3666 568 vitam

375 613 596 669 prorsus
617 597 842 653 inveniri
874 611 983 655 non
1009 611 1210 670 posset,
1245 602 1429 657 habito
1456 603 1683 658 consilio
1709 617 1829 657 cum
1853 601 1964 657 cle-

370 695 498 748 ricis
525 693 658 758 suis,
689 692 973 765 episcopus
1019 710 1375 752 memoratum
1429 698 1603 752 vicum
1651 698 1966 766 ingreditur.

368 787 652 856 Coepitque
671 788 742 846 ad
769 804 864 846 eos
893 792 1314 846 consolatorium
1345 791 1586 861 proferre
1634 805 1964 856 sermonem,

367 887 421 933 ει
447 879 694 937 dolorem
724 882 1038 948 maximum,
1063 899 1222 952 quem
1254 883 1322 939 de
1342 885 1582 939 discessu
1615 883 1844 937 hominis
1873 881 1967 936 Dei

367 983 760 1044 conceperant,
819 973 1015 1029 blanda
1072 975 1454 1045 praedicatione
1505 975 1692 1030 lenire.
1727 973 1969 1028 Cernetis

368 1077 549 1121 autem
579 1068 633 1121 in
662 1066 765 1122 [ide
794 1065 992 1122 Christi
1031 1083 1126 1123 eos
1155 1069 1510 1133 firmissimos,
1557 1069 1718 1137 elegit
1772 1083 1839 1122 ex
1888 1067 1966 1121 eis

368 1162 515 1218 viros
547 1162 870 1231 probabiles,
919 1179 1055 1233 quos
1087 1164 1430 1235 presbyteros
1477 1178 1540 1217 ac
1594 1163 1848 1219 diaconos
1891 1162 1968 1216 le-

368 1264 658 1326 ctoresque
687 1256 987 1310 constituit.
1021 1256 1260 1312 Audiens
1288 1271 1415 1310 vero
1451 1255 1554 1311 hoc
1592 1253 1965 1309 sanctissimus

369 1349 665 1414 Abraham,
723 1351 1067 1406 vehementer
1117 1351 1330 1420 gavisus
1377 1360 1496 1416 est;
1551 1359 1607 1404 et
1658 1350 1965 1419 gloriﬁcans

371 1442 566 1506 Deum,
597 1441 771 1496 dixit:
822 1441 960 1508 Quid
1014 1440 1306 1495 retribuam
1363 1441 1480 1505 tibi,
1540 1440 1762 1495 Domine
1825 1440 1963 1495 Deus

369 1550 545 1601 meus,
579 1533 962 1603 benignissime
1009 1532 1184 1596 Pater,
1235 1542 1397 1602 atque
1443 1543 1655 1586 amator
1685 1533 1964 1586 hominum

367 1628 709 1692 suavissime,
739 1641 836 1695 pro
863 1627 1118 1681 omnibus
1147 1641 1266 1695 quze
1297 1626 1593 1681 retribursti
1624 1625 1757 1680 mihi
1787 1627 1809 1678 ?
1858 1625 1966 1681 llo-

368 1723 595 1776 nurilico
623 1730 679 1777 et
705 1720 948 1790 glorifico
975 1719 1430 1790 dispensationem
1463 1732 1628 1775 tuam.
1659 1719 1807 1776 Tunc
1832 1736 1963 1774 con-

369 1813 520 1866 tinuo
545 1811 612 1867 ad
666 1812 947 1881 pristinam
978 1811 1226 1866 cellulam
1271 1813 1576 1867 revertitur.
1627 1811 1775 1866 Fecit
1803 1813 1963 1868 igitur

2072 602 2189 670 ejus
2219 601 2479 656 violenter
2503 601 2719 668 eripite.
2749 603 2836 657 Ait
2863 609 3038 657 autem
3090 612 3277 656 contra
3309 619 3430 658 cum
3476 602 3667 658 beatus

2072 694 2344 748 Abraham
2375 709 2387 747 :
2417 694 2618 748 Omnes
2648 705 2834 764 gentes
2888 694 3356 749 circurndedcrrrnt
3385 711 3488 760 tne,
3524 706 3577 749 et
3609 696 3666 750 iu

2072 789 2288 842 nomine
2319 788 2528 842 Domini
2556 788 2866 844 vindicabor
2894 788 2947 842 in
2973 789 3051 843 eis
3079 786 3252 854 (Psal.
3277 790 3464 858 cxvii).
3489 789 3556 842 At
3579 788 3668 844 ille

2074 883 2321 951 protinus
2360 897 2480 936 cum
2531 881 2669 935 hanc
2701 897 2886 936 vocem
2933 884 3189 950 audisset,
3247 883 3481 945 evanuit,
3530 883 3664 936 cella

2070 985 2248 1030 autem
2281 976 2420 1029 beati
2453 974 2554 1030 viri
2586 973 2790 1044 integra
2821 986 2980 1045 atque
3012 974 3173 1029 illaesa
3206 976 3516 1042 permansit.

2140 1066 2270 1120 Car.
2317 1064 2452 1120 XtV.
2495 1096 2564 1107 —
2606 1066 2735 1120 ltem
2778 1074 2898 1134 post
2940 1080 3134 1134 paucos
3155 1066 3268 1121 dies
3317 1081 3436 1120 cum
3491 1067 3666 1123 media

2069 1167 2228 1214 nocte
2271 1159 2544 1228 psalleret,
2592 1158 2880 1230 psiatliium
2934 1174 3112 1226 suurn,
3162 1174 3320 1227 super
3344 1159 3484 1229 quod
3535 1175 3669 1213 corr-

2069 1250 2315 1315 sistebat,
2345 1252 2510 1320 coepit
2537 1249 2830 1305 vehemens
2877 1249 3090 1303 flamma
3134 1250 3467 1305 comburere.
3514 1249 3664 1304 'l‘unc

2069 1343 2161 1398 ille
2202 1344 2497 1413 intrepidus
2542 1345 2715 1412 ignetn
2771 1343 3114 1406 conculcans,
3176 1343 3431 1398 dicebat:
3490 1349 3664 1413 Super

2070 1434 2310 1505 aspidem
2340 1445 2394 1490 et
2421 1436 2663 1503 regulum
2691 1435 2995 1501 arrrbulabo,
3030 1435 3238 1489 leonem
3281 1448 3333 1489 et
3373 1439 3658 1489 draconem

2067 1530 2395 1584 conculcabo
2427 1528 2604 1600 (Psal.
2653 1530 2773 1598 xc);
2804 1537 2860 1582 et
2890 1544 3103 1584 omnem
3147 1530 3395 1583 virtutem
3439 1527 3659 1594 inimici,

2067 1621 2122 1676 in
2155 1624 2368 1677 nomine
2392 1622 2597 1677 Domini
2632 1623 2734 1677 mei
2759 1623 2887 1678 Jesu
2918 1623 3142 1687 Christi,
3174 1623 3262 1693 qui
3296 1624 3423 1678 mihi
3455 1626 3660 1692 praebet

2068 1714 2349 1779 auxilium,
2372 1715 2662 1783 superabo.
2694 1714 2982 1783 Dillugiens
3034 1715 3213 1784 itaque
3251 1714 3496 1778 Satanas,
3529 1728 3658 1768 voce

2068 1823 2257 1878 magna
2288 1808 2703 1877 proclamabat:
2739 1808 2850 1877 Ego
2882 1819 2953 1871 te,
2987 1808 3252 1876 inquiens,
3296 1809 3433 1861 mala
3484 1817 3657 1862 morte

369 1908 593 1963 alteram
622 1908 960 1962 extrinsecus
991 1908 1260 1972 cellulam,
1292 1916 1346 1962 et
1389 1906 1736 1974 semetipsum
1769 1920 1959 1975 magna
1993 1914 2038 1974 Β
2065 1903 2366 1967 devincam,
2397 1898 2775 1970 inveniamque
2805 1910 2968 1966 artes,
3019 1900 3212 1970 quibus
3257 1911 3305 1955 te
3358 1915 3654 1969 conteram,

369 2014 492 2055 cum
519 2001 701 2056 ltetitia
727 2002 779 2055 in
813 2002 1068 2056 interiore
1091 2000 1370 2056 conclusit.
1397 2003 1442 2055 υ
1466 2000 1802 2067 miraculum,
1827 1999 1956 2054 cha-

367 2091 588 2162 rissimi,
622 2093 868 2149 laudibus
901 2094 1113 2162 plenum
1160 2103 1214 2150 et
1261 2095 1444 2166 gloriae
1487 2092 1868 2163 sempiteinrc!
1903 2093 1959 2147 lu

371 2189 533 2241 tantis
559 2203 788 2257 namque
810 2187 1207 2252 afflictionibus,
1244 2203 1376 2257 quas
1423 2187 1477 2240 in
1509 2203 1654 2254 saepe
1680 2188 1820 2242 dicto
1844 2186 1960 2240 vico

369 2293 657 2347 perpessus
684 2287 791 2344 est,
844 2294 1116 2348 nunquam
1159 2279 1498 2334 abstinentiae
1553 2294 1665 2333 sua:
1721 2280 1959 2348 regulam

366 2366 549 2442 fregit,
581 2386 753 2442 neque
801 2372 854 2426 in
884 2375 1157 2428 dexteram
1203 2375 1286 2429 vel
1340 2374 1611 2429 sinistram
1657 2375 1726 2429 ab
1768 2389 1830 2428 ea
1875 2373 1960 2427 di-

367 2465 546 2521 vertit.
579 2464 756 2520 Gloria
788 2475 843 2521 et
869 2468 1262 2536 magnificentia
1285 2466 1435 2536 'Deo,
1459 2469 1546 2538 qui
1590 2468 1641 2522 ei
1667 2466 1823 2520 talem
1883 2476 1964 2520 to-

369 2555 646 2612 lerantiam
673 2557 877 2625 tribuit,
912 2574 1011 2629 qua
1044 2569 1097 2614 et
1147 2559 1281 2613 alios
1332 2562 1500 2628 possit
1528 2567 1871 2623 convertere,
1906 2567 1963 2614 ct

366 2650 448 2704 sui
481 2650 741 2719 pr0positi
769 2653 996 2720 gratiam
1027 2651 1321 2708 cuswdire.

434 2740 567 2797 CAP.
614 2743 705 2797 XI.
747 2773 816 2783 —
854 2742 1095 2800 Cernens
1140 2756 1319 2801 autem
1366 2746 1648 2813 diabolus,
1700 2747 1960 2802 bonorutn

367 2835 642 2890 hominum
674 2839 923 2905 aemulus,
956 2839 1098 2908 quod
1126 2848 1298 2894 tanth
1322 2840 1374 2894 iu
1407 2855 1529 2894 eum
1557 2839 1958 2894 tribulationum

364 2930 639 2985 molestias
683 2929 941 2999 excitans,
979 2947 1084 2986 non
1138 2933 1192 2986 in
1238 2933 1498 2987 desidiam
1543 2931 1636 2987 Dei
1687 2932 1959 2988 hominem

365 3021 608 3087 trahere,
640 3037 747 3078 non
777 3023 829 3077 in
857 3024 1038 3092 aliquo
1070 3034 1305 3080 mentem
1340 3026 1435 3079 viri
1485 3025 1576 3080 Dei
1623 3025 1878 3080 valuisset
1929 3042 1959 3079 a

362 3118 594 3171 Domino
625 3132 911 3187 separare;
935 3128 1008 3183 et,
1040 3119 1178 3189 quod
1209 3120 1381 3187 majus
1402 3128 1502 3184 est,
1530 3121 1668 3174 sicut
1692 3134 1878 3175 aurum
1905 3121 1955 3173 in

361 3210 580 3265 fornace
611 3213 875 3280 pressaris
904 3211 1191 3281 fulgentior
1221 3213 1538 3269 redderetur
1569 3225 1730 3282 atque
1758 3215 1811 3268 in
1844 3231 1956 3267 trra-

362 3303 535 3370 jorern
565 3303 875 3371 patientiam
901 3315 955 3359 et
975 3306 1306 3361 alacritatem
1330 3307 1605 3362 rharitatis
1640 3308 1959 3374 proliceret;

362 3394 720 3450 vehementer
774 3396 1015 3451 irritatus
1061 3406 1117 3452 et
1160 3399 1358 3453 acriter
1400 3398 1678 3466 efferatus,
1701 3401 1959 3456 adversus

361 3501 484 3543 eum
515 3503 638 3543 cum
689 3503 882 3560 magna
933 3489 1208 3559 phantasia
1238 3489 1353 3561 (12)
1397 3491 1635 3559 advenit,
1685 3503 1738 3545 ut
1769 3496 1959 3547 saltem

361 3585 442 3640 sic
468 3585 519 3639 ei
566 3599 822 3654 pavorem
877 3584 1164 3651 incutiens,
1211 3585 1457 3655 decipere
1503 3602 1625 3641 eum
1673 3595 1856 3656 posset
1897 3603 1961 3643 ac

362 3674 569 3732 fallere.

431 3768 564 3824 Car.
609 3767 726 3825 Xll.
769 3800 841 3810 —
877 3769 1039 3840 Igitur
1059 3785 1180 3826 cum
1212 3781 1380 3827 staret
1406 3771 1460 3825 in
1488 3771 1668 3827 medio
1698 3773 1872 3830 noctis
1898 3790 1962 3828 ac

364 3862 644 3931 psalleret,
669 3872 891 3932 repente
930 3864 1021 3918 lux
1049 3865 1264 3934 copiosa
1287 3904 1303 3929 ,
1357 3865 1517 3920 veluti
1557 3867 1708 3932 solis,
1743 3866 1796 3919 in
1826 3865 1960 3920 cella

369 3956 491 4026 ejus
520 3957 751 4025 refulsit,
777 3965 833 4012 et
860 3971 962 4012 vox
993 3957 1144 4026 quasi
1175 3957 1452 4027 cujusdam
1484 3957 1838 4012 multitudinis
1866 3973 1963 4012 au-

363 4049 474 4103 dita
503 4059 610 4118 est,
657 4049 887 4106 dicens:
929 4049 1124 4105 Beatus
1151 4065 1233 4119 es,
1266 4049 1553 4115 Abraham,
1600 4066 1727 4106 vere
1774 4052 1962 4107 beatus

361 4155 424 4195 es
449 4151 506 4198 et
537 4142 730 4208 lidelis,
761 4141 1048 4210 nullusque
1069 4141 1207 4197 sicut
1231 4143 1361 4198 tuin
1384 4145 1528 4198 omni
1553 4147 1961 4200 converSatioue

361 4231 615 4289 inventus
641 4243 746 4301 est,
801 4234 892 4304 qui
938 4249 1128 4289 omnes
1173 4236 1474 4290 voluntates
1520 4251 1668 4290 meas
1711 4237 1956 4306 explesti.

362 4324 615 4381 Protinus
639 4337 816 4382 autem
873 4329 952 4381 vir
1000 4337 1217 4383 sanctus
1268 4329 1448 4384 dolum
1505 4331 1719 4400 maligni
1769 4345 1962 4399 cogno-

361 4438 547 4488 scens,
577 4424 830 4480 exaltavit
876 4438 1061 4478 vocem
1112 4439 1287 4488 suam,
1319 4440 1382 4478 ac
1425 4425 1606 4481 dixit:
1657 4425 1962 4481 Obscuritas

366 4527 453 4574 tua
490 4527 674 4574 tecum
721 4517 790 4571 sit
820 4518 872 4573 in
930 4519 1311 4588 perditionem,
1361 4536 1394 4573 ο
1447 4523 1599 4590 plene
1630 4523 1751 4576 dolo
1804 4532 1963 4591 atque

359 4611 594 4668 fallacia.
634 4611 743 4683 Ego
773 4609 914 4666 enim
949 4613 1112 4666 homo
1157 4621 1406 4681 peccator
1435 4627 1575 4680 sum,
1630 4613 1834 4668 habens
1885 4626 1964 4668 ta-

2065 2010 2151 2076 qui
2175 2024 2259 2063 me
2291 2025 2430 2063 nunc
2460 2012 2608 2080 quasi
2643 2009 3099 2080 contemptibilem
3131 2021 3366 2081 reputas.

2135 2102 2263 2155 CAP.
2308 2100 2421 2156 XV.
2452 2130 2516 2142 —-
2546 2103 2783 2169 Quadam
2806 2103 2892 2156 dic
2923 2103 3085 2174 igitur
3105 2103 3282 2156 cibum
3303 2116 3368 2156 eo
3388 2113 3654 2173 sumente,

2064 2196 2471 2261 tra'rslrguratus
2494 2195 2700 2250 dtemou
2723 2195 2774 2249 in
2807 2194 2988 2248 habitu
3011 2196 3388 2258 adolescentis,
3407 2198 3655 2252 cellulam

2070 2283 2184 2351 ejus
2229 2283 2548 2353 ingreditur,
2601 2298 2657 2340 et
2704 2287 3158 2356 appropinquans,
3223 2287 3380 2358 149
3429 2303 3652 2344 caucum

2065 2374 2179 2441 ejus
2206 2374 2474 2429 nitebatur
2526 2387 2791 2432 evertere.
2847 2376 2938 2431 Vir
2967 2386 3145 2432 autem
3177 2378 3271 2433 Dei
3320 2394 3476 2432 manu
3520 2378 3655 2434 illud

2064 2466 2321 2529 retinens,
2355 2469 2700 2522 manducabat
2745 2469 3058 2537 intrepidus.
3084 2469 3234 2525 Tunc
3260 2469 3513 2525 exsiliens
3541 2473 3654 2525 dia-

2066 2557 2168 2611 boli
2193 2572 2241 2623 s,
2270 2558 2428 2613 aliam
2465 2561 2795 2627 phantasiam
2846 2571 3065 2632 repente
3106 2563 3396 2632 confingit;
3426 2571 3482 2618 et
3525 2579 3655 2619 ecce

2064 2653 2212 2717 quasi
2241 2652 2618 2707 candelabrum
2669 2663 2912 2708 statuens
2961 2669 3090 2709 ante
3124 2670 3268 2724 eum,
3301 2664 3353 2710 et
3384 2659 3656 2712 lucernam

2064 2741 2300 2810 desuper
2349 2743 2649 2812 ardentem,
2706 2759 2801 2799 ore
2857 2746 3056 2813 polluto
3103 2761 3164 2801 ac
3221 2747 3381 2803 fetido
3414 2748 3651 2816 psalmos

2064 2837 2316 2889 cantabat
2349 2851 2476 2891 voce
2508 2851 2696 2907 magna
2727 2854 2740 2890 :
2772 2838 2937 2904 Beati,
2967 2841 3232 2908 inquiens,
3265 2840 3316 2894 in
3360 2841 3442 2895 via
3475 2841 3658 2895 imma-

2064 2925 2249 2992 culati,
2298 2930 2387 2996 qui
2440 2929 2717 2983 ambulant
2763 2930 2814 2983 in
2868 2932 2985 3001 lege
3017 2932 3225 2988 Domini
3278 2933 3450 3004 (Psal.
3483 2939 3658 3006 cxvt).

2062 3019 2304 3088 Cumque
2341 3037 2405 3074 ex
2436 3022 2622 3076 eodem
2657 3023 2860 3092 psalmo
2890 3026 3050 3079 verba
3101 3026 3322 3095 plurima
3358 3031 3660 3098 cecinisset,

2063 3111 2266 3164 nullurrr
2291 3112 2340 3166 ei
2367 3127 2669 3167 sermonem
2698 3126 2914 3169 sanctus
2941 3118 3028 3171 ille
3059 3120 3358 3187 respondit,
3389 3122 3559 3176 donec
3587 3123 3662 3176 ci-

2072 3200 2199 3255 lium
2231 3204 2446 3258 solitum
2480 3207 2829 3275 percepisset.
2866 3209 3152 3278 Postquam
3203 3226 3332 3267 vero
3380 3213 3447 3268 de
3476 3230 3660 3270 tnensa

1991 3292 2039 3358 C
2068 3299 2321 3366 surrexit,
2355 3317 2476 3355 cum
2508 3304 2654 3358 omni
2696 3307 2994 3360 constantia
3045 3307 3118 3360 ait
3167 3309 3232 3361 ad
3279 3323 3446 3363 eum:
3500 3309 3662 3366 Canis

2065 3390 2342 3447 immunde
2371 3403 2425 3449 et
2477 3405 2556 3451 ter
2607 3398 2934 3464 miserande,
2987 3414 3146 3468 aque
3199 3399 3563 3457 iulirmissime
3607 3413 3661 3457 et

2067 3484 2502 3550 mendacissime,
2534 3505 2578 3543 si
2611 3491 2751 3545 nosti
2783 3491 2924 3562 quod
2957 3491 3098 3546 beati
3129 3503 3272 3558 sunt,
3316 3509 3410 3548 cur
3441 3494 3517 3548 eis
3549 3508 3661 3549 nro-

2065 3575 2232 3630 festus
2258 3593 2318 3633 es
2345 3579 2368 3633 Υ
2412 3579 2544 3635 Nam
2572 3582 2714 3638 beati
2743 3592 2866 3638 sunt
2888 3598 3073 3638 revera
3104 3599 3316 3649 omnes,
3345 3587 3432 3655 qui
3461 3601 3528 3640 ex
3553 3595 3661 3640 toto

2066 3671 2230 3728 corde
2268 3674 2496 3743 diligunt
2537 3677 2723 3732 Deum.
2776 3678 3126 3747 Respondens
3173 3692 3350 3734 autem
3398 3680 3661 3747 diabolus,

2065 3765 2138 3816 ait
2170 3782 2181 3814 :
2219 3764 2419 3820 idcirco
2448 3767 2549 3822 illis
2572 3767 2795 3824 infestus
2826 3785 2964 3836 sum,
3003 3783 3057 3825 ιιι
3085 3787 3332 3840 superem
3363 3787 3474 3836 eos,
3504 3782 3562 3826 ut
3595 3775 3661 3828 ab

2065 3856 2209 3909 Ortini
2257 3872 2422 3924 opere
2476 3859 2616 3913 bono
2653 3860 2957 3929 pra-pediti,
3013 3863 3148 3916 meis
3201 3861 3521 3917 facinoribus
3575 3879 3662 3919 so-

2065 3947 2293 4002 cientur.
2325 3944 2421 4002 Cui
2455 3951 2536 4002 vir
2567 3949 2753 4004 beatus
2806 3953 2874 4004 ita
2907 3953 3182 4021 respondit
3213 3968 3227 4004 :
3259 3953 3373 4008 Non
3405 3953 3496 4009 tibi
3524 3955 3662 4012 bene

2067 4039 2136 4094 sit
2185 4039 2485 4108 maledicte,
2517 4050 2574 4096 ut
2602 4043 2902 4112 qrrernpiarn
2957 4045 3254 4099 timentiqu
3307 4044 3475 4101 Deum
3505 4061 3661 4116 supe-

2067 4149 2190 4190 rare
2218 4135 2300 4199 vel
2325 4135 2588 4204 impedire
2641 4137 2954 4205 praevaleas,
2987 4138 3086 4193 nisi
3117 4140 3254 4194 forte
3298 4154 3391 4194 eos
3419 4142 3508 4210 qui
3564 4141 3660 4196 tibi

2068 4225 2275 4282 similes
2304 4230 2594 4284 existentes
2618 4245 2646 4283 a
2679 4230 2790 4284 Deo
2820 4232 3034 4300 propria
3059 4232 3329 4288 voluntate
3352 4232 3660 4290 discedunt.

2068 4319 2195 4373 illos
2226 4320 2397 4376 vincis
2424 4336 2489 4375 ac
2519 4321 2682 4387 fallis,
2707 4324 2957 4392 quoniam
2987 4322 3129 4379 Deus
3152 4339 3256 4378 non
3277 4340 3355 4379 εει
3379 4324 3432 4380 in
3456 4327 3555 4380 eis.
3579 4325 3660 4382 Ab

2068 4410 2152 4466 his
2199 4422 2375 4467 autem
2435 4417 2520 4483 qui
2565 4414 2791 4484 diligunt
2844 4415 3033 4477 Deum,
3098 4428 3347 4484 tanquam
3401 4415 3578 4471 fumus
3630 4433 3661 4472 a

2068 4517 2250 4573 vento,
2296 4505 2595 4562 exltalescis
2629 4523 2692 4560 ac
2736 4509 2943 4563 delicis.
2994 4508 3112 4562 Una
3158 4507 3422 4578 siquidem
3472 4525 3660 4565 eorum

2070 4602 2241 4654 oratio
2271 4601 2350 4656 sic
2381 4610 2431 4655 te
2462 4603 2802 4670 persequitur
2829 4616 2889 4655 ac
2914 4602 3183 4670 deturbat,
3208 4605 3660 4674 quemadmodum

361 4724 484 4764 me“
536 4709 648 4777 spei
678 4669 959 4775 Bmsidia,
1008 4721 1104 4775 ρει-
1146 4669 1372 4777 granum
1422 4706 1515 4761 Dei
1559 4669 1611 4760 ίη
1660 4708 1802 4762 "uno
1851 4717 1965 4762 luas
1996 4669 2044 4727 D
2073 4695 2244 4764 pulvis
2293 4711 2321 4748 a
2379 4704 2539 4750 ventu
2580 4697 2868 4751 insectatus
2925 4698 3269 4768 dispergitur.
3314 4698 3661 4754 V'ivitautem

361 4804 587 4860 insidias
606 4804 1002 4872 pertirrrescam.
1028 4803 1211 4870 Neque
1234 4802 1376 4855 enim
1405 4802 1647 4870 plurima:
1670 4802 1963 4870 phantasia:

362 4911 617 4967 pavorem
670 4894 799 4948 nrihi
850 4895 1132 4948 incutiunt.
1189 4892 1393 4948 Nomen
1447 4893 1709 4962 siquidem
1753 4895 1962 4949 Domini

361 4991 465 5046 mei
491 4999 546 5045 et
578 4987 872 5046 Salvatoris
903 4986 1032 5041 Jesu
1062 4985 1282 5051 Christi,
1315 5000 1470 5055 quem
1501 4985 1662 5041 dilexi
1691 4996 1744 5042 et
1778 4987 1962 5059 diligo,

361 5084 494 5141 mihi
525 5081 890 5138 validissimus
922 5095 1105 5135 murus
1135 5087 1237 5143 est,
1282 5082 1333 5132 in
1363 5093 1468 5149 quo
1508 5088 1560 5133 te
1587 5079 1825 5150 increpo,
1861 5080 1960 5136 im-

360 5177 560 5234 munde
584 5177 755 5241 canis,
787 5190 850 5229 ac
891 5188 970 5228 ter
1000 5171 1324 5226 miserande.
1361 5172 1427 5226 Et
1475 5171 1690 5228 dicente
1728 5187 1794 5228 eo
1820 5173 1955 5241 haec,

343 5259 643 5326 'confestinr
678 5276 737 5323 ut
773 5267 950 5322 fumus
975 5265 1043 5321 ab
1074 5265 1242 5320 oculis
1283 5263 1402 5335 ejus
1445 5265 1678 5320 evanuit.
1732 5266 1961 5324 Sanctus

358 5374 537 5420 autem
570 5364 665 5418 Dei
697 5361 928 5430 famulus
981 5374 1102 5414 cum
1131 5359 1295 5414 multa
1326 5358 1605 5414 alacritate
1648 5360 1962 5426 tranquillo-

357 5476 461 5530 que
486 5459 668 5514 animo
700 5455 1055 5512 benedicebat
1099 5454 1409 5522 Dominum,
1457 5454 1610 5524 quasi
1639 5454 1727 5526 qui
1757 5457 1953 5510 nullam

358 5551 697 5624 phantasiam
724 5551 964 5606 vidisset.

430 5644 558 5698 Car.
602 5641 742 5697 Xlll.
783 5672 855 5682 —
892 5642 1103 5698 Rursus
1121 5656 1250 5698 vero
1272 5651 1391 5712 post
1413 5642 1527 5697 dies
1552 5658 1745 5709 paucos
1765 5655 1953 5702 orante

357 5751 422 5789 eo
451 5743 634 5799 noctu,
666 5744 855 5790 tenens
883 5735 1118 5790 securim
1148 5735 1415 5800 diabolus,
1438 5735 1682 5791 cellularrr
1721 5736 1839 5808 ejus
1865 5754 1956 5794 co—

362 5829 590 5885 nabatur
613 5839 872 5886 evertere.
909 5829 979 5885 Et
1031 5843 1152 5885 cum
1203 5829 1313 5900 jam
1346 5840 1620 5900 putaretur
1651 5831 1953 5901 perforasse

359 5943 501 5996 eam,
533 5941 663 5985 voce
692 5943 882 5998 magna
902 5927 1149 5983 clamav"
1186 5935 1238 5982 ct
1266 5927 1432 5983 dixit:
1471 5924 1760 5993 Festinate,
1792 5926 1946 5982 amici

2072 4786 2212 4840 Deus
2255 4800 2424 4851 meus,
2459 4789 2548 4855 qui
2601 4797 2684 4839 est
2716 4786 3023 4842 benedictus
3054 4789 3105 4842 in
3164 4791 3384 4854 szecula,
3439 4790 3530 4860 qui
3581 4799 3660 4845 est

2071 4876 2319 4945 gloriatio
2350 4893 2488 4943 mea,
2536 4878 2660 4946 quia
2710 4895 2815 4931 non
2864 4889 2915 4934 te
2971 4881 3556 4949 pertimescam,etizrm
3614 4879 3660 4935 si

2069 4972 2214 5023 omni
2254 4980 2492 5039 tempore
2533 4970 2619 5024 hic
2646 4973 2972 5028 canstiteris.
3028 4973 3120 5029 Sic
3146 4986 3322 5029 autem
3364 4989 3463 5043 pro
3492 4972 3659 5028 nihilo

2071 5068 2123 5116 te
2154 5076 2426 5131 Spernarn,
2453 5064 2611 5117 Veluti
2644 5063 2690 5118 si
2713 5078 2848 5118 unus
2875 5067 3082 5120 catulus
3101 5064 3362 5119 contritus
3390 5065 3458 5118 ab
3479 5063 3660 5132 aliquo

2069 5163 2464 5210 contemnatur.
2500 5155 2626 5211 Haec
2655 5172 2721 5212 eo
2746 5157 2982 5228 dicente,
3004 5155 3288 5212 confestim
3320 5153 3413 5211 ille
3445 5157 3524 5225 (ut
3561 5171 3654 5212 so-

2067 5247 2232 5316 lebat)
2264 5248 2495 5306 evanuit.

2135 5367 2264 5422 CAP.
2297 5366 2436 5422 XVI.
2465 5397 2536 5409 —
2561 5367 2766 5425 Rursus
2797 5373 2919 5438 post
2943 5364 3056 5420 dies
3087 5364 3337 5435 quinque,
3361 5379 3482 5422 cum
3509 5367 3651 5437 psal‘

2061 5463 2292 5518 modiam
2324 5478 2475 5517 suam
2503 5462 2677 5518 noctis
2724 5472 2965 5529 tempore
3012 5470 3477 5529 consummasset,
3510 5459 3657 5516 aliud

2064 5555 2365 5624 phantasia:
2402 5560 2774 5624 argumentum
2805 5549 2873 5604 ab
2903 5547 3117 5606 inimico
3144 5551 3484 5622 confingitur.
3514 5551 3654 5608 Ecce

2064 5648 2209 5705 enirn
2237 5645 2392 5718 quasi
2421 5646 2576 5700 turba
2617 5643 2844 5712 plurima
2874 5641 3113 5699 cernitur
3138 5642 3457 5712 advenisse;
3485 5651 3541 5700 et
3561 5659 3651 5699 ve-

2062 5738 2144 5795 lut
2191 5739 2462 5794 trahentes
2510 5734 2778 5801 invicem,
2820 5747 2943 5790 cum
2991 5732 3314 5790 clamoribus
3358 5749 3420 5790 se
3467 5744 3652 5789 mutuo

2061 5836 2430 5897 cohortantur,
2473 5838 2532 5884 ut
2573 5828 2737 5884 homo
2779 5827 2875 5885 Dei
2922 5829 2978 5885 in
3022 5825 3230 5885 foveam
3272 5827 3650 5898 projiceretur.

2062 5926 2205 5992 Quos
2236 5923 2674 5995 circumspiciens
2697 5921 2779 5980 vir
2801 5922 3020 5982 beatus:
3044 5920 3522 6002 Circurndederuut
3539 5935 3650 5990 me,
