4142 6350
385 335 550 414 πεθι

1496 333 1584 390 DE
1623 329 1802 390 VITIS
1841 327 2128 389 PATRUM
2172 327 2376 384 LIBER
2418 325 2695 385 PRIMUS.

3634 317 3746 384 ﬁt}!

447 447 648 522 inquit,
679 451 816 506 sicut
845 464 972 521 apes
1003 453 1202 514 favum,
1231 455 1284 505 et
1311 456 1626 504 exarserunt
1655 446 1794 501 sicut
1826 446 1960 516 ignis
1985 445 2040 504 in
2069 449 2117 507 Α
2145 443 2270 498 bat?
2297 441 2466 510 Quem
2499 440 2786 512 aliquando
2818 440 3138 497 monachum
3165 439 3398 498 audiens
3427 440 3566 498 bene
3607 455 3747 498 sunt

448 546 646 615 spinis,
678 555 730 600 et
756 545 810 599 in
845 546 1060 599 nomine
1095 543 1299 597 Domini
1330 541 1643 595 vindicabor
1673 540 1726 593 in
1757 539 1837 594 eis
1866 539 2036 608 (Psal.

445 641 630 705 cxvii).
666 637 814 690 Tunc
845 639 1066 690 Satanas
1097 635 1424 701 exclamans,
1449 635 1560 688 ait:
1598 633 1742 687 Heu!
1781 631 1885 686 heu
1912 631 2037 686 me!

447 731 573 799 quid
603 729 693 782 tibi
723 729 788 783 de
815 737 1010 782 caetero
1057 726 1244 780 faciam
1275 730 1477 780 nescio.
1507 725 1646 780 Ecce
1694 725 1839 778 enim
1870 739 1955 777 me
1985 723 2039 777 in

447 821 692 876 omnibus
720 825 918 875 victum
946 834 1009 874 ac
1041 829 1352 884 superatum
1387 819 1644 888 intelligo,
1676 827 1731 872 et
1765 818 2043 872 universas

448 916 588 971 vires
615 933 758 972 ineas
799 931 920 971 esse
949 915 1229 983 despectas
1255 955 1268 981 ,
1298 923 1352 970 et
1381 929 1466 968 me
1497 914 1733 982 undique
1761 912 2044 967 conculca-

449 1017 581 1064 tuin.
634 1008 1007 1062 Verumtamen
1054 1023 1154 1062 nec
1204 1007 1282 1061 sic
1333 1006 1549 1075 quidem
1585 1021 1613 1058 a
1657 1015 1708 1060 te
1757 1003 2044 1074 aliquando

450 1101 739 1166 discedam,
768 1101 943 1155 donec
971 1115 1262 1170 superans,
1294 1099 1548 1154 humilem
1583 1107 1634 1153 te
1663 1096 1897 1167 mihique
1917 1097 2047 1152 sub-

445 1192 644 1263 jectum
679 1193 888 1247 faciam.
921 1193 1012 1247 Vir
1053 1202 1232 1250 autem
1265 1193 1357 1247 Dei
1402 1191 1476 1246 ait
1505 1195 1570 1246 ad
1604 1205 1766 1246 eum:
1800 1189 2043 1245 Anathe-

450 1299 534 1338 ina
585 1285 678 1338 tibi
725 1293 781 1340 et
817 1284 960 1339 omni
993 1285 1176 1339 virtuti
1224 1293 1360 1350 tuas,
1412 1282 1763 1353 pollutissimo
1791 1280 2042 1344 damon;

449 1375 614 1442 gloria
646 1383 821 1430 autem
855 1384 910 1430 et
938 1375 1109 1430 honor
1137 1376 1361 1430 Domino
1389 1376 1490 1430 soli
1521 1384 1707 1430 sancto
1730 1388 1792 1430 ac
1816 1371 2047 1442 sapienti

452 1468 582 1534 Deo,
616 1470 703 1538 qui
750 1469 902 1523 nobis
932 1468 1279 1524 dilectoribus
1310 1468 1418 1523 suis
1470 1478 1524 1523 te
1568 1467 1784 1522 tradidit
1827 1466 2048 1521 concul-

452 1564 700 1615 candum.
729 1562 791 1615 Et
807 1562 1006 1617 idcirco
1029 1563 1291 1616 versutias
1318 1571 1437 1616 tuas
1461 1561 1858 1617 subsannamus
1883 1567 2044 1629 atque

451 1655 867 1708 contemnimus.
911 1654 1157 1724 Agnosco
1207 1656 1418 1724 itaque,
1476 1653 1846 1709 infirmissima
1885 1663 2048 1722 atque

453 1743 819 1800 infelicissima
846 1745 1056 1800 daemon
1084 1787 1096 1808 ,
1129 1745 1250 1814 quia
1283 1760 1383 1800 nos
1425 1760 1598 1817 neque
1625 1754 1697 1813 te,
1722 1760 1899 1816 neque
1930 1753 2048 1800 tuas

458 1837 889 1907 pertimescimus
920 1838 1247 1906 phantasias.

523 1932 653 1987 CAP.
684 1931 846 1986 XVII.
879 1963 949 1973 —
972 1933 1070 1987 Per
1101 1933 1326 1987 multum
1354 1942 1531 1986 autem
1565 1940 1774 2003 tempus
1809 1931 2044 1987 diversis

452 2024 782 2095 argumentis
827 2039 890 2078 ac
936 2024 1200 2080 machinis
1244 2033 1428 2079 contra
1463 2024 1637 2079 virum
1689 2023 2044 2079 fortissimum

451 2117 732 2183 dimicans,
766 2133 872 2173 non
896 2119 1063 2187 quivit
1083 2118 1500 2188 cogitationibus
1531 2118 1649 2188 ejus
1679 2117 2044 2185 solidissimis,

450 2209 640 2263 saltem
674 2224 922 2278 pavorem
947 2219 1160 2265 certans
1193 2211 1452 2266 incutere.
1490 2213 1658 2282 Magis
1693 2219 1873 2266 autem
1905 2228 2044 2280 prte-

451 2300 652 2365 liando,
684 2303 1010 2357 alacritatem
1041 2302 1091 2356 in
1120 2317 1186 2357 eo
1215 2313 1268 2357 et
1320 2302 1634 2357 cliaritatein
1686 2302 1825 2370 apud
1876 2302 2040 2357 Deum

449 2397 736 2450 maximam
764 2398 1070 2451 suscitabat.
1107 2397 1340 2467 Diligens
1367 2413 1596 2467 namque
1636 2396 1804 2452 Deum
1827 2412 1897 2453 ex
1933 2407 2044 2452 telo

449 2503 632 2544 animo
656 2530 670 2555 ,
703 2501 757 2546 et
784 2492 1250 2547 conversationem
1280 2507 1432 2546 suam
1466 2493 1761 2547 secundum
1788 2492 2042 2546 volunta-

457 2589 564 2635 tem
595 2581 713 2651 ejus
745 2583 1057 2649 instituens,
1089 2581 1377 2640 afﬂuenter
1398 2586 1622 2655 gratiam
1653 2587 1886 2640 divinam
1921 2600 2044 2653 pro-

423 2678 650 2726 'meruit
681 2691 695 2729 :
725 2685 778 2728 et
807 2685 1088 2743 propterea
1141 2692 1247 2730 non
1293 2677 1505 2731 valebat
1549 2677 1792 2732 diabolus
1842 2677 2042 2732 laedere

450 2778 597 2822 eum.
632 2765 1048 2824 I’erseveranter
1097 2785 1328 2840 namque
1377 2771 1709 2840 pulsaverat,
1744 2780 1801 2826 ut
1829 2773 1876 2827 ei
1921 2772 2042 2826 the-

451 2861 594 2914 sauri
625 2860 819 2915 divina:
847 2864 1034 2930 gratiae
1063 2863 1445 2929 panderentur.
1477 2864 1715 2932 Cumque
1745 2864 2041 2934 patefactus

456 2947 645 3006 fuisset
675 2952 967 3021 ingressus,
1002 2962 1108 3008 tres
1129 2954 1229 3008 sibi
1255 2954 1377 3008 inde
1400 2955 1811 3022 pretiosissimas
1837 2955 2041 3024 lapides

452 3045 716 3112 sumpsit,
752 3045 943 3109 tidem,
1000 3059 1151 3113 spem
1194 3054 1249 3100 et
1289 3046 1636 3112 cliaritatem,
1671 3047 1862 3117 quibus
1894 3047 1945 3101 in
1975 3061 2042 3102 eo

453 3136 690 3205 perfecte
733 3152 797 3191 ac
856 3137 1081 3192 firmiter
1132 3138 1355 3194 virtutes
1404 3139 1625 3207 reliquie
1684 3141 2036 3196 ornabantur.

2146 537 2370 601 versari,
2391 551 2495 590 non
2525 551 2621 605 pro
2641 551 2707 591 eo
2733 534 3054 605 deprecatus
3075 545 3159 592 est
3184 536 3494 604 Dominum,
3523 545 3583 591 ut
3609 537 3751 592 liber

2145 628 2212 683 ab
2237 629 2492 684 omnibus
2523 629 2727 685 diaboli
2780 629 2987 700 laqueis
3032 639 3368 699 servaretur,
3426 637 3482 685 et
3529 643 3747 685 cursum

2147 725 2268 775 vita:
2317 737 2430 776 suae
2479 721 2874 791 inculpabiliter
2922 723 3370 778 consummaret!
3419 725 3528 780 Aut
3586 733 3748 792 queui

2146 823 2487 882 peccatorum
2519 818 2601 870 vel
2638 817 2859 886 impium
2890 816 3113 873 audiens
3136 855 3149 880 ,
3170 831 3270 886 pro
3299 831 3400 882 eo,
3425 823 3488 871 tit
3505 816 3751 871 salvare-

2147 917 2250 973 tur,
2276 923 2397 963 cum
2432 909 2684 981 lacrymis
2726 911 2916 967 diebus
2956 925 3020 966 ac
3054 911 3300 968 noctibus
3325 911 3609 967 Dominum
3640 921 3749 965 non

2147 1002 2484 1071 postulabat?
2507 1004 2574 1058 Et
2602 1006 2652 1059 in
2680 1005 2825 1060 omni
2852 1018 3093 1078 tempore
3125 1005 3478 1062 institutionis
3499 1017 3616 1061 suo
3637 1017 3750 1062 non

2147 1097 2445 1160 praeterivit
2475 1109 2596 1150 eum
2622 1096 2729 1152 line
2751 1097 3006 1170 laerymis
3034 1099 3176 1154 dies.
3204 1097 3367 1153 Labi'a
3389 1111 3485 1153 sua
3500 1112 3611 1154 non
3633 1094 3752 1152 solt
3780 1144 3786 1178 ε

2150 1187 2307 1240 vebat
2357 1183 2514 1243 facile
2567 1189 2617 1242 in
2663 1190 2856 1244 risum.
2903 1190 3020 1246 Noti
3069 1191 3531 1261 appropinquavit
3567 1190 3750 1246 olom
3787 1193 3790 1197 ’

2148 1282 2472 1349 corpusculo
2499 1289 2648 1349 ejus;
2679 1284 2884 1348 facies,
2910 1286 2993 1339 νει
3019 1284 3185 1339 etiam
3211 1284 3380 1355 pedes
3399 1326 3414 1350 ,
3443 1299 3473 1339 a
3497 1284 3590 1340 die
3615 1287 3751 1340 wh“-

2148 1373 2415 1431 versionia
2456 1391 2568 1430 suae
2599 1392 2870 1449 nunquam
2907 1378 3066 1434 diluti
3107 1389 3252 1435 sunt.
3285 1379 3378 1437 Sic
3421 1387 3652 1452 namque
3685 1375 3754 1437 οὐ

2148 1468 2460 1535 exhibebat,
2495 1481 2744 1543 tanquam
2773 1473 3011 1544 quotidie
3043 1475 3385 1531 moriturum.

2216 1579 2347 1636 Car.
2376 1583 2562 1640 XVIII.
2587 1617 2658 1627 —
2684 1581 2730 1641 0
2759 1593 2884 1643 'v’ere
2903 1630 2918 1654 ,
2949 1586 3176 1653 fratres,
3231 1587 3526 1658 gloriosum
3563 1577 3737 1647 inira-

2155 1679 2356 1744 culum,
2391 1680 2442 1731 in
2469 1685 2613 1733 tanta
2642 1679 2966 1736 aliStin‘entia
2987 1724 3002 1746 ,
3043 1681 3366 1753 iugibusqtt'e
3395 1683 3612 1755 vigiliis,
3647 1673 3750 1740 ile-

2152 1770 2292 1826 tibus
2321 1772 2523 1838 mixtis,
2555 1773 2888 1829 chameuniis
2915 1772 3034 1845 (i3)
3061 1783 3274 1845 quoque
3323 1787 3376 1831 et
3417 1775 3753 1834 centrition'd

2074 1857 2388 1926 Bcorporis
2431 1879 2701 1931 nunquam
2750 1867 2970 1921 omnino
3022 1865 3251 1922 lassatus
3299 1869 3421 1933 "eSt,
3473 1869 3753 1939 nunquam

2154 1956 2450 2012 infirmatus
2481 1960 2707 2029 segnitia
2740 1957 3036 2030 obtorpuit,
3062 1965 3334 2031 nunquam
3364 1957 3530 2016 tmdio
3558 1955 3754 2033 fatiga-

2151 2059 2236 2106 tus
2282 2057 2392 2110 est;
2441 2051 2534 2109 sed
2586 2052 2746 2108 veluti
2791 2055 3037 2110 esuriens
3083 2053 3367 2125 quiSqdam
3396 2059 3488 2110 aut
3516 2054 3748 2124 sitiens,

2146 2145 2227 2200 sic
2268 2142 2362 2200 ille
2416 2144 2672 2201 aviditate
2729 2144 2961 2216 quadam
3007 2148 3286 2204 sustinetis
3341 2149 3560 2214 omnia,
3615 2153 3754 2204 utili-

2147 2254 2304 2309 quani
2363 2240 2444 2294 sui
2512 2241 2771 2310 propositi
2833 2243 3006 2312 potuit
3069 2249 3221 2298 mens
3286 2243 3404 2311 ejus
3460 2239 3755 2300 dulcedine

2148 2329 2354 2385 satiari.
2411 2329 2539 2386 Erat
2589 2341 2767 2388 autem
2826 2333 3074 2402 aspectus
3129 2331 3248 2402 ejus
3293 2331 3446 2404 quasi
3494 2330 3594 2386 llos
3629 2334 3754 2404 qni-

2147 2423 2268 2478 dam
2323 2425 2813 2495 inimarcesciliills,
2858 2435 3018 2495 atque
3065 2428 3117 2481 in
3175 2425 3309 2481 facie
3368 2424 3489 2497 ejus
3541 2425 3754 2496 purita'é

2147 2525 2310 2572 animi
2341 2522 2691 2574 noscebatur.
2726 2519 2833 2574 Sed
2883 2531 2934 2575 et
2972 2529 3141 2575 totum
3172 2522 3556 2590 θυι-βυδευιιιιη
3589 2518 3746 2589 ejus,

2146 2611 2296 2679 quasi
2332 2610 2459 2664 nihil
2492 2613 2725 2680 egisset,
2759 2611 3000 2667 validum
3027 2620 3088 2667 ac
3132 2611 3409 2667 robiismin
3459 2613 3747 2684 apparuit,

2147 2711 2332 2770 utpote
2359 2704 2448 2773 qui
2474 2704 2652 2758 divina
2685 2707 2856 2775 gratia
2889 2706 2943 2760 in
2974 2706 3227 2761 omnibus
3263 2702 3556 2771 frueretur,
3584 2715 3637 2759 et
3659 2707 3751 2775 ju-

2145 2798 2416 2854 cunditate
2453 2800 2610 2873 150
2640 2800 2896 2869 Spiritalis
2948 2801 3150 2856 laetitiae
3197 2801 3480 2870 potiretur.
3523 2793 3579 2854 ιιι
3613 2798 3752 2856 hora

2146 2907 2376 2967 namque
2423 2897 2766 2952 dorniitionis
2810 2910 2923 2951 suae
2969 2899 3046 2950 ita
3095 2893 3559 2966 splendidissimus
3597 2894 3751 2952 Vultu

2145 2990 2455 3060 apparebat,
2485 3005 2634 3058 quaSI
2665 2989 2753 3060 qui
2788 2991 3126 3060 nequaquam
3163 2989 3284 3043 vita!
3309 2991 3424 3042 suae
3457 2993 3668 3054 tempus
3690 2985 3746 3042 iit

2145 3079 2465 3136 abstinentia
2498 3082 2813 3151 peregisset.
2843 3079 2946 3135 Sed
2974 3089 3026 3133 et
3057 3077 3198 3135 aliud
3225 3080 3278 3132 in
3306 3091 3369 3133 eo
3400 3092 3495 3149 per
3523 3075 3749 3146 dispen—

2146 3177 2407 3230 sationem
2459 3174 2774 3229 miraculum
2807 3183 3020 3243 gestum
3053 3180 3153 3227 est.
3189 3171 3242 3226 lti
3276 3171 3527 3228 Omnibus
3577 3167 3749 3238 sidui-

453 3229 664 3338 Τθχθξξδ
691 3246 904 3334 (³,¹¹⁰(³¹¹θ
936 3231 1376 3338 ρτξίίοςῖίδδίωωη
1407 3247 1660 3287 coronam
1693 3233 1848 3288 bonis
1878 3235 2042 3302 ope”
2075 3265 2120 3330 C
2151 3229 2271 3323 dem
2319 3268 2696 3338 quinquaginta
2749 3229 2904 3322 annis
2953 3262 3293 3322 abstinentia)
3335 3272 3484 3332 snas,
3537 3229 3748 3320 Vesient

455 3321 578 3388 bus,
607 3323 734 3392 Regi
756 3339 938 3393 regum
992 3325 1248 3390 Domino,
1276 3342 1302 3378 a
1344 3341 1451 3394 quo
1481 3342 1672 3381 munus
1712 3339 2024 3398 acceperat,

456 3413 732 3467 offerebat.
758 3416 888 3480 Quis
914 3415 1054 3469 enim
1084 3414 1159 3470 sic
1190 3432 1252 3470 ex
1288 3427 1400 3471 toto
1445 3419 1609 3472 corde
1648 3418 1811 3473 Deum
1841 3430 1896 3472 et
1923 3436 2045 3489 pro-

456 3505 656 3559 xiiiium
688 3517 941 3574 tanquam
976 3507 1206 3575 seipsum
1255 3509 1441 3562 dilexit
1479 3509 1656 3578 (Luca?
1678 3511 1768 3580 x)?
1793 3514 1895 3566 Aut
1926 3514 2046 3580 quis

458 3595 532 3653 Ita
565 3596 931 3654 laborantibus
960 3598 1388 3669 compatiebatur
1416 3610 1471 3655 et
1500 3603 1811 3682 misericors
1839 3603 2042 3658 existe-

2150 3359 2435 3422 cilicinam,
2467 3375 2568 3430 qua
2602 3359 2818 3414 indutus
2852 3359 3042 3423 fuerat,
3074 3373 3180 3413 non
3207 3355 3447 3412 mulavit.

2229 3473 2444 3542 Reliqua
2473 3475 2533 3525 de
2568 3469 2681 3525 Vita
2723 3469 2942 3527 Abralice
2987 3481 3034 3528 et
3078 3471 3191 3543 ejus
3236 3477 3382 3542 nepte
3422 3465 3534 3523 vide
3571 3451 3748 3538 infra,

2156 3565 2286 3619 inter
2316 3563 2460 3618 Vitas
2488 3565 2798 3636 feminarum

1753 3715 2121 3774 ROSWEYDI
2160 3719 2481 3774 NOTATIO.

529 3806 612 3878 (l)
643 3803 905 3879 Abrahae]
934 3807 1188 3862 Memoria
1237 3808 1396 3879 hujus
1450 3808 1675 3863 habetur
1709 3810 1759 3862 in
1791 3811 2047 3864 ecclesia—

460 3877 608 3934 sticis
634 3881 848 3933 tabulis.
887 3877 958 3931 Ita
986 3882 1127 3934 enim
1171 3877 1600 3950 Martyrologium
1653 3882 1947 3935 [iniiiaiiuin
1985 3882 2049 3937 16

462 3951 632 4004 Martii
667 3969 682 4005 :
719 3968 736 4000 ι
777 3950 830 4002 In
862 3950 1013 4020 Syria
1044 3954 1207 4004 sancti
1237 3953 1466 4005 Abrahae
1489 3954 1749 4015 ereinitzc,
1784 3958 1937 4020 cujus
1964 3969 2050 4008 res

463 4032 639 4092 gestas
669 4022 858 4074 beatus
885 4021 1138 4088 Ephraim
1172 4022 1427 4076 diaconus
1450 4026 1784 4090 COttSCl'Ip-eil.
1825 4042 1842 4074 ι
1873 4025 2053 4078 Meno-

463 4093 658 4162 Iogium
690 4092 995 4146 Graecorum
1028 4092 1094 4145 29
1123 4094 1368 4147 Octobris
1395 4110 1408 4150 :
1441 4112 1458 4144 ι
1492 4094 1692 4148 Natalis
1738 4095 1906 4147 sancti
1957 4097 2052 4147 l‘a-

465 4163 566 4219 tris
591 4165 758 4217 nostri
793 4164 1103 4217 Abrahaiui.
1137 4183 1152 4215 i
1193 4164 1379 4219 Fusius
1409 4166 1596 4219 eodem
1630 4166 1786 4220 dieiii
1811 4167 2048 4234 Menteis,

464 4236 550 4292 ubi
582 4246 634 4290 et
663 4235 822 4287 Maria
850 4235 1022 4305 neptis
1054 4235 1167 4303 ejus
1191 4237 1454 4305 jungitur.

540 4306 616 4375 (2)
649 4303 947 4378 Ephraim]
978 4306 1177 4360 Auctor
1205 4303 1563 4362 hic—Actorum
1599 4308 1766 4362 sancti
1797 4307 2050 4378 Aliralim,

468 4390 526 4434 ut
557 4379 683 4434 Mss.
718 4378 1006 4447 praeferunt
1027 4423 1040 4446 ,
1075 4391 1124 4430 et
1154 4379 1317 4434 editio
1343 4378 1714 4446 Coloniensis;
1747 4397 1864 4448 qua:
1896 4383 2054 4435 etiam

469 4451 570 4506 hoc
600 4460 818 4503 auctore
852 4449 1016 4504 habes
1046 4450 1184 4520 apud
1209 4451 1582 4518 Liponianum,
1612 4462 1756 4506 tomo
1779 4451 1838 4517 ll,
1869 4453 1961 4521 qui
1991 4469 2053 4508 ea

467 4537 531 4578 ex
554 4522 683 4575 Vitis
707 4521 918 4574 Patrum
948 4523 1194 4576 editionis
1213 4521 1551 4578 Coloniensis
1572 4523 1896 4592 desumpsit.
1923 4524 2053 4578 Nam

467 4610 587 4662 quae
621 4594 669 4645 in
701 4593 819 4644 aliis
847 4593 1169 4647 editionilius
1204 4596 1489 4660 habentur,
1531 4594 1582 4648 in
1631 4597 1735 4650 fine
1776 4597 2053 4650 decurtata

470 4655 615 4719 sunt.
653 4663 854 4735 Desunt
886 4666 1030 4735 enim
1059 4666 1160 4718 tria
1187 4667 1370 4720 ultima
1390 4655 1564 4734 capita
1597 4677 1716 4735 post
1746 4666 1916 4720 Vitam
1948 4667 2056 4721 Ma-
2087 4655 2138 4714 Ῑ)

468 4736 562 4791 τίκ
610 4734 784 4806 neptis
835 4734 1093 4799 Abralim,
1141 4751 1261 4805 qua:
1314 4739 1510 4792 ibidem
1563 4734 1682 4791 huic
1726 4738 1906 4806 juncta
1948 4749 2051 4793 est.

469 4807 710 4861 Meminit
735 4805 980 4878 ejusdem
1017 4808 1152 4860 idem
1179 4810 1427 4876 Ephraim
1457 4809 1509 4863 in
1538 4805 1743 4875 libello,
1767 4810 1858 4878 qui
1886 4809 2058 4864 Testa-

469 4889 691 4933 mentum
725 4876 973 4947 Eptirai'm
1004 4878 1330 4933 inscribitur.

542 4950 928 5018 Meiaphrastes
975 4964 1186 5019 quoque
1234 4950 1475 5020 ejusdem
1529 4967 1614 5005 res
1658 4960 1835 5022 gestas
1883 4955 2048 5009 Iusius

471 5024 758 5085 enarravit,
793 5036 924 5090 quas
951 5023 1116 5074 habes
1145 5023 1283 5090 apud
1314 5023 1689 5091 Lipomanuui,
1723 5034 1866 5078 tomo
1893 5025 1976 5088 Vl,
2004 5035 2060 5082 et

471 5093 709 5158 Suriuiit,
742 5105 887 5146 toiiio
917 5092 978 5146 II.

544 5164 878 5238 Mi-iiiiriitde
902 5164 1166 5219 Abraham
1196 5165 1364 5221 sancti
1394 5163 1648 5232 Ephraim
1674 5167 1934 5238 discipulo
1960 5170 2058 5226 So-

472 5251 759 5359 zonifniiis;
792 5237 927 5291 libro
975 5254 1062 5302 iii,
1097 5252 1215 5308 cap.
1255 5238 1341 5305 15,
1373 5247 1425 5293 et
1451 5237 1824 5309 Nicephorus,
1854 5242 1946 5295 lib.
1982 5257 2056 5309 IX,

472 5321 644 5359 Caute
745 5345 759 5359 .
834 5334 836 5336 ·

472 5309 644 5375 Cupite
672 5305 759 5360 16.
834 5334 836 5336 ·

544 5377 620 5447 (ὖ)
658 5375 943 5452 Intermere
969 5378 1270 5452 anonymo.]
1302 5380 1502 5436 Eadem
1533 5382 1647 5436 haec
1668 5384 1796 5437 Acta
1826 5398 1892 5437 ex
1923 5399 2061 5439 nova

476 5446 699 5503 Gerardi
730 5446 897 5521 Vossii
931 5446 1367 5518 interpretatione
1404 5452 1652 5521 prodiere
1697 5455 1778 5507 liic
1813 5458 2061 5521 proxime

476 5520 871 5593 elapsisannis,
907 5521 1043 5574 in‘ter
1071 5537 1230 5589 Opera
1261 5520 1413 5580 beati
1435 5525 1703 5593 Ephraim,
1737 5520 1877 5578 torno
1900 5523 1986 5579 Ill.

546 5588 626 5660 (4)
657 5588 1168 5666 Desponsaverimtei
1197 5598 1418 5662 puellam
1437 5588 1605 5650 adhuc
1626 5599 1676 5648 in
1692 5599 1920 5666 pueritia
1940 5613 2064 5653 con-

475 5659 700 5737 uitium]
731 5659 943 5737 Saltem,
963 5659 1253 5734 septennes
1281 5683 1399 5736 esse
1426 5659 1740 5737 oportebat,
1772 5678 1828 5722 ut
1851 5679 2065 5725 contra-

477 5733 667 5788 herent
713 5735 978 5802 sponsalia
1003 5733 1037 5802 ,
1067 5746 1122 5790 ut
1164 5748 1312 5793 notat
1351 5733 1622 5796 Barnabas
1660 5740 1964 5795 Brissonius
1999 5745 2065 5797 de

476 5805 582 5880 ritu
613 5805 1304 5880 iiuptiaritin._Modestinus
1327 5810 1718 5880 jurisconsult.,
1751 5812 1845 5866 lib.
1874 5828 1924 5866 iv
1959 5812 2069 5867 Dif-

477 5877 843 5946 Ierentiaruui,
871 5878 908 5935 l.
934 5877 1000 5934 In
1021 5881 1277 5951 sponsal.,
1299 5877 1354 5937 d'.
1382 5882 1457 5938 De
1475 5883 1581 5938 ritu
1605 5892 1754 5952 nupt.
1781 5902 1798 5934 ι
1831 5885 1884 5939 ln
1910 5900 2070 5956 spon-

2164 3813 2363 3867 salibus
2389 3811 2775 3868 contrahendis
2797 3820 2925 3867 zetas
2947 3809 3379 3867 contrahendum
3397 3808 3620 3867 definita
3639 3820 3752 3874 non

2162 3895 2262 3948 est,
2293 3893 2352 3940 ut
2381 3886 2432 3938 in
2467 3885 2848 3940 matrimoniis.
2880 3887 3217 3952 Quapropter
3241 3898 3270 3936 a
3300 3884 3592 3951 primordio
3618 3895 3754 3941 {eta-

2162 3958 2229 4010 tis
2245 3958 2514 4025 sponsalia
2540 3955 2673 4012 ifiici
2702 3967 2950 4026 possunt;
2975 3957 3020 4010 si
3045 3955 3204 4009 modo
3226 3955 3276 4009 id
3304 3955 3414 4009 fieri
3437 3955 3505 4008 ab
3529 3968 3758 4026 utraque

2164 4042 2390 4096 persona
2417 4029 2763 4098 intelligatur,
2787 4029 2835 4080 id
2855 4030 2957 4094 est,
2991 4029 3036 4082 si
3069 4042 3171 4080 non
3204 4028 3311 4081 sint
3336 4028 3571 4082 minores
3593 4044 3757 4097 quani

2164 4109 2368 4167 septem
2400 4115 2684 4153 annormn.
2724 4115 2742 4151 ι
2777 4099 2907 4166 Qua:
2957 4099 3117 4153 verba
3175 4110 3375 4152 certain
3430 4099 3755 4155 nominatim

2163 4172 2502 4236 sponsalibus
2549 4171 2930 4226 contrahendis
2964 4169 3327 4239 praescriptam
3379 4178 3590 4225 aetatem
3648 4185 3757 4228 non

2163 4241 2326 4296 fuisse
2356 4244 2678 4312 significant.

2232 4311 2544 4382 Quanquam
2573 4311 2711 4384 quod
2738 4313 2800 4367 ad
2828 4313 2959 4385 legis
2985 4315 3174 4385 Papimg
3194 4313 3410 4381 praemia
3441 4314 3654 4377 attinet,
3690 4330 3753 4368 ea

2161 4383 2374 4440 demum
2406 4383 2673 4454 sponsalia
2709 4383 2922 4453 probari
2971 4383 3288 4451 admittique
3330 4389 3598 4450 Angusms
3627 4399 3759 4439 con-

2162 4458 2355 4521 stituit,
2390 4459 2589 4526 quibus
2621 4457 2833 4512 biennio
2863 4466 2978 4524 post
3003 4455 3170 4527 justas
3189 4469 3252 4509 ac
3281 4456 3533 4526 legitimae
3558 4458 3761 4527 nuptiae

2163 4529 2418 4582 accedere
2466 4539 2702 4596 possent.
2739 4528 2804 4582 Ut
2835 4529 3059 4594 proinde
3106 4526 3341 4581 minores
3390 4538 3515 4580 natu
3569 4526 3762 4585 desciit

2165 4615 2426 4653 annorum
2455 4601 2691 4670 virgines
2723 4599 2918 4670 frustra
2957 4616 3169 4668 sponsa:
3201 4598 3544 4652 haberentur.
3578 4599 3748 4668 Cujus

2165 4674 2239 4724 rei
2273 4669 2661 4725 constituendae
2691 4684 2848 4723 causa
2881 4669 3002 4730 fuit,
3033 4671 3173 4739 quod
3216 4670 3614 4738 sponsaliorum
3654 4672 3757 4725 ob-

2166 4750 2332 4806 tentu,
2363 4757 2479 4812 quae
2512 4742 2579 4795 ad
2605 4743 2803 4796 exitum
2833 4753 2885 4795 et
2925 4742 3174 4795 effectum
3224 4743 3372 4796 brevi
3406 4741 3628 4809 perduci
3658 4755 3760 4806 per

2165 4829 2484 4884 sponsarum
2527 4815 2865 4867 immaturam
2913 4822 3127 4868 aetatem
3175 4828 3278 4866 non
3326 4821 3608 4882 poterant,
3655 4813 3760 4884 legi

2168 4885 2406 4938 fraudein
2448 4886 2560 4938 fieri
2586 4885 3072 4938 ειιιὶιιιιιιινριιὶεηει.
3103 4885 3220 4944 Dio,
3244 4884 3378 4937 libro
3405 4900 3503 4947 Liv,
3537 4888 3585 4936 in
3613 4885 3760 4941 Actis

2168 4960 2288 5009 anni
2331 4956 2434 5009 756
2463 4974 2472 5007 :
2505 4963 2592 5017 ιΩς
2623 4955 2673 5010 δὲ
2701 4951 2787 5008 οὖν
2829 4958 2986 5028 βρέφη
3034 4959 3161 5014 τινὲς
3206 4956 3512 5028 ἐγγυώμεγνοι
3542 4958 3634 5015 τὰς
3674 4960 3762 5026 μέν

2167 5031 2319 5101 τιμὰς
2348 5035 2447 5082 τῶν
2473 5027 2837 5100 γεγαμηκότωνί
2864 5027 3202 5101 ἐκάρτῖοῡντο,
3236 5035 3291 5080 τὸ
3330 5027 3381 5081 δὲ
3417 5027 3566 5101 ἔργον
3595 5030 3764 5082 αὐτῶν

2167 5103 2221 5153 οὐ
2247 5103 2584 5172 παρείχοντο,
2613 5102 2895 5172 προσέταξε
2929 5100 3174 5172 μηδεμίαν
3204 5101 3388 5171 mea»
3419 5100 3626 5167 ἰσχύειν
3655 5101 3764 5168 μεθ’

2169 5174 2227 5243 ἦν
2258 5170 2376 5226 οὐδὲ
2425 5180 2562 5223 ιιυοὶν
2601 5173 2733 5226 ἐτοῖν
2777 5170 3065 5226 διελθόντοιιι
3095 5170 3318 5243 γαμήσει
3367 5186 3475 5243 τις·
3501 5172 3766 5243 Ατουτέστι

2175 5241 2362 5297 δεκέτιν
2379 5244 2578 5314 πάντως
2605 5243 2902 5314 ἐγγυᾶσθαι2
2930 5250 3018 5296 τοῦ
3048 5241 3164 5312 (sic)
3186 5243 3241 5314 γέ
3269 5265 3317 5297 τι
3346 5241 3432 5294 ἀπ’
3457 5241 3608 5302 αὐτῆς
3634 5244 3766 5295 ἀπο-

2169 5315 2438 5389 ᾏάυσογταθ
2468 5313 2675 5389 δὼδεκᾲί
2691 5315 2786 5389 γὰρ
2813 5313 2928 5389 τιαῖς
2954 5315 3124 5389 κόραις
3144 5313 3213 5374 εἰς
3235 5318 3323 5371 τήν
3340 5318 3426 5366 τοῦ
3446 5314 3609 5389 γάμοι)
3627 5315 3767 5389 ὥραν

2303 5385 2490 5464 πλήρη,
2533 5381 2766 5464 κᾳθᾴξτξῤ
2808 5381 2966 5464 εἴτι-ογ,
3001 5381 3280 5464 nauigaui.
3310 5381 3766 5464 Qum'rerha'ita

2174 5455 2476 5510 Brissoni'us
2502 5455 2754 5520 reddidit,
2787 5459 2928 5526 quod
2961 5472 3022 5510 ea
3050 5455 3116 5509 ab
3146 5457 3436 5523 interprete
3483 5455 3766 5526 Xylaiidro

2178 5527 2352 5582 minus
2379 5529 2606 5582 fideliter
2633 5538 2685 5582 et
2719 5525 2870 5595 plane
2900 5543 3053 5580 veisa
3086 5538 3263 5582 essent
3287 5544 3299 5580 ε
3326 5544 3344 5577 ι
3380 5525 3640 5592 Qumiiam
3668 5542 3766 5579 au-

2175 5609 2279 5652 tem
2313 5600 2525 5667 quidam
2577 5601 2807 5652 infantes
2842 5600 3045 5668 puellas
3083 5598 3486 5667 despondentes
3513 5598 3764 5664 praemiis

2171 5671 2384 5739 quidem
2415 5673 2702 5740 coniugum
2744 5670 3077 5736 fruebantur,
3108 5678 3364 5725 caeterum
3393 5669 3657 5740 ed‘ectuni
3680 5669 3762 5722 rei

2171 5754 2226 5797 et
2252 5743 2538 5812 conjuguin
2572 5739 2706 5810 cpus
2727 5757 2831 5796 non
2856 5742 3201 5811 praestabant,
3223 5756 3287 5797 ea
3317 5740 3589 5812 sponsalia
3615 5739 3764 5795 vires

2176 5811 2362 5868 nullas
2380 5811 2578 5868 habere
2608 5812 2902 5884 constituit,
2936 5822 3058 5881 post
3085 5829 3205 5884 qua:
3228 5811 3437 5884 duobus
3472 5812 3763 5884 transactis

2177 5885 2329 5942 annis
2361 5899 2554 5956 Sponsa
2583 5885 2706 5941 duci
2730 5883 2951 5940 minime
2981 5883 3192 5956 posset;
3225 5883 3327 5943 hoc
3350 5892 3436 5942 est
3461 5892 3518 5941 ut
3533 5883 3765 5944 ‘oniuino
