4142 6350
456 402 567 462 295
1490 398 1575 456 DE
1617 397 1793 455 VITIS
1839 354 2124 455 PATRUM
2165 376 2371 455 LlBER‘
2406 390 2683 452 PRIMUS.
3128 370 3147 376 ἡ
3446 378 3451 379 ί
3635 382 3747 442 296

461 529 515 582 in
544 538 652 596 quo
680 522 873 580 merito
910 523 1025 593 ipse
1074 536 1159 577 me
1208 516 1554 589 reprehendi.
1578 500 1949 589 Nun‘quidna‘m
1975 516 2097 587 quia
2125 516 2457 584 Scripturam
2497 524 2705 567 sacram
2737 506 2952 579 quidam
2986 501 3327 573 interpretati
3352 507 3504 596 sunt,
3532 499 3746 596 idcirco

464 592 789 692 posteriores
819 592 1140 686 interpretes
1170 615 1309 670 hanc
1339 616 1515 668 minus
1544 612 1884 683 interpretati
1924 611 2085 666 sunt?
2106 610 2162 667 Si
2190 612 2291 665 hoc
2313 616 2481 672 esset,
2507 603 2750 660 eamdem
2772 614 2981 656 sacram
3015 598 3345 680 scripturam
3371 592 3633 651 Latinitas
3674 608 3746 651 ex

461 724 579 787 ipso
630 714 889 770 Hebraico
938 709 1085 767 fonte
1112 725 1207 780 per
1250 709 1463 765 beatum
1514 708 1900 780 Hieronymum
1963 706 2221 765 Ecclesiae
2260 704 2517 759 Romana:
2550 700 2920 772 presbyterum
2953 693 3055 768 (ι),
3084 702 3141 751 et
3161 694 3358 751 divina:
3390 692 3746 751 Bibliotheca

459 814 745 879 cultorem,
777 810 1036 863 hactenus
1064 821 1169 860 non
1216 804 1500 859 hausisset.
2830 862 2833 865 η
3070 864 3073 865 ν

535 875 741 961 Verum
766 901 1053 970 diligenter
1072 897 1370 967 inquirens,
1400 894 1529 950 nihil
1556 895 1812 963 scriptum
1845 892 1913 949 de
1940 892 2061 946 Vita
2082 890 2240 959 hujus
2270 887 2441 944 sancti
2461 883 2600 956 apud
2622 881 2840 940 Latinos
2864 880 3063 946 inveni,
3095 880 3197 934 nisi
3226 878 3334 957 duo
3362 875 3752 934 miraculorum

460 998 578 1070 ejus
602 998 704 1069 (5),
735 994 787 1051 id
817 956 920 1061 est,
950 992 1019 1046 de
1042 956 1208 1061 puero
1235 956 1437 1044 Christi
1470 956 1723 1061 negatore
1755 988 2002 1051 liberato,
2034 995 2088 1041 et
2119 956 2344 1040 muliere
2370 998 2401 1038 a
2422 981 2656 1052 peccatis
2685 986 2900 1050 erepta;
2933 992 3056 1048 quae
3086 984 3264 1031 tamen
3292 956 3429 1031 adeo
3452 973 3751 1044 depravata

460 1089 660 1159 reperi,
692 1096 749 1142 ut
770 1100 959 1141 rursus
990 1100 1052 1139 ea
1074 1082 1412 1154 interpretari
1440 1097 1599 1151 quam
1622 1080 1910 1134 emendare
1939 1076 2266 1132 maluissem.

540 1183 684 1238 Sane
740 1178 1033 1235 notandum
1080 1186 1202 1241 est,
1233 1176 1356 1246 quia
1410 1190 1530 1230 eum
1586 1173 1801 1243 quidam
1861 1172 2043 1234 legunt
2102 1170 2153 1223 in
2210 1168 2293 1223 his
2350 1168 2574 1223 Actibus
2625 1180 2745 1238 qua:
2776 1175 2993 1221 sanctus
3046 1162 3458 1234 Amphilochius
3508 1160 3748 1233 scripsit,

468 1273 807 1344 discrepasse
857 1277 1137 1325 autumant
1191 1268 1257 1322 ab
1329 1267 1414 1323 his
1464 1281 1585 1336 quae
1634 1272 1849 1317 sanctus
1904 1262 2193 1330 Gregorius
2248 1259 2612 1315 Nazianzenus
2659 1259 2710 1313 itt
2760 1257 3033 1328 epitaphio
3083 1255 3163 1328 (6)
3221 1254 3375 1325 huius
3424 1256 3600 1325 magni
3647 1254 3751 1311 viri

463 1374 892 1431 commemorat,
945 1379 1063 1418 cum
1113 1363 1251 1417 alter
1309 1362 1442 1417 forte
1489 1361 1715 1415 tacuerit
1763 1356 1904 1429 quod
1958 1357 2094 1411 alter
2142 1369 2247 1411 non
2308 1354 2515 1421 tacuit,
2577 1352 2809 1422 idipsum
2861 1352 3018 1408 nobis
3064 1351 3201 1407 inter
3254 1350 3621 1421 Evangelistas
3663 1365 3754 1407 re-

462 1461 814 1534 perientibus.
856 1459 1163 1513 Praesertim
1194 1473 1313 1514 cum
1353 1450 1416 1512 et
1446 1457 1585 1512 idem
1618 1454 2050 1525 Amphilochius,
2080 1452 2171 1524 qui
2212 1466 2373 1521 super
2402 1450 2534 1505 tanti
2563 1450 2661 1504 viri
2704 1449 2815 1503 vita
2862 1449 3215 1519 scripserint,
3259 1448 3374 1503 haec
3413 1447 3757 1517 expositurus

463 1564 587 1625 apte
608 1554 854 1623 designet

464 1637 3760 1674 _____________________________________._.____

1433 1720 2109 1896 impingas
2186 1730 2548 1848 aucto
2566 1705 2795 1852 ris.

543 1946 879 2012 Charissimi,
904 1961 1008 2002 non
1025 1943 1408 2001 inconveniens
1435 1949 1571 2004 erat,
1607 1933 2171 2005 sedjustnm,devotos
2196 1932 2336 1987 ﬁlios
2355 1945 2517 2000 super
2543 1932 2690 1987 obitu
2709 1932 2880 2000 patrio
2903 1931 3230 2001 contristari,
3260 1943 3314 1991 et
3342 1935 3391 1992 ei
3414 1934 3552 1990 dona
3582 1933 3763 2005 lacry-

470 2059 678 2099 marum
732 2043 948 2108 offerre,
979 2040 1122 2112 quod
1174 2040 1432 2093 hactenus
1474 2033 1863 2103 cotnpatientcr
1919 2031 2152 2099 egimus.
2174 2029 2246 2083 At
2299 2041 2427 2081 vero
2456 2034 2735 2095 postquam
2766 2027 2944 2083 luctus
2974 2028 3263 2095 turbinem,
3289 2027 3584 2083 secundum
3614 2027 3760 2099 quod

470 2138 727 2207 scriptum
768 2145 872 2200 est,
895 2134 1261 2205 deposuimus,
1291 2131 1357 2185 ad
1414 2129 1709 2199 gratilieatn
1761 2124 2201 2193 supplicationem
2232 2123 2467 2177 omnium
2499 2122 2727 2178 Domino
2749 2123 2966 2178 Christo
2994 2123 3107 2179 Deo
3154 2132 3339 2179 nostro
3364 2124 3759 2193 rependendam

470 2228 723 2284 commoti
744 2242 961 2290 sumus;
997 2240 1178 2294 operte
1208 2223 1432 2292 pretium
1457 2220 1608 2287 duxi,
1639 2228 1745 2272 tam
1771 2216 2172 2273 memorabilem
2201 2216 2576 2286 Vitam,quam
2605 2230 2733 2270 vera
2766 2215 3021 2270 miracula
3052 2217 3281 2284 pastoris
3315 2218 3369 2272 et
3402 2217 3639 2287 magistri
3662 2233 3765 2274 no-

472 2322 567 2377 stri
599 2321 781 2377 Basilii
819 2359 833 2385 ,
867 2332 936 2373 ne
989 2316 1197 2371 diutino
1239 2321 1550 2369 transcursu
1606 2310 1862 2379 temporis
1911 2308 2165 2365 oblivioni
2218 2304 2495 2378 profundze
2543 2307 2846 2373 tradantur,
2868 2308 3149 2377 scriptura:
3177 2304 3292 2364 fore
3324 2309 3650 2365 mandanda.

543 2412 739 2467 Tribus
759 2410 903 2465 enini
932 2406 1311 2464 sacratissimis
1340 2414 1395 2460 et
1416 2402 1643 2474 egregiis
1666 2403 1814 2469 viris,
1839 2401 2102 2473 Gregorio
2132 2401 2403 2467 videlicet,
2433 2402 2521 2471 qui
2548 2401 2599 2454 in
2627 2400 2894 2470 theologia
2924 2401 3117 2455 claruit
3150 2402 3259 2473 (7),
3281 2413 3336 2458 et
3357 2402 3616 2475 Gregorio
3646 2420 3764 2460 tne-

477 2503 723 2560 morabili
782 2504 1109 2575 Nysaeorum
1162 2496 1240 2570 (8)
1272 2497 1505 2552 civitatis
1553 2496 1827 2564 episcopo,
1867 2495 1961 2548 sed
1990 2503 2044 2547 et
2083 2494 2241 2548 beato
2287 2493 2536 2562 Ephrem
2565 2491 2675 2565 (9),
2706 2492 2826 2546 aliis
2857 2505 3016 2563 atque
3044 2495 3202 2547 aliter
3220 2496 3561 2551 sermonibus
3590 2499 3767 2567 epita-

476 2596 653 2667 phicis
678 2607 884 2651 tantutn
916 2595 1087 2650 virum
1112 2592 1369 2663 fulgidum
1392 2589 1791 2657 exhibentibns,
1819 2590 1988 2643 visum
2024 2598 2104 2642 cst
2125 2597 2179 2642 et
2208 2587 2337 2641 mihi
2368 2597 2619 2657 tanquam
2638 2586 2900 2650 abortivo,
2921 2596 2979 2640 ut
3002 2601 3123 2641 cum
3150 2589 3409 2657 Apostolo
3428 2588 3766 2656 dicam,cunt

476 2704 591 2758 prie
642 2687 891 2743 manibus
933 2687 1261 2753 accepissem
1302 2684 1638 2737 narrationes
1676 2696 1795 2750 qua:
1843 2681 1912 2733 ab
1976 2681 2217 2750 utrisque
2260 2678 2588 2734 admirandis
2609 2678 2741 2735 viris
2786 2679 2947 2735 edita:
2998 2690 3145 2747 sunt,
3177 2694 3240 2736 ea
3287 2696 3407 2751 qua:
3437 2681 3521 2736 bis
3570 2681 3766 2739 deesse

476 2780 795 2837 videbantur
822 2778 1091 2848 supplevi,
1116 2790 1266 2830 more
1295 2773 1502 2828 scilicet
1529 2773 1706 2829 devoti
1748 2772 1843 2827 lilii
1865 2772 2100 2827 debitum
2129 2772 2266 2843 patri
2304 2772 2767 2841 reprtesentantis,
2807 2774 2874 2830 de
2899 2788 3115 2829 sursum
3138 2774 3404 2844 quaedam,
3430 2787 3485 2832 ut
3507 2778 3767 2835 aestimari

477 2878 676 2941 potest,
698 2868 1052 2940 assequentis,
1084 2877 1139 2923 et
1166 2874 1367 2922 certam
1400 2866 1679 2921 scientiam
1711 2865 2073 2935 pCfClplenllS.
2098 2865 2255 2919 Novit
2274 2867 2442 2932 enim,
2470 2866 2619 2921 novit
2644 2866 2817 2923 nubes
2839 2868 3172 2925 abscondere
3198 2871 3393 2941 solem,
3429 2880 3484 2928 et
3512 2887 3763 2931 morosus

481 2962 748 3017 bonarum
772 2960 1140 3015 narrationum
1168 2966 1512 3035 transcursus
1534 2955 1691 3011 facile
1724 2954 2019 3010 introducit
2038 2954 2380 3011 oblivionem.

553 3055 775 3124 Magnus
815 3054 975 3126 igitur
1002 3052 1209 3108 exstitit
1260 3060 1445 3120 pastor
1473 3059 1677 3117 noster,
1709 3059 1764 3103 et
1814 3051 2050 3103 famosus
2079 3050 2300 3134 mundo
2350 3048 2579 3104 Basilius
2609 3049 2909 3107 caelestium
2942 3063 3194 3109 Virtutum
3245 3056 3771 3125 conscrmocinator,

488 3153 802 3219 angelorum
826 3140 1481 3209 ordinumcommiuister,
1499 3140 1858 3213 prmdicahilis
1880 3140 2131 3195 Ecclesia:
2152 3140 2361 3208 doctor,
2382 3141 2685 3210 incorrupta
2709 3142 3015 3213 dogmatum
3034 3146 3453 3204 orthodoxorum
3478 3149 3773 3219 columna;

480 3241 576 3312 qui
602 3251 845 3296 naturam
876 3238 1223 3294 existentium
1252 3236 1588 3291 enucleatius
1638 3233 1973 3303 explanavit,
2004 3233 2095 3303 qui
2120 3233 2409 3301 pessimum
2440 3232 2717 3289 Trinitatis
2739 3244 3037 3304 apostatam
3060 3237 3325 3294 lulianum
3358 3241 3472 3310 (10)
3494 3241 3775 3312 deposuit,

481 3333 572 3404 qui
597 3331 839 3388 Valentis
864 3332 1067 3403 os(ll)
1098 3330 1471 3401 blasphemttm
1498 3328 1788 3394 obstruxit,
1823 3328 1913 3397 qui
1950 3328 2273 3382 Arianorum
2298 3342 2555 3399 expresse
2597 3329 2983 3399 nequissimum
3025 3346 3267 3390 errorem
3313 3329 3639 3402 devastavit,
3673 3340 3772 3405 qui

481 3426 914 3485 Christianorum
946 3426 1147 3496 liquido
1190 3424 1449 3481 stabilivit
1474 3432 1679 3480 rectam
1705 3422 2037 3493 Opinionem.
2063 3422 2251 3476 Pastor
2304 3421 2648 3491 acceptabilis
2692 3422 2951 3479 Ecclesiae
3004 3426 3211 3495 pepuli,
3244 3426 3439 3495 regalis
3469 3428 3777 3485 sacerdotii

482 3536 731 3589 consors,
758 3516 1199 3577 circttmamictus'
1237 3520 1463 3574 veritate
1511 3515 1733 3584 Christi,
1758 3515 1935 3571 ovium
1960 3518 2121 3585 aries,
2145 3517 2342 3573 divinae
2394 3519 2517 3573 lidei
2547 3519 2803 3589 magister
2853 3519 3114 3590 inclytus;
3147 3516 3234 3591 qni
3262 3528 3322 3577 ‘et
3348 3516 3536 3577 vivens
3556 3534 3607 3577 et
3642 3532 3777 3591 post

482 3616 687 3672 obitum
733 3615 941 3687 magnis
980 3611 1285 3670 coruscavit
1311 3612 1605 3678 miraculis,
1628 3612 1720 3681 qui
1761 3610 1876 3667 Deo
1901 3610 2116 3667 odibilis
2159 3611 2378 3675 Juliani,
2406 3621 2464 3668 ut
2490 3612 2695 3668 dictum
2725 3622 2831 3679 est,
2854 3614 3237 3671 extollentisin
3271 3615 3437 3671 altum
3487 3631 3675 3681 cornu,
3712 3626 3776 3671 et

483 3712 751 3784 loquentis
790 3711 1051 3766 adversus
1100 3709 1264 3765 Deum
1297 3706 1657 3778 iniquitatem,
1682 3705 2080 3776 corruptionem
2131 3706 2376 3762 oratione
2412 3721 2508 3761 sua
2551 3707 2998 3778 paravit.lnterea
3018 3707 3214 3764 Valens
3236 3711 3506 3780 accipiens
3551 3711 3778 3781 indigne

483 3806 821 3878 ltnperialem
852 3819 1161 3877 purpuram,
1187 3812 1245 3859 et
1289 3802 1608 3859 Arianorum
1654 3816 1882 3869 nequam
1940 3800 2121 3856 sensui
2163 3801 2517 3870 patrocinium
2551 3810 2833 3871 praestans,
2865 3802 3012 3859 venit
3045 3803 3112 3859 ad
3142 3804 3432 3871 illustrem,
3455 3821 3576 3875 quae
3619 3804 3766 3875 apud

486 3918 587 3958 nos
636 3911 741 3968 est,
792 3899 1025 3956 Caesaris
1078 3900 1284 3954 urbem.
1310 3896 1511 3953 Verum
1542 3896 1790 3966 qualiter,
1815 3896 1901 3951 vel
1938 3884 2047 3963 Qua
2075 3909 2271 3961 causa,
2314 3911 2420 3949 non
2465 3905 2550 3951 est
2590 3897 2872 3965 persentis
2925 3900 3185 3967 temporis
3210 3901 3502 3955 enarratio.
3547 3900 3652 3963 Sed
3696 3900 3771 3956 ad

487 3995 821 4066 propositum
848 3992 1168 4058 redeamus;
1196 3992 1422 4045 virtutes
1450 3988 1615 4053 illius,
1645 4004 1779 4059 quas
1810 4004 1841 4042 a
1868 3989 2031 4044 vulva
2070 4000 2237 4058 usque
2263 3987 2331 4042 ad
2357 3986 2518 4044 ﬁnem
2544 3990 3053 4054 habuit,narraturi.

1888 4155 2366 4288 VITA.

556 4332 736 4390 Carur
757 4326 1287 4387 petitum—Basilius
1317 4330 1464 4386 solus
1491 4342 1654 4398 super
1684 4336 1881 4385 terram
1899 4342 2080 4398 tequa-
2106 4333 2156 4392 Α
2186 4329 2403 4388 deratns
2447 4343 2532 4388 est
2577 4349 2767 4404 annos,
2826 4337 3091 4406 Julianus,
3120 4336 3208 4409 qui
3247 4335 3314 4391 ad
3362 4335 3525 4392 breve
3564 4342 3782 4401 tempus

484 4093 3752 4118 ΜΝ

493 4426 699 4485 litalent
730 4425 1170 4495 ostendtt,vitam
1196 4423 1447 4479 videlicet
1467 4423 1724 4496 operibus
1745 4422 2079 4489 decoratam,‘

487 4530 543 4577 et
577 4524 911 4578 sermonibus
937 4521 1131 4577 divinae
1178 4519 1456 4591 sapientite
1504 4519 1828 4574 illustratam
1855 4559 1870 4585 ,
1901 4517 2081 4574 omnia

392 4644 400 4654 ο
486 4614 704 4670 Christo
752 4616 910 4681 dans,
938 4618 1169 4668 animam
1209 4623 1264 4669 et
1307 4627 1538 4682 corpus,
1562 4610 1849 4668 verborum
1880 4610 2081 4680 palmas

489 4706 630 4780 (12),
663 4714 881 4777 propter
904 4706 1047 4776 quod
1069 4713 1124 4760 et
1141 4705 1394 4776 gentilem
1416 4719 1657 4761 errorem
1682 4713 1739 4759 ut
1761 4716 2080 4759 araneorum

487 4802 619 4856 telas
650 4798 872 4868 dirupit.
904 4797 1003 4852 Hic
1026 4808 1231 4867 septem
1254 4813 1517 4855 annorum
1549 4797 1741 4864 factus,
1771 4797 1835 4851 ad
1870 4797 2079 4852 litteras

488 4895 713 4950 traditur
734 4910 764 4948 a
797 4884 1138 4963 parentibus:
1166 4906 1365 4946 vacans
1390 4902 1568 4946 autem
1601 4892 1655 4945 in
1684 4891 2081 4946 mathematicis

488 4990 885 5061 quinquennio,
941 4984 1299 5042 fructiﬁcabat
1358 4986 1642 5055 plurimum
1718 4987 1772 5041 in
1848 4986 2085 5056 pltilosoo

489 5079 644 5151 phica
716 5077 1038 5148 disciplina,
1098 5085 1307 5132 natura:
1348 5076 1809 5132 ‘mansuetudine.
1880 5078 2083 5133 Rursus

494 5172 683 5229 relicta
754 5170 913 5244 153
975 5169 1145 5240 patria
1177 5212 1192 5237 ,
1244 5167 1530 5239 Cappadox
1604 5170 1746 5225 enim
1812 5178 1928 5226 erat
1992 5184 2085 5241 ge-

489 5279 659 5331 nere,
719 5266 963 5333 pervenit
1032 5264 1099 5319 ad
1158 5272 1382 5320 matrem
1453 5277 1760 5318 sermonum
1789 5304 1807 5331 ,
1857 5263 1909 5317 id
1976 5273 2080 5331 est,

489 5357 729 5413 Athenas
756 5357 897 5429 (15),
925 5367 982 5414 et
1030 5359 1278 5415 castitate
1330 5373 1425 5413 seu
1455 5357 1620 5411 multa
1669 5355 1998 5412 continentia
2028 5366 2085 5414 et

492 5450 843 5519 temperantia
886 5452 1139 5507 decenter
1190 5460 1447 5517 ornatus,
1481 5450 1721 5505 adhaeret
1766 5450 2079 5519 praeceptori

489 5540 802 5599 Graecorum
828 5542 1127 5612 sapientia,
1148 5543 1355 5600 Eubulo
1377 5541 1496 5615 (14)
1523 5542 1757 5606 nomine,
1787 5550 1839 5595 et
1861 5539 1932 5595 ita
1959 5555 2082 5597 sese

488 5631 789 5703 disciplinis
830 5632 1082 5700 tradidit,
1108 5642 1164 5688 ut
1208 5650 1333 5689 eum
1389 5643 1495 5689 tam
1530 5643 1888 5703 praeceptores
1918 5648 2079 5704 quam

488 5725 843 5798 condiscipuli
866 5727 1223 5782 imitarentur.
1259 5727 1426 5783 Erant
1452 5729 1594 5783 enim
1626 5728 1781 5799 hujus
1818 5742 2082 5796 coopera-

494 5828 665 5885 tores,
684 5833 908 5890 maguus
937 5818 1231 5890 Gregorius
1260 5819 1630 5876 Nazianzenus
1656 5822 1961 5890 episcopus,
1987 5820 2079 5888 qui

494 5920 977 5991 throniApostolici
998 5917 1355 5991 gubernacula
1382 5936 1477 5988 per
1497 5920 1781 5977 duodecim
1815 5919 1931 5988 (t5)
1966 5935 2080 5976 mo-
2106 5992 2128 6010 Ἴ

2186 4418 2519 4480 Christianus
2551 4425 2669 4495 fuit,
2702 4439 2863 4500 atque
2890 4430 3143 4487 Libanius
3169 4428 3306 4499 (16).
3338 4427 3434 4482 Hic
3456 4436 3635 4481 autem
3666 4439 3783 4495 przn

2185 4518 2433 4574 omnibus
2484 4522 2812 4578 admirabilis
2862 4526 2945 4579 vir
2995 4525 3173 4595 posuit
3221 4524 3275 4578 in
3308 4522 3488 4600 corde.
3512 4536 3612 4576 suo
3670 4534 3783 4575 non

2186 4610 2487 4681 participari
2512 4614 2634 4683 pani
2660 4614 2740 4669 vel
2770 4615 3105 4683 vino,donec
3124 4631 3190 4670 ex
3221 4628 3449 4683 superna
3473 4611 3785 4682 provisione

2185 4703 2465 4773 sapientiae
2496 4717 2808 4775 penetraret
2830 4724 3047 4764 arcana.
3082 4708 3315 4763 Moratus
3341 4716 3520 4763 autem
3551 4708 3605 4761 in
3656 4719 3785 4761 eru-

2185 4792 2481 4851 ditionibus
2538 4783 2841 4867 quindecim
2886 4794 3097 4867 annos,
3148 4812 3203 4853 et
3249 4814 3467 4854 omnem
3522 4796 3785 4870 gentilem

2189 4886 2583 4960 philoSOpltiam
2641 4902 3016 4948 transcurrens
3046 4934 3063 4958 ,
3113 4894 3166 4948 itt
3222 4886 3359 4947 ﬁne'
3391 4888 3783 4947 astronomiam

2185 4995 2396 5051 quoque
2424 4997 2487 5037 ac
2524 4986 2897 5054 geometriam,
2933 4995 2987 5040 et
3033 4986 3235 5056 optima
3285 4996 3517 5055 quaeque
3568 4985 3779 5054 legens,

2184 5089 2306 5130 eum
2338 5078 2488 5133 nullo
2535 5080 2696 5135 modo
2744 5080 2999 5137 valuisset
3029 5097 3123 5148 per
3178 5098 3239 5135 ea
3269 5079 3507 5135 invenire
3537 5079 3784 5134 omnium

2189 5167 2548 5236 conditorem,
2582 5171 2810 5237 quadam
2866 5180 3023 5227 nocte
3068 5172 3323 5243 vigilante
3375 5171 3511 5236 illo,
3562 5168 3785 5225 divinus

2188 5256 2407 5328 quidam
2436 5260 2691 5329 splendor
2720 5262 2839 5318 iniit
2859 5272 2915 5319 ut
2939 5271 3331 5319 transcurreret
3351 5269 3550 5319 nostra:
3565 5260 3786 5330 religio-

2186 5354 2268 5407 nis
2296 5354 2636 5423 scripturam.

2258 5443 2494 5515 Surgens
2523 5460 2653 5517 ergo
2699 5447 3007 5517 properavit
3036 5446 3331 5520 Egyptum
3359 5446 3498 5518 (17),
3530 5455 3583 5503 et
3622 5460 3783 5502 acce-

2186 5543 2317 5599 dens
2344 5540 2410 5595 ad
2440 5539 2727 5604 quemdam
2757 5541 3318 5597 Archimandritarum
3336 5583 3353 5607 ,
3400 5538 3615 5596 nomine
3644 5537 3789 5594 Por-

2187 5638 2433 5709 phyrium
2459 5634 2598 5708 (l8),
2644 5636 2834 5705 petivit
2864 5635 2978 5690 dari
3010 5635 3114 5691 sibi
3157 5649 3343 5692 sacros
3370 5634 3535 5690 libros
3562 5632 3628 5687 ad
3660 5647 3782 5702 per-

2193 5731 2495 5800 ceptionem
2547 5729 2850 5783 divinorum
2896 5728 3231 5798 dogtnatum.
3284 5728 3351 5780 Et
3398 5727 3500 5779 hoc
3529 5734 3799 5793 percepto?

2188 5822 2387 5878 mansit
2434 5823 2577 5889 illic,
2627 5824 2759 5877 dans
2805 5836 3023 5890 operam
3072 5819 3410 5876 meditationi
3476 5816 3779 5872 divinorum

2186 5920 2518 5987 eloquiorum
2547 5959 2561 5984 ,
2607 5932 2740 5985 aqua
2782 5927 2838 5974 et
2862 5916 3099 5975 oleribus
3124 5918 3403 5975 educatus.
3456 5917 3614 5972 Anno
3654 5924 3779 5967 vero
