4142 6350
277 374 378 435 297

789 372 944 431 VITA
988 373 1234 431 SANCTI
1273 371 1514 434 BASlLll
1548 416 1564 443 ,
1603 363 1976 431 (λιΕὲΑῆΕῶ
2017 369 2477 438 CAPPADOCl/E
2517 372 3060 438 ARClllEPlSCOPl.

3453 375 3561 438 298

277 498 488 568 integro
532 493 731 550 ibidem
780 502 1050 562 moratus,
1101 501 1155 549 et
1182 493 1420 548 vernalis
1456 491 1716 548 rationem
1759 491 1866 547 ﬁde
1892 493 1947 552 Α
1972 489 2112 546 enim
2139 506 2346 559 omnes,
2381 493 2437 548 hi
2468 494 2519 548 in
2547 497 2709 549 vitam
2741 510 3017 563 aeternam,
3048 495 3102 551 hi
3131 494 3185 551 in
3215 497 3564 567 opprobrium

273 588 648 653 considerans,
675 585 1038 654 perseveravit
1057 594 1323 640 scrutatus
1351 586 1572 640 verbum
1601 585 1866 651 veritatis,

275 691 332 739 et
362 682 543 750 petivit
569 696 627 736 se
655 677 847 734 dimitti
875 677 1263 749 Jerosolymam
1292 693 1448 733 causa
1473 678 1729 733 orationis
1753 678 1867 750 (l9)

275 777 505 842 iturum,
538 784 594 831 et
630 774 741 830 illic
777 773 1032 828 miracula
1077 773 1464 843 inspecturum,
1498 772 1587 842 qui
1615 782 1867 830 exoratus

272 867 475 923 dimisit
504 881 645 922 eum.

343 961 474 1017 CAP.
508 960 569 1015 ll.
602 991 671 1002 -
695 961 930 1018 Rediens
955 970 1133 1018 autem
1182 961 1295 1029 illo,
1329 962 1418 1018 ubi
1448 958 1756 1018 Grzecorum
1787 962 1864 1017 in-

271 1054 490 1109 stitutus
532 1063 614 1110 est
671 1053 1053 1124 philosophia,
1102 1055 1266 1126 coepit
1310 1055 1634 1125 persuadere
1684 1054 1866 1111 multis

268 1145 607 1217 philosophis
635 1155 690 1202 et
720 1148 1047 1203 multitudini
1077 1149 1352 1220 gentilium
1387 1151 1674 1205 ostendere
1712 1148 1866 1203 (ibri-

268 1247 446 1306 stum,
494 1238 874 1295 demonstrans
919 1240 1028 1296 illis
1089 1243 1232 1296 viam
1279 1242 1486 1297 salutis.
1544 1241 1869 1312 Requirebat

269 1347 401 1388 vero
445 1341 498 1387 et
538 1342 922 1404 praeceptorem
952 1349 1107 1390 suum
1140 1336 1406 1392 Eubulum
1450 1336 1576 1409 (qui
1605 1346 1720 1392 erat
1758 1336 1867 1392 dux

267 1426 448 1496 verbi)
492 1425 546 1482 in
584 1427 1007 1483 vicissitudinem
1037 1429 1365 1496 studiorum,
1415 1429 1607 1500 quibus
1635 1431 1704 1484 ab
1750 1430 1867 1498 ipso

267 1519 444 1576 fuerat
473 1521 768 1587 institutus,
802 1522 871 1576 ad
914 1522 1233 1578 trahendum
1265 1538 1388 1578 eum
1420 1532 1474 1580 et
1501 1523 1866 1579 inclinandum

265 1613 628 1671 immaculata:
655 1613 800 1684 fidei,
833 1622 1017 1685 utpote
1058 1617 1174 1686 ipse
1205 1616 1342 1672 bene
1378 1631 1600 1672 currens
1628 1617 1692 1671 ad
1723 1630 1862 1671 eam.

263 1711 576 1780 Omnesque
617 1710 881 1775 docebat,
928 1710 1020 1781 qui
1063 1710 1398 1782 philosophia
1430 1712 1621 1767 imbuti
1667 1720 1823 1767 erant
1849 1750 1862 1775 ,

263 1803 416 1860 illum
444 1805 598 1874 sequi
627 1804 780 1874 quasi
826 1805 1160 1874 magistrum.
1197 1805 1496 1874 Bequirens
1537 1816 1717 1860 autem
1741 1819 1864 1859 eum

1972 593 2028 640 et
2068 586 2438 644 confusionem
2489 600 2801 660 perpetuam
2830 606 2844 644 :
2873 600 2927 646 et
2965 590 3258 646 astabimns
3302 601 3427 648 ante
3461 595 3563 647 tri-

1970 679 2134 736 bunal
2163 681 2360 737 Christi
2391 679 2479 750 (II
2507 680 2628 735 Cor.
2657 681 2733 751 v),
2765 682 3211 750 quemadmodum
3244 684 3438 740 docent
3464 701 3563 741 nos

1971 777 2296 848 magniloqui
2349 777 2661 846 pr0phetrb,
2711 777 2873 831 Isaias
2899 819 2912 840 ,
2946 775 3205 832 .leremias
3231 818 3244 842 ,
3293 777 3563 846 Ezechiel,

1969 868 2179 935 Daniel,
2209 878 2264 923 et
2295 868 2460 923 David
2485 885 2601 934 rex,
2635 877 2689 923 et
2710 871 2954 938 egregius
2973 869 3186 924 Paulus.
3217 871 3283 926 Et
3314 882 3433 940 post
3464 876 3564 927 hos

1971 961 2090 1032 ipse
2120 962 2382 1018 Dominus
2409 962 2735 1031 poenitentiae
2767 962 2949 1028 dator,
2982 973 3037 1018 et
3064 963 3220 1034 hujus
3248 979 3565 1033 recompen-

1969 1063 2145 1122 sator,
2195 1056 2285 1126 qui
2320 1070 2474 1111 ovem
2517 1056 2778 1127 perditam
2818 1056 3096 1125 requisivit
3120 1055 3335 1129 (Matth.
3369 1058 3522 1128 xvrn)
3547 1101 3562 1125 ,

1970 1149 2059 1219 qui
2090 1149 2429 1205 recedentem
2460 1165 2490 1204 a
2526 1150 2762 1218 paternis
2801 1149 3007 1205 sinibus
3034 1165 3152 1206 cum
3202 1151 3380 1206 multis
3424 1151 3567 1205 divi-

1969 1243 2059 1298 tiis
2096 1259 2317 1313 puerum
2341 1285 2358 1311 ,
2396 1252 2451 1298 et
2477 1243 2562 1298 his
2584 1244 2856 1299 luxuriose
2899 1244 3232 1313 consumptis
3261 1254 3446 1314 postea
3475 1260 3571 1302 re-

1970 1336 2253 1406 deuntem,
2308 1338 2450 1393 fame
2481 1337 2830 1405 tabefactum,
2862 1353 3118 1409 germane
3151 1338 3427 1407 amplexus
3465 1346 3570 1405 est,

1971 1441 2025 1487 et
2050 1433 2321 1487 adornans
2374 1433 2566 1502 fulgida
2599 1434 2736 1488 stola
2769 1441 2824 1487 et
2852 1433 3050 1488 annulo
3083 1449 3146 1489 ac
3175 1433 3414 1489 vestibus
3447 1448 3575 1504 pre-

1969 1525 2148 1590 tiosis,
2187 1524 2378 1580 suadet
2409 1525 2538 1579 nihil
2574 1541 2739 1595 puero
2769 1526 3045 1595 peccanti,
3080 1542 3185 1580 non
3228 1526 3440 1595 saevire,
3474 1524 3571 1582 sed

1969 1618 2131 1674 veluti
2179 1619 2328 1674 fratri
2359 1619 2565 1676 veniam
2593 1621 2721 1675 dare
2748 1619 2922 1689 (Luca:
2951 1617 3094 1690 xtv);
3137 1622 3215 1676 sic
3246 1622 3451 1691 absque
3492 1622 3574 1676 in—

1968 1711 2114 1766 vidia
2146 1711 2403 1767 Dominus
2433 1713 2703 1768 excellens
2731 1712 3026 1768 bonitatem
3050 1713 3308 1782 aequalem
3343 1712 3446 1779 his,
3478 1711 3571 1782 qui

1970 1806 2108 1862 circa
2148 1809 2306 1879 15a.
2331 1807 2669 1863 undecimam
2719 1808 2904 1861 horam
2948 1816 3230 1874 venerunt,
3262 1806 3569 1862 mercedem

262 1896 323 1952 in
348 1898 598 1953 omnibus
625 1898 847 1967 scholis,
872 1897 1078 1954 invenit
1107 1898 1160 1952 in
1190 1898 1428 1968 proastio
1455 1897 1570 1970 (20)
1599 1912 1719 1952 cum
1754 1896 1868 1966 phi-
1902 1895 1951 1954 B
1977 1901 2068 1952 dat
2098 1896 2312 1967 (Matth.
2349 1901 2459 1967 xx).
2486 1897 2606 1967 Ipse
2645 1906 2698 1953 et
2725 1898 2882 1952 nobis
2909 1897 3312 1967 paenitentibus,
3357 1907 3412 1952 et
3441 1897 3577 1953 resi-

261 1988 526 2060 losophis.
551 1989 692 2045 Nihil
714 2000 832 2047 erat
850 1991 991 2047 enim
1013 1991 1155 2062 apud
1176 2005 1270 2047 eos
1289 1991 1449 2046 studii
1471 2007 1629 2062 quam
1654 1989 1867 2046 dicendi

261 2084 395 2154 quid
428 2100 490 2140 ac
521 2084 771 2141 audiendi
818 2100 1037 2140 novum.
1075 2084 1392 2155 Disputante
1421 2095 1600 2140 autem
1633 2085 1745 2153 illo,
1783 2100 1867 2139 re-

260 2175 558 2245 prehendit
611 2192 734 2232 eum
777 2187 960 2233 astans
1015 2176 1272 2232 Basilius.
1305 2178 1372 2232 Et
1411 2179 1626 2248 quidam
1681 2192 1864 2232 eorum

258 2267 358 2338 qui
404 2283 526 2322 cum
557 2269 688 2338 ipsis
732 2277 886 2324 erant
924 2269 1096 2324 dixit:
1138 2269 1510 2339 Reprehendit
1553 2279 1606 2324 te
1651 2269 1801 2340 quis,
1833 2286 1866 2326 o

260 2360 620 2430 philosophe?
645 2359 745 2428 Qui
770 2361 884 2417 ait:
913 2362 1018 2416 Aut
1050 2362 1226 2430 Deus,
1274 2371 1367 2417 aut
1395 2362 1643 2417 Basilius.
1697 2362 1868 2417 Reco-

257 2469 531 2525 gnoscens
573 2469 700 2525 ergo
740 2469 896 2521 eum,
945 2464 1001 2510 et
1031 2455 1130 2510 hos
1156 2455 1250 2526 qui
1282 2470 1465 2511 secum
1497 2464 1652 2510 erant
1680 2454 1867 2510 dimit-

258 2555 409 2615 tens,
439 2547 623 2603 aderat
645 2562 768 2603 cum
803 2548 1020 2616 Basilio,
1048 2556 1104 2603 et
1130 2548 1302 2604 tribus
1331 2548 1522 2603 diebus
1547 2547 1719 2618 jejuni
1749 2562 1870 2616 per-

255 2651 595 2708 severantes,
639 2642 965 2713 quaestiones
1002 2642 1232 2698 invicem
1279 2642 1670 2713 proponebant.
1702 2640 1870 2696 luter-

257 2737 475 2808 rogavit
505 2739 684 2808 itaque
715 2737 953 2793 Eubulus
999 2736 1255 2792 Basilium
1295 2755 1307 2791 :
1339 2736 1470 2803 Qua:
1499 2744 1584 2790 est
1624 2726 1869 2792 deﬁnitio

257 2832 660 2903 philosophiae,
709 2831 904 2888 Basili?
933 2832 1034 2900 Qui
1066 2832 1178 2887 ait:
1212 2830 1390 2887 Prima
1427 2831 1666 2887 deﬁnitio
1697 2831 1870 2900 philo-

257 2926 510 2992 scphiaa,
542 2926 820 2982 meditatio
847 2926 1059 2981 mortis.
1107 2925 1201 2981 llle
1225 2939 1356 2981 vero
1383 2925 1691 2989 admirans,
1744 2926 1819 2978 ait
1851 2943 1865 2978 :

257 3019 400 3087 Quis
435 3027 518 3074 est
568 3017 833 3074 mundus?
860 3019 950 3073 Ait
979 3036 991 3072 :
1024 3018 1126 3087 Qui
1155 3028 1238 3073 est
1268 3033 1428 3088 super
1475 3017 1756 3072 mundum.
1801 3017 1869 3073 Et

258 3111 456 3169 dulces
479 3111 694 3182 quidem
725 3120 849 3167 sunt
870 3111 1053 3167 mundi
1081 3127 1379 3179 sermones,
1415 3113 1530 3182 ipse
1561 3127 1687 3167 vero
1713 3127 1868 3166 mun-

259 3204 369 3260 dus
415 3203 764 3259 vehementer
815 3218 1030 3259 amarus
1050 3245 1066 3271 ,
1097 3204 1142 3260 si
1191 3205 1312 3275 quis
1343 3204 1486 3258 hunc
1515 3203 1707 3259 vitiose
1737 3203 1865 3258 reti-

1973 1989 2325 2062 piscentibus,
2352 2007 2423 2047 ex
2443 2007 2579 2062 aqua
2601 2001 2655 2048 et
2679 1992 2882 2062 Spiritu
2905 2001 3092 2048 sancto
3111 1992 3572 2063 regenerationem

1970 2083 2211 2151 donabit,
2246 2085 2372 2154 quia
2399 2100 2497 2141 nec
2519 2085 2704 2140 oculus
2727 2084 2876 2150 vidit,
2913 2100 3015 2141 nec
3045 2086 3188 2140 auris
3219 2085 3444 2149 audivit,
3475 2099 3575 2141 nec

1969 2174 2024 2230 in
2070 2189 2163 2231 cor
2214 2175 2448 2231 hominis
2489 2176 2732 2231 ascendit
2781 2192 2902 2247 quae
2946 2177 3270 2244 praeparavit
3318 2177 3576 2232 Dominus

1969 2266 2312 2336 diligentibus
2341 2283 2399 2322 se
2429 2265 2484 2337 (I
2516 2270 2632 2322 Cor.
2685 2267 2765 2337 ιι).
2812 2267 3013 2321 Horum
3043 2283 3171 2338 ergo
3204 2281 3367 2322 sensu
3411 2266 3570 2322 intel-

1969 2359 2131 2426 lecto,
2163 2360 2396 2416 Eubulus
2418 2360 2492 2414 ait
2519 2380 2530 2413 :
2559 2361 2601 2416 Ο
2625 2359 2806 2426 Basili,
2833 2360 3070 2416 caelestis
3092 2359 3365 2415 Trinitatis
3392 2373 3572 2414 asser-

1971 2461 2077 2523 tor,
2109 2468 2203 2522 per
2234 2461 2287 2508 te
2316 2454 2478 2508 credo
2511 2454 2564 2508 in
2593 2469 2762 2510 unum
2789 2453 2954 2509 Deum
2984 2454 3194 2509 Patrem
3222 2455 3566 2524 omnipoten~

1971 2557 2099 2616 tem,
2136 2558 2189 2604 et
2220 2562 2447 2614 etetera;
2493 2560 2815 2621 exspectans
2849 2553 3298 2608 resurrectionem
3329 2561 3573 2608 ιιιοτιιιο-

1971 2661 2126 2711 rum,
2172 2653 2227 2700 et
2254 2644 2416 2700 vitam
2467 2645 2676 2700 venturi
2705 2646 2888 2702 saeculi
2913 2690 2926 2712 ,
2975 2662 3154 2702 amen.
3189 2648 3364 2717 Opere
3394 2656 3573 2703 autem

1973 2735 2252 2793 ostendam
2289 2735 2384 2790 tibi
2426 2735 2586 2790 ﬁdem
2613 2752 2733 2806 quae
2774 2737 2829 2790 in
2875 2753 2961 2793 me
2991 2746 3110 2793 est:
3147 2740 3431 2809 quoniam,
3461 2753 3577 2794 om-

1972 2829 2128 2887 nibus
2159 2845 2277 2898 qum
2299 2828 2430 2884 mihi
2455 2830 2651 2884 adsunt
2679 2829 2731 2883 in
2762 2829 3009 2885 manibus
3040 2831 3144 2886 tuis
3167 2832 3330 2900 datis,
3357 2834 3576 2888 residuo

1973 2927 2100 2981 vitae
2146 2942 2283 2982 meae
2331 2936 2607 2997 tempore,
2659 2926 2702 2981 si
2749 2928 3002 2995 placitum
3056 2928 3110 2983 in
3142 2939 3432 2999 conspectu
3480 2927 3576 2984 Dei

1974 3017 2158 3084 fuerit,
2191 3028 2367 3074 tecum
2396 3033 2511 3084 ero,
2547 3026 2795 3087 suscepta
2826 3035 2896 3074 ex
2926 3028 3108 3074 sancta
3139 3035 3274 3089 aqua
3322 3035 3416 3074 seu
3457 3019 3578 3088 Spi-

1971 3108 2077 3165 ritu
2124 3109 2559 3181 regeneratione.
2588 3107 2679 3162 Ait
2725 3116 2903 3162 autem
2945 3108 3172 3164 Basilius
3207 3127 3218 3161 :
3252 3108 3577 3166 Benedictus

1975 3203 2236 3260 Dominus
2269 3205 2412 3260 Deus
2444 3212 2647 3268 noster,
2697 3218 2761 3256 ex
2791 3201 2894 3256 hoc
2924 3218 3066 3257 nunc
3111 3211 3166 3258 et
3195 3218 3366 3274 usque
3397 3204 3447 3256 in
3478 3219 3579 3258 sa:-

258 3305 414 3356 neat.
443 3297 509 3351 Et
536 3297 638 3352 alia
681 3306 764 3352 est
793 3297 1039 3367 voluptas
1076 3298 1350 3368 corporis,
1400 3305 1456 3353 et
1485 3296 1586 3352 alia
1621 3298 1870 3366 incorpo-
1899 3291 1945 3355 C
1975 3296 2175 3365 culum,
2201 3311 2233 3350 o
2258 3296 2485 3359 Eubule,
2508 3294 2597 3366 qui
2621 3292 3100 3349 illustravitlumen
3125 3295 3375 3349 verumin
3398 3303 3581 3350 mente

258 3389 398 3446 ralis
431 3398 660 3445 naturae.
695 3389 765 3446 Et
791 3391 994 3462 pariter
1022 3391 1138 3446 haec
1167 3392 1413 3460 cuiquam
1463 3391 1641 3448 inesse
1671 3391 1871 3462 impos-

259 3483 430 3540 sibile
471 3490 708 3538 constat.
751 3483 921 3539 Nemo
965 3483 1110 3540 enim
1154 3492 1333 3554 potest
1378 3483 1590 3540 duobus
1635 3484 1872 3540 dominis

259 3579 480 3636 servire
503 3577 720 3651 (Matth.
753 3578 850 3650 vt).
884 3578 1108 3646 Verum,
1135 3589 1390 3651 quantum
1424 3579 1596 3634 virtus
1622 3579 1875 3650 suppedi-

261 3678 373 3738 tat,
408 3670 706 3742 frangimus
750 3670 1115 3726 esurientibus
1146 3686 1337 3741 panem
1385 3672 1647 3737 scientiae,
1683 3679 1738 3727 et
1779 3685 1874 3728 eos

262 3765 367 3837 qui
411 3780 507 3835 per
534 3764 794 3820 malitiam
840 3763 1192 3836 quorumdam
1231 3764 1350 3820 sine
1392 3773 1536 3820 tecto
1589 3773 1744 3828 sunt.
1777 3780 1876 3835 per

265 3859 528 3913 virtutem
559 3856 805 3913 ducimus
846 3857 946 3911 sub
983 3865 1206 3911 tectum.
1256 3856 1315 3911 Si
1343 3871 1472 3911 vero
1501 3871 1624 3911 eum
1674 3855 1874 3911 nudum

265 3947 544 4012 videmus,
569 3949 765 4003 amictu
789 3948 1208 4014 circumdamus,
1234 3959 1287 4004 et
1307 3948 1634 4004 domesticos
1656 3948 1876 4004 seminis

265 4059 386 4101 non
415 4043 763 4112 despicimus.
793 4043 1037 4113 Cumque
1067 4042 1294 4098 dixisset
1322 4043 1456 4107 hmo,
1503 4044 1802 4114 imaginans
1825 4043 1874 4098 ei

270 4134 588 4206 parabolice
630 4133 926 4192 Salvatoris
975 4135 1146 4189 nostri
1194 4134 1658 4200 misericordiam,
1715 4149 1876 4204 quam

269 4228 424 4283 circa
459 4241 558 4282 nos
578 4241 674 4296 per
699 4227 1066 4296 pmnitentiam
1089 4235 1360 4296 operatur,
1397 4234 1505 4281 tres
1528 4226 1735 4282 tabulas
1757 4225 1878 4298 (2i)

268 4322 482 4378 sensim
511 4321 766 4399 proponit
794 4319 845 4374 in
875 4319 1183 4390 proforibus
1210 4320 1430 4386 mentis,
1474 4335 1632 4374 unam
1661 4320 1879 4390 quidem

269 4415 329 4473 in
365 4414 736 4486 superioribus
764 4424 1034 4484 portarum
1059 4416 1286 4471 virtutes
1314 4413 1598 4481 ferentem,
1637 4414 1878 4484 pruden-

270 4507 409 4565 tiam
441 4509 712 4579 videlicet,
743 4508 1136 4576 fortitudinem,
1169 4509 1604 4579 temperantiam,
1648 4519 1704 4565 et
1727 4510 1881 4581 justi-

273 4602 433 4658 tiam.
465 4598 522 4655 ln
555 4602 772 4655 sinistra
802 4616 929 4658 vero
956 4613 1112 4672 parte
1139 4602 1530 4658 seductionem.
1556 4602 1726 4659 Porro
1754 4602 1879 4658 hinc

1978 3397 2099 3455 tua,
2146 3397 2201 3443 et
2230 3386 2501 3442 transtulit
2533 3395 2584 3442 te
2627 3401 2657 3440 a
2695 3385 2984 3440 multorum
3036 3400 3223 3441 errore
3269 3386 3492 3441 deorum
3523 3386 3580 3441 in

1977 3481 2303 3552 agnitionem
2335 3479 2719 3536 misericordiae
2763 3493 2896 3533 suae.
2923 3477 3090 3533 Porro
3118 3478 3184 3545 si,
3210 3488 3270 3533 ut
3300 3477 3473 3533 fassus
3496 3493 3577 3548 es,

1979 3589 2192 3630 mecum
2220 3573 2418 3644 pariter
2447 3588 2567 3629 esse
2594 3571 2698 3639 vis,
2731 3573 3012 3628 ostendam
3049 3573 3141 3627 tibi
3167 3585 3272 3640 quo
3296 3572 3454 3626 saluti
3484 3587 3582 3627 no-

1979 3679 2106 3725 strte
2147 3670 2308 3726 modo
2342 3667 2751 3736 provideamus,
2781 3681 2810 3720 a
2853 3667 3082 3722 vinculis
3123 3664 3276 3720 istius
3304 3666 3488 3720 saeculi
3521 3663 3583 3720 li-

1979 3762 2223 3820 berandi.
2269 3761 2653 3816 Venundemus
2697 3759 2876 3813 omnia
2931 3773 3050 3828 quae
3099 3758 3254 3812 nobis
3285 3759 3494 3821 insunt,
3527 3767 3584 3813 et

1983 3856 2278 3911 tribuamus
2302 3854 2486 3924 egenis
2509 3895 2523 3918 ,
2566 3854 2752 3921 sicque
2781 3853 2998 3907 demum
3027 3851 3093 3906 ad
3125 3860 3363 3906 sanctam
3391 3849 3583 3908 civita-

1983 3959 2090 4006 tem
2122 3963 2426 4020 pergamus,
2463 3948 2794 4018 inspectores
2844 3962 2939 4018 per
2968 3962 3067 4003 nos
3097 3947 3366 4002 efﬁciendi
3398 3955 3582 4012 patra-

1983 4052 2160 4099 torum
2191 4042 2387 4098 ibidem
2419 4040 2800 4096 miraculorum
2823 4081 2840 4108 ,
2872 4047 2928 4095 et
2957 4041 3298 4112 acquiramus
3331 4039 3584 4096 ﬁduciam

1983 4139 2124 4207 apud
2176 4137 2365 4193 Deum.
2397 4135 2602 4190 Taliter
2631 4135 2810 4205 itaque
2840 4134 3000 4188 ambo
3042 4133 3202 4188 rebus
3230 4133 3344 4187 suis
3393 4133 3477 4202 pie
3504 4130 3584 4187 di-

1983 4229 2252 4296 stributis,
2288 4229 2399 4285 sola
2432 4243 2498 4284 ex
2531 4227 2612 4282 his
2654 4227 2988 4294 indumenta,
3022 4243 3143 4298 quae
3169 4235 3355 4283 sancto
3383 4226 3586 4296 baptis-

1984 4326 2114 4381 mati
2153 4324 2444 4394 praeparari
2491 4322 2692 4379 solent.
2741 4329 3014 4386 ementes,
3047 4321 3435 4384 Jerosolvmam
3469 4329 3585 4375 ten-

1985 4417 2148 4484 dunt,
2181 4425 2558 4472 convertentes
2600 4415 2668 4470 ad
2702 4413 2988 4469 Dominum
3033 4413 3309 4483 gentilium
3336 4413 3585 4468 multitu-

1986 4508 2166 4565 dinem
2197 4509 2490 4578 copiosam.

2059 4620 2187 4677 Car.
2220 4619 2310 4674 ΙΙΙ.
2337 4649 2408 4661 --
2433 4616 2815 4672 Pervenientes
2848 4630 2976 4671 vero
2998 4615 3064 4670 ad
3090 4615 3341 4672 Antiochi
3375 4617 3586 4687 urbem,

274 4703 337 4750 et
372 4693 502 4749 inde
551 4693 1036 4764 intemperantiam,
1082 4696 1538 4766 profanationem,
1570 4697 1873 4767 linguosita-

1986 4713 2323 4770 diverterunt
2352 4711 2418 4765 ad
2446 4711 2845 4779 receptaculum
2877 4709 3164 4779 quoddam.
3196 4710 3364 4769 Filius
3405 4723 3583 4769 autem

273 4793 412 4850 tem,
451 4786 780 4854 suasionem,
814 4795 868 4843 et
913 4785 1286 4858 hujuscemodi
1325 4803 1552 4844 examen
1593 4790 1882 4846 malorum.

275 4877 667 4934 Panitentiam
711 4880 1189 4950 autem.decenter
1216 4891 1480 4938 astantem
1534 4882 1881 4952 intrepidam,

273 4971 532 5041 hilarem,
573 4973 782 5042 lenem,
813 4983 870 5029 et
899 4976 1184 5030 contrariis
1235 4975 1451 5046 quidem
1481 4975 1880 5043 adversantem,

275 5067 485 5137 populo
533 5082 663 5122 vero
713 5068 850 5123 bona
899 5067 1078 5123 omnia
1141 5069 1552 5138 imprecantem.
1612 5069 1883 5127 Praeterea

271 5156 433 5228 juxta
495 5158 656 5228 hanc,
688 5160 1088 5228 abstinentiam,
1121 5165 1488 5231 sagacitatem,
1518 5163 1882 5233 clementiam,

275 5249 632 5317 pudicitiam,
681 5252 970 5320 pudorem,
1010 5253 1438 5323 humanitatem,
1489 5265 1544 5312 et
1590 5258 1884 5313 multorum

276 5338 552 5398 bonorum
583 5343 814 5414 plebem.
849 5345 1050 5402 Sensus
1078 5362 1208 5403 vero
1251 5348 1410 5420 hujus
1439 5348 1679 5407 historia:
1710 5351 1886 5408 viden-

277 5435 430 5490 tibus
477 5437 694 5508 quidem
725 5448 809 5494 est
856 5440 1085 5496 monitio
1112 5483 1126 5508 ,
1182 5443 1521 5501 audientibus
1549 5456 1728 5502 autem
1782 5448 1886 5504 zeli

275 5527 516 5599 potioris
561 5531 796 5586 occasio.
829 5532 952 5588 lltec
997 5542 1052 5589 et
1094 5535 1213 5606 ipse
1242 5551 1341 5607 ego
1366 5539 1554 5594 videns
1587 5540 1883 5597 delectatus

275 5635 442 5692 sum,
491 5633 546 5679 et
591 5629 644 5679 ln
677 5624 777 5680 hoc
807 5626 999 5682 ductus
1025 5644 1165 5695 sum,
1197 5644 1231 5684 o
1259 5627 1490 5686 Eubule.
1524 5631 1661 5687 Sunt
1687 5633 1885 5702 quippe

276 5715 338 5771 in
375 5716 529 5772 nobis
557 5733 663 5773 non
692 5719 954 5790 imagines
1005 5737 1180 5792 neque
1209 5723 1514 5794 aenigmata,
1550 5725 1645 5779 sed
1675 5725 1789 5794 ipsa
1819 5725 1888 5779 li-

279 5807 460 5873 quido
501 5813 700 5869 veritas
769 5814 834 5868 ad
887 5815 1114 5870 salutem
1173 5817 1462 5874 adducens.
1523 5819 1888 5892 Resurgsmus

378 5927 406 5956 ⁸
434 5921 546 5979 Hoc
572 5937 731 5994 caput
759 5930 907 5985 deest
935 5931 986 5986 in
1024 5932 1156 5989 Vitis
1186 5932 1424 5991 Patrum.

580 6017 852 6085 Pauor.
900 6024 1185 6089 LXXIII.

1988 4805 2236 4876 hospitis,
2274 4804 2492 4860 nomine
2516 4802 2864 4869 Philoxenus,
2903 4802 3125 4860 sedebat
3154 4819 3262 4875 prae
3292 4804 3497 4860 foribus
3527 4805 3585 4859 in

1988 4898 2336 4955 meditatione
2383 4895 2553 4952 multa
2581 4913 2592 4948 :
2619 4904 2734 4950 erat
2763 4904 2943 4951 autem
2971 4896 3060 4951 hic
3104 4896 3397 4966 discipulus
3425 4895 3586 4951 Liba-

1987 4992 2063 5048 nii
2087 4990 2364 5061 supbistaa,
2391 5006 2423 5045 a
2452 5005 2559 5062 quo
2591 4999 2902 5060 susceperat
2934 5004 3126 5045 versus
3174 4989 3486 5044 Homericos
3516 4989 3587 5044 ad

1988 5085 2416 5139 transferendum
2463 5098 2560 5139 eos
2606 5084 2659 5139 in
2689 5083 3008 5140 rhetoricos.
3060 5084 3128 5137 Et
3171 5097 3292 5136 cum
3334 5082 3388 5136 in
3417 5081 3587 5138 multa

1991 5174 2337 5230 tribulatione
2368 5173 2709 5240 consisteret,
2740 5174 3032 5230 laborando
3068 5172 3378 5241 deﬁciebat;
3424 5187 3587 5244 quem

1990 5267 2255 5338 aspiciens
2286 5267 2516 5324 Basilius
2543 5268 2682 5324 dixit
2708 5269 2772 5323 ad
2803 5281 2926 5324 eum
2952 5284 2964 5319 :
2990 5265 3170 5331 Quare
3201 5266 3274 5320 ita
3303 5264 3471 5321 tristis
3498 5279 3584 5336 es,

1990 5359 2342 5416 adolescens?
2371 5360 2460 5416 Ait
2492 5378 2504 5416 :
2537 5362 2669 5429 Quae
2712 5358 2844 5414 mihi
2893 5357 3093 5412 utilitas
3142 5358 3276 5425 erit,
3323 5358 3368 5413 si
3395 5358 3588 5417 dixero

1991 5451 2120 5506 tibi?
2152 5451 2540 5508 Perseverante
2567 5461 2744 5507 autem
2775 5450 2992 5518 Basilio,
3023 5458 3077 5505 et
3103 5450 3154 5504 ei
3185 5449 3442 5519 prodesse
3467 5453 3589 5523 pol-

1989 5543 2209 5612 licente,
2242 5545 2376 5600 dixit
2409 5545 2458 5601 ei
2493 5554 2600 5599 tam
2630 5543 2948 5611 sophistam,
2992 5557 3152 5614 quam
3182 5545 3342 5601 etiam
3369 5561 3583 5617 versus,

1989 5649 2043 5695 et
2080 5641 2203 5710 quia
2249 5649 2466 5710 propter
2502 5641 2602 5693 hoc
2644 5637 2848 5692 laboro.
2883 5636 2985 5705 Qui
3030 5641 3295 5709 susceptis
3338 5641 3586 5696 versibus

1990 5735 2152 5804 ccepit
2197 5735 2378 5788 dicere
2427 5733 2615 5786 horum
2665 5731 3090 5788 translationem.
3133 5736 3204 5788 At
3231 5749 3360 5789 vero
3399 5734 3586 5789 adole-

1991 5843 2146 5884 scens
2196 5823 2528 5896 stupefactus
2569 5825 2769 5896 pariter
2805 5835 2860 5883 et
2884 5829 3120 5899 gavisus,
3152 5825 3207 5881 in
3238 5825 3452 5894 scriptis
3489 5837 3586 5880 ex-

3024 6028 3099 6087 10
