4142 6350
569 313 673 373 299

1599 304 1689 364 DE
1731 308 1909 365 VlTlS
1951 302 2240 363 PATRUM
2278 303 2485 361 LIBER
2524 306 2795 364 PRIMUS.

3752 308 3861 375 δυο

573 432 701 505 poni
729 444 851 487 eam
882 426 1107 499 rogavit.
1138 423 1239 493 Qui
1267 422 1481 494 scripsit
1538 426 1726 479 horum
1755 424 2075 479 solutionem
2109 421 2161 474 in
2189 422 2245 491 Α
2267 434 2331 475 eo
2359 421 2575 477 veniens
2606 421 2880 476 descendit
2909 437 2960 476 tn
2989 434 3201 493 aquam,
3231 429 3286 479 et
3316 422 3523 481 turbata
3551 442 3689 499 aqua
3717 444 3857 485 con-

573 528 739 581 tribus
765 521 1095 579 editionibus
1122 537 1134 572 :
1164 533 1293 588 puer
1315 527 1492 572 autem
1523 519 1759 587 suscepit
1786 532 1878 572 eos
1903 515 2158 588 gaudens,

571 627 626 673 et
663 614 901 670 diluculo
944 613 1110 684 pergit
1142 610 1206 663 ad
1255 608 1568 677 Libanium,
1618 621 1671 665 et
1699 610 1792 664 dat
1821 609 1871 664 ei
1911 623 2160 664 versuum

571 709 1015 767 enucleationem.
1064 705 1345 772 Accipiens
1391 714 1564 759 autem
1601 703 1889 769 Libanius,
1932 713 1985 757 et
2031 718 2158 757 con-

570 811 838 857 Stcrnatus
860 814 1018 867 super
1043 794 1414 863 translatione,
1444 796 1608 850 dixit:
1640 794 1741 850 Pcr
1771 795 2005 849 divinam
2031 794 2162 849 Pro-

569 896 860 949 videntiam
921 891 1094 945 nullus
1145 891 1487 957 praesentium
1531 890 1831 959 sapientum
1877 890 1982 944 tale
2032 888 2159 959 quid

568 997 745 1057 potest
776 983 1136 1055 interpretari.
1172 982 1322 1045 Unde
1352 998 1478 1053 ergo
1506 992 1587 1037 est
1618 983 1807 1036 horum
1841 981 2160 1036 innovatur?

567 1081 642 1135 ait
683 1095 850 1149 puer:
884 1078 1203 1144 Peregrinus
1244 1075 1455 1146 quidam
1497 1077 1717 1130 veniens
1760 1076 1824 1130 ad
1862 1074 2156 1144 hospitium

564 1188 767 1238 meum,
806 1172 1139 1240 paratissime
1178 1169 1429 1223 disseruit
1461 1169 1589 1223 mihi
1625 1170 1811 1223 horum
1846 1170 2159 1225 dissolutio-

565 1280 713 1319 nem.
743 1263 881 1316 Nihil
907 1276 1035 1331 ergo
1058 1260 1329 1330 negligens
1362 1261 1631 1326 Libanius,
1663 1264 1863 1316 cursim
1886 1260 1948 1315 ad
1977 1261 2158 1329 hospi-

565 1360 698 1413 tium
731 1357 908 1423 venit,
946 1363 1000 1410 et
1044 1356 1228 1408 videns
1262 1354 1511 1410 Basilium
1548 1371 1647 1408 una
1680 1370 1798 1410 cum
1841 1356 2070 1421 Eubulo,
2105 1362 2159 1409 et

562 1463 957 1521 recognoscens
999 1462 1132 1512 eos,
1165 1446 1571 1515 obstupefactus
1615 1457 1699 1503 est
1747 1464 1845 1518 pro
1883 1447 2157 1517 insperato

563 1546 846 1611 utriu~que
886 1542 1140 1595 adventu.
1187 1538 1416 1610 Ragavit
1457 1549 1635 1596 autem
1668 1556 1761 1596 eos
1792 1542 2061 1596 divertere
2102 1540 2158 1595 in

564 1638 780 1697 domum
811 1651 997 1700 suam;
1030 1645 1084 1689 et
1133 1634 1235 1689 hoc
1265 1648 1585 1689 consecutus
1606 1673 1618 1695 ,
1671 1634 1877 1703 rogavit
1906 1634 2068 1688 etiam
2102 1643 2159 1686 ut

563 1748 785 1788 suavem
827 1745 921 1785 seu
950 1729 1217 1784 conditam
1249 1736 1523 1782 sumerent
1550 1741 1747 1781 escam.
1781 1726 1879 1793 Qui
1928 1740 2064 1794 pane
2103 1733 2158 1780 et

2265 513 2471 567 volavit
2509 514 2561 568 in
2609 515 2834 580 coelum;
2883 513 2935 567 hi
2967 529 3094 569 vero
3144 516 3235 586 qui
3266 517 3511 573 astabant
3556 522 3859 578 tremefacti

2262 607 2693 677 glorificaverunt
2714 608 2880 663 Deum
2901 625 2914 674 ;
2936 609 3231 676 baptizatus
3249 619 3424 664 autent
3446 611 3671 668 Basilius
3687 616 3860 671 exivit

2262 700 2331 753 ab
2359 716 2516 769 aqua.
2549 701 2838 756 Admirans
2862 711 3039 756 autem
3071 702 3389 757 Maximinus
3408 704 3585 759 Basilii
3614 706 3861 762 dilectio-

2262 808 2385 848 nem
2417 809 2571 864 qnam
2605 796 2655 849 in
2688 795 2854 849 Deum
2885 796 3133 865 habebat,
3172 804 3228 852 et
3252 796 3498 853 oratione
3541 795 3660 854 fusa
3691 814 3860 870 super

2264 903 2385 944 eum
2411 889 2584 944 induit
2611 891 2848 945 vestibus
2872 890 3284 946 resurrectionis
3314 892 3529 947 Christi.
3561 891 3860 964 Baptizavit

2262 993 2438 1038 autem
2484 994 2538 1039 et
2584 984 2882 1050 Eubulum,
2938 996 2991 1039 et
3019 1000 3224 1056 ungcns
3256 987 3416 1040 etiam
3448 995 3635 1040 sancto
3678 988 3856 1042 chris-

2262 1087 2403 1131 mate
2434 1075 2554 1145 (23)
2578 1116 2593 1141 ,
2628 1077 2850 1131 tradidit
2876 1076 3136 1133 viviticam
3169 1080 3633 1144 communionem,
3685 1088 3738 1134 et
3771 1095 3863 1135 ro-

2261 1169 2409 1239 gavit
2439 1168 2689 1223 Basilium
2741 1168 2831 1225 Dei
2863 1169 3116 1224 sacerdos
3166 1180 3286 1245 po~t
3315 1172 3613 1225 orationem
3643 1187 3862 1227 sumere

2261 1262 2471 1327 cibum,
2520 1262 2661 1332 quod
2705 1272 2760 1317 et
2788 1263 2914 1317 fecit
2939 1263 3122 1317 dit-eus
3153 1279 3166 1315 :
3200 1262 3424 1317 Domine
3467 1264 3596 1317 Jesu
3644 1264 3861 1318 Christe

2266 1353 2405 1408 Deus
2429 1363 2635 1425 noster,
2669 1356 2737 1409 ita
2770 1354 2933 1409 credo
2954 1355 3283 1425 evangelica:
3309 1355 3427 1409 voci
3460 1364 3585 1422 tuae,
3619 1368 3671 1411 et
3698 1372 3862 1427 spero

2262 1443 2315 1498 in
2351 1430 2680 1513 benignitate
2711 1455 2820 1514 tua,
2855 1445 2949 1513 ait,
2972 1447 3301 1502 manducans
3324 1456 3377 1502 et
3407 1447 3616 1515 bibens,
3641 1450 3862 1506 vincant

2260 1536 2605 1593 resistentem
2656 1538 2815 1593 nobis
2868 1538 3138 1594 diabolum
3190 1541 3574 1611 cooperatione
3614 1544 3863 1613 Spiritus

2261 1630 2432 1685 sancti
2471 1632 2566 1686 ttti.
2615 1630 2958 1700 Stupefactus
3006 1642 3188 1687 autem
3218 1632 3473 1689 sacerdos
3514 1635 3611 1689 Dei
3652 1634 3705 1690 in
3742 1637 3863 1693 title

2263 1721 2429 1791 illius,
2460 1738 2708 1779 reversus
2736 1735 2817 1779 est
2839 1738 2960 1779 eum
2986 1726 3139 1801 eisin
3167 1735 3409 1781 sanctam
3433 1726 3726 1783 civitatem.
3751 1729 3863 1783 An-

563 1842 701 1897 aqua
721 1868 735 1892 ,
781 1823 1073 1879 secundum
1105 1821 1544 1889 consequentiam
1588 1836 1705 1891 quae
1751 1818 1818 1873 ab
1847 1817 1977 1889 ipsis
2008 1829 2157 1873 tene-
2187 1804 2237 1864 Β
2263 1819 2559 1874 niversario
2588 1835 2717 1875 vero
2763 1827 3012 1889 tempore
3040 1821 3149 1878 illic
3178 1823 3543 1891 demorantes,
3586 1820 3863 1878 communi

562 1922 750 1989 batur,
800 1928 1108 1974 mensurate
1141 1920 1428 1988 perceptis,
1471 1919 1670 1989 gratias
1695 1926 1919 1986 egerunt
1945 1915 2074 1981 Deo,
2102 1923 2159 1971 et

564 2012 803 2069 omnium
829 2011 1000 2067 datori
1026 2011 1310 2066 bonorum.
1338 2011 1681 2066 l’aratissime
1704 2010 1881 2080 itaque
1902 2008 2158 2063 Libanius

564 2106 733 2177 carpit
762 2122 882 2161 cum
930 2105 995 2159 iis
1036 2119 1304 2176 quasrere,
1339 2119 1401 2160 ac
1442 2103 1763 2174 protendere
1809 2102 2158 2158 verbositates

567 2201 890 2255 rhetoricas.
932 2199 1012 2253 llli
1056 2206 1235 2252 autem
1269 2206 1668 2268 proposuerunt
1712 2196 1760 2251 ei
1791 2196 1857 2251 de
1898 2194 2001 2249 fide
2045 2210 2185 2261 ser-_

567 2310 805 2349 monent.
834 2295 903 2357 At
938 2308 1069 2349 vero
1098 2294 1352 2347 Libauius
1375 2292 1613 2351 sentiens
1653 2307 1770 2362 qua:
1802 2289 2156 2345 dicebantur:

566 2388 815 2443 Nondum
840 2395 944 2450 est,
994 2386 1186 2457 inquit,
1214 2392 1423 2454 tempus
1455 2383 1610 2453 hujus
1639 2381 2001 2452 operationis;
2036 2395 2159 2435 cum

566 2492 746 2538 autem
784 2480 1005 2553 jusserit
1034 2495 1264 2549 snperna
1294 2478 1627 2533 Providentia
1646 2517 1661 2542 ,
1696 2492 1803 2531 non
1832 2484 1915 2531 est
1944 2476 2032 2543 qni
2074 2490 2161 2530 re-

565 2576 742 2633 sistat.
776 2574 881 2630 Sed
924 2574 1046 2647 quia
1076 2573 1127 2626 in
1161 2573 1405 2627 maximis
1435 2571 1562 2625 mihi
1602 2569 1880 2639 profuisti,
1910 2586 1942 2621 ο
1974 2567 2156 2633 Basili,

567 2670 838 2742 disputare
886 2683 1097 2742 quoque
1146 2667 1210 2721 ad
1252 2666 1484 2721 novitios
1524 2680 1674 2719 meos
1717 2680 1783 2719 ne
1829 2663 2159 2735 dedigneris.

565 2762 668 2831 Qui
725 2760 976 2817 celeriter
1024 2760 1363 2830 congregatis
1405 2758 1729 2828 juvenibus,
1788 2755 2016 2812 docebat
2068 2772 2161 2812 eos

562 2854 883 2914 munditiam
915 2854 1107 2908 animm
1128 2862 1183 2908 et
1212 2850 1692 2921 impassibilitatem
1717 2848 1980 2919 corporis,
2014 2863 2161 2919 gres-

568 2961 691 3003 sum
718 2945 902 3001 mitem
925 2985 940 3008 ,
984 2958 1170 2999 vocem
1206 2951 1585 3012 temperatam,
1617 2955 1923 2997 sermonem
1953 2942 2163 2996 ordina-

568 3049 704 3106 tum,
736 3036 915 3093 cibum
945 3046 1000 3091 et
1027 3046 1208 3108 potum
1235 3033 1752 3105 imperturbabilem,
1778 3048 1961 3089 coram
1986 3032 2165 3088 senio-

564 3134 710 3189 ribus
739 3131 1032 3197 silentium,
1065 3139 1190 3185 ante
1233 3130 1590 3199 sapientiores
1618 3129 1946 3185 auditionem
1968 3166 1984 3193 ,
2020 3128 2163 3183 circa

2260 1910 2489 1967 consilio
2536 1920 2803 1968 venerunt
2854 1914 3229 1983 Antiochiam,
3277 1922 3331 1971 et
3362 1914 3587 1971 Basilius
3617 1930 3647 1970 a
3689 1915 3863 1969 Mele-

2262 2003 2337 2058 tiu
2369 2004 2484 2075 (26)
2518 2005 2760 2075 ejusdem
2794 2006 2941 2062 urbis
2968 2010 3222 2078 episcopo
3252 2010 3317 2064 ad
3348 2009 3582 2066 diaconii
3612 2008 3861 2064 ordinem

2265 2106 2564 2169 promotus,
2593 2110 2648 2155 et
2678 2098 3091 2156 Proverbiorum
3117 2102 3234 2174 (27)
3260 2117 3569 2159 sermonem
3597 2102 3863 2173 interpre-

2264 2202 2426 2258 tatus,
2458 2192 2626 2247 multa
2654 2201 2738 2247 cst
2766 2193 3119 2248 admiratione
3162 2207 3463 2263 provectus.

2335 2287 2465 2340 CAP.
2513 2285 2573 2340 V.
2617 2316 2685 2326 η-
2726 2285 2852 2341 Post
2892 2301 2999 2340 non
3049 2288 3218 2342 multo
3263 2297 3507 2359 tempore
3546 2296 3857 2354 transacto,

2266 2381 2570 2447 properavit
2600 2393 2703 2433 una
2732 2393 2853 2432 cum
2888 2378 3101 2434 Eubulo
3131 2380 3195 2435 ad
3225 2378 3723 2450 Cappadocensium
3773 2395 3861 2436 re-

2264 2470 2520 2541 gionem;
2554 2481 2607 2526 et
2633 2486 2753 2525 cum
2777 2471 2887 2542 jam
2926 2472 3143 2544 jamque
3189 2473 3481 2544 ingressuri
3522 2482 3707 2529 essent
3736 2474 3861 2528 Cre-

2266 2562 2585 2618 sariensium
2619 2564 2890 2617 civitatem
2911 2606 2925 2630 ,
2960 2565 3010 2617 in
3042 2565 3248 2620 visione
3277 2566 3450 2621 noctis
3481 2568 3746 2621 revelatus
3775 2574 3862 2621 est

2269 2664 2394 2712 tunc
2424 2658 2678 2727 episcopo
2708 2658 2874 2727 ipsius
2919 2657 3067 2713 ut‘bis
3094 2700 3110 2725 ,
3167 2660 3397 2715 Eusebio
3439 2661 3558 2732 (εδδ
3601 2661 3819 2715 nomine
3843 2703 3859 2727 ,

2270 2752 2459 2805 horum
2490 2752 2782 2817 adventus,
2812 2760 2866 2806 et
2896 2751 3039 2823 quod
3071 2752 3304 2808 Basilius
3331 2754 3448 2823 ejus
3473 2764 3618 2809 esset
3648 2752 3862 2807 futurus

2268 2858 2575 2899 successor.
2602 2844 2711 2914 Qui
2740 2845 3153 2915 expergefactus
3174 2847 3392 2901 vocavit
3436 2847 3729 2917 principem
3772 2862 3863 2901 ec-

2268 2939 2586 2994 clesiastica:
2615 2939 3129 3007 administrationis,
3179 2950 3233 2996 et
3274 2942 3533 3012 quosdam
3576 2942 3864 2997 venerabia

2269 3033 2395 3088 lium
2435 3032 2752 3089 clericorum
2772 3075 2787 3101 ,
2818 3043 2872 3089 et
2903 3035 3049 3089 misit
3073 3050 3172 3091 eos
3200 3035 3265 3091 ad
3293 3037 3614 3092 orientalem
3645 3047 3862 3107 portans

2271 3127 2447 3196 urbis,
2492 3126 2678 3182 dicens
2707 3128 2808 3195 eis,
2833 3128 3141 3196 visionem;
3181 3145 3411 3200 cumque
3456 3131 3597 3186 irent
3622 3130 3687 3185 ad
3734 3145 3864 3200 por-

560 3226 817 3297 praelatos
862 3224 1285 3294 subjectioncm,
1335 3223 1477 3277 circa
1508 3224 1744 3290 aequales
1792 3238 1884 3277 seu
1925 3222 2164 3277 minores
2192 3198 2238 3263 (ἶ
2271 3229 2375 3275 tam
2401 3263 2414 3285 ,
2465 3221 2609 3276 obvii
2658 3220 2878 3278 fuerunt
2919 3227 3030 3291 eis,
3066 3239 3193 3279 'cum
3237 3226 3671 3295 ingrederentur.
3712 3225 3866 3292 Quos

564 3316 883 3375 charitatem
917 3333 1021 3371 non
1056 3314 1232 3371 fictam
1258 3360 1273 3384 ,
1303 3330 1470 3389 pauca
1502 3316 1682 3383 eli‘tiri,
1733 3316 1881 3386 plura
1922 3331 2051 3372 vero
2083 3318 2164 3371 in-

568 3408 852 3479 telligere;
882 3423 987 3463 non
1017 3408 1324 3478 exasperari
1356 3424 1610 3469 sermone
1630 3451 1645 3475 ,
1681 3424 1787 3463 non
1826 3409 2161 3479 superabun-

566 3502 699 3556 dare
728 3500 984 3571 loquelis,
1025 3516 1133 3557 non
1160 3515 1281 3556 esse
1310 3512 1587 3573 promptos
1619 3501 1687 3556 ad
1734 3502 1924 3567 risum,
1960 3502 2164 3571 pudore

566 3593 773 3660 ornari,
797 3608 916 3647 cum
946 3591 1261 3649 mulieribus
1294 3590 1578 3663 impudicis
1602 3607 1706 3648 non
1738 3593 1989 3664 colloqui,
2013 3593 2162 3648 deor-

566 3701 685 3741 sum
728 3687 900 3742 visum
929 3686 1148 3757 habere,
1182 3700 1393 3742 sursum
1426 3686 1694 3753 animam;
1727 3684 1912 3758 fugere
1949 3697 2159 3744 contra-

566 3779 861 3845 dictiones,
911 3796 1017 3837 non
1043 3779 1421 3836 didascalicam
1470 3781 1620 3851 sequi
1650 3780 1985 3852 dignitatem,
2030 3782 2160 3838 nihil

566 3874 838 3929 aestimare
865 3887 895 3927 a
928 3875 1333 3945 quibuscunque
1364 3874 1586 3930 collatos
1631 3874 1883 3930 honores.
1932 3876 2083 3943 Quod
2114 3878 2161 3933 si

566 3965 847 4039 quisquam
879 3977 1114 4020 vesnum
1145 3966 1264 4021 aliis
1292 3967 1454 4022 etiam
1486 3966 1742 4037 prodesse
1772 3975 1969 4036 potest,
1994 3984 2023 4023 a
2050 3966 2160 4024 Deo

546 4055 873 4127 mercedem
901 4068 1211 4129 exspectet,
1264 4068 1319 4115 et
1348 4072 1673 4115 aeternorum
1704 4061 1967 4116 bonorum
2000 4062 2161 4117 vicis-

566 4150 856 4205 situdinem
880 4165 910 4204 a
940 4149 1153 4206 Christo
1180 4149 1306 4209 Jesu
1348 4152 1580 4208 Domino
1622 4162 1827 4209 nostro.
1858 4154 1953 4209 llis
1976 4153 2156 4224 dictis,

565 4243 795 4299 Basilius
840 4244 906 4299 ad
935 4242 1229 4313 discipulos
1273 4243 1511 4311 Libanii,
1545 4256 1602 4303 et
1631 4248 1781 4303 miris
1802 4249 1869 4305 ab
1910 4251 2157 4306 omnibus

540 4328 551 4409 ξ
568 4337 811 4393 laudibus
839 4338 1170 4405 cumulatus,
1200 4355 1303 4394 una
1347 4356 1467 4397 cum
1498 4341 1705 4397 Eubulo
1749 4342 2004 4412 carpebat
2030 4342 2153 4400 iter.

636 4433 763 4489 CAP.
794 4432 882 4488 IV.
905 4463 977 4474 —
1000 4432 1241 4505 Cumque
1262 4433 1655 4507 Jerosolymam
1683 4439 2073 4507 perveniSsent,
2102 4447 2158 4494 et

563 4541 779 4582 omnem
801 4527 980 4582 locum
1007 4541 1411 4584 sacrosanctum
1436 4530 1539 4584 fide
1566 4540 1616 4585 et
1638 4545 1821 4587 amore
1843 4531 2156 4600 perlustras-

2269 3315 2512 3371 videntes
2565 3326 2619 3371 et
2670 3324 3053 3387 agnoscentes,
3103 3330 3427 3390 rogaverunt
3486 3329 3544 3375 ut
3592 3322 3866 3376 ascende-

2267 3420 2389 3467 rcnt
2426 3414 2490 3466 ad
2524 3412 2857 3483 episcopum.
2896 3414 3141 3484 Cumque
3181 3416 3476 3481 intrarent,
3508 3415 3732 3470 intuitus
3766 3429 3870 3472 eos

2267 3506 2636 3562 sanctissimus
2677 3509 2995 3578 episcopus,
3041 3517 3095 3563 et
3136 3510 3469 3580 stupefactus
3508 3510 3563 3563 in
3604 3509 3867 3565 similitu-

2267 3600 2391 3655 dine
2424 3602 2682 3668 visionis,
2732 3600 2841 3657 Deo
2875 3602 3073 3673 gratias
3114 3603 3246 3674 egit.
3280 3592 3635 3675 interregavit
3678 3613 3863 3659 autem

2268 3694 2411 3748 unde
2440 3694 2717 3760 venirent,
2751 3705 2806 3751 et
2831 3711 2938 3766 quo
2969 3696 3209 3763 abirent,
3235 3704 3288 3752 et
3316 3713 3434 3768 qua:
3461 3713 3647 3752 eorum
3677 3705 3867 3753 essent

2267 3786 2557 3855 vocabula,
2591 3797 2645 3842 et
2674 3786 2919 3855 discens,
2952 3787 3086 3843 dixit
3115 3789 3429 3844 diaconibus
3456 3789 3699 3860 przrbere
3733 3801 3864 3859 que

2266 3878 2331 3933 ad
2364 3880 2604 3948 requiem
2639 3894 2828 3935 eorum
2861 3891 3258 3951 congruerent:
3290 3884 3381 3953 qui
3411 3882 3734 3937 adducentes
3763 3896 3866 3936 eos

2265 3971 2332 4027 ad
2374 3972 2580 4043 insigne
2617 3973 2979 4029 habitaculum
3025 3975 3175 4047 (29),
3220 3976 3399 4030 omnia
3440 3977 3751 4031 obtulerunt
3790 3974 3867 4035 ad

2265 4069 2582 4123 suavitatem
2640 4084 2853 4124 eorum.
2912 4069 3113 4125 Eadem
3160 4079 3344 4125 autem
3402 4069 3531 4124 hora
3584 4070 3866 4127 advocans

2264 4163 2634 4219 sanctissimus
2660 4163 2743 4219 vir
2772 4163 3096 4221 lectissimos
3125 4164 3253 4219 cieri
3295 4171 3351 4220 et
3389 4165 3619 4220 civitatis
3644 4208 3659 4231 ,
3700 4181 3865 4221 enar-

2262 4257 2404 4312 ravit
2448 4259 2526 4313 eis
2572 4274 2633 4313 ea
2684 4274 2806 4330 quae
2853 4275 2881 4313 a
2932 4258 3041 4313 Deo
3078 4257 3289 4314 fuerant
3318 4260 3416 4314 sibi
3458 4260 3713 4315 revelata.
3758 4260 3865 4330 Qui

2264 4364 2369 4405 una
2394 4365 2526 4407 voce
2552 4351 2797 4408 dixerunt
2823 4372 2833 4406 :
2863 4353 3135 4409 Vcraciter
3162 4353 3341 4409 ethoc
3371 4355 3527 4424 digna
3551 4364 3634 4411 est
3660 4356 3863 4413 munda

2262 4440 2366 4495 vita
2398 4450 2485 4496 tua
2506 4483 2521 4506 ,
2557 4454 2615 4498 ut
2641 4443 2898 4499 divinitus
2929 4446 2993 4500 de
3021 4446 3162 4502 coelo
3194 4447 3519 4503 revelaretur
3547 4449 3590 4503 is
3612 4451 3699 4520 qui
3731 4458 3861 4518 post

2264 4542 2315 4588 te
2362 4532 2575 4590 futurus
2621 4545 2704 4591 est
2747 4537 3107 4605 pontificalem
3153 4539 3403 4595 thronum
3445 4555 3659 4600 ornare.
3704 4539 3863 4598 Unde

562 4630 715 4688 sent,
751 4631 807 4678 et
835 4625 886 4678 in
917 4624 997 4679 eis
1030 4624 1196 4679 Deum
1219 4667 1234 4691 ,
1266 4626 1354 4695 qui
1397 4640 1557 4695 super
1586 4628 1765 4681 omnia
1795 4634 1906 4692 est,
1938 4625 2160 4681 adoras-
2268 4627 2398 4682 nihil
2430 4630 2683 4685 haesitans
2715 4600 2800 4687 fac
2832 4633 2976 4701 quod
3016 4633 3110 4689 tibi
3148 4636 3379 4690 videtur.
3426 4633 3723 4706 EpiscOpus
3764 4652 3863 4691 au-

560 4722 703 4779 sent,
733 4714 999 4770 manifesti
1032 4715 1156 4771 facti
1203 4725 1327 4772 sunt
1356 4717 1607 4788 episcopo
1637 4719 1869 4773 civitatis
1891 4759 1906 4785 ,
1941 4720 2160 4777 nomine

560 4807 857 4864 Maximino
892 4806 1031 4880 (22).
1066 4809 1129 4864 Et
1175 4811 1296 4867 huic
1340 4813 1716 4883 procidentes,
1752 4814 2158 4881 postulaverunt

559 4900 782 4971 adipisci
844 4902 1076 4959 divinam
1123 4909 1585 4977 regenerationem
1649 4911 1702 4964 in
1753 4908 1991 4967 Jordane
2038 4911 2155 4983 (9.3)

555 4995 800 5053 flumine.
848 4999 995 5064 Quos
1042 5001 1258 5057 intuens
1313 5014 1529 5057 sanctus
1578 5003 1667 5059 hic
1699 5005 1784 5059 vir
1814 5006 1939 5072 Dei,
1978 5008 2149 5077 gratia

558 5089 769 5159 plenus,
804 5091 1111 5164 adimplevit
1156 5096 1464 5165 petitionem
1507 5098 1777 5167 ipsorum,
1810 5110 1865 5156 et
1896 5117 1999 5157 una
2028 5119 2148 5158 cum

552 5183 805 5240 ﬁdelibus
836 5187 967 5243 viris
998 5190 1145 5243 venit
1186 5190 1250 5243 ad
1278 5189 1587 5245 Jordanem.
1621 5194 1755 5248 Cum
1781 5204 1958 5251 autem
2004 5197 2152 5252 Basi-

554 5278 660 5332 lius
689 5283 1011 5339 accessisset
1037 5283 1103 5337 ad
1146 5284 1335 5351 ripam,
1372 5286 1597 5355 projecit
1624 5304 1682 5341 se
1713 5304 1877 5357 super
1906 5290 2146 5361 humum,

552 5383 757 5429 etcum
806 5376 1058 5445 lacrymis
1098 5385 1155 5429 et
1182 5376 1417 5432 clamore
1468 5381 1642 5436 valido
1692 5382 1907 5451 petebat
1936 5388 2147 5457 signum

554 5479 665 5519 suae
697 5464 817 5521 fidei
847 5465 1095 5521 revelari.
1128 5465 1196 5522 Et
1225 5484 1349 5523 mox
1383 5485 1507 5526 cum
1554 5482 1787 5530 tremore
1817 5492 2147 5550 consurgens

556 5555 712 5628 155
743 5560 960 5628 deponit
991 5558 1309 5617 veStimenta
1338 5580 1453 5635 sua,
1486 5575 1539 5620 et
1568 5583 1688 5621 cum
1721 5568 1798 5622 eis
1835 5571 2018 5639 procul
2050 5573 2147 5629 du-

547 5650 637 5704 bio
691 5664 925 5707 veterem
974 5653 1280 5721 hominem,
1325 5660 1402 5715 sic
1446 5661 1661 5717 demum
1710 5662 2046 5721 descendens
2093 5668 2144 5723 in

551 5730 742 5809 aq'uant
774 5747 980 5812 orabat,
1028 5756 1082 5801 et
1111 5750 1373 5805 accedens
1402 5757 1653 5808 sacerdos
1680 5756 1971 5827 baptizavit
1998 5778 2144 5817 cum.

551 5834 621 5887 Et
648 5850 776 5890 ecce
802 5835 979 5904 fulgur
1008 5839 1142 5907 ignis
1164 5841 1430 5908 praefulsit
1455 5844 1555 5911 eis,
1587 5856 1641 5902 et
1668 5848 1915 5905 columba
1944 5850 2059 5923 (24)
2080 5870 2146 5911 ex

2267 4729 2371 4776 tem
2404 4721 2665 4778 advocato
2696 4723 2892 4781 Basilio
2920 4742 3021 4780 una
3053 4741 3174 4785 cum
3218 4727 3459 4794 Eubulo,
3502 4729 3667 4798 coapit
3703 4744 3861 4785 seru-

2266 4816 2364 4871 tari
2396 4832 2516 4871 cum
2549 4819 2627 4874 eis
2657 4833 2838 4874 sacras
2869 4821 3175 4892 Scripturas
3203 4839 3216 4887 ;
3250 4828 3303 4877 et
3334 4821 3603 4877 admirans
3628 4824 3855 4895 pelagus

2263 4909 2543 4976 sapientia:
2573 4925 2694 4980 quae
2724 4912 2902 4967 inerat
2933 4912 3039 4967 illis
3060 4954 3074 4973 ,
3108 4919 3160 4965 et
3188 4911 3387 4967 habitis
3418 4915 3495 4968 eis
3526 4912 3737 4970 idoneis
3767 4932 3859 4971 as-

2259 4998 2541 5053 sistoribus
2562 5040 2578 5067 ,
2611 5015 2716 5055 non
2752 5010 2872 5070 post
2899 5004 3121 5058 multum
3155 5006 3410 5074 temporis
3439 5004 3591 5060 obiit.
3632 5003 3850 5064 Conve-

2254 5090 2460 5144 nicntes
2503 5106 2632 5160 ergo
2672 5092 2907 5163 episcopi
2940 5096 3005 5149 ad
3039 5098 3300 5169 synodum
3336 5098 3469 5171 (30),
3503 5114 3622 5154 cum
3654 5116 3851 5170 opera-

2256 5180 2470 5235 ratione
2498 5182 2734 5252 Spiritus
2762 5187 2929 5240 sancti
2958 5188 3158 5258 eligunt
3188 5190 3444 5246 Bas'lium
3478 5192 3542 5245 ad
3590 5194 3845 5248 thronum

2255 5275 2643 5343 episcotialem.
2692 5278 2791 5344 Qui
2842 5279 3093 5336 videlicet
3131 5291 3474 5337 consecratus
3511 5284 3852 5355 gubernabat

2252 5365 2550 5423 Ecclesiam
2579 5369 2672 5424 Dei
2705 5373 3057 5440 providentia.

2328 5480 2457 5537 Car.
2489 5480 2581 5538 Vl.
2613 5512 2684 5524 —
2714 5484 2837 5539 Post
2866 5486 3078 5556 aliquod
3101 5503 3229 5545 vero
3256 5497 3472 5557 tempus
3498 5492 3791 5561 postulavit
3814 5509 3849 5549 ι

2258 5572 2371 5630 Deo
2403 5591 2509 5646 quo
2539 5579 2862 5649 concederet
2894 5583 2990 5635 sibi
3022 5585 3245 5652 gratiam
3274 5584 3551 5653 sapientia:
3592 5595 3648 5647 et
3690 5586 3851 5653 inte!-

2256 5668 2454 5732 lectus,
2492 5684 2547 5725 ut
2575 5671 2792 5728 offerret
2824 5689 2917 5744 per
2948 5676 3167 5744 proiiria
3196 5677 3355 5730 verba
3386 5692 3477 5731 sua
3509 5680 3847 5743 incruentum

2256 5764 2369 5819 Deo
2419 5767 2781 5835 sacriﬁcium,
2831 5778 2884 5823 et
2935 5772 3138 5825 veniret
3190 5771 3240 5824 in
3282 5773 3621 5838 praesentiant
3670 5766 3845 5837 sancti

2257 5858 2530 5926 Spiritus;
2566 5873 2618 5915 et
2647 5873 2769 5930 post
2797 5876 2893 5918 sex
2919 5862 3069 5933 dies,
3104 5863 3247 5920 velut
3288 5864 3339 5919 in
3381 5875 3604 5920 excessu
3641 5858 3849 5941 latentis
