4142 6350
365 320 470 389 501

868 326 1030 384 VlTA
1070 328 1315 386 SANCTI
1355 325 1623 403 BASILII,
1662 330 2031 391 CJESAREA‘J
2069 338 2531 409 CAPPADOCUE
2571 358 3114 424 ARCHIEPISCOPI.

3540 374 3646 439 308

363 437 600 517 adventu
649 436 877 510 Spiritus
928 442 1099 497 sancti
1142 443 1349 513 factus,
1394 446 1622 515 septimo
1664 447 1750 503 die
1796 448 2035 517 ccepitA
2062 451 2486 520 Christianorum
2528 472 2873 542 mysterium,
2917 476 2971 532 in
3011 484 3302 539 crastinum
3342 487 3452 545 adit
3493 490 3643 551 Basi-

362 533 675 590 ministrare
720 534 833 590 Deo
878 551 973 606 per
1010 538 1249 609 singulos
1292 540 1437 607 dies,
1479 550 1533 597 et
1578 551 1697 611 post
1732 544 1951 613 aliquod

362 635 575 697 tempus
625 626 731 683 ﬁde
777 643 839 684 ac
880 629 1127 688 oratione
1186 635 1379 700 multa,
1426 634 1695 690 inchoavit
1736 637 1952 707 propria

360 737 523 777 manu
576 722 817 779 scribere
858 725 1036 781 missa:
1079 728 1352 798 mysteria.
1400 728 1468 785 Et
1513 731 1743 799 quadam
1793 742 1951 790 nocte

358 827 544 871 astans
578 817 629 871 ei
664 816 924 887 Dominus
955 819 1008 874 in
1040 820 1157 876 visu
1184 836 1302 876 cum
1334 823 1594 891 apostolis
1627 826 1949 903 propositio-

358 928 483 967 nem
516 927 669 982 pams
703 913 905 969 faciens
938 917 989 971 in
1022 928 1207 973 sancto
1234 919 1422 988 altari,
1454 922 1627 977 erexit
1657 924 1945 997 Basilium,

356 1003 542 1062 dicens
570 1006 618 1063 ei
648 1026 663 1061 :
704 1010 1013 1066 Secundum
1042 1012 1350 1082 petitionem
1390 1024 1536 1072 tuam
1585 1019 1857 1089 repleatur
1886 1036 1947 1077 os

357 1107 508 1153 tuum
551 1100 739 1166 laude,
785 1110 842 1157 ut
887 1119 981 1174 per
1025 1107 1239 1176 propria
1283 1110 1443 1165 verba
1485 1121 1571 1166 tua
1604 1102 1944 1172 incruentum

354 1189 553 1246 offeras
583 1194 930 1250 sacriﬁcium.
964 1197 1065 1265 Qui
1098 1214 1200 1254 non
1235 1200 1413 1259 ferens
1440 1205 1615 1261 oculis
1642 1208 1901 1266 visionem
1924 1253 1941 1277 ,

353 1283 585 1338 surrexit
617 1278 996 1359 tremefactus,
1026 1299 1081 1347 et
1110 1293 1371 1352 accedens
1402 1297 1469 1353 ad
1500 1311 1744 1356 sanctum
1773 1303 1945 1361 altare

351 1381 521 1451 coepit
547 1380 730 1439 dicere
757 1398 821 1453 ac
850 1385 1090 1443 scribere
1127 1391 1179 1444 in
1223 1391 1409 1447 charta
1431 1432 1446 1458 ,
1493 1393 1566 1449 ita
1600 1412 1612 1449 :
1648 1414 1667 1448 ε
1691 1397 1856 1467 Reple
1883 1413 1945 1453 os

352 1486 533 1527 meum
573 1474 731 1531 laude
776 1477 927 1550 (51),
982 1486 1037 1534 ut
1085 1480 1296 1538 laudern
1343 1485 1566 1554 gloriam
1616 1496 1790 1556 tuam,
1840 1489 1945 1545 Do-

351 1567 499 1622 mine
530 1567 708 1635 Deus,
742 1571 834 1641 qui
865 1574 1058 1629 creasti
1092 1591 1222 1643 nos,
1266 1587 1317 1632 et
1365 1579 1633 1643 adduxisti
1682 1581 1751 1636 ad
1778 1582 1940 1639 vitam

348 1658 555 1722 hancu
587 1670 643 1741 et
667 1664 901 1738 reliquas
928 1677 1127 1723 sancta:
1157 1671 1339 1726 missae
1379 1674 1677 1729 orationes.
1724 1676 1789 1730 Et
1821 1691 1942 1745 post

348 1752 509 1809 ﬁnem
538 1757 842 1813 orationum
871 1759 1124 1817 exaltavit
1150 1778 1340 1829 panem
1371 1763 1484 1837 ('52)
1503 1809 1515 1828 ,
1546 1767 1752 1837 prolixe
1778 1785 1936 1826 orans

2057 549 2186 655 lium
2233 558 2542 628 supplicans
2582 564 2633 620 ei
2673 583 2779 635 quo
2825 571 2941 625 sine
2984 572 3242 633 dilatione
3280 564 3557 655 acciperet
3586 590 3641 646 in

2053 641 2269 703 Christo
2296 651 2653 720 signaculum.
2685 660 2784 727 Qui
2816 663 2947 719 nihil
2976 668 3284 745 negligens,
3312 641 3495 733 solitas

2056 748 2135 794 tes
2163 742 2248 810 ei,
2281 746 2369 814 qui
2399 762 2588 805 omnes
2621 753 2732 807 vult
2762 756 2987 823 salvari,
3036 742 3307 833 referens,
3353 742 3641 843 baptizavit

2052 848 2172 888 eum
2200 852 2320 893 cum
2350 843 2496 896 omni
2525 843 2686 901 domo
2718 864 2811 903 sua
2842 853 3145 911 credentem
3174 858 3225 911 in
3261 846 3543 929 Dominum

2121 926 2253 1029 CAP.
2300 930 2436 989 Vill.
2467 966 2537 977 —-
2579 939 2850 997 iielladius
2882 945 2997 1014 (57)
3026 958 3202 1005 autem
3235 926 3432 1013 sanctas
3460 976 3642 1029 recor-

2051 1020 2316 1092 dationis,
2348 1029 2439 1097 qui
2469 1031 2737 1102 inspector
2766 1046 2819 1091 et
2850 1038 3096 1096 minister
3124 1043 3213 1097 fuit
3255 1034 3636 1107 miraculorum

2050 1131 2170 1185 quae
2193 1119 2260 1174 ab
2281 1135 2347 1177 eo
2374 1134 2578 1192 patrata
2609 1137 2764 1193 sunt,
2793 1131 2991 1201 quique
3019 1144 3140 1203 post
3165 1138 3368 1195 obitum
3394 1143 3638 1215 ejusdem

2050 1211 2360 1277 apostolica:
2408 1219 2685 1273 memoria:
2734 1220 2914 1277 Basilii
2955 1226 3139 1282 sedem
3182 1229 3320 1286 illius
3361 1211 3639 1307 suscipere

2054 1303 2275 1370 meruit,
2306 1306 2389 1360 vir
2417 1319 2469 1361 et
2512 1311 2781 1368 miraculis
2816 1315 3019 1382 clarus,
3055 1328 3215 1389 atque
3256 1327 3398 1380 omni
3439 1303 3639 1387 virtute

2048 1406 2266 1451 ornatus
2287 1439 2300 1462 ,
2342 1402 2522 1457 retulit
2552 1405 2679 1461 mihi
2709 1408 2829 1477 quia
2861 1424 2978 1464 cum
3008 1400 3230 1470 senator
3258 1420 3469 1488 quidam
3505 1422 3638 1479 ﬁde-

2048 1488 2141 1553 lis,
2192 1493 2407 1549 nomine
2452 1495 2726 1555 Proterius
2770 1500 2917 1573 (58),
2968 1519 3215 1577 pergeret
3251 1511 3317 1564 ad
3353 1525 3533 1570 sancta
3579 1526 3636 1581 et

2048 1582 2368 1651 percolenda
2397 1586 2511 1642 loca
2533 1629 2548 1656 ,
2578 1600 2630 1644 et
2656 1591 2855 1648 ibidem
2884 1596 3042 1651 ﬁliam
3071 1615 3219 1656 suam
3251 1606 3471 1662 tondere
3494 1608 3633 1683 (59),

2045 1683 2100 1728 et
2130 1676 2181 1729 in
2214 1692 2376 1732 unum
2411 1684 2796 1741 venerabilium
2827 1694 3271 1750 monasteriorum
3305 1676 3547 1766 mittere,

2044 1766 2365 1823 sacriﬁcium
2399 1769 2510 1826 Deo
2539 1773 2733 1831 oﬂ'erre
2777 1779 3066 1850 voluisset,
3112 1784 3387 1855 diabOlus,
3432 1794 3521 1860 qui
3564 1778 3632 1847 ab

346 1862 399 1907 et
430 1851 650 1907 dicens:
686 1855 946 1920 Attende,
980 1854 1205 1912 Domine
1236 1857 1361 1913 Jesu
1391 1858 1626 1927 Christe,
1656 1863 1793 1918 Dens
1836 1879 1934 1921 no—
2040 1856 2191 1914 initio
2234 1861 2501 1920 homicida
2543 1876 2659 1935 est,
2703 1870 2952 1930 invidens
2990 1847 3107 1945 ejus
3147 1879 3395 1949 religioso
3436 1847 3633 1954 propo-

343 1952 479 2012 ster,
510 1944 579 2000 de
607 1934 795 2000 sancto
824 1945 1128 2003 habitaculo
1158 1959 1269 2016 tuo,
1288 1961 1341 2006 et
1363 1952 1485 2007 veni
1506 1953 1569 2007 ad
1592 1954 1933 2011 sanctiﬁcan-

342 2035 473 2091 dnm
503 2051 622 2103 nos,
652 2038 742 2107 qui
774 2053 987 2095 sursum
1014 2057 1135 2101 cum
1164 2042 1318 2099 Patre
1349 2046 1525 2113 sedes,
1558 2056 1611 2102 et
1639 2049 1725 2104 hic
1754 2049 1937 2107 nobis-

340 2143 463 2185 cum
506 2130 848 2186 invisibiliter
874 2133 1037 2200 ades,
1070 2144 1124 2191 et
1153 2137 1372 2207 dignare
1408 2140 1610 2207 potenti
1651 2157 1811 2197 manu
1844 2154 1932 2201 tua

338 2223 578 2281 tribuere
610 2226 765 2281 nobis
805 2236 861 2283 et
888 2243 984 2299 per
1012 2244 1111 2285 nos
1153 2232 1301 2286 omni
1345 2235 1539 2303 populo
1579 2245 1762 2292 sancta
1802 2251 1931 2292 san-

336 2319 493 2375 θείς.»
521 2318 753 2389 Populus
775 2323 1085 2392 respondit:
1116 2342 1136 2377 ι
1163 2323 1308 2380 Unus
1328 2337 1563 2393 sanctus,
1591 2346 1725 2383 unus
1751 2330 1931 2385 Doml-
1976 2320 1981 2323 ’

335 2426 441 2466 nus
467 2412 625 2468 Jesus
652 2413 904 2469 Christus
933 2430 1054 2471 cum
1085 2426 1273 2473 sancto
1302 2418 1501 2489 Spiritu
1544 2420 1596 2476 in
1636 2422 1800 2491 gloria
1834 2423 1928 2478 Dei

332 2503 531 2561 Patris.
559 2507 752 2564 Amen.
782 2528 799 2561 ι
828 2509 893 2563 Et
918 2510 1160 2567 dividens
1188 2528 1378 2582 panem
1407 2514 1460 2568 in
1494 2525 1601 2571 tres
1629 2518 1924 2586 portiones,

333 2614 493 2656 unam
525 2603 734 2672 quidem
766 2608 1007 2676 suscepit
1027 2622 1147 2662 cum
1174 2608 1365 2664 timore
1392 2611 1578 2677 multo,
1608 2614 1767 2667 aliam
1794 2630 1925 2671 vero

333 2698 570 2750 servavit
597 2697 661 2751 ad
691 2701 1163 2768 consepebendum
1188 2700 1290 2755 sibi
1318 2700 1469 2772 (55),
1502 2705 1712 2759 tertiam
1744 2715 1923 2762 autem

330 2789 562 2858 positam
619 2790 731 2862 (54)
781 2807 941 2861 super
990 2793 1292 2849 columbam
1335 2811 1595 2862 auream,
1643 2799 1926 2867 suspendit

326 2892 492 2951 super
531 2882 718 2937 altare.
764 2884 1001 2939 Eubulus
1030 2894 1208 2941 autem
1239 2896 1294 2942 et
1322 2888 1451 2943 cleri
1484 2889 1731 2961 princeps
1759 2890 1921 2948 simul

326 2988 441 3044 prae
482 2974 685 3029 foribus
727 2977 908 3053 templi
951 2986 1185 3046 stantes,
1219 2980 1472 3036 videbant
1516 2983 1692 3038 lumen
1723 2984 1923 3041 intelli-

324 3066 490 3137 gibile
518 3069 569 3123 in
600 3070 828 3140 templo,
859 3080 915 3125 et
943 3071 1191 3129 homines
1219 3074 1525 3132 clarissime
1566 3078 1915 3145 candidatos,

325 3148 381 3216 et
417 3176 604 3217 vocem
636 3164 816 3233 pepuli
846 3164 1194 3236 gloriﬁcantis
1226 3167 1508 3225 Dominum
1529 3212 1541 3236 ,
1577 3178 1632 3226 et
1663 3171 1915 3228 Basilium

2042 1953 2182 2023 sito,
2230 1961 2523 2015 commovit
2566 1979 2728 2019 unum
2777 1983 2842 2023 ex
2892 1971 3062 2025 servis
3103 1974 3249 2044 ejus,
3291 1984 3345 2032 et
3386 1979 3525 2043 hunc
3562 1979 3634 2041 ad

2039 2049 2233 2117 puellae
2284 2055 2563 2113 succendit
2611 2074 2872 2117 amorem.
2930 2065 3027 2121 Hic
3076 2067 3256 2140 itaque
3307 2088 3428 2131 cum
3478 2082 3630 2133 tanto

2036 2151 2164 2197 voto
2211 2156 2355 2201 esset
2404 2150 2688 2221 indignus,
2746 2166 2799 2211 et
2856 2174 2960 2213 non
3017 2161 3240 2218 auderet
3297 2170 3625 2239 propositum

2033 2235 2225 2290 saltem
2269 2239 2618 2312 contingere,
2661 2247 2951 2315 alloquitur
2982 2267 3144 2307 unum
3182 2270 3248 2310 ex
3296 2235 3631 2317 detestandis

2035 2329 2326 2397 maleficia,
2362 2335 2738 2401 repromittens
2766 2339 2841 2395 illi
2871 2351 2925 2396 ut
2956 2343 2999 2396 si
3029 2343 3169 2402 forte
3209 2357 3325 2405 arte
3366 2367 3460 2407 sua
3498 2369 3623 2429 pos-

2034 2428 2119 2474 set
2174 2421 2317 2476 illam
2368 2439 2751 2497 commovere,
2804 2433 3024 2487 multam
3078 2437 3126 2491 ei
3190 2442 3304 2494 auri
3366 2421 3630 2503 tribueret

2032 2514 2405 2582 quantitatem.
2461 2519 2528 2573 At
2572 2536 2702 2575 vero
2752 2526 3022 2581 veneﬁcus
3070 2528 3205 2584 dixit
3252 2533 3317 2586 ad
3366 2549 3537 2591 eum:
3581 2536 3627 2601 Ο

2032 2605 2227 2673 homo,
2263 2623 2362 2679 ego
2401 2610 2467 2664 ad
2511 2611 2611 2668 hoc
2654 2615 2825 2685 impos
2867 2620 3075 2686 existo;
3123 2624 3218 2677 sed
3250 2625 3297 2678 si
3326 2626 3440 2694 vis,
3474 2629 3628 2684 mitto

2030 2703 2085 2752 te
2114 2696 2180 2752 ad
2210 2699 2543 2768 provisorem
2575 2720 2753 2761 meum
2782 2706 3085 2778 diabolum,
3118 2723 3171 2768 et
3212 2715 3303 2772 ille
3344 2717 3501 2774 faciet
3529 2737 3626 2776 vo-

2029 2787 2286 2845 luntatem
2335 2802 2515 2861 tuam,
2562 2796 2605 2851 sl
2648 2808 2705 2854 tu
2748 2800 3007 2858 duntaxat
3052 2803 3245 2862 feceris
3291 2811 3626 2873 voluntatem

2024 2879 2164 2951 ejus.
2195 2883 2297 2953 Qui
2334 2885 2470 2942 dixit
2509 2889 2574 2944 ad
2619 2905 2781 2947 eum:
2827 2894 3172 2970 Quaecunque
3210 2900 3408 2959 dixerit
3454 2906 3619 2973 mihi,

2025 2974 2239 3031 faciam.
2289 2979 2379 3034 Ait
2425 2980 2555 3038 ille:
2602 2984 2994 3061 Abrenuntias,
3049 2995 3260 3064 inquit,
3303 2995 3520 3055 Christo
3565 3002 3623 3057 in

2024 3070 2284 3137 scriptis?
2325 3072 2467 3129 Dicit
2509 3078 2603 3131 ei:
2638 3077 2834 3135 Etiam.
2882 3083 3048 3139 Porro
3088 3086 3386 3158 iniquitatis
3429 3108 3623 3164 opera-

2022 3162 2137 3217 rius
2165 3164 2296 3219 dicit
2322 3165 2371 3220 ei
2401 3184 2413 3219 :
2446 3168 2502 3223 Si
2533 3170 2599 3223 ad
2630 3169 2732 3227 hoc
2764 3183 2981 3242 paratus
3022 3192 3080 3232 es
3104 3221 3119 3245 ,
3163 3162 3482 3252 cooperator
3521 3188 3621 3243 tibi

322 3254 481 3309 altari
510 3266 803 3323 astantem;
828 3269 881 3314 ει
905 3261 1233 3316 consternati
1263 3276 1424 3332 super
1450 3264 1676 3331 visione,
1706 3267 1915 3323 cecide.
2020 3253 2250 3311 elficiar.
2286 3257 2379 3314 ille
2410 3268 2586 3316 autem
2617 3262 2682 3317 ad
2716 3264 2888 3335 ipsttm
2916 3283 2930 3321 :
2962 3268 3188 3325 Paratus
3216 3287 3373 3340 sum,
3408 3287 3615 3335 tantum

320 3354 451 3401 runt
477 3349 528 3401 in
555 3348 774 3416 faciem,
804 3363 926 3406 eum
952 3353 1202 3425 Iacrymis
1227 3355 1582 3425 glorificantes
1611 3360 1914 3415 Dominum.

318 3438 456 3495 Cum
497 3457 674 3499 autem
720 3456 921 3502 exisset
962 3447 1219 3515 Basilius,
1270 3451 1581 3507 ceciderunt
1622 3453 1688 3509 ad
1731 3453 1912 3524 pedes.

320 3533 423 3599 Qui
472 3534 825 3606 interrogavit
870 3553 1085 3596 causam
1137 3542 1469 3599 adorationis
1519 3555 1573 3600 et
1621 3546 1914 3603 adventum

319 3640 531 3684 eorum.
570 3630 651 3684 illi
683 3648 813 3687 vero
844 3633 1093 3690 dixerunt
1123 3636 1569 3705 gloriosissimum
1601 3642 1913 3698 miraculum

320 3722 469 3789 quod
523 3723 777 3779 viderunt
835 3725 889 3781 in
922 3728 1138 3798 templo.
1200 3729 1353 3785 Tunc
1409 3731 1637 3788 Basilius
1693 3746 1915 3790 extense

320 3816 525 3885 gratias
563 3818 721 3891 156
746 3834 908 3891 agens
940 3821 1190 3889 Domino,
1212 3825 1481 3880 enarravit
1505 3827 1909 3898 gloriosissima.

321 3906 390 3966 Et
420 3913 679 3970 advocato
710 3917 962 3989 auriﬁce,
1007 3919 1133 3975 fecit
1171 3920 1475 3977 columbam
1505 3922 1571 3978 de
1596 3938 1729 3979 auro
1759 3941 1914 3980 mun-

318 4004 566 4073 dissimo,
587 4017 640 4061 et
670 4009 722 4063 in
745 4025 809 4065 ea
833 4013 1009 4079 posuit
1032 4011 1352 4081 portionem,
1385 4015 1724 4084 suspendens
1753 4034 1913 4088 super

315 4109 560 4155 sanctam
592 4116 835 4157 mensam
856 4145 870 4169 ,
906 4104 1075 4159 instar
1103 4114 1304 4161 sancta:
1336 4106 1479 4162 illius
1504 4108 1764 4164 columbae
1791 4125 1911 4180 qua:

313 4196 570 4263 apparuit
610 4197 662 4250 in
705 4197 940 4253 .lordane
980 4199 1209 4256 Domino
1249 4201 1537 4271 baptizata.
1582 4203 1693 4258 Hoc
1730 4212 1907 4259 autem

311 4283 495 4351 facto,
528 4291 839 4357 repromisit
873 4307 1181 4347 sermonem
1222 4294 1614 4349 exhortationis
1644 4309 1704 4351 se
1733 4297 1910 4351 dicere

312 4382 380 4431 ad
430 4381 723 4447 populum;
768 4391 824 4436 et
863 4383 1129 4439 collocata
1167 4393 1251 4440 est
1293 4384 1497 4439 infinita
1540 4386 1823 4441 multitudo
1856 4389 1906 4440 in

309 4470 575 4542 ecclesia,
628 4475 769 4530 inter
815 4491 951 4545 quos
978 4486 1095 4532 erat
1145 4476 1226 4532 vir
1274 4493 1535 4550 magnus,
1589 4478 1684 4535 Dei
1733 4481 1909 4536 cultor

308 4558 567 4632 prrtem
618 4563 733 4636 (55)
764 4611 779 4636 ,
833 4568 899 4623 de
946 4583 1053 4638 quo
1097 4573 1441 4639 postmodum
1497 4574 1903 4639 enarrabimus,

2023 3359 2082 3404 ut
2111 3366 2410 3423 consequar
2433 3355 2782 3415 desiderium.
2814 3360 2881 3415 Et
2907 3361 3045 3419 facta
3072 3366 3300 3436 epistola
3320 3364 3616 3440 {pessimze

2020 3444 2353 3512 operationis
2396 3448 2641 3505 minister
2681 3452 2751 3506 ad
2804 3453 3078 3510 diabolum
3125 3457 3416 3516 destinavit
3459 3478 3614 3533 eam,

2024 3536 2311 3596 habentem
2353 3543 2611 3600 dictatum
2654 3545 2958 3616 huiusmodi
2990 3566 3005 3605 :
3039 3567 3061 3604 α
3093 3551 3352 3619 Quoniam
3394 3556 3617 3613 domino

2020 3642 2075 3688 et
2121 3636 2384 3704 provisori
2436 3652 2558 3694 meo
2604 3649 2817 3709 oportet
2858 3658 2945 3699 me
2984 3643 3112 3700 dare
3145 3660 3397 3715 operam,
3439 3665 3545 3720 quo
3582 3666 3614 3706 a

2020 3727 2450 3784 Christianorum
2483 3731 2739 3802 religione
2768 3733 3079 3802 discedant,
3126 3746 3181 3792 et
3220 3739 3286 3793 ad
3329 3749 3473 3797 tuam
3516 3759 3611 3799 so-

2015 3821 2272 3876 cietatem
2300 3824 2591 3891 accedant,
2628 3832 2686 3879 ut
2724 3827 3057 3897 compleatur
3098 3830 3273 3900 portio
3320 3843 3445 3901 tua,
3489 3838 3613 3893 misi

2017 3915 2114 3970 tibi
2160 3926 2515 3986 przesentem,
2563 3931 2711 3973 meas
2742 3917 3074 3977 deferentem
3112 3920 3411 3992 litterulas,
3454 3930 3605 3998 cupi-

2016 4006 2144 4063 dine
2195 4008 2386 4078 puellae
2432 4011 2751 4066 sauciatum.
2802 4012 2868 4067 Et
2914 4015 3143 4070 obsecro
3190 4024 3249 4071 ut
3297 4017 3453 4087 hujus
3501 4022 3613 4077 voti

2014 4115 2238 4171 compos
2263 4103 2492 4169 existat,
2516 4113 2572 4157 ut
2600 4113 2653 4160 et
2682 4104 2735 4160 in
2769 4104 2869 4162 hoc
2895 4106 3118 4176 glorier,
3146 4118 3200 4165 et
3228 4125 3350 4166 cum
3384 4110 3610 4169 afﬂuen-

2015 4197 2141 4252 tiori
2181 4196 2459 4253 alacritate
2490 4198 2736 4269 colligam
2766 4211 3039 4257 amatores
3070 4211 3207 4259 tuos.
3244 4224 3264 4257 ι
3300 4205 3363 4260 Et
3394 4207 3517 4261 data
3558 4208 3611 4263 ei

2011 4290 2273 4359 epistola,
2308 4290 2442 4345 dixit
2470 4306 2485 4346 :
2518 4291 2666 4347 Vade
2698 4292 2789 4346 tali
2820 4292 2950 4349 hora
2981 4297 3189 4364 noctis,
3222 4307 3277 4353 et
3317 4307 3397 4355 sta
3442 4316 3609 4373 supra

2010 4392 2422 4438 monumentum
2467 4384 2693 4453 alicujus
2725 4387 2950 4456 pagani,
2984 4398 3039 4443 et
3080 4390 3226 4459 erige
3263 4391 3505 4448 chartam
3551 4396 3608 4450 in

2009 4491 2138 4534 aera
2166 4520 2180 4544 ,
2212 4486 2267 4534 et
2306 4480 2557 4533 astabunt
2586 4479 2680 4533 tibi
2708 4480 2797 4551 qui
2831 4489 2883 4535 te
2910 4481 3110 4537 debent
3140 4484 3341 4539 dueere
3380 4486 3445 4539 ad
3492 4487 3607 4542 dia-

2012 4568 2217 4625 bolum.
2249 4570 2350 4637 Qui
2392 4570 2495 4625 hoc
2535 4572 2782 4626 alacriter
2821 4584 3006 4643 geSto,
3039 4575 3212 4629 emisit
3248 4578 3603 4635 miserrimam

304 4654 544 4725 qualiter
571 4672 641 4712 ex
672 4661 1008 4729 apparitione
1034 4661 1212 4717 divina
1244 4664 1518 4734 inspector
1544 4664 1714 4721 factus
1745 4664 1904 4723 fuerit
1931 4648 1988 4715 Ι)
2010 4663 2157 4719 illam
2189 4678 2374 4718 vocem
2395 4707 2411 4731 ,
2456 4665 2711 4717 invocans
2742 4664 2941 4720 diabo“
2972 4666 3296 4735 adiuml‘ium
3323 4687 3337 4736 ;
3391 4681 3446 4727 el
3475 4687 3605 4728 00"-

290 4750 645 4804 .Iternorandi
676 4749 876 4807 Basilii.

380 4841 510 4897 CAP.
566 4842 676 4901 VII.
720 4875 789 4885 —
828 4846 1011 4917 Itaque
1066 4862 1185 4903 cum
1243 4848 1485 4903 divinum
1540 4849 1902 4903 celebraretur

304 4933 580 5005 eliciam,
616 4938 873 4997 Hebraeus
912 4938 1031 5013 (56)
1071 4942 1317 5013 quidam,
1348 4951 1406 4999 ut
1438 4942 1809 5011 Christianus,
1842 4958 1901 4997 se

303 5031 508 5099 populo
552 5032 795 5099 miscuit,
826 5034 1069 5090 ordinem
1112 5036 1275 5091 ofﬁcii
1320 5046 1374 5092 et
1414 5036 1611 5092 donum
1655 5050 1900 5092 commu-

300 5125 485 5181 nionis
525 5129 807 5197 explorare
844 5131 1060 5196 volens,
1102 5139 1158 5185 et
1194 5132 1341 5188 videt
1369 5132 1690 5188 infautulum
1725 5148 1893 5188 mem-

302 5216 499 5272 bratim
544 5220 703 5275 incidi
747 5221 800 5276 in
844 5222 1092 5279 manibus
1130 5221 1356 5291 Basilii;
1401 5233 1457 5280 et
1500 5228 1895 5286 communican-

300 5312 447 5367 tibus
476 5313 724 5368 omnibus
751 5316 898 5370 venit
922 5326 975 5372 et
1002 5318 1144 5388 ipse,
1173 5326 1225 5372 et
1251 5318 1372 5373 data
1404 5327 1487 5374 est
1517 5319 1567 5374 ei
1598 5320 1649 5374 in
1677 5322 1901 5383 veritate

296 5420 471 5474 caro;
515 5408 712 5463 deinde
743 5410 895 5465 adest
925 5419 979 5465 et
1006 5410 1160 5466 ealici
1183 5453 1197 5479 ,
1230 5412 1320 5481 qui
1351 5422 1461 5468 erat
1493 5415 1753 5485 sanguine
1786 5417 1897 5486 ple-

298 5512 439 5566 nus,
468 5510 523 5556 et
552 5503 724 5573 ipsius
756 5504 1022 5578 particeps
1052 5516 1137 5562 est
1166 5504 1408 5563 eﬂ‘ectus.
1442 5511 1621 5579 Atque
1650 5525 1714 5565 ex
1745 5520 1901 5567 utro-

296 5611 406 5666 que
436 5609 785 5655 conservatas
814 5600 1089 5671 reliquias,
1119 5616 1349 5671 pergens
1378 5604 1430 5656 in
1463 5602 1682 5659 domum
1712 5618 1859 5658 suam
1883 5644 1899 5670 ,

294 5694 537 5747 ostendit
567 5694 729 5750 uxori
758 5710 905 5761 suae,
934 5695 1002 5749 ad
1046 5695 1513 5751 confirmationem
1557 5712 1741 5752 eorum
1783 5712 1904 5766 qua:

296 5781 640 5852 dicebantur,
660 5801 921 5844 enarrans
945 5803 1063 5858 quae
1082 5790 1316 5859 propriis
1338 5788 1544 5844 viderat
1566 5788 1756 5845 oculis.
1776 5790 1905 5844 Cre-

294 5869 437 5931 dens
468 5893 597 5949 ergo
627 5883 769 5951 quod
800 5897 984 5940 revera
1023 5884 1351 5940 horrendum
1395 5883 1469 5940 sit
1507 5893 1561 5940 et
1603 5884 1901 5953 gloriosum

2014 4756 2163 4811 tinuo
2192 4756 2479 4810 astiterunt
2506 4755 2555 4811 ei
2586 4757 2857 4826 principes
2898 4760 3180 4829 potestatis
3223 4762 3561 4820 tenebrarum
3584 4808 3599 4833 ,

2008 4850 2231 4918 spiritus
2258 4847 2510 4919 nequitiae
2539 4846 2769 4919 (Ephes.
2803 4849 2881 4919 vr)
2901 4890 2916 4915 ,
2948 4861 3002 4907 et
3032 4863 3281 4923 suscepto
3310 4856 3397 4925 qui
3429 4852 3604 4911 fuerat

2010 4943 2269 5013 deceptus
2300 4984 2315 5009 ,
2365 4958 2486 4998 cum
2530 4943 2725 5014 gaudio
2776 4960 2970 5017 magno
3018 4947 3293 5002 duxerunt
3341 4965 3461 5002 eum
3510 4950 3603 5004 ubi

2008 5047 2126 5095 erat
2146 5037 2417 5105 diabolus,
2441 5054 2601 5108 quem
2630 5051 2685 5093 et
2709 5049 3142 5095 monstraverunt
3164 5041 3211 5096 ei
3240 5056 3400 5109 super
3422 5043 3604 5097 excel-

2011 5147 2130 5188 Sum
2163 5133 2355 5188 solium
2384 5134 2662 5189 sedentem
2687 5176 2703 5202 ,
2735 5145 2789 5190 et
2819 5137 2871 5189 in
2902 5150 3035 5206 gyro
3062 5134 3177 5204 ejus
3209 5136 3461 5204 nequitia:
3490 5136 3603 5205 spi-

2007 5229 2144 5284 ritus
2191 5228 2641 5293 circumstantes;
2685 5238 2741 5282 et
2778 5229 3044 5295 susceptis
3091 5226 3313 5281 veneﬁci
3364 5226 3597 5293 litteris,

2006 5320 2142 5377 dixit
2170 5321 2237 5375 ad
2272 5320 2548 5376 infelicem
2594 5320 2745 5376 illum
2773 5337 2786 5373 :
2825 5319 3015 5374 Credis
3046 5321 3097 5371 in
3131 5318 3262 5374 me?
3288 5320 3390 5389 Qui
3421 5320 3554 5375 dixit
3584 5339 3599 5374 :

2006 5415 2205 5470 Credo.
2240 5414 2383 5469 Dixit
2415 5413 2463 5469 ei
2494 5414 2745 5469 diabolus
2775 5429 2789 5466 :
2831 5412 3296 5479 Tergiversatores
3336 5414 3466 5468 estis
3507 5426 3604 5468 vos

2007 5505 2335 5572 Christiani,
2368 5516 2419 5560 et
2451 5504 2665 5575 quidem
2696 5503 2913 5574 quando
2946 5518 3036 5557 me
3064 5517 3202 5574 opus
3232 5504 3437 5561 habetis
3463 5547 3476 5572 ,
3506 5521 3601 5561 ve-

2006 5600 2133 5656 nitis
2161 5600 2227 5656 ad
2260 5614 2345 5655 me
2369 5617 2384 5667 ;
2412 5615 2533 5654 cum
2559 5607 2734 5652 autem
2768 5598 3041 5653 consecuti
3073 5597 3278 5655 fueritis
3308 5599 3556 5655 effectum
3576 5639 3595 5665 ,

2003 5695 2284 5766 abnegatis
2309 5708 2397 5748 me
2423 5700 2479 5747 et
2501 5689 2754 5745 acceditis
2778 5688 2843 5743 ad
2870 5690 3145 5748 Christum
3171 5704 3444 5760 vestrum,
3476 5692 3598 5761 qui,

2007 5803 2130 5843 cum
2173 5788 2243 5841 sit
2284 5786 2455 5841 bonus
2490 5790 2650 5852 atque
2693 5782 3031 5850 misericors,
3077 5786 3300 5857 suscipit
3328 5800 3448 5841 vos.
3488 5782 3600 5840 Sed

2006 5878 2093 5934 Iac
2130 5875 2258 5931 mihi
2291 5875 2346 5929 iu
2378 5873 2595 5945 scriptis
2630 5882 2739 5930 tam
2760 5874 2970 5933 Christi
3011 5879 3087 5935 tui
3130 5887 3185 5935 et
3224 5878 3395 5933 sancti
3433 5875 3593 5945 bapt'r
