4142 6350
559 392 664 464 303

1596 399 1685 458 DE
1719 389 1895 457 VITIS
1933 391 2217 453 PATRUM
2254 384 2458 447 LIBER
2497 385 2765 446 PRIMUS.

3731 369 3839 437 5υό

558 519 747 579 sinatis
777 515 1129 575 voluntariam
1161 513 1676 574 abrenuntiationem
1698 557 1714 585 ,
1759 529 1919 586 quam
1959 512 2013 568 in
2055 524 2141 566 me
2166 509 2220 568 Δ
2245 503 2499 563 suasoriis
2522 503 2639 570 ejus
2669 497 2846 558 verbis
2875 493 3187 563 deveniens,
3216 494 3357 551 dixit
3387 492 3455 550 ad
3477 506 3600 551 eum
3629 508 3644 548 :
3669 491 3728 550 Si
3754 489 3838 549 vis

557 629 658 686 per
703 616 896 672 saecula
953 624 1301 685 spontaneam
1353 613 1866 682 repromissionem,
1916 618 1971 664 et
2016 607 2140 678 quia

558 720 769 762 mecum
817 706 924 761 eris
971 707 1023 760 in
1065 706 1152 761 die
1187 706 1372 776 judicii
1402 706 1559 761 simul
1602 705 1954 776 perfruiturus
1983 713 2142 758 teter-

560 798 643 854 nis
689 798 993 869 suppliciis,
1044 815 1162 870 qua:
1206 799 1334 854 mihi
1387 809 1512 855 sunt
1559 807 1873 870 praeparata.
1932 797 2001 853 At
2051 796 2143 852 ille

557 895 814 964 exposuit
859 893 1084 964 prapria:
1131 909 1320 949 manus
1361 897 1654 965 scriptum,
1688 892 2139 964 quemadmodum

556 987 729 1043 fuerat
771 988 1056 1056 expetitus.
1108 986 1419 1058 Rursusque
1469 989 1558 1044 ille
1605 997 1888 1057 corruptor
1935 986 2142 1040 anima-

562 1098 682 1137 rum
712 1081 872 1136 draco
899 1082 1132 1137 destinat
1161 1081 1435 1140 daemones
1474 1084 1813 1139 fornicationi
1885 1080 2143 1152 praeposi-

555 1183 638 1229 tos
673 1174 815 1245 (40),
848 1184 901 1230 et
932 1175 1282 1232 exardescere
1313 1177 1509 1232 faciunt
1539 1178 1770 1246 puellam
1802 1176 1869 1229 ad
1899 1189 2138 1229 amorem

553 1267 746 1335 pueri,
797 1283 915 1336 qua}
956 1267 1182 1337 projecit
1229 1284 1288 1324 se
1331 1271 1383 1322 in
1433 1269 1832 1338 pavimentum,
1877 1276 1932 1323 et
1978 1267 2144 1336 carpit

555 1360 790 1416 clamare
815 1362 880 1416 ad
919 1371 1122 1432 patrem
1151 1381 1164 1418 :
1196 1363 1449 1418 Miserere
1488 1364 1628 1429 mei,
1672 1363 1936 1416 miserere
1962 1401 1976 1425 ,
2019 1360 2143 1428 quia

555 1455 806 1511 atrociter
847 1466 1099 1527 torqueor
1141 1467 1364 1527 propter
1405 1456 1563 1510 talem
1605 1469 1829 1524 puerum
1873 1461 2138 1508 nostrum.

556 1548 878 1619 Compatere
938 1549 1236 1605 visceribus
1298 1551 1442 1616 tuis,
1497 1547 1719 1603 ostende
1773 1548 1826 1602 in
1880 1561 1967 1602 me
2020 1548 2141 1601 uui-

555 1643 788 1713 genitam
843 1652 987 1697 tuam
1038 1654 1318 1712 paternum
1373 1641 1668 1706 allectum,
1729 1651 1780 1696 ct
1835 1641 2000 1711 jungc
2058 1654 2144 1695 me

553 1750 760 1806 puero,
794 1751 952 1807 quem
995 1736 1152 1806 elegi.
1185 1735 1338 1803 Quod
1392 1736 1437 1790 si
1487 1736 1602 1790 haec
1650 1751 1809 1804 agere
1861 1734 2136 1800 nolueris,

553 1830 760 1885 videbis
808 1846 892 1884 me
931 1845 1113 1885 amara
1143 1840 1314 1884 morte
1364 1839 1481 1898 post
1529 1830 1804 1899 paululum
1837 1838 2136 1895 mortuam,

2246 603 2376 656 mihi
2405 599 2736 667 satisfacere,
2767 604 2821 652 et
2845 593 3112 650 infelicem
3142 590 3378 646 animam
3406 604 3582 645 meam
3632 587 3839 644 certiﬁ-

2246 711 2393 762 care,
2424 710 2543 752 cras
2573 708 2672 763 ego
2699 700 2754 748 et
2778 699 2832 746 tu
2861 702 3140 760 pergemus
3181 684 3501 742 unanimiter
3545 681 3613 738 ad
3661 681 3838 738 eccle-

2245 791 2404 858 siam,
2434 797 2490 845 et
2528 802 2710 843 coram
2760 800 2847 840 me
2904 797 3062 839 sume
3113 783 3430 838 intemerata
3476 777 3751 848 mysteria,
3785 784 3842 832 et

2247 884 2424 938 taliter
2452 881 2581 937 mihi
2612 880 2812 948 poteris
2860 878 3189 934 satisfacere.
3241 874 3393 930 Tunc
3441 881 3662 928 coactus
3704 869 3840 925 dixit

2246 981 2293 1035 ei
2324 976 2641 1036 sententiam
2668 974 2907 1046 capituli.
2934 973 3184 1029 Protinus
3223 981 3350 1038 ergo
3399 967 3574 1037 puella
3601 961 3838 1022 feminea

2247 1073 2557 1129 infirmitate
2588 1070 2849 1141 deposita,
2875 1077 2927 1124 et
2946 1065 3171 1122 consilio
3199 1065 3340 1120 bono
3370 1068 3594 1131 accepto
3617 1102 3632 1129 ,
3665 1059 3844 1116 currit

2248 1166 2313 1220 ad
2346 1174 2615 1236 pastorem
2639 1172 2694 1220 et
2713 1161 3032 1232 discipulum
3053 1158 3250 1214 Christi
3277 1155 3552 1224 Basilium,
3575 1153 3839 1209 adversus

2250 1268 2452 1314 tantam
2508 1258 2744 1314 clamans
2793 1257 3119 1325 impietatem
3171 1270 3184 1305 :
3238 1249 3657 1307 Misericordiam
3707 1246 3844 1302 mihi

2249 1351 2458 1407 miserm
2489 1359 2704 1421 praesta,
2735 1358 2918 1406 sancte
2964 1348 3082 1416 Dei,
3111 1347 3372 1402 miserere
3417 1344 3545 1411 mei,
3577 1340 3845 1412 discipule

2249 1445 2482 1512 Domini,
2509 1462 2627 1516 quae
2658 1451 2992 1500 contractum
3022 1455 3144 1496 cum
3169 1439 3503 1496 daemonibus
3533 1438 3656 1494 feci.
3683 1436 3842 1494 Mise-

2247 1556 2368 1597 rere
2400 1540 2526 1609 mei,
2558 1556 2675 1610 quae
2705 1539 2921 1609 proprio
2954 1537 3087 1608 patri
3142 1536 3278 1590 facta
3328 1550 3446 1590 sum
3498 1531 3842 1588 inobediens.

2249 1634 2316 1688 Et
2343 1633 2553 1702 cognita
2583 1631 2659 1686 illi
2690 1631 2816 1687 fecit
2847 1631 2925 1686 rei
2958 1639 3124 1699 gestae
3156 1627 3394 1698 negotia.
3426 1626 3598 1681 Porro
3625 1636 3848 1682 sanctus

2247 1723 2364 1788 Dei,
2394 1735 2690 1779 convocato
2725 1737 2912 1793 puero,
2938 1720 3310 1778 sciscitabatur
3331 1718 3397 1774 ab
3425 1733 3490 1774 eo
3515 1716 3560 1772 si
3585 1716 3699 1773 [nec
3747 1718 3849 1772 hu-

2245 1816 2481 1887 jusmodi
2530 1826 2734 1873 essent.
2784 1816 2884 1883 Qui
2918 1815 2983 1870 ad
3014 1824 3255 1871 sanctum
3283 1828 3404 1868 cum
3436 1811 3690 1880 lacrymis
3720 1810 3797 1865 ait
3829 1827 3845 1865 :

554 1934 610 1980 ει
668 1926 929 1979 rationem
994 1925 1148 1980 dabis
1217 1926 1324 1981 Deo
1387 1941 1481 1993 pm
1541 1941 1626 1979 me
1682 1926 1734 1978 in
1793 1924 1880 1980 die
1931 1924 2139 1994 judicii,
2173 1905 2221 1966 Β
2250 1913 2443 1976 Etiam,
2473 1921 2657 1967 sancte
2691 1912 2802 1966 Dei.
2831 1910 2963 1966 Nam
2992 1912 3092 1966 etsi
3124 1924 3224 1979 ego
3255 1916 3492 1972 tacuero,
3525 1920 3692 1976 opera
3724 1918 3847 1961 mea

555 2015 712 2089 ’[57
746 2017 903 2074 Pater
931 2029 1106 2073 autem
1138 2034 1259 2073 cum
1291 2019 1541 2089 lacrymis
1569 2018 1777 2073 dicebat
1808 2036 1821 2072 :
1858 2018 1971 2073 Heu
2014 2018 2146 2072 mihi

551 2112 852 2181 peccatoril
886 2112 1009 2181 quid
1037 2121 1121 2170 est
1152 2111 1290 2180 quod
1323 2111 1544 2181 contigit
1576 2112 1787 2166 misera:
1818 2110 1943 2166 ﬁlia:
1972 2112 2148 2168 meas?

553 2203 671 2272 quis
705 2202 1014 2258 thesaurum
1047 2219 1224 2259 meum
1265 2203 1468 2259 furatus
1504 2205 1627 2258 est?
1675 2205 1794 2274 quis
1843 2205 1965 2259 ﬁliae
2013 2220 2147 2260 mea:

552 2292 801 2362 injuriam
828 2294 1037 2348 intulit?
1067 2295 1185 2365 quis
1206 2294 1360 2350 dulce
1385 2296 1660 2350 oculorum
1694 2310 1936 2351 meorum
1967 2295 2145 2351 lumen

552 2384 842 2440 exstinxit?
870 2402 970 2455 ego
1000 2396 1053 2443 te
1081 2402 1296 2456 semper
1323 2388 1697 2456 supercmlcsti
1728 2403 1927 2458 sponso
1953 2390 2138 2445 consi-

551 2480 712 2538 liatus
741 2497 856 2537 sum
889 2483 1218 2553 desponSnre
1247 2483 1484 2551 Christo,
1513 2492 1566 2538 et
1597 2483 1923 2553 Angelorum
1958 2495 2148 2540 contu-

553 2572 743 2629 bernio
773 2575 970 2630 sociam
1001 2577 1351 2642 constituere,
1384 2575 1520 2630 etin
1567 2575 1790 2644 psalmis
1835 2586 1889 2631 et
1933 2576 2148 2648 hymnis

565 2675 621 2722 et
646 2669 874 2724 canticis
904 2670 1268 2741 spiritualibus
1316 2686 1508 2727 canere
1539 2673 1645 2727 Deo
1675 2673 2059 2736 accelerabam,
2090 2681 2146 2728 tu

555 2771 736 2816 autem
767 2762 821 2816 in
852 2763 1122 2818 lasciviam
1154 2763 1461 2834 petulantiae
1483 2764 1746 2820 insanisti.
1779 2763 1996 2819 Dimitte
2035 2780 2143 2831 me,

555 2856 693 2912 sicut
717 2857 840 2911 volo
861 2899 876 2923 ,
906 2872 1025 2912 cum
1059 2859 1169 2914 Deo
1194 2867 1524 2914 contractum
1574 2857 1766 2923 facere,
1801 2873 1869 2914 ne
1914 2858 2147 2913 deducas

557 2957 887 3004 senectutem
920 2966 1093 3004 meam
1119 2966 1239 3005 cum
1271 2965 1502 3006 maerore
1531 2951 1584 3006 in
1635 2951 1902 3007 infernum
1927 2993 1943 3018 ,
1975 2967 2148 3021 neque

559 3041 874 3099 confusione
929 3044 1260 3100 nobilitatem
1313 3054 1591 3114 parentum
1648 3054 1856 3101 tuorum
1911 3046 2145 3116 operias.

558 3135 688 3201 Quae
711 3137 763 3191 in
795 3138 1019 3192 nihilum
1049 3147 1300 3208 reputans
1323 3153 1439 3208 qua;
1461 3154 1490 3192 a
1514 3147 1665 3210 patre
1687 3139 1784 3194 sibi
1808 3139 2144 3207 dicebantur,

559 3229 938 3296 perseverabat
965 3228 1206 3285 clamans
1237 3247 1250 3283 :
1281 3230 1440 3285 Pater
1461 3231 1555 3298 mi,
1589 3241 1678 3286 aut
1707 3229 1792 3286 fac
1819 3231 2144 3288 desiderium

2252 2007 2578 2063 clamabunt.
2611 2006 2678 2061 Et
2706 2005 2978 2060 enarravit
3005 2005 3052 2059 ei
3084 2014 3137 2058 et
3165 2002 3279 2072 ipse
3318 2001 3608 2072 malignam
3640 1998 3843 2056 diaboli

2252 2101 2651 2170 operationem,
2683 2100 2913 2170 qualiter
2964 2099 3032 2153 ab
3079 2097 3302 2152 exordio
3357 2112 3525 2167 usque
3573 2093 3640 2150 ad
3688 2095 3849 2150 ﬁnem

2251 2194 2412 2250 fuerit
2439 2195 2782 2251 subsecutus.
2813 2194 2964 2248 Tune
3014 2192 3144 2247 dicit
3187 2193 3232 2247 ei
3281 2210 3292 2244 :
3346 2191 3437 2246 Vis
3494 2190 3734 2246 converti
3783 2187 3851 2246 ad

2255 2289 2540 2345 Dominum
2588 2290 2754 2345 Deum
2800 2287 3214 2353 nostrum?Qui
3246 2285 3386 2340 dixit
3419 2303 3430 2337 :
3477 2285 3651 2340 Etiam
3704 2285 3852 2350 volo,

2253 2383 2348 2439 sed
2397 2398 2504 2438 non
2554 2397 2795 2453 possum.
2850 2381 2990 2435 Dicit
3037 2380 3084 2434 ei
3140 2397 3153 2435 :
3199 2378 3341 2434 Cur?
3387 2375 3679 2446 ReSpondit
3723 2391 3737 2428 :
3794 2373 3854 2431 lu

2255 2478 2472 2548 scriptis
2499 2477 2870 2532 abrenuntiavi
2899 2474 3132 2541 Christo,
3182 2482 3235 2528 et
3284 2471 3458 2527 foedus
3503 2470 3680 2542 pepigi
3728 2483 3852 2524 cum

2254 2568 2492 2625 diabolo.
2531 2568 2668 2624 Dicit
2695 2568 2746 2624 ei
2774 2579 2991 2624 sanctus
3016 2583 3029 2622 :
3050 2566 3163 2622 Non
3187 2565 3280 2620 tibi
3299 2565 3368 2620 sit
3389 2579 3533 2619 curae
3556 2580 3571 2620 :
3592 2563 3853 2633 benignus

2251 2671 2337 2718 est
2364 2663 2506 2717 Deus
2529 2672 2730 2731 noster,
2753 2672 2810 2718 et
2833 2661 3088 2732 suscipiet
3112 2674 3162 2716 te
3187 2659 3553 2729 paenitentiam
3577 2664 3853 2729 agentem.

2250 2755 2518 2827 Benignus
2548 2756 2690 2812 enim
2721 2765 2806 2811 est
2832 2770 2994 2825 super
3039 2754 3259 2810 malitiis
3299 2751 3516 2808 nostris.
3568 2749 3635 2806 Et
3675 2750 3856 2822 proji-

2263 2852 2413 2907 ciens
2446 2866 2506 2906 se
2557 2852 2733 2920 puella
2772 2851 2838 2906 ad
2871 2851 3049 2922 .pedes
3091 2850 3229 2919 ejus,
3275 2846 3584 2919 evangelice
3633 2844 3854 2916 rogabat

2251 2960 2396 3006 eum.
2432 2944 2620 3000 dicens
2659 2963 2670 3000 :
2707 2943 2978 3014 Discipule
3007 2940 3205 2998 Christi
3257 2942 3352 2996 Dei
3405 2939 3595 3007 nostri,
3629 2940 3674 2994 si
3723 2936 3854 3008 quid

2251 3047 2429 3107 potes,
2459 3037 2652 3106 adjuva
2678 3053 2798 3093 nos.
2835 3036 2973 3091 Dicit
3003 3045 3224 3091 sanctus
3254 3035 3322 3089 ad
3369 3049 3590 3103 puerum
3621 3049 3634 3088 :
3663 3029 3856 3087 Credis

2250 3147 2411 3204 posse
2431 3133 2663 3188 salvari?
2688 3134 2756 3187 At
2785 3131 2875 3187 illc
2905 3131 3040 3186 dixit
3072 3147 3084 3184 :
3120 3129 3314 3196 Credo,
3347 3128 3572 3184 Domine
3605 3146 3619 3196 ;
3656 3126 3855 3197 adjuva

2253 3226 2682 3284 incredulitatem
2717 3243 2889 3283 meam
2920 3225 3116 3297 (Marci
3145 3225 3250 3294 1x).
3303 3224 3371 3280 Et
3420 3223 3702 3279 confestim
3755 3236 3856 3292 ap-

561 3339 764 3390 uteum,
799 3331 888 3377 aut
935 3324 1081 3393 prius
1129 3325 1422 3394 pauxillum
1470 3337 1732 3380 mortuam
1781 3342 1868 3382 me
1915 3325 2145 3382 videbis.
2179 3295 2225 3359 ϐ
2257 3323 2521 3392 prehensa
2550 3338 2710 3376 manu
2733 3322 2870 3391 ejus,
2898 3329 2951 3375 et
2979 3319 3118 3375 facto
3147 3332 3308 3387 super
3329 3332 3452 3372 eum
3474 3314 3674 3370 Christi
3699 3313 3856 3385 signo

562 3414 721 3469 Pater
745 3415 921 3484 itaque
946 3417 1060 3487 ejus
1083 3418 1133 3472 in
1162 3433 1352 3489 magna
1375 3419 1776 3476 dementatione
1798 3421 2142 3492 constitutus,

561 3516 670 3561 tam
691 3507 1050 3565 immensitate
1062 3512 1328 3568 maestitiae
1346 3513 1648 3581 absorptus,
1674 3529 1833 3583 quam
1851 3514 2148 3570 amicorum

563 3598 800 3654 consiliis
815 3602 1158 3671 acquiescens
1173 3619 1230 3659 se
1249 3604 1650 3659 admonentium
1666 3620 1727 3660 ac
1744 3606 2032 3662 dicentium
2050 3623 2147 3662 ex-

560 3693 746 3761 pedire
765 3696 938 3763 petitis
956 3696 1283 3753 voluntatem
1306 3698 1494 3768 puellae
1513 3699 1651 3764 ﬁeri,
1668 3715 1825 3767 quam
1845 3715 1968 3756 sese
1986 3703 2151 3756 mani-

560 3785 661 3841 bus
687 3788 1002 3855 interﬁcere,
1026 3791 1319 3859 consensit,
1341 3800 1395 3847 et
1415 3793 1665 3862 praecepit
1686 3793 1799 3848 ﬁeri
1821 3793 2146 3851 desiderium

559 3881 752 3948 puellae
782 3883 975 3951 potius,
1008 3898 1166 3953 quam
1198 3899 1317 3939 eam
1345 3884 1604 3940 exitiabili
1632 3885 1845 3941 tradere
1872 3888 2054 3941 morti.
2083 3887 2149 3946 Et

557 3987 684 4026 mox
719 3975 940 4041 protulit
970 3990 1194 4044 puerum
1223 3980 1312 4044 qui
1345 3977 1716 4046 quaerebatur,
1746 3979 1901 4034 simul
1929 3990 1982 4036 et
2025 3994 2148 4049 pro-

557 4065 727 4132 priam
753 4067 1007 4134 genitam,
1036 4076 1090 4121 et
1117 4067 1250 4122 dans
1280 4069 1358 4122 eis
1388 4070 1562 4124 omnia
1615 4071 1754 4125 bona
1803 4087 1918 4140 sua,
1963 4074 2098 4128 dixit
2133 4090 2148 4126 :

558 4157 720 4212 Salve
751 4167 873 4214 nata
921 4176 1046 4216 vere
1094 4166 1326 4228 misera;
1360 4165 1584 4220 multum
1636 4165 2012 4222 lamentaberis
2057 4183 2144 4223 re-

557 4253 902 4322 poenitensiu
952 4257 1286 4324 novissimis,
1313 4261 1523 4329 quando
1571 4261 1704 4315 nihil
1747 4260 1838 4315 tibi
1885 4261 2143 4330 proderit.

557 4344 726 4400 Porro
755 4347 968 4402 nefandi
994 4350 1317 4404 matrimonii
1340 4353 1586 4422 conjugio
1609 4355 1768 4419 facto,
1790 4361 1845 4408 et
1865 4354 2147 4409 diabolicae

558 4441 882 4508 operationis
932 4443 1202 4512 completo
1246 4442 1522 4512 facinore,
1572 4455 1626 4502 et
1686 4461 1854 4515 pauco
1907 4457 2146 4519 tempore

557 4539 944 4598 praetereunte,
979 4544 1190 4591 notatus
1232 4546 1312 4591 est
1366 4554 1496 4606 puer
1541 4556 1570 4594 a
1621 4542 1956 4610 quibusdam,
2003 4543 2144 4614 quod

560 4641 666 4679 non
716 4627 1084 4696 ingrederetur
1130 4631 1433 4698 ecclesiam,
1479 4649 1650 4704 neque
1696 4643 2004 4690 attrectaret
2044 4636 2144 4691 im-

557 4719 801 4772 mortalia
832 4729 883 4773 et
912 4722 1117 4776 viviﬁca
1145 4736 1498 4790 sacramenta,
1533 4735 1584 4780 et
1612 4726 1795 4780 dicunt
1826 4728 2145 4783 miseranda:

557 4810 713 4866 uxori
734 4810 848 4880 ejus
876 4830 889 4864 :
915 4812 1134 4868 Noveris
1163 4816 1285 4886 quia
1315 4819 1538 4872 maritus
1564 4827 1705 4881 tuus,
1730 4835 1886 4888 quem
1912 4818 2143 4894 elegisti,

559 4923 665 4961 non
693 4918 776 4962 est
799 4907 1153 4978 Christianus,
1184 4913 1276 4967 sed
1305 4923 1590 4967 extraneos
1615 4922 1697 4967 est
1722 4929 1749 4966 a
1782 4914 1922 4981 ﬁde,
1954 4923 2009 4970 et
2054 4931 2148 4983 pe-

559 5001 704 5055 nitus
730 5010 812 5056 est
841 5002 1062 5058 alienus.
1098 5003 1225 5071 Quae
1255 5005 1487 5060 tenebris
1516 5014 1570 5059 et
1597 5004 1712 5060 dira
1738 5007 1889 5077 plaga
1918 4993 2140 5076 referta,

556 5094 781 5164 projecit
809 5111 866 5152 se
897 5099 948 5152 in
979 5100 1359 5168 pavimentum,
1389 5108 1443 5154 et
1472 5100 1635 5168 coepit
1682 5101 1892 5171 ungulis
1943 5111 2145 5159 semet-

555 5188 726 5257 ipsam
751 5189 1076 5260 discerpere,
1098 5201 1152 5245 et
1178 5199 1457 5260 percutere
1479 5200 1661 5258 pectus
1685 5202 1841 5263 atque
1863 5193 2097 5249 clamare
2124 5213 2137 5248 :

553 5279 724 5336 Nemo
749 5298 999 5353 umquam
1022 5283 1107 5353 qui
1137 5284 1441 5352 parentibus
1465 5283 1784 5340 inobedieus
1807 5287 1926 5356 fuit,
1959 5286 2141 5340 salvus

557 5371 731 5429 factus
760 5384 862 5429 est.
895 5376 1025 5441 Quis
1055 5373 1393 5428 annuntiabit
1423 5375 1556 5442 patri
1607 5392 1726 5431 meo
1771 5377 2138 5433 confusionem

554 5471 764 5526 meam?
796 5470 908 5527 Heu
941 5471 1067 5524 mihi
1096 5467 1324 5525 infelici!
1364 5469 1416 5524 in
1463 5469 1606 5541 quod
1655 5471 1966 5540 perditionis
2016 5487 2142 5542 pro-

552 5560 776 5620 fundum
805 5561 1089 5620 descendi!
1124 5577 1290 5633 quare
1319 5571 1442 5617 nata
1469 5564 1623 5618 sum?
1668 5563 1750 5617 vel
1800 5575 1920 5618 nata
1967 5579 2140 5634 quare

555 5670 664 5711 non
706 5657 886 5712 statim
932 5654 1306 5722 indireptibilis
1337 5654 1451 5730 [GL
1479 5656 1835 5732 ἀνάρπαστος,
1880 5655 2142 5728 abrepta]

549 5744 694 5802 facta
722 5748 880 5803 sum?
909 5745 1222 5816 llujusmodi
1251 5761 1380 5818 ergo
1421 5762 1540 5803 eam
1587 5748 2009 5817 complorantem
2058 5763 2145 5804 se-

550 5840 742 5895 ductus
768 5842 848 5896 vir
875 5840 989 5910 ejus
1018 5856 1338 5911 agnoscens,
1365 5844 1513 5898 venit
1538 5842 1606 5897 ad
1651 5857 1790 5909 eam,
1819 5856 2142 5900 asseverans

558 5947 665 5988 non
694 5949 752 5990 se
778 5935 848 5990 ita
877 5935 956 5990 rei
984 5936 1264 5992 veritatem
1295 5937 1527 5993 habere:
1560 5952 1678 6007 qua:
1706 5939 1758 5993 in
1801 5937 2141 6008 refrigerium

2253 3414 2410 3471 simul
2438 3425 2490 3471 et
2518 3416 2786 3481 oratione,
2822 3412 3049 3470 retrusit
3077 3412 3225 3467 illum
3277 3412 3328 3466 in
3379 3425 3488 3465 uno
3537 3409 3676 3479 loco,
3711 3409 3855 3464 intra

2252 3526 2411 3581 quem
2439 3511 2576 3566 sacri
2607 3508 2938 3565 habebantur
2966 3509 3194 3564 amictus
3224 3505 3368 3575 (41).
3402 3504 3468 3559 Et
3503 3504 3624 3559 data
3653 3502 3703 3558 ei
3757 3517 3849 3558 re-

2251 3606 2372 3673 gula
2395 3604 2571 3658 oravit
2594 3611 2647 3658 et
2677 3603 2791 3672 ipse
2819 3617 2916 3671 pro
2943 3601 3034 3656 illo
3063 3616 3160 3671 per
3190 3606 3300 3654 tres
3351 3598 3487 3654 dies.
3544 3596 3673 3651 Post
3714 3608 3852 3665 quos

2252 3698 2482 3752 visitavit
2507 3711 2666 3762 eum,
2698 3707 2751 3752 et
2799 3695 2936 3751 dixit
2983 3711 2997 3748 :
3045 3692 3327 3762 Quomodo
3378 3701 3430 3747 te
3479 3689 3681 3755 habes,
3733 3687 3854 3743 ﬁli?

2253 3793 2389 3847 Dicit
2415 3794 2463 3847 ei
2491 3808 2660 3862 puer:
2693 3791 2752 3846 In
2799 3806 2989 3861 magna
3035 3804 3186 3856 sum,
3235 3786 3477 3854 domine,
3523 3781 3850 3840 defectione.

2253 3887 2449 3943 Sancte
2475 3885 2590 3948 Dei.
2611 3900 2717 3940 non
2743 3884 2941 3940 sutiero
2973 3884 3263 3949 clamores,
3295 3893 3544 3951 pavores,
3567 3877 3768 3947 jacula,
3797 3885 3853 3932 et

2251 3979 2602 4049 lapidationes
2628 3981 2889 4047 ipsorum.
2921 3979 3190 4035 Tenentes
3220 3977 3363 4034 enim
3396 3974 3628 4047 propriae
3657 3985 3852 4028 manus

2251 4087 2387 4127 meae
2436 4073 2753 4136 scripturam
2775 4115 2789 4137 ,
2839 4071 3194 4142 objurgantur
3222 4072 3274 4125 in
3306 4084 3414 4135 me,
3446 4067 3688 4124 dicentes
3721 4081 3735 4118 :
3768 4063 3852 4120 Tu

2251 4167 2442 4222 venisti
2473 4168 2537 4222 ad
2571 4183 2690 4234 nos,
2720 4181 2828 4222 non
2861 4181 2960 4222 nos
2994 4165 3060 4219 ad
3087 4175 3158 4220 te.
3188 4165 3254 4219 Et
3303 4163 3435 4218 dicit
3478 4162 3526 4218 ei
3565 4167 3782 4216 sanctus
3831 4174 3848 4211 :

2251 4260 2367 4315 Noli
2393 4261 2604 4326 timere,
2635 4260 2710 4314 ﬁli
2739 4261 2847 4327 mi,
2881 4257 3251 4315 tantummodo
3278 4256 3457 4312 crede.
3511 4254 3579 4309 Et
3625 4253 3751 4308 data
3800 4249 3851 4306 ei

2249 4353 2458 4408 modica
2484 4368 2630 4418 esca,
2664 4360 2718 4407 et
2741 4353 2877 4408 facto
2905 4366 3070 4421 super
3097 4365 3217 4406 eum
3248 4348 3449 4405 Christi
3483 4347 3662 4402 denuo
3693 4345 3852 4414 signo

2248 4457 2302 4504 et
2327 4449 2602 4512 oratione,
2637 4448 2852 4503 inclusit
2882 4463 3004 4503 eum
3034 4464 3048 4513 ;
3078 4458 3131 4504 et
3163 4455 3284 4517 post
3311 4460 3510 4516 paucos
3559 4443 3677 4500 dies
3723 4442 3852 4498 visi-

2250 4542 2378 4596 tavit
2426 4543 2596 4609 illum,
2624 4550 2680 4597 et
2723 4541 2862 4596 dixit
2896 4558 2908 4594 :
2943 4541 3227 4609 Quomodo
3259 4551 3309 4598 te
3341 4540 3530 4605 habes,
3562 4537 3680 4593 ﬁli?
3709 4538 3801 4593 Ait
3831 4553 3848 4593 :

2251 4631 2409 4688 Pater
2430 4643 2638 4699 sancte,
2669 4650 2698 4688 a
2725 4634 2882 4701 longe
2909 4634 3174 4689 clamores
3200 4647 3385 4688 eorum
3413 4631 3573 4686 audio
3600 4629 3764 4686 simul
3794 4636 3850 4686 et

2253 4729 2455 4794 atinas;
2487 4743 2610 4782 nam
2641 4741 2746 4780 non
2775 4726 2934 4781 video
2964 4727 3101 4781 illos.
3137 4725 3201 4780 Et
3235 4741 3420 4780 rursus
3445 4728 3578 4778 dato
3603 4723 3652 4778 ei
3699 4723 3845 4790 cibo,

2251 4832 2304 4877 et
2318 4821 2481 4877 etfusa
2501 4821 2744 4877 oratione
2766 4820 2956 4875 clausit
2977 4820 3196 4886 ostium,
3215 4827 3270 4874 et
3292 4817 3560 4874 discessit.
3577 4817 3847 4873 Praeterea

2249 4915 2660 4986 quadragesimo
2685 4916 2773 4970 die
2800 4914 2931 4969 abiit
2954 4914 3020 4968 ad
3043 4929 3189 4972 eum.
3215 4922 3268 4970 et
3293 4913 3422 4969 dicit
3450 4913 3526 4967 illi
3562 4930 3575 4967 :
3607 4911 3846 4978 Quomo-

2249 5009 2318 5064 do
2349 5019 2399 5064 te
2421 5009 2602 5075 habes,
2625 5008 2828 5062 frater?
2860 5007 3154 5077 ReSpondrt
3175 5016 3228 5063 et
3253 5008 3383 5062 dicit
3405 5008 3451 5061 ei
3483 5022 3495 5060 :
3529 5006 3695 5072 Bene,
3721 5021 3849 5062 san-

2248 5111 2334 5158 cte
2361 5101 2478 5156 Dei.
2514 5100 2632 5155 Vidi
2677 5103 2820 5157 enim
2867 5109 2920 5157 te
2961 5101 3123 5156 hodie
3164 5101 3217 5156 in
3263 5099 3466 5155 somnis
3519 5108 3845 5169 pugnantem

2254 5207 2348 5262 pro
2376 5206 2482 5258 me,
2513 5201 2567 5247 et
2594 5191 2898 5248 vincentem
2929 5193 3219 5248 diabolum.
3246 5192 3365 5246 Mox
3387 5205 3516 5261 ergo
3540 5189 3838 5246 secundum

2250 5286 2690 5342 consuetudinem
2717 5287 2852 5342 facta
2879 5287 3124 5342 oratione
3154 5285 3345 5342 eduxit
3393 5284 3563 5350 illum,
3589 5293 3642 5338 et
3689 5281 3844 5337 duxit

2248 5378 2397 5434 illum
2425 5379 2490 5434 ad
2519 5379 2824 5434 cubiculum
2848 5395 3024 5434 suum.
3057 5378 3215 5451 158
3242 5378 3394 5433 Mane
3442 5389 3620 5432 autem
3673 5374 3838 5439 facto,

2247 5483 2539 5528 convocato
2567 5482 2676 5527 tam
2707 5475 3000 5530 venerabili
3031 5474 3180 5529 clero
3207 5487 3369 5542 quam
3410 5478 3755 5526 monasteriis
3784 5476 3842 5523 et

2247 5567 2392 5623 omni
2420 5567 2633 5624 Christo
2662 5568 2879 5623 amabili
2911 5569 3128 5638 populo,
3156 5567 3286 5622 dixit
3317 5568 3396 5622 eis
3431 5584 3442 5618 :
3480 5563 3598 5619 Filii
3627 5561 3732 5620 mei
3758 5561 3841 5616 di-

2249 5659 2392 5726 lecti,
2425 5659 2656 5714 universi
2686 5658 2882 5729 gratias
2927 5672 3147 5727 agamus
3201 5657 3468 5722 Domino;
3521 5670 3647 5712 ecce
3690 5653 3838 5712 enim

2247 5751 2478 5806 futurum
2507 5759 2586 5806 est
2616 5759 2674 5804 ut
2704 5766 2860 5805 ovem
2910 5750 3173 5819 perditam
3226 5760 3409 5820 pastor
3453 5749 3628 5805 bonus
3673 5739 3844 5817 super.

2248 5844 2500 5899 humeros
2528 5859 2654 5899 suos
2682 5845 2920 5915 imponat
2947 5845 3125 5914 (Luca:
3155 5845 3242 5915 xv)
3269 5887 3283 5911 ,
3314 5852 3369 5900 et
3395 5845 3616 5900 reducat
3642 5839 3836 5895 Eccle-

2247 5935 2377 6005 siae;
2409 5946 2464 5993 ct
2506 5953 2603 5994 nos
2643 5947 2856 6007 oportet
2904 5938 3216 6009 pervigilem
3267 5939 3461 5995 ducere
3509 5941 3746 6002 noctem,
3781 5938 3837 5987 et
