4142 6350
350 371 459 429 505

856 364 1021 422 VITA
1062 362 1312 422 SANCTI
1349 353 1621 432 BASlLll,
1659 363 2031 422 CrESAREE
2067 356 2530 423 CAPPADOCIIE
2572 362 3113 423 ARCHIEPISCOPI.

3532 370 3640 431 δυσ

350 485 631 556 deprecari
660 483 989 541 voluntatem
1016 481 1207 552 ipsius,
1239 489 1426 538 utnon
1455 483 1636 539 vincat
1660 489 1944 554 corruptor
1975 488 2025 546 Α
2051 481 2126 536 mi
2179 494 2354 547 soror,
2383 481 2478 536 sed
2505 495 2665 551 surge
2693 488 2748 536 et
2790 494 2919 537 orna
2949 484 3164 537 domum
3211 488 3375 547 tuam,
3406 488 3462 539 et
3495 484 3641 542 circa

351 580 676 635 animarum.
705 578 820 647 Quo
848 576 1094 646 protinus
1123 583 1245 629 acto
1264 616 1279 641 ,
1304 584 1360 630 et
1406 575 1806 647 promptissime
1846 590 1942 645 po-

352 675 478 747 pulo
503 681 828 743 congregato
849 713 863 735 ,
895 685 992 740 per
1022 679 1190 726 totam
1219 680 1432 727 noctem
1482 685 1585 725 una
1630 685 1752 725 cum
1800 671 1942 725 bono

350 778 565 841 pastore
592 767 869 837 deprecati
899 772 1024 821 sunt
1050 765 1237 834 Deum,
1268 779 1388 819 cum
1420 762 1672 835 lacrymis
1699 778 1795 833 pro
1825 764 1944 832 ipso

347 862 671 927 clamantes,
701 859 864 932 Kyric
894 857 1125 914 eleison.
1160 857 1228 913 Et
1258 856 1491 912 diluculo
1521 870 1622 910 una
1650 870 1773 910 cum
1797 856 1945 911 omni

348 953 691 1011 multitudine
718 951 895 1023 populi
949 950 1175 1005 assumit
1203 957 1421 1005 sanctus
1471 964 1719 1019 puerum,
1763 957 1817 1004 et
1864 956 1945 1005 te-

348 1063 484 1104 nens
517 1049 791 1103 dexteram
823 1061 1038 1101 manum
1070 1044 1209 1115 ejus,
1233 1045 1388 1100 duxit
1433 1059 1555 1100 eum
1600 1045 1653 1099 in
1698 1052 1944 1101 sanctam

351 1139 448 1196 Dei
474 1139 756 1195 ecclesiam
785 1153 905 1194 cum
936 1137 1159 1209 psalmis
1188 1148 1242 1192 et
1272 1137 1505 1209 hymnis.
1545 1136 1611 1192 Et
1653 1151 1780 1193 ecce
1824 1137 1941 1192 dia-

350 1232 546 1299 bolus,
603 1232 693 1302 qui
740 1232 866 1286 vitae
919 1238 1119 1286 nostra:
1171 1245 1385 1299 semper
1430 1228 1676 1298 invidet,
1709 1230 1752 1285 si
1806 1230 1945 1286 hanc

350 1325 472 1380 sine
516 1321 730 1401 tristitia
783 1320 1021 1390 viderit,
1069 1337 1190 1377 cum
1241 1330 1349 1377 tota
1401 1322 1699 1392 perniciosa
1748 1322 1944 1377 virtute

348 1431 447 1473 sua
500 1417 679 1483 venit,
728 1426 784 1471 et
828 1430 997 1485 puero
1038 1415 1367 1472 invisibiliter
1403 1416 1819 1486 comprehenso,
1847 1430 1943 1469 vo-

350 1511 449 1567 luit
474 1524 664 1581 rapere
712 1508 863 1565 illum
909 1509 980 1565 de
1028 1525 1187 1565 manu
1236 1511 1447 1575 sancti;
1499 1518 1551 1565 et
1597 1511 1765 1580 coepit
1810 1523 1943 1579 puer

348 1605 590 1660 clamans
616 1603 795 1660 dicere
829 1621 843 1659 :
876 1602 1073 1659 Sancte
1106 1604 1221 1669 Dei,
1251 1603 1514 1659 auxiliare
1541 1603 1694 1672 mihi,
1713 1612 1781 1659 'et
1806 1602 1943 1659 adeo

349 1704 535 1752 contra
584 1694 736 1750 illum
795 1694 1092 1764 impudenti
1147 1694 1400 1749 instantia
1446 1695 1618 1763 venit,
1664 1704 1722 1749 ut
1768 1694 1942 1764 ipsum

352 1788 630 1859 egregium
664 1787 918 1843 Basilium
947 1787 1104 1843 simul
1135 1802 1257 1844 cum
1285 1787 1377 1842 illo
1403 1787 1703 1858 impelleret
1731 1795 1785 1843 et
1810 1787 1941 1842 sub-

350 1890 607 1939 verteret.
637 1879 942 1937 Conversus
972 1895 1099 1950 ergo
1129 1889 1347 1936 sanctus
1374 1879 1442 1958 ad
1490 1879 1760 1936 diabolum
1809 1880 1884 1934 ait
1924 1896 1936 1932 :
1973 1884 2023 1943 Β
2050 1879 2142 1935 ivit
2173 1882 2237 1936 ad
2269 1882 2548 1938 colendam
2584 1895 2804 1941 terram.
2836 1886 2936 1951 Qui
2989 1885 3126 1941 dixit

350 1975 838 2046 lmpudentissime,
867 1982 923 2032 et
947 1973 1245 2030 animarum
1276 1975 1536 2041 violator,
1586 1983 1741 2044 pater
1790 1983 1944 2031 tene-

350 2070 569 2127 brarum
600 2078 655 2126 et
682 2069 1020 2140 perditionis,
1050 2085 1158 2124 non
1189 2069 1284 2125 tibi
1312 2070 1510 2125 sufficit
1553 2078 1641 2125 tua
1689 2070 1942 2140 perditio,

351 2178 509 2235 quam
543 2162 753 2218 tibimet
785 2162 886 2230 ipsi
917 2172 970 2217 et
998 2161 1080 2217 bis
1109 2163 1197 2233 qui
1229 2163 1329 2218 sub
1379 2172 1432 2219 te
1474 2172 1601 2219 sunt
1648 2163 1941 2234 acquisisti,

350 2254 446 2310 sed
476 2254 654 2312 adhuc
678 2269 786 2309 non
808 2253 1057 2325 quiescis,
1088 2262 1143 2309 et
1175 2253 1266 2309 Dei
1297 2253 1400 2310 mei
1424 2255 1625 2325 plasma
1651 2255 1946 2312 tentando?

352 2347 608 2403 Diabolus
628 2362 758 2403 vero
782 2346 925 2403 dixit
946 2346 1013 2401 ad
1034 2361 1158 2401 eum
1187 2365 1200 2401 :
1226 2345 1556 2416 Praejudicas
1579 2346 1733 2414 mihi,
1758 2347 1944 2415 Basili,

352 2442 425 2497 ita
458 2450 520 2496 ut
550 2442 699 2496 multi
727 2456 791 2498 ex
823 2440 980 2497 nobis
1026 2440 1276 2496 audirent
1314 2440 1472 2497 voces
1518 2440 1654 2512 ejus.
1706 2443 1773 2496 At
1819 2457 1947 2498 vero

352 2546 572 2592 sanctus
601 2536 694 2592 Dei
721 2535 787 2591 ad
817 2534 969 2591 illum
1003 2554 1016 2589 :
1051 2534 1315 2606 increpat,
1341 2535 1534 2606 inquit,
1562 2535 1654 2602 tibi
1684 2535 1946 2592 Dominus

353 2627 531 2700 (Iuda:
574 2625 772 2700 ἀψῖσι),
804 2629 1027 2685 diabole.
1064 2630 1137 2685 At
1184 2629 1318 2684 ille:
1351 2627 1537 2695 Basili,
1574 2628 1947 2699 prtejudicium

351 2720 484 2774 mihi
510 2718 660 2777 facis.
687 2720 803 2775 Non
830 2722 897 2775 ivi
929 2735 1030 2793 ego
1057 2721 1121 2776 ad
1151 2736 1295 2791 eum,
1329 2721 1422 2775 sed
1453 2721 1541 2777 ille
1572 2723 1719 2777 venit
1741 2723 1807 2778 ad
1834 2738 1945 2791 me,

352 2811 783 2868 ahrenuntiando
810 2812 1080 2868 Christum
1108 2855 1124 2882 ,
1158 2829 1475 2885 mecumque
1520 2824 1605 2871 est
1653 2816 1947 2882 sponsione

352 2913 659 2979 pactuatus,
687 2916 742 2961 et
765 2921 891 2963 ecce
914 2907 1169 2977 scriptum
1201 2907 1371 2965 habeo
1422 2919 1478 2966 et
1525 2910 1581 2965 in
1629 2909 1718 2965 die
1759 2911 1946 2980 judicii

352 3013 536 3055 coram
566 3002 833 3057 communi
859 3001 1042 3073 judice
1071 3001 1309 3057 deferam
1332 3003 1485 3058 illud.
1514 3004 1745 3060 Sanctus
1766 3012 1946 3060 autem

354 3090 570 3146 Domini
600 3091 735 3147 dixit
761 3110 775 3148 :
807 3093 1125 3149 Benedictus
1155 3094 1413 3150 Dominus
1446 3095 1588 3151 Deus
1634 3110 1812 3163 meus,
1840 3110 1949 3151 non

355 3181 593 3251 deponet
623 3184 848 3254 populus
876 3184 977 3240 iste
1023 3201 1212 3240 manus
1258 3187 1327 3241 ab
1373 3187 1588 3243 excelso
1636 3187 1796 3255 coeli,
1845 3187 1948 3243 nisi

2054 573 2241 628 horam
2294 588 2489 629 nonam
2540 575 2666 630 tolle
2715 573 3040 629 thuribulum
3092 583 3146 631 et
3197 588 3384 631 cereos
3443 575 3640 649 (44),

2052 668 2266 724 obviam
2323 669 2458 723 vade
2509 677 2694 724 sancto
2746 668 2943 725 Basilio
2996 667 3442 739 archiepiscOpo;
3496 670 3643 726 venit

2050 765 2197 822 enim
2224 765 2495 835 applicare
2522 765 2575 819 in
2607 764 2767 820 domo
2797 776 2999 822 nostra.
3034 765 3127 820 llla
3160 775 3339 820 autem
3387 765 3640 821 tremefa-

2048 870 2135 917 cta
2164 876 2327 931 super
2359 870 2465 915 tam
2490 861 2782 930 gloriosum
2810 861 3031 927 dictum,
3070 860 3195 916 fecit
3220 869 3279 917 ut
3307 861 3493 917 edocta
3524 873 3638 929 est;

2049 959 2166 1009 erat
2183 960 2360 1007 autem
2383 951 2472 1007 illa
2499 953 2649 1023 virgo
2678 952 2866 1022 pudice
2889 956 3071 1008 vivens
3091 952 3440 1023 quadraginta
3464 965 3642 1009 trans-

2048 1040 2164 1096 iens
2217 1057 2356 1097 anno
2391 1058 2510 1097 cum
2559 1044 2782 1114 conjuge
2828 1059 2927 1099 suo
2973 1059 3298 1100 conservans
3344 1055 3638 1114 secretum,

2048 1134 2288 1189 sterilnm
2320 1149 2379 1191 se
2407 1135 2667 1192 simulans
2700 1136 3023 1194 hominibus.
3054 1138 3288 1195 Obvians
3319 1149 3495 1194 autem
3536 1155 3639 1196 no-

2049 1225 2136 1281 bis
2164 1241 2284 1282 cum
2312 1228 2490 1284 debita
2520 1231 2808 1295 modestia,
2840 1241 3224 1300 congruentem
3257 1233 3635 1290 salutationem

2050 1320 2294 1376 tribui-ns
2325 1323 2557 1392 primum
2591 1324 2805 1394 quidem
2833 1324 3170 1380 benedicitur
3199 1340 3228 1379 a
3261 1334 3446 1381 sancto
3480 1325 3638 1384 Patre

2049 1424 2275 1481 nostro;
2309 1415 2501 1474 deinde
2526 1417 2654 1473 dicit
2680 1418 2754 1473 illi
2802 1419 3141 1489 :Quomodo
3192 1419 3376 1484 habes,
3421 1420 3639 1478 domina

2050 1506 2518 1582 Theogniauii)?
2568 1511 2659 1566 llla
2711 1529 2862 1579 vero,
2912 1515 3203 1584 stupefacta
3249 1514 3317 1569 de
3359 1516 3643 1574 vocatione

2051 1605 2304 1667 nominis,
2340 1605 2467 1660 dicit
2496 1607 2546 1661 ei
2579 1625 2591 1661 :
2625 1609 2789 1676 Bene,
2810 1618 2993 1663 sancte
3022 1609 3135 1663 Dei.
3168 1609 3303 1666 Dicit
3327 1610 3400 1665 illi
3421 1621 3640 1670 sanctus

2052 1695 2214 1753 Pater
2241 1707 2426 1754 noster
2450 1715 2465 1755 :
2490 1699 2587 1755 Ubi
2615 1709 2699 1755 est
2724 1700 2971 1755 dominus
2994 1704 3309 1759 Anastasius
3336 1704 3641 1775 presbyter,

2049 1786 2220 1845 frater
2250 1793 2409 1845 tuus?
2440 1791 2577 1847 Dicit
2605 1794 2652 1847 ei
2686 1809 2702 1847 :
2737 1792 2957 1848 Maritus
2986 1810 3137 1849 meus
3168 1804 3271 1863 est,
3310 1796 3546 1863 domine,
3588 1805 3645 1854 et

3173 1904 3186 1942 :
3236 1887 3295 1942 In
3338 1887 3500 1944 domo
3552 1897 3646 1946 tua

2050 1981 2155 2040 est,
2189 1984 2241 2029 et
2273 1990 2343 2029 ne
2374 1975 2635 2047 fatigeris.
2668 1976 2983 2033 Verecunda
3014 1992 3142 2049 ergo
3171 1979 3364 2036 mulier
3403 1996 3509 2036 non
3557 1996 3647 2038 so-

2046 2065 2158 2122 lum
2181 2068 2247 2122 de
2267 2070 2430 2124 verbo
2456 2070 2578 2136 hoc,
2608 2082 2767 2142 atque
2788 2072 3049 2128 vocabulo
3072 2073 3306 2130 nominis
3328 2074 3433 2142 sui,
3460 2090 3648 2134 verum

2049 2161 2211 2216 etiam
2241 2162 2383 2231 quod
2416 2164 2631 2219 dixerat
2660 2165 2708 2220 ei
2745 2164 2915 2221 dciler
2945 2166 3107 2221 Pater
3147 2176 3362 2234 noster,
3391 2166 3648 2237 quoniam

2048 2254 2267 2325 quidem
2297 2256 2492 2312 mulier
2516 2255 2773 2313 existeret
2802 2259 3043 2324 nomine,
3073 2274 3230 2315 soror
3261 2274 3393 2316 vero
3428 2274 3550 2327 usu,
3592 2268 3648 2317 et

2049 2345 2348 2416 stupefacta
2370 2388 2388 2416 ,
2413 2357 2751 2418 tremoreque
2772 2363 3031 2404 concussa
3049 2389 3064 2415 ,
3087 2350 3279 2406 cecidit
3308 2351 3363 2406 in
3410 2359 3607 2408 terram
3628 2392 3645 2419 ,

2051 2439 2291 2494 clamans
2316 2448 2369 2495 et
2398 2439 2583 2496 dicens
2617 2457 2632 2495 :
2668 2441 2862 2498 Sancte
2893 2441 3011 2508 Dei,
3038 2458 3129 2498 ora
3182 2458 3280 2514 pro
3326 2460 3414 2501 me
3458 2460 3645 2515 pecca-

2052 2531 2204 2595 trice,
2241 2532 2364 2600 quia
2392 2546 2580 2601 magna
2610 2539 2663 2587 et
2695 2534 2937 2589 miranda
2962 2533 3175 2590 intueor
3196 2551 3381 2607 opera.
3417 2537 3484 2591 Et
3507 2536 3646 2595 facta

2051 2638 2216 2694 super
2246 2624 2391 2680 illam
2422 2625 2794 2682 benedictione
2816 2670 2830 2694 ,
2863 2643 3044 2683 coram
3089 2630 3339 2687 omnibus
3387 2631 3524 2687 dixit
3546 2631 3598 2688 ei
3628 2650 3643 2688 :

2052 2720 2302 2776 Extende
2332 2736 2566 2791 pannum
2599 2720 2738 2776 inter
2772 2723 2988 2778 brachia
3036 2731 3144 2779 tua.
3172 2725 3241 2782 Et
3282 2740 3405 2783 cum
3456 2736 3647 2784 exten-

2053 2816 2241 2881 disset,
2269 2816 2432 2885 jussit
2458 2815 2657 2871 efl‘undi
2688 2817 2955 2873 carbones
2985 2818 3054 2873 de
3097 2819 3369 2874 thuribulo
3415 2821 3467 2875 in
3516 2836 3646 2890 pan-

2054 2924 2217 2974 num,
2249 2924 2620 2979 superponens
2650 2912 2972 2978 incensum;
3013 2919 3069 2968 et
3115 2920 3241 2968 ante
3269 2928 3457 2969 omnes
3505 2914 3643 2984 ibat,

2055 3011 2107 3056 et
2136 3002 2477 3056 venientibus
2506 3001 2660 3057 nobis
2686 3002 2742 3056 in
2772 3002 2989 3058 domum
3022 3005 3344 3076 presbyteri,
3375 3006 3641 3072 obviavit;

2056 3103 2111 3149 et
2140 3095 2253 3163 ipse
2280 3094 2600 3148 deosculans
2657 3093 3002 3149 honorabiles
3074 3096 3190 3164 ejus
3238 3095 3421 3164 pedes,
3493 3095 3645 3153 dedit

2056 3185 2132 3240 illi
2160 3185 2212 3239 in
2244 3184 2472 3238 Domino
2519 3184 2925 3250 salutationem,
2952 3192 3004 3240 et
3035 3184 3164 3240 dicit
3211 3185 3260 3240 ei
3310 3186 3592 3257 presbyter
3622 3204 3635 3240 :

355 3276 659 3333 reddideris
689 3279 965 3350 scriptum.
1001 3280 1067 3335 Et
1093 3294 1391 3335 conversus
1420 3282 1554 3335 dixit
1600 3280 1741 3352 plebi
1769 3298 1784 3336 :
1814 3281 1947 3336 Tol-
1975 3284 2022 3347 c
2060 3277 2214 3334 Unde
2244 3276 2374 3331 mihi
2408 3276 2509 3332 hoc
2540 3284 2598 3330 ut
2619 3276 2796 3330 veniat
2818 3284 3038 3331 sanctus
3060 3276 3155 3331 Dei
3178 3277 3242 3331 ad
3271 3276 3401 3332 me?
3432 3276 3500 3331 Et
3520 3276 3648 3335 dicit

355 3370 451 3427 lite
478 3386 669 3428 manus
690 3384 899 3429 vestras
921 3375 974 3429 in
998 3374 1214 3441 caelum,
1241 3375 1474 3430 universi
1502 3376 1801 3432 clamantes
1823 3390 1947 3432 cum

356 3462 633 3534 lacrymis,
661 3463 823 3533 Kyrie
844 3466 1070 3523 eleison.
1104 3466 1346 3537 Cumque
1375 3476 1543 3522 staret
1565 3468 1793 3539 populus
1817 3468 1949 3526 hora

354 3554 522 3610 multa
542 3564 792 3612 extensas
820 3557 1081 3614 habentes
1108 3574 1297 3614 manus
1328 3562 1378 3614 in
1408 3561 1628 3626 coelum,
1662 3576 1788 3617 ecce
1814 3562 1951 3617 scri-

352 3655 505 3718 ptum
535 3649 684 3718 pueri
713 3649 767 3704 in
796 3665 976 3707 acrem
1002 3651 1364 3722 deportatum,
1397 3662 1452 3708 et
1478 3653 1547 3709 ab
1575 3654 1824 3709 omnibus
1870 3654 1952 3710 vi-

354 3754 476 3797 sum
508 3740 673 3807 venit,
708 3752 760 3798 ct
788 3743 1018 3813 positum
1072 3757 1155 3799 cst
1201 3746 1253 3799 in
1298 3759 1489 3801 manus
1538 3746 1739 3818 egregii
1785 3746 1950 3815 patris

354 3832 525 3889 nostri
554 3835 785 3905 pastoris
814 3836 1016 3891 Basilii.
1050 3837 1311 3907 Suscepto
1353 3847 1533 3894 autem
1586 3837 1703 3905 illo,
1749 3840 1952 3910 gratias

354 3928 465 3999 egit
494 3927 627 3992 Deo,
655 3929 977 4001 gavisusque
1001 3931 1350 3988 vehementer
1379 3949 1482 3988 una
1524 3948 1647 3989 cum
1695 3934 1950 3990 universa

355 4021 536 4093 plebe,
560 4023 696 4078 dixit
721 4023 786 4079 ad
818 4040 1039 4094 puerum
1071 4043 1085 4082 :
1119 4025 1477 4096 Recognoscis
1514 4025 1779 4082 litterulas
1828 4030 1948 4094 has,

354 4113 561 4171 frater?
586 4115 773 4173 Atille
820 4117 953 4173 dixit
999 4119 1066 4173 ad
1109 4135 1232 4175 eum
1282 4137 1294 4174 :
1346 4120 1550 4185 Etiam,
1601 4108 1792 4176 sancte
1832 4120 1949 4189 Dei,

356 4209 590 4280 propria:
616 4225 806 4267 manus
832 4226 966 4269 mea:
996 4214 1261 4284 scriptura
1292 4224 1395 4270 est.
1447 4214 1515 4269 Et
1561 4214 1773 4284 dirupta
1818 4215 1953 4270 scri-

353 4311 515 4374 ptura
542 4303 839 4359 introduxit
866 4320 991 4361 eum
1016 4307 1067 4362 in
1095 4307 1406 4375 ecclesiam,
1432 4316 1487 4363 et
1510 4308 1702 4379 dignus
1735 4308 1953 4365 habitus

354 4404 441 4451 est
469 4396 636 4452 sacris
664 4397 925 4454 interesse
950 4400 1233 4456 missarum
1258 4400 1473 4466 officiis,
1499 4411 1553 4457 et
1580 4402 1951 4473 participatio-

355 4501 428 4541 ne
464 4500 739 4543 sacromm
770 4490 1151 4563 mysteriorum
1172 4533 1188 4556 ,
1215 4500 1269 4547 et
1298 4492 1609 4548 muneribus
1638 4493 1856 4547 Christi.
1888 4492 1956 4547 Et

354 4579 497 4637 facta
528 4587 873 4655 susceptione
902 4601 1095 4658 magna
1123 4587 1383 4642 recreavit
1423 4588 1730 4643 universum
1784 4603 1955 4658 pupu-

2057 3372 2107 3429 ei
2140 3372 2298 3427 Pater
2327 3380 2506 3425 noster
2536 3387 2549 3424 :
2585 3371 2726 3426 Bene
2777 3380 2828 3426 te
2874 3370 3073 3436 inveni,
3106 3369 3367 3441 discipule
3395 3370 3599 3427 Christi
3627 3388 3645 3440 ;

2055 3480 2242 3521 eamus
2272 3472 2326 3517 ct
2356 3462 2614 3517 faciamus
2640 3470 2879 3517 sanctam
2912 3462 3002 3518 Dei
3030 3463 3271 3518 missam.
3322 3464 3450 3518 Erat
3502 3462 3648 3522 enim

2056 3559 2171 3628 ipse
2201 3558 2484 3629 presbyter
2516 3556 2607 3612 Dei
2633 3557 2888 3627 jejunans
2918 3573 3015 3627 per
3065 3558 3221 3631 159
3243 3559 3479 3629 singulos
3509 3558 3649 3630 dies,

2056 3651 2259 3722 absque
2290 3651 2526 3706 Sabbato
2554 3658 2609 3707 et
2639 3651 2936 3718 Dominica,
2967 3666 3074 3707 non
3102 3654 3421 3723 contingens
3447 3653 3650 3724 aliquid

2054 3741 2159 3797 nisi
2192 3757 2383 3813 panem
2414 3751 2468 3797 et
2497 3758 2713 3812 aquam.
2748 3742 2816 3796 Et
2846 3745 3192 3813 pergentibus
3241 3744 3394 3801 nobis
3442 3745 3509 3799 ad
3561 3760 3650 3801 ec~

2055 3834 2296 3901 clesiam,
2328 3835 2583 3904 praecepit
2612 3834 2950 3905 presbytero,
2987 3845 3043 3889 ut
3072 3836 3262 3890 missas
3284 3846 3523 3892 caneret.
3553 3837 3650 3895 Ille

2055 3940 2234 3985 autem
2269 3929 2344 3984 ait
2371 3930 2436 3984 ad
2465 3946 2586 3985 eum
2617 3949 2629 3984 :
2665 3930 2863 3985 Sancte
2888 3931 3003 3999 Dei,
3037 3910 3177 3986 sicut
3203 3932 3390 3997 doces,
3422 3931 3513 4002 qui
3545 3947 3649 3987 ma-

2057 4021 2141 4077 lus
2166 4030 2253 4079 est
2282 4038 2313 4078 a
2341 4022 2561 4079 meliore
2589 4024 2942 4079 benedicitur.
2975 4023 3114 4080 Dicit
3144 4024 3192 4080 ei
3234 4033 3452 4081 sanctus
3500 4034 3651 4095 pater

2055 4128 2276 4175 noster:
2300 4119 2433 4173 Cum
2452 4119 2701 4174 omnibus
2714 4119 2905 4175 studiis
2927 4119 3031 4174 tuis
3048 4118 3245 4175 habeto
3263 4119 3649 4177 obedientiam.

2054 4215 2411 4271 Consentiens
2440 4225 2617 4271 autem
2649 4215 2935 4287 presbyter
2962 4215 3131 4271 astitit
3152 4215 3221 4271 ad
3248 4224 3489 4271 sanctam
3523 4216 3653 4270 mis-

2056 4318 2289 4376 sam,et
2314 4320 2555 4379 tempore
2583 4308 2925 4364 exaltationis
2974 4309 3202 4364 vivificae
3251 4311 3499 4379 corporis
3547 4309 3652 4364 Do-

2057 4404 2189 4459 mini
2221 4403 2388 4459 nostri
2416 4402 2543 4458 Jesu
2574 4402 2775 4458 Christi
2806 4403 2935 4456 vidit
2969 4412 3186 4457 sanctus
3218 4401 3335 4469 Dei,
3358 4411 3411 4458 et
3434 4403 3654 4472 quidam

2057 4496 2126 4552 de
2152 4496 2346 4568 dignis,
2373 4502 2616 4551 sanctum
2652 4494 2910 4565 Spiritum
2941 4493 3356 4549 descendentem
3382 4494 3436 4548 in
3469 4495 3654 4564 specie

2058 4591 2217 4663 ignis,
2236 4588 2659 4645 circumdantem
2687 4587 3085 4656 presbyterum,
3111 4593 3168 4640 et
3190 4593 3434 4641 sanctum
3462 4585 3653 4642 altare.

356 4672 493 4741 lum,
525 4684 581 4729 et
606 4676 766 4733 ducto
795 4694 964 4748 puero
992 4688 1048 4734 et
1095 4679 1377 4743 instructo,
1410 4688 1571 4749 atque
1617 4678 1739 4733 data
1770 4678 1819 4733 ei
1858 4679 1955 4734 de-
1982 4673 2036 4736 D
2060 4683 2527 4740 Communicantes
2549 4690 2750 4745 autem,
2780 4687 2835 4734 et
2879 4680 3077 4748 gratias
3125 4688 3352 4749 agentes
3403 4680 3653 4747 Domino,

355 4769 499 4823 centi
528 4771 747 4840 regula,
778 4772 999 4828 tradidit
1047 4786 1169 4827 eum
1219 4771 1373 4826 uxori
1420 4771 1556 4841 ejus,
1587 4768 1954 4825 indesinenter

355 4860 746 4933 glorificantem
777 4874 831 4920 et
860 4864 1161 4919 laudantem
1192 4863 1383 4919 Deum.
1420 4864 1612 4917 Amen.

429 4976 563 5033 Car.
608 4994 683 5033 tx.
731 5009 803 5020 —
846 4980 1130 5035 Enarravit
1179 4987 1357 5035 autem
1407 4986 1462 5033 et
1515 4977 1618 5031 hoc
1667 4975 1954 5047 prmdictus

357 5067 555 5123 nubilis
579 5070 661 5124 vir
693 5070 983 5139 Helladius,
1015 5073 1267 5144 quoniam
1296 5087 1398 5126 una
1452 5070 1659 5125 dierum
1712 5069 1953 5140 resplen-

356 5158 543 5225 dente,
575 5171 792 5220 sanctus
818 5172 970 5233 pater
990 5173 1044 5220 et
1066 5180 1292 5236 magnus
1315 5164 1546 5221 Basilius
1568 5162 1843 5233 profectus
1869 5173 1955 5219 est

360 5254 432 5308 de
461 5254 678 5311 civitate
708 5266 912 5323 nostra,
946 5258 1147 5314 nemini
1176 5258 1363 5327 dicens
1412 5273 1518 5329 quo
1566 5267 1711 5313 esset
1755 5256 1951 5314 iturus.

361 5345 433 5401 Et
461 5344 737 5419 ingressus
765 5364 944 5406 coram
972 5349 1125 5406 nobis
1146 5351 1275 5407 dixit
1303 5367 1317 5405 :
1344 5350 1464 5406 Filii
1491 5350 1622 5417 mei,
1662 5348 1953 5421 sequimini

362 5453 483 5506 me,
516 5449 575 5495 ut
602 5438 828 5497 videatis
857 5456 1066 5499 mecum
1115 5443 1341 5516 gloriam
1388 5443 1513 5510 Dei,
1545 5451 1600 5500 et.
1627 5442 1956 5500 admiremur

362 5529 619 5602 discipuli
644 5534 981 5605 magistrum.
1008 5536 1129 5592 Mox
1161 5552 1290 5608 ergo
1319 5544 1378 5593 ut
1404 5536 1671 5608 proficisci
1698 5538 1862 5607 coepit
1887 5536 1956 5593 de

362 5621 585 5680 civitate
614 5634 797 5683 nostra
827 5629 1128 5686 communis
1155 5639 1305 5700 pater
1332 5639 1519 5686 noster
1540 5672 1556 5701 ,
1587 5629 1803 5701 agnovit
1829 5644 1955 5687 eum

364 5726 467 5785 per
494 5714 747 5773 virtutem
775 5718 1006 5791 Spiritus
1034 5723 1205 5779 sancti
1232 5721 1550 5778 Anastasius
1594 5721 1710 5793 (42)
1736 5720 1957 5793 presby-

366 5814 473 5874 ter,
495 5816 551 5863 et
571 5808 702 5865 dicit
729 5813 1041 5869 nominatim
1069 5814 1285 5886 quidem
1316 5815 1632 5892 uxori‘sute,
1656 5829 1757 5873 usu
1777 5824 1956 5872 autem

369 5900 545 5961 sorori
573 5901 731 5977 (45):
766 5905 879 5978 Ego
904 5908 1095 5967 vadam
1139 5909 1206 5967 ad
1252 5910 1516 5969 culturam
1563 5910 1700 5979 agri,
1743 5910 1959 5969 domina

2060 4776 2252 4831 ivimus
2270 4775 2321 4827 in
2344 4775 2561 4828 domum
2585 4772 2904 4842 presbyteri,
2926 4780 2981 4825 et
3000 4781 3273 4828 sumentes
3294 4788 3495 4840 escam,
3519 4774 3655 4829 dixit

2061 4868 2135 4923 illi
2164 4874 2387 4921 sanctus
2416 4865 2512 4919 Dei
2543 4882 2561 4918 :7
2589 4862 2753 4919 Refer
2776 4862 2904 4917 mihi
2931 4864 3074 4919 unde
3097 4863 3189 4919 tibi
3220 4865 3503 4920 thesaurus
3526 4865 3649 4930 iste.

2062 4972 2116 5017 et
2141 4975 2257 5029 qua:
2289 4966 2374 5013 est
2398 4958 2506 5012 vita
2541 4958 2672 5012 tua?
2697 4956 2840 5011 Dixit
2870 4957 2918 5012 ei
2949 4956 3228 5026 presbyter
3258 4975 3269 5009 :
3305 4957 3433 5027 Ego,
3463 4955 3656 5011 sancte

2065 5054 2187 5123 Dei,
2221 5060 2471 5123 peccator
2498 5067 2638 5119 sum,
2672 5052 2959 5123 subjacens
2998 5051 3222 5122 publicis
3253 5048 3485 5103 tributis.
3540 5048 3651 5102 Ha-

2062 5150 2163 5206 beo
2187 5148 2313 5218 juga
2342 5146 2502 5201 boum
2534 5144 2673 5211 duo,
2703 5160 2865 5200 unum
2914 5143 3128 5216 quidem
3176 5156 3278 5213 ego
3326 5141 3466 5195 duco
3510 5140 3650 5214 (46),

2061 5251 2290 5306 alterum
2322 5258 2501 5304 autem
2532 5247 2895 5303 mercenarius
2927 5259 3101 5309 meus,
3122 5252 3176 5296 et
3221 5253 3384 5294 unum
3431 5238 3652 5309 quidem

2062 5352 2144 5401 est
2170 5343 2225 5398 in
2252 5341 2714 5398 administratione
2744 5335 3166 5410 peregrinorum,
3194 5349 3359 5389 unum
3388 5340 3567 5388 autem
3591 5331 3649 5388 in

2063 5435 2530 5493 administratione
2553 5432 2892 5504 vectigalium
2914 5472 2928 5497 ,
2962 5435 3017 5484 et
3042 5436 3123 5483 est
3172 5425 3475 5483 confamula
3525 5439 3650 5481 mea

2065 5531 2203 5600 haec,
2237 5530 2551 5585 ministrans
2582 5524 2882 5596 hospitibus
2910 5530 2963 5578 et
2988 5520 3145 5578 mihi.
3179 5520 3315 5577 Dicit
3345 5519 3419 5576 illi
3452 5536 3467 5576 :
3498 5516 3649 5575 Voca

2064 5624 2210 5681 illam
2240 5637 2507 5688 sororem,
2534 5620 2685 5689 juxta
2710 5616 2854 5688 quod
2880 5625 2936 5672 et
2965 5622 3070 5682 est,
3101 5623 3156 5671 et
3189 5614 3275 5671 dic
3322 5610 3450 5669 mihi
3495 5618 3651 5665 actus

2066 5728 2205 5775 tuos.
2235 5716 2374 5772 Dicit
2403 5715 2449 5771 ei
2478 5712 2759 5785 presbyter
2791 5724 2806 5769 :
2836 5709 2953 5766 Non
2981 5709 3232 5781 possideo
3263 5707 3460 5763 bonum
3486 5716 3652 5774 super

2064 5819 2288 5876 terram,
2321 5816 2612 5865 extraneus
2641 5818 2758 5861 sum
2795 5803 3034 5861 omnium
3080 5805 3360 5859 virtutum.
3413 5795 3553 5852 Dicit
3598 5791 3655 5849 ei

2065 5900 2365 5961 communis
2390 5898 2551 5958 Pater
2578 5905 2762 5957 noster
2793 5915 2806 5954 :
2837 5897 3008 5969 Surge
3038 5902 3093 5952 et
3112 5907 3295 5951 camus
3346 5887 3503 5946 simul
3533 5903 3547 5953 ;
3595 5889 3655 5945 et
