4142 6350
519 377 626 438 307

1584 387 1674 442 DE
1713 385 1896 445 vms
1933 371 2216 443 paravit
2255 387 2458 447 LIBER
2501 392 2758 452 PRIMUS

3701 412 3812 470 508

521 494 667 554 ducit
695 496 842 555 illum
873 513 928 555 tu
961 515 1121 558 unam
1177 489 1421 560 cellulam
1470 501 1663 560 domus
1709 503 1846 573 ejus,
1878 513 1931 560 et
1979 499 2108 557 dicit
2135 503 2189 563 Δ
2215 506 2360 573 ejus;
2402 515 2454 562 et
2498 518 2843 576 prosternens
2883 527 2941 568 se
2988 524 3113 571 ante
3145 516 3334 575 faciem
3364 519 3503 590 ejus,
3542 522 3756 582 dicebat
3790 545 3804 583 :

520 594 568 648 ei
604 611 616 646 :
647 591 808 664 Aperi
837 593 1082 665 januam.
1114 595 1329 651 Et'dicit
1353 597 1400 650 ei
1427 614 1440 651 :
1470 593 1668 653 Sancte
1693 596 1808 658 Dei,
1836 595 2111 667 nejubeas

519 685 766 758 ingredi,
799 688 1054 758 quoniam
1085 689 1391 746 necessaria
1433 698 1515 746 est
1545 690 1735 745 domus
1785 687 1923 762 (47).
1975 687 2112 745 Dicit

523 782 573 839 ei
603 795 819 842 sanctus
854 806 867 841 :
903 783 970 841 Et
999 800 1099 856 ego
1130 787 1195 842 ad
1225 785 1327 842 hoc
1352 801 1486 857 opus
1513 787 1655 841 veni.
1705 783 1934 841 Nolente
1981 789 2110 855 ergo

519 881 836 953 presbytero
861 881 1068 949 aperire
1098 880 1280 948 clave,
1311 893 1562 935 sermone
1591 877 1800 946 aperuit
1825 877 1982 932 Pater
2013 879 2108 931 u’o-

521 977 637 1025 ster
665 969 932 1041 egregius,
957 979 1009 1026 et
1037 971 1317 1040 ingressus
1347 971 1553 1026 invenit
1580 970 1690 1024 illic
1740 969 1912 1024 virum
1960 968 2108 1024 ulce-

520 1075 726 1130 rosum,
754 1065 838 1118 eui
862 1059 1196 1119 deduxerant
1221 1063 1450 1135 plurima
1469 1065 1713 1134 corporis
1737 1065 1817 1119 Siti
1844 1063 2106 1134 membra,

519 1162 576 1210 et
603 1155 778 1210 nullus
806 1163 927 1211 eum
982 1157 1184 1213 sciebat
1231 1157 1343 1213 illic
1386 1171 1528 1222 esse,
1576 1156 1675 1212 nisi
1727 1157 2011 1227 presbyter
2055 1165 2111 1211 et

515 1244 679 1320 hujus
707 1259 882 1306 scror.
913 1247 1053 1313 Dicit
1079 1249 1126 1305 ei
1153 1260 1370 1306 sanctus
1397 1251 1554 1307 Pater
1601 1267 1615 1306 :
1665 1249 1842 1318 Quare
1890 1249 2109 1306 voluisti

511 1343 851 1400 abscondere
882 1343 1190 1400 thesaurum
1241 1345 1448 1401 istum?
1495 1345 1633 1401 Dicit
1677 1343 1724 1401 ei
1775 1344 2103 1416 presbyter:

503 1430 772 1492 Furiosus
800 1447 907 1504 est,
935 1437 1172 1504 domine,
1201 1447 1255 1494 et
1281 1439 1592 1509 iujuriosus,
1624 1448 1676 1495 et
1708 1437 1857 1492 timui
1884 1455 1947 1491 ue
1973 1439 2109 1493 forte

515 1529 735 1584 caderet
767 1531 820 1585 in
852 1529 1038 1585 verbo.
1073 1528 1211 1584 Dicit
1259 1530 1306 1584 ei
1358 1540 1510 1598 pater
1543 1549 1555 1583 :
1593 1531 1734 1584 Bene
1785 1529 2006 1584 certasti
2054 1527 2105 1583 in

507 1619 687 1686 illum,
719 1617 812 1677 sed
843 1621 1052 1678 dimitte
1080 1636 1166 1676 me
1186 1634 1343 1678 nocte
1367 1618 1464 1676 ista
1497 1623 1810 1677 ministrare
1834 1622 1932 1684 illi,
1966 1629 2024 1676 ut
2054 1631 2108 1676 et

501 1729 612 1785 ego
642 1725 732 1784 per
761 1723 813 1771 te
839 1715 1138 1772 mercedem
1173 1730 1494 1786 consequar.
1529 1717 1591 1769 Et
1621 1716 1954 1771 dimittentes
1982 1731 2107 1769 san-

503 1817 655 1862 ctum
686 1821 806 1864 cum
840 1811 1084 1866 ul'ceroso
1113 1811 1162 1864 in
1190 1810 1458 1876 cellulam,
1490 1827 1588 1866 nec
1633 1827 1823 1867 vocem
1873 1811 2106 1866 habente

2219 597 2494 669 Miserere,
2521 601 2777 658 miserere
2801 601 2927 661 mihi
2955 611 3259 677 peccatrici,
3283 623 3471 669 sancte
3493 615 3620 684 Dei,
3643 632 3808 689 super

2217 694 2471 748 omnibus
2513 699 2766 764 peccatis.
2793 700 2950 756 Stans
2979 711 3109 757 vero
3149 701 3490 760 beatissimus
3517 708 3628 777 ille,
3660 713 3811 768 solli-

2215 783 2320 839 cite
2349 786 2648 858 inquirebat
2677 792 2744 846 ab
2774 808 2833 845 ea
2878 793 3131 860 quidnam
3164 805 3309 851 esset
3337 797 3454 856 eius
3487 803 3722 870 mugitus
3755 814 3810 860 et

2215 875 2468 932 ululatus.
2502 879 2590 933 Illa
2617 878 2748 936 dixit
2777 902 2790 938 :
2823 883 2982 951 Ecce,
3013 898 3198 944 sancte
3227 887 3353 958 Dei,
3383 907 3557 947 omnia
3588 911 3809 963 peccata

2215 977 2268 1024 et
2297 970 2492 1026 delicta
2534 991 2649 1030 mea
2695 978 2882 1050 scripsi
2917 981 2969 1033 in
3003 979 3100 1034 hac
3145 983 3364 1053 charta,
3395 972 3715 1057 etbullavi;
3751 1002 3806 1047 tu

2214 1073 2426 1126 autem.
2461 1063 2647 1122 sancte
2687 1066 2818 1136 Dei,
2851 1059 3048 1126 bullam
3091 1073 3249 1130 istam
3301 1075 3518 1135 minime
3564 1097 3804 1150 moveas,

2215 1153 2308 1209 Sed
2343 1161 2710 1214 tantummodo
2740 1161 2807 1216 de
2850 1165 2956 1218 tuis
3002 1167 3203 1222 sanetis
3248 1173 3577 1228 orationibus
3626 1179 3807 1233 omnia

2213 1239 2330 1303 haec
2360 1249 2497 1306 dele.
2545 1249 2764 1324 Magnus
2805 1253 3015 1324 quidem
3063 1269 3279 1316 sanctus
3319 1261 3544 1320 Basilius
3590 1268 3810 1326 elevans

2214 1337 2454 1431 chartam
2486 1343 2628 1398 illam
2651 1389 2666 1412 ,
2699 1355 2755 1401 et
2783 1343 3066 1405 attendens
3113 1350 3163 1406 in
3211 1354 3405 1409 caelum
3436 1356 3570 1412 dixit
3599 1377 3611 1414 :
3648 1359 3804 1431 Tibi,

2215 1423 2460 1499 Domine,
2494 1437 2593 1491 soli
2624 1449 2750 1493 sunt
2781 1455 2945 1510 opera
2985 1442 3136 1499 istius
3167 1445 3470 1512 manifesta,
3502 1459 3554 1504 tu
3586 1423 3805 1521 quidem

2213 1525 2395 1579 mundi
2427 1521 2583 1598 hujus
2608 1533 2871 1588 abstulisti
2906 1545 3142 1604 peccata,
3173 1546 3226 1593 et
3253 1538 3320 1594 de
3349 1542 3462 1595 sola
3495 1544 3592 1596 iSla
3623 1546 3807 1602 anima

2215 1615 2419 1672 facilius
2447 1618 2626 1676 delere
2659 1634 2829 1692 potes.
2860 1625 3053 1682 Omnia
3081 1629 3297 1699 quidem
3329 1643 3633 1690 nostrorum
3670 1635 3808 1692 faci-

2213 1725 2342 1766 nora
2372 1713 2710 1772 dinumerata
2741 1729 2864 1774 Sunt
2886 1727 3026 1792 apud
3057 1734 3138 1791 te;
3173 1735 3226 1779 tu
3257 1730 3399 1783 enim
3433 1731 3804 1791 misericordia

2211 1803 2473 1861 immensa
2503 1824 2581 1874 es,
2611 1820 2664 1864 et
2707 1812 3117 1886 investigabilis.
3169 1819 3325 1892 160
3356 1822 3416 1875 Et
3456 1821 3572 1880 hzec
3615 1826 3810 1884 dicens

509 1901 762 1970 loquendi
779 1917 888 1974 prte
909 1904 1269 1961 imbecillitate
1284 1905 1568 1975 passionis,
1589 1906 1898 1977 claudentes
1912 1905 2087 1962 ostiun

2217 1897 2455 1954 introivit
2510 1903 2560 1954 in
2617 1913 2855 1960 sanctam
2910 1909 3229 1977 ecclesiam,
3283 1923 3472 1969 tenens
3522 1918 3804 1986 praefatam

511 1991 881 2051 discessimus.
917 1995 1153 2053 Medicus
1183 2006 1362 2052 autem
1386 2000 1690 2065 vulnerum,
1711 1999 1910 2055 faciens
1939 2014 2100 2069 super

505 2093 630 2141 eam
658 2088 981 2154 orationem,
1014 2101 1109 2158 per
1139 2095 1302 2145 totam
1335 2101 1546 2145 noctem
1578 2093 1873 2159 deprecans
1907 2092 2096 2162 Deum,

501 2191 724 2234 omnem
758 2180 1061 2250 languorem
1091 2189 1146 2237 et
1193 2191 1408 2237 omnem
1458 2181 1824 2237 infirmitatem
1869 2199 2096 2247 sanans,

501 2272 712 2328 curavit
742 2285 888 2331 eum.
925 2274 1063 2331 Dicit
1089 2288 1218 2346 ergo
1241 2275 1520 2332 nobiscum
1552 2277 1835 2349 presbyter
1865 2295 1878 2332 :
1913 2277 2098 2336 Gloria

495 2363 623 2433 1ibi,
652 2363 812 2432 Deus,
845 2368 933 2438 qui
971 2362 1102 2425 facis
1135 2370 1403 2424 mirabilia
1435 2369 1748 2425 timentibus
1783 2375 1866 2436 te,
1899 2378 1951 2425 et
1977 2385 2095 2425 ora-

497 2459 682 2516 tiones
708 2476 893 2515 eorum
923 2461 1163 2517 exaudis.
1195 2457 1334 2518 Ecce
1378 2462 1618 2517 medicus
1665 2472 1922 2532 mgrotum
1974 2465 2097 2518 fecit

501 2563 716 2611 sanum.
747 2554 811 2608 Et
839 2557 1016 2609 statim
1045 2556 1293 2610 clamavit
1315 2565 1534 2610 sanctus
1562 2554 1655 2610 Dei
1680 2565 1736 2610 ut
1759 2556 2094 2626 aperiremus

499 2641 740 2714 ianuam.
773 2645 969 2700 Eduxit
995 2649 1173 2718 itaque
1204 2648 1508 2703 ulcerosum
1541 2656 1708 2702 totum
1744 2664 1955 2715 sanum,
1987 2669 2091 2706 non

499 2734 787 2794 habentem
819 2740 1121 2797 cicatricem
1155 2741 1207 2796 in
1239 2757 1464 2809 corpore
1492 2749 1611 2808 Suo,
1635 2743 1938 2813 loquentem
1977 2745 2088 2802 cla-

496 2841 582 2899 re,
609 2842 663 2886 et
691 2833 1078 2902 gloriﬁcantem
1114 2835 1298 2891 Deum.
1332 2837 1444 2892 Hoc
1472 2843 1649 2895 autem
1683 2852 1877 2908 magno
1926 2840 2087 2894 mira-

495 2928 624 2982 culo
650 2929 810 2995 facto,
842 2931 1040 2985 reversi
1067 2945 1253 2986 sumus
1284 2933 1336 2988 in
1368 2935 1641 2993 civitatem
1673 2947 1934 3002 nostram,
1963 2952 2084 2991 cum

495 3020 693 3092 gaudio
735 3021 1019 3078 laudantes
1065 3031 1118 3079 et
1167 3025 1546 3082 benedicentes
1598 3028 1808 3095 Deum,
1857 3028 1943 3084 cui
2003 3037 2087 3082 est

492 3101 670 3168 honor
693 3125 745 3170 et
771 3116 939 3185 gloria
973 3115 1023 3169 in
1054 3118 1246 3172 stecula
1272 3125 1612 3175 saeculorum.
1647 3123 1839 3176 Amen.

583 3205 712 3264 CAP.
743 3209 810 3263 X.
836 3239 905 3248 —
935 3208 1121 3264 Mulier
1163 3212 1408 3281 quaedam
1455 3212 1566 3284 (48)
1625 3212 1818 3267 nobilis
1863 3229 2081 3283 genere.

2206 1989 2444 2045 chartam
2471 1993 2521 2046 in
2553 1996 2832 2065 manibus;
2859 2007 2914 2053 et
2941 2011 3288 2071 prosternens
3314 2020 3372 2060 se
3400 2022 3580 2062 coram
3609 2011 3802 2082 altari,

2205 2091 2260 2139 et
2294 2100 2388 2154 per
2419 2097 2583 2142 totam
2616 2100 2861 2159 noctrm,
2896 2103 2951 2150 et
2981 2093 3033 2149 in
3075 2100 3370 2154 crastinum
3413 2118 3505 2170 per
3535 2112 3642 2157 tota
3676 2107 3804 2161 mis-

2203 2187 2382 2232 sarum
2407 2181 2666 2236 solemnia
2691 2183 2986 2254 deprecans
3015 2187 3202 2244 Deum.
3233 2189 3296 2244 Et
3320 2195 3578 2250 accersita
3602 2197 3802 2254 femina

2203 2270 2318 2337 illa,
2363 2275 2585 2344 porrigit
2612 2275 2660 2330 ei
2692 2277 2964 2345 chartam,
3000 2291 3052 2336 et
3093 2283 3229 2340 dixit
3267 2285 3333 2340 ad
3365 2303 3479 2342 eam
3510 2307 3522 2343 :
3555 2291 3798 2351 Audisti.

2205 2366 2426 2436 mulier,
2473 2372 2595 2438 quia
2646 2372 2825 2428 nullus
2875 2385 3050 2444 potest
3100 2371 3371 2436 dimittere
3427 2395 3640 2450 peccata
3693 2387 3796 2440 nisi

2204 2459 2350 2514 solus
2399 2459 2579 2517 Deus?
2625 2465 2712 2519 Illa
2762 2467 2894 2522 dixit
2925 2487 2938 2522 :
2973 2470 3197 2538 Audivi,
3249 2473 3424 2540 Pater,
3473 2488 3527 2531 et
3576 2477 3696 2534 ideo
3749 2491 3800 2534 te

2203 2549 2478 2622 promovi,
2510 2553 2686 2623 Pater,
2712 2559 2777 2614 ad
2810 2560 3247 2619 intercedendum
3273 2567 3414 2635 apud
3445 2569 3606 2623 Deum
3639 2570 3800 2627 mise-

2199 2651 2628 2710 ricordissimam
2677 2673 2772 2727 pro
2801 2674 2904 2713 me.
2942 2660 3005 2716 Et
3045 2662 3158 2717 haec
3188 2663 3394 2731 dicens,
3437 2653 3595 2722 solvit
3633 2667 3798 2721 char-

2200 2755 2336 2813 tam,
2364 2757 2417 2801 et
2445 2750 2640 2817 reperit
2663 2765 2779 2804 eam
2808 2761 2972 2807 tutam
3000 2753 3254 2811 deletam.
3279 2756 3626 2815 Remauserat
3648 2762 3794 2815 enim

2197 2851 2447 2908 maguum
2481 2829 2609 2895 illud
2648 2856 2956 2911 peccatum,
2991 2847 3134 2918 quod
3179 2848 3410 2915 fecerat,
3443 2851 3620 2905 solum
3660 2852 3798 2908 scri-

2196 2941 2367 3000 ptum.
2401 2931 2599 2988 Videris
2637 2947 2813 2993 autem
2849 2938 2935 2992 illa
2969 2939 3070 2996 hoc
3117 2953 3390 3012 peccatum
3436 2944 3655 3001 minime
3697 2946 3796 3002 de-

2196 3019 2391 3089 letum,
2426 3027 2729 3096 percutiens
2771 3046 2830 3085 se
2871 3031 2922 3084 in
2973 3043 3210 3101 pectore,
3253 3036 3546 3106 angustiari
3591 3040 3794 3109 cmpit,

2193 3117 2496 3188 ceciditque
2540 3129 2667 3175 ante
2709 3121 2872 3191 pedes
2903 3124 3041 3193 ejus,
3072 3139 3193 3180 Cum
3229 3127 3478 3196 lacrvmis
3525 3129 3792 3198 clamans,

2191 3220 2245 3265 et
2277 3212 2460 3267 dicens
2485 3230 2498 3265 :
2540 3211 2795 3268 Miserere
2823 3215 2982 3284 mihi,
3010 3231 3165 3272 serve
3194 3217 3285 3272 Dei
3315 3217 3543 3287 excelsi,
3570 3229 3627 3276 et
3650 3221 3793 3278 sicut

492 3311 548 3358 Et
591 3301 844 3359 divitibus
891 3305 1236 3360 Stecularibus
1285 3315 1422 3371 orta,
1467 3315 1520 3362 et
1564 3307 1884 3363 vanitatibus
1929 3297 2161 3378 hujusC
2191 3303 2258 3358 de
2306 3304 2553 3359 omnibus
2610 3308 2846 3373 peccatis
2900 3308 3037 3364 meis
3085 3319 3356 3365 certamen
3420 3311 3686 3376 habuisti,
3733 3324 3790 3369 et

491 3397 678 3452 mundi
725 3398 1045 3466 composita,
1078 3406 1134 3452 et
1179 3397 1233 3453 in
1277 3399 1524 3455 omnibus
1567 3400 1991 3470 superexaltata,
2031 3412 2086 3455 ct

492 3490 655 3545 vidua
681 3487 889 3558 effecta,
921 3490 1233 3547 indecenter
1259 3491 1537 3548 devoravit
1579 3495 1889 3564 pecuniam,
1933 3495 2088 3549 luxn-

490 3583 638 3642 riose
688 3586 892 3651 vivens,
940 3596 1125 3656 stupro
1171 3587 1515 3656 semetipsam
1569 3588 1892 3658 sobjiciens,
1942 3590 2082 3642 nulla

492 3691 609 3749 quae
644 3675 752 3735 Deo
794 3693 915 3735 sunt
946 3682 1140 3752 placita
1169 3683 1396 3752 agebat,
1434 3681 1530 3738 sed
1566 3697 1848 3753 porcorum
1894 3685 2084 3738 simili-

489 3773 676 3830 tudine
718 3775 770 3829 in
813 3775 1150 3846 sterquilinio
1195 3777 1493 3846 pervoluta.
1541 3776 1682 3830 Nutu
1723 3777 1940 3847 quidem
1988 3780 2079 3834 Dei

488 3865 775 3936 aliquando
806 3868 856 3921 in
894 3872 1237 3940 semetipsam
1276 3884 1511 3934 reversa,
1559 3863 2078 3928 immensurahilium

487 3959 604 4029 eius
637 3961 930 4015 facinorum
979 3961 1273 4017 illuminata
1323 3973 1526 4031 mente,
1557 3965 1820 4019 taciturno
1863 3967 2079 4022 silentio

487 4040 874 4111 recurdabatur
905 4053 1300 4110 multitudinem
1353 4067 1692 4127 peccatorum
1742 4075 1994 4126 suorum,
2026 4071 2078 4115 et

485 4146 734 4200 dolenter
766 4145 1007 4215 plorabat
1045 4146 1228 4201 dicens
1261 4164 1274 4202 :
1309 4147 1399 4203 Va:
1431 4149 1559 4205 mihi
1600 4155 1913 4220 peccatriCI,
1947 4169 2078 4224 quo-

485 4238 649 4294 modo
694 4239 912 4293 reddam
945 4239 1206 4295 rationem
1252 4239 1322 4298 de
1350 4244 1688 4302 multitudine
1734 4258 2074 4317 peccatorum

483 4345 729 4388 meorum
767 4349 780 4384 :
822 4329 1099 4402 spirituale
1147 4335 1401 4404 templum
1451 4338 1698 4407 corrupi,
1747 4338 2076 4395 habitantem

482 4419 539 4484 lu
570 4441 795 4496 corpore
825 4431 1056 4483 animam
1085 4429 1442 4499 coinquinari.
1475 4430 1566 4485 Vae
1605 4433 1735 4486 mihi
1758 4478 1772 4500 ,
1801 4450 1881 4488 vte
1910 4432 2070 4503 mihi,

483 4519 608 4592 quid
639 4521 936 4590 operabar?
961 4521 1086 4592 quid
1133 4523 1262 4576 mihi
1295 4523 1553 4594 contigit?
1580 4525 1756 4579 dicam
1790 4526 1928 4577 sicut
1966 4541 2077 4580 me-

480 4615 734 4671 retricem
765 4617 940 4681 illam,
966 4626 1056 4669 aut
1082 4616 1219 4670 sicut
1247 4616 1586 4685 publicanum
1615 4617 1760 4671 illum
1789 4619 2073 4688 peccasse?

481 4705 656 4781 [Alius
685 4708 871 4775 iuterp.
906 4707 1046 4760 addit
1077 4723 1094 4760 :
1125 4707 1230 4761 Sed
1284 4723 1442 4764 nemo
1491 4709 1627 4764 sicut
1674 4725 1772 4779 ego
1824 4709 2073 4781 peccavi,

479 4802 718 4857 maxime
747 4809 864 4870 post
883 4808 1125 4854 sanctum
1157 4799 1440 4870 baptisma.
1465 4800 1744 4868 Quomodo
1769 4817 1896 4872 ergo
1925 4814 2072 4858 certa

479 4907 576 4950 ero
599 4894 720 4963 quia
749 4893 1094 4963 ptenitentem
1122 4908 1208 4948 me
1233 4896 1490 4963 suscipiet
1516 4891 1713 4964 Deus?|
1746 4893 1868 4949 llaec
1895 4897 2073 4949 omnia

476 4984 622 5043 intra
666 5000 723 5042 se
770 4984 1182 5053 considerante,
1230 4985 1321 5039 ille
1361 4986 1451 5055 qui
1501 4998 1689 5039 onmes
1731 4985 1846 5038 vult
1896 4987 2073 5041 salvos

476 5077 675 5138 facere,
705 5089 758 5132 et
789 5077 840 5132 in
879 5091 1162 5132 censuram
1211 5076 1458 5131 veritatis
1505 5075 1785 5140 reducere,
1818 5085 1874 5130 et
1905 5079 2074 5130 nemi-

475 5185 600 5226 nem
631 5173 746 5224 vult
786 5170 979 5239 perire,
1012 5170 1064 5223 in
1098 5169 1217 5239 ejus
1247 5168 1560 5222 memoriam
1604 5167 1863 5223 reducere
1894 5168 2074 5238 digna-

474 5275 564 5320 tus
593 5274 703 5330 est,
730 5281 848 5335 qu:e
877 5281 901 5316 ο
932 5265 1214 5336 juventute
1241 5277 1336 5317 sua
1368 5271 1701 5332 perpetrarat
1733 5271 1971 5332 peccata.
2007 5263 2071 5316 lit

472 5360 673 5414 sedens
713 5373 776 5414 ea
807 5373 926 5427 qua:
971 5359 1038 5414 ab
1068 5356 1428 5413 adolescentia
1461 5369 1555 5411 sua
1601 5369 1769 5424 usque
1805 5355 1872 5410 ad
1913 5371 2070 5412 sene-

471 5457 674 5508 ctutem
707 5453 909 5508 fecerat
936 5451 1150 5514 delicta,
1183 5450 1396 5520 scripsit
1425 5451 1479 5505 in
1522 5449 1731 5505 charta.
1767 5449 2067 5508 Novissime

470 5559 601 5601 vero
623 5546 836 5616 scripsit
859 5562 1107 5617 magnum
1130 5545 1274 5615 quod
1299 5548 1498 5601 iecerat
1519 5547 1918 5617 pessimumque
1943 5562 2066 5618 pec-

468 5647 684 5702 catum,
717 5647 770 5693 et
800 5637 1019 5710 plumbo
1050 5636 1272 5692 bullavit
1315 5635 1430 5708 (59')
1453 5637 1692 5691 chartam
1726 5638 1894 5693 illam.
1927 5639 2069 5694 Prae-

468 5731 661 5790 videns
687 5748 818 5790 vero
850 5743 1060 5800 tempus
1090 5741 1304 5800 aptum,
1335 5730 1551 5801 quando
1579 5742 1793 5788 sanctus
1841 5729 2067 5789 Basilius

467 5826 666 5886 solitus
708 5836 824 5882 erat
853 5824 1110 5879 orationis
1139 5838 1298 5878 causa
1339 5821 1406 5877 ad
1453 5825 1737 5881 ecclesiam
1783 5826 2061 5892 accedere,

465 5931 808 5992 praecurrens
833 5919 1029 5986 subito,
1053 5916 1279 5987 iactavit
1305 5918 1547 5974 chartam
1576 5920 1720 5975 illam
1744 5932 1872 5976 ante
1901 5921 2065 5989 pedes

2193 3399 2476 3453 exauditus
2507 3415 2582 3461 es,
2614 3410 2666 3452 et
2706 3415 2804 3469 pro
2847 3399 2947 3455 hoc
2993 3402 3110 3456 solo
3156 3403 3492 3458 intercedere
3533 3405 3697 3471 vales,
3733 3416 3792 3460 ut

2190 3489 2364 3560 ipsum
2396 3503 2672 3560 peccatum
2721 3492 2985 3548 deleatur.
3019 3494 3247 3551 Sanctus
3279 3512 3406 3552 vero
3449 3493 3672 3565 Basilius
3703 3499 3786 3553 la-

2189 3581 2464 3656 erytnalus
2517 3597 2598 3640 est
2648 3602 2759 3656 prre
2811 3587 3215 3656 misericordia,
3259 3598 3314 3644 et
3358 3590 3540 3645 dixit;
3583 3591 3786 3662 Surge,

2191 3677 2403 3740 mulier,
2437 3685 2490 3729 ct
2533 3691 2631 3746 ego
2673 3677 2834 3732 homo
2866 3694 2981 3733 sum
3015 3690 3282 3750 peccator,
3317 3697 3540 3737 necesse
3580 3681 3787 3740 habens

2186 3768 2597 3839 indulgentiam.
2630 3769 2730 3838 Qui
2760 3771 2991 3840 delevit,
3028 3775 3233 3829 remisn
3278 3775 3371 3830 tibi
3421 3787 3632 3844 peccata
3663 3792 3786 3848 quas

2185 3862 2382 3928 voluit;
2415 3875 2604 3933 potens
2639 3874 2724 3919 est
2752 3865 2892 3920 enim
2926 3865 3068 3921 Deus
3096 3875 3151 3922 et
3180 3867 3282 3924 hoc
3309 3885 3472 3924 unum
3505 3878 3784 3938 peccatum

2184 3951 2398 4011 auferre
2419 3971 2447 4010 a
2473 3964 2544 4022 te,
2571 3955 2659 4012 ille
2682 3959 2773 4027 qui
2796 3959 3016 4016 abstulit
3036 3973 3251 4031 peccata
3277 3959 3457 4015 mundi
3481 3979 3493 4014 :
3517 3961 3560 4016 si
3588 3960 3784 4016 amodo

2183 4047 2580 4112 observaveris,
2618 4059 2671 4103 et
2723 4049 2773 4105 in
2826 4053 2924 4105 viis
2982 4052 3189 4107 Domini
3238 4053 3616 4118 ambulaveris,
3672 4069 3783 4110 nou

2184 4147 2394 4196 tantum
2446 4143 2832 4216 indulgentiam
2879 4145 3124 4214 habebis,
3171 4147 3264 4203 sed
3311 4155 3366 4202 et
3410 4145 3574 4219 gloria
3619 4146 3780 4218 digna

2181 4235 2311 4292 eris.
2349 4231 2493 4290 Vade
2537 4246 2716 4293 autem
2759 4238 2812 4293 in
2846 4254 3123 4310 eremum,
3154 4250 3206 4294 et
3245 4237 3353 4295 illic
3384 4237 3625 4296 invenies
3655 4253 3782 4295 san-

2182 4338 2328 4385 ctum
2372 4329 2645 4386 hominem
2678 4333 3009 4388 nominatum
3042 4334 3180 4389 inter
3209 4349 3397 4388 omnes
3428 4344 3644 4389 sanctos
3676 4333 3781 4388 Pa-

2182 4419 2314 4490 tres,
2346 4425 2564 4480 nomiue
2592 4423 2868 4495 Ephraem.
2903 4427 2982 4481 llli
3011 4428 3226 4500 porrige
3255 4428 3390 4482 hanc
3415 4426 3692 4496 chartam,
3724 4437 3783 4484 et

2181 4515 2298 4584 ipse
2340 4517 2666 4582 intercedet,
2697 4529 2748 4573 et
2778 4520 3042 4575 obtinebit
3071 4520 3210 4589 apttd
3246 4520 3526 4576 Dominum
3572 4536 3671 4591 pro
3701 4532 3778 4578 te.

2180 4604 2332 4666 Tunc
2363 4610 2556 4667 mulier
2599 4613 2997 4668 commendavit
3026 4629 3084 4668 se
3120 4624 3308 4669 sancto
3351 4612 3446 4668 Dei
3493 4614 3776 4687 episcopo,

2106 4701 2158 4763 D
2183 4713 2238 4759 et
2271 4705 2507 4759 cucurrit
2549 4705 2599 4760 in
2635 4719 2873 4760 eremum
2894 4748 2908 4772 ,
2942 4715 2994 4761 et
3039 4705 3386 4776 pertransivit
3429 4705 3783 4779 longitudinis

2180 4797 2305 4853 iter.
2353 4793 2602 4852 Pervenit
2646 4799 2711 4853 ad
2745 4814 2996 4872 magnum
3028 4806 3084 4856 et
3113 4797 3413 4854 mirabilem
3459 4803 3779 4870 eremitam,

2179 4887 2398 4944 nomine
2421 4888 2697 4958 Ephraem,
2719 4889 2772 4945 et
2796 4890 3010 4959 pulsans
3027 4889 3247 4962 januam
3271 4891 3530 4946 clamabat
3552 4890 3774 4947 dicens:

2179 4981 2435 5035 Miserere
2467 4981 2628 5048 mihi,
2663 4982 2941 5050 miserere,
2974 4991 3161 5038 sancte
3189 4981 3304 5037 Dei.
3333 4982 3428 5038 Ille
3467 4996 3598 5038 vero
3628 4998 3773 5052 prte-

2181 5074 2371 5130 videns
2399 5075 2451 5129 in
2485 5076 2708 5145 Spiritu,
2743 5089 2840 5146 pro
2867 5090 2969 5147 qua
3001 5077 3259 5146 petitione
3288 5072 3608 5142 advenerat,
3643 5074 3777 5130 dicit

2176 5169 2226 5225 ei
2257 5187 2269 5222 :
2308 5167 2472 5235 Vade,
2500 5171 2713 5235 mulier,
2747 5171 2998 5242 quoniam
3030 5185 3132 5239 ego
3159 5178 3407 5240 peccator
3437 5169 3600 5226 homo
3626 5185 3773 5237 sum,

2176 5275 2401 5318 necesse
2431 5262 2604 5318 habeo
2631 5271 2686 5318 et
2717 5279 2817 5334 ego
2841 5263 3192 5332 adiutorium.
3223 5263 3312 5316 Illa
3340 5269 3518 5317 autem
3544 5262 3770 5334 jactavit

2175 5355 2416 5412 chartam
2475 5356 2707 5412 dicens:
2747 5357 2975 5413 Sanctus
3040 5355 3268 5411 Basilius
3333 5355 3771 5426 archiepiscopus

2171 5452 2317 5509 misit
2361 5465 2446 5505 me
2485 5449 2550 5504 ad
2591 5458 2674 5520 te,
2705 5460 2763 5504 ut
2806 5448 3112 5518 depreceris
3154 5447 3356 5514 Deum,
3390 5456 3448 5503 ut
3491 5457 3770 5518 peccatum

2176 5547 2319 5615 quod
2351 5548 2403 5599 in
2436 5544 2536 5599 hac
2574 5542 2756 5598 charta
2798 5545 3054 5611 scriptum
3097 5550 3210 5608 est,
3243 5542 3504 5597 deleatur.
3550 5539 3775 5614 Reliqua

2178 5655 2309 5695 vero
2343 5643 2490 5711 plura
2537 5651 2754 5711 peccata
2803 5651 3020 5695 sanctus
3069 5635 3294 5694 Basilius
3344 5653 3504 5694 orans
3535 5638 3774 5710 delevit,

2176 5745 2232 5792 et
2274 5745 2359 5794 tu.
2395 5745 2579 5790 sancte
2619 5731 2747 5800 Dei,
2779 5734 2848 5789 de
2895 5749 3002 5788 uno
3033 5733 3227 5788 delicto
3269 5747 3335 5788 ne
3377 5733 3644 5803 pigriteris
3683 5733 3772 5790 iu-

2178 5827 2457 5886 tercedere
2500 5829 2566 5883 ad
2613 5827 2812 5897 Deum,
2843 5830 2967 5898 quia
3017 5829 3082 5883 ad
3128 5839 3180 5884 te
3219 5829 3384 5885 missa
3432 5843 3573 5884 sum.
3621 5829 3776 5883 Tunc

2174 5920 2455 5981 confessor
2506 5919 2597 5978 ille
2649 5921 2828 5980 dixit:
2869 5921 3016 5988 Non,
3071 5920 3204 5977 ﬁlia.
3262 5919 3511 5992 Nunquid
3561 5919 3650 5989 qui
3702 5920 3772 5975 de
