4142 6350
413 293 522 352 309

927 291 1089 349 Vl'l‘A
1124 291 1369 349 SANt-Z'I'l
1410 291 1664 350 Βεεηει]
1689 335 1705 362 ,
1746 289 1991 347 ωὸΑΒ

2098 290 2115 344 ‘t.
2155 289 2613 347 CAPPADOCIIE
2658 288 3198 350 ARCllIEPlSCOPl.

3596 292 3701 347 310

411 412 764 474 multitudine
785 413 1005 468 riibrom
1039 413 1334 466 facinorum
1369 414 1536 482 potuit
1581 414 1826 469 obtinere
1863 414 2006 483 apud
2033 412 2083 474 Α
2115 413 2261 482 pex't
2288 411 2564 478 ordinem,
2587 409 2772 467 dicens
2799 411 2852 467 in
2883 414 3215 480 semetipso:
3251 409 3358 464 Nos
3387 415 3478 481 qui
3521 419 3702 479 porta.

413 509 616 570 Deum,
647 514 706 560 et
727 504 798 560 de
829 506 928 560 hoc
954 519 1064 558 uno
1102 520 1208 559 non
1254 515 1426 573 potest
1467 505 1799 561 intercedere
1827 518 1880 586 et
1909 508 2008 563 ob—

412 601 623 656 tinere!
656 599 807 654 Vade
828 598 1058 664 etenim,
1088 613 1158 653 ne
1186 599 1502 666 tardaveris,
1530 607 1589 654 ut
1626 615 1748 656 eum
1774 601 2010 671 jungere.

411 695 636 762 debeas,
670 693 980 763 priusquam
1013 691 1188 745 anima
1217 692 1334 760 ejus
1362 691 1429 746 de
1454 707 1680 761 corpore
1708 693 2009 762 proﬁcisca-

412 798 519 842 tur.
548 787 701 841 Tunc
732 784 926 840 mulier
949 783 1038 838 illa
1066 783 1465 838 commendavit
1505 799 1563 838 se
1593 793 1781 841 sancto
1803 785 2010 841 confess

411 879 522 934 sori
554 878 836 948 Ephrarm,
869 889 1082 931 reversa
1115 885 1198 930 est
1226 875 1277 929 in
1307 874 1631 931 Cassaream.
1666 877 1796 932 Cum
1829 889 2007 938 autem

410 973 654 1043 ingressa
679 979 824 1026 esset
852 970 1038 1025 urbem
1059 1011 1076 1035 ,
1103 968 1282 1024 obviat
1301 970 1348 1024 it
1379 987 1576 1040 corpus
1617 972 2008 1032 deducentihus

412 1067 587 1124 Sancti
642 1067 859 1134 Basilii,
903 1075 959 1122 et
1001 1064 1190 1119 videns
1238 1067 1525 1134 prostravit
1570 1081 1628 1121 se
1675 1067 1729 1121 in
1776 1075 2006 1134 terram,

410 1160 576 1230 coepit
613 1158 848 1213 clamare
897 1157 1155 1212 adversus
1195 1165 1440 1212 sanctum
1488 1157 1614 1223 Dei,
1657 1145 1880 1214 chcns:
1917 1157 2008 1216 Vae

410 1255 544 1309 mihi
577 1251 887 1322 peccatrici,
919 1266 1000 1306 vae
1031 1252 1161 1307 mihi
1189 1261 1542 1321 consumptas.
1570 1269 1649 1308 vat
1681 1253 1847 1322 mihi,
1878 1269 2007 1309 san-

410 1355 499 1402 cte
524 1347 646 1409 Dei,
680 1361 776 1414 pro
818 1346 918 1400 hoe
947 1345 1192 1401 direxisti
1223 1359 1309 1401 me
1340 1346 1390 1400 in
1432 1361 1705 1412 ercmum,
1739 1359 1795 1404 ut
1823 1347 1894 1404 de
1923 1363 2008 1404 me

408 1439 528 1494 sine
561 1437 867 1508 fatigatione
898 1435 1301 1508 proﬁtzisreres;
1334 1447 1390 1494 et
1432 1451 1559 1494 ecce
1603 1439 1721 1494 sine
1752 1441 2007 1509 aper-ibus

407 1545 626 1587 reversa
652 1546 806 1597 sum,
838 1530 894 1586 in
923 1546 1122 1586 vanum
1155 1529 1422 1586 devorans
1452 1541 1614 1587 tantae
1642 1531 2004 1588 multitudinis

405 1623 581 1694 pelagi
602 1623 740 1677 viam
765 1624 1002 1679 lteranti.
1029 1623 1220 1678 Videat
1245 1623 1503 1680 Dominus
1530 1625 1691 1692 Deus,
1719 1639 1773 1680 et
1797 1625 2005 1695 iudicet

405 1714 551 1769 inter
577 1719 664 1769 me
689 1723 741 1770 et
769 1724 841 1780 te,
868 1717 1121 1786 quoniam
1155 1717 1370 1786 pctttisti
1414 1717 1751 1774 intercedere
1781 1727 1833 1773 et
1864 1718 2004 1774 obti-

2112 507 2289 561 vitnus
2318 507 2526 576 pondus
2549 506 2654 563 diei
2682 517 2736 562 et
2765 515 2948 576 aestus,
2985 507 3120 562 nihil
3162 505 3498 577 proficimus;
3526 514 3580 562 et
3611 506 3702 562 hic

2112 599 2167 655 in
2201 600 2294 656 tali
2341 600 2601 670 obsequio
2630 612 2690 656 et
2727 601 2932 658 honore
2977 601 3230 670 humano,
3265 601 3515 658 columna
3561 600 3704 670 ignis

2112 693 2345 748 exstititi
2375 694 2561 751 miror.
2589 695 2716 751 ﬂzee
2744 709 2812 750 eo
2837 695 3070 764 dicente,
3103 693 3498 751 mittitsanctus
3524 692 3706 749 archi-

2111 786 2406 843 diaconum.
2427 801 2611 853 suum,
2647 787 2872 843 dicens:
2905 788 3054 842 Vade
3080 796 3264 843 contra
3298 797 3503 856 portam
3550 787 3700 840 occi-

2113 874 2427 945 dentalem;
2456 887 2509 932 et
2549 879 2601 932 in
2647 879 2841 949 angulo
2885 878 3128 933 ecclesiae
3174 878 3414 938 invenies
3453 877 3700 931 abbttem

2113 982 2234 1022 cum
2257 968 2362 1023 alio
2387 967 2645 1036 quodam,
2678 967 2961 1024 habentem
2988 969 3249 1024 cucullatn
3267 1010 3282 1035 ,
3310 968 3661 1025 raribarbium
3682 1011 3698 1042 ,

2116 1061 2394 1129 pusillum,
2430 1069 2486 1115 et
2526 1070 2720 1117 cetera
2753 1061 2928 1116 vultus
2968 1062 3103 1131 ejus,
3133 1073 3187 1118 et
3217 1062 3365 1117 dices
3394 1061 3443 1117 ei
3470 1078 3486 1116 :
3517 1062 3700 1132 Ingre-

2113 1153 2242 1208 dere
2279 1155 2569 1209 sacrarium
2618 1153 2756 1225 (52),
2785 1154 2973 1209 invitat
3014 1162 3064 1208 te
3098 1163 3248 1223 pater
3285 1163 3405 1209 tuus
3436 1152 3706 1222 archiepi-

2114 1261 2329 1313 scopus.
2360 1245 2426 1300 Et
2447 1245 2658 1302 discens
2690 1263 2783 1316 per
2807 1248 3151 1314 interpretem
3174 1247 3394 1314 dictum,
3424 1245 3705 1318 respondit

2113 1339 2337 1395 dicens:
2371 1339 2606 1406 Errasti,
2643 1339 2826 1409 frater,
2861 1355 2961 1395 nos
2991 1339 3232 1410 hospites
3255 1355 3460 1396 sumus.
3489 1340 3556 1394 Et
3584 1355 3704 1408 per-

2111 1445 2243 1502 gens
2285 1431 2692 1487 archidiaconus
2736 1434 3056 1489 renuntiavit
3103 1436 3218 1490 hteo
3264 1448 3457 1507 magno
3504 1433 3702 1489 Basilio

2112 1541 2294 1580 sacros
2337 1525 2500 1582 libros
2547 1528 2809 1582 recitanti.
2847 1527 3000 1582 Videt
3046 1538 3261 1584 sanctus
3306 1525 3552 1598 Ephrem
3599 1527 3703 1582 lin-

2111 1633 2267 1687 guam
2289 1618 2496 1687 igneam
2520 1620 2822 1689 loquentem
2848 1636 2942 1690 per
2961 1636 3022 1675 os
3043 1621 3186 1691 ejus,
3208 1629 3263 1676 et
3287 1619 3420 1677 dicit
3437 1620 3698 1676 diacono:

2114 1709 2296 1778 Vade,
2344 1720 2397 1764 et
2445 1711 2590 1765 dices
2633 1709 2850 1765 domino
2897 1711 3185 1781 Ephraem,
3231 1712 3359 1782 juhe
3401 1713 3602 1767 intrare
3645 1710 3702 1766 in

405 1823 538 1864 nere
563 1807 704 1877 apud
731 1807 933 1878 Deum,
960 1809 1060 1865 nisi
1086 1810 1152 1865 ad
1176 1810 1339 1864 alium
1369 1827 1455 1866 me
1480 1811 1760 1882 dirigeres.
1789 1809 1854 1866 Et
1884 1811 1991 1868 iure

2106 1815 2345 1858 sanctum
2387 1802 2616 1859 tribunal
2665 1803 3012 1881 (35);lvocat
3057 1811 3110 1860 te
3156 1804 3596 1874 archiepiscopus
3645 1810 3704 1858 ut

401 1902 620 1968 dicens,
661 1903 878 1972 jactavit
924 1905 1200 1974 prarfatam
1245 1905 1486 1960 chartam
1528 1921 1686 1976 supra
1733 1915 1995 1977 stratum,

400 1994 458 2050 in
490 2009 593 2066 quo
633 1997 931 2052 ducebatur
957 2003 1154 2068 corpus
1195 1999 1366 2054 sancti
1399 1997 1602 2057 Basilii.
1638 2001 1703 2055 Et
1741 2001 1999 2056 minutius

400 2085 672 2144 referebat
697 2090 772 2144 rei
804 2099 1027 2145 eventus
1055 2106 1236 2146 coram
1280 2092 1424 2147 omni
1457 2093 1672 2162 papulo.
1709 2093 1858 2151 Unus
1883 2096 1999 2164 qui-

397 2178 525 2234 dem
555 2194 619 2234 ex
652 2181 797 2236 clero
825 2183 1014 2236 volens
1035 2195 1366 2253 cOguoscere
1393 2186 1672 2254 quodnam
1701 2197 1845 2242 esset
1877 2203 1996 2257 pec-

399 2275 580 2325 catum
611 2272 770 2339 illud,
805 2274 1027 2329 elevans
1067 2275 1307 2330 chartam
1352 2276 1498 2331 illam
1545 2288 1597 2333 et
1643 2280 1879 2346 solvens,
1914 2294 1997 2334 re-

396 2360 540 2433 perit
565 2362 680 2417 eam
714 2361 880 2420 totam
909 2364 1171 2432 deletam,
1199 2379 1252 2423 et
1280 2370 1533 2424 mundam
1552 2413 1567 2436 ,
1598 2372 1838 2426 clamans
1867 2388 1997 2428 voce

394 2459 585 2524 magna
617 2455 690 2510 illi
721 2454 936 2512 feminae
961 2475 974 2510 :
1002 2457 1047 2512 0
1072 2458 1286 2525 mulier,
1317 2459 1497 2515 charta
1525 2459 1626 2516 i—ta
1657 2463 1856 2532 scripta
1888 2482 1992 2520 non

394 2554 507 2612 est;
538 2548 662 2614 quid
693 2551 834 2602 enim
866 2549 1036 2604 itrtoli
1070 2551 1256 2608 labore
1276 2563 1332 2607 et
1357 2557 1602 2624 angustia
1629 2561 1991 2628 consumet-is,

393 2640 646 2696 nesciens
677 2642 938 2713 magnalia
976 2637 1072 2699 Dei
1112 2643 1164 2699 in
1199 2655 1250 2701 te
1283 2645 1439 2716 facta,
1473 2659 1527 2702 et
1567 2648 1994 2718 investigabilem

397 2731 516 2803 ejus
547 2734 994 2791 misericordiam.
1031 2733 1317 2792 Multitudo
1347 2738 1566 2808 quidem
1601 2739 1778 2810 populi
1812 2740 1997 2796 viden-

391 2835 477 2882 tes
506 2827 613 2882 tale
645 2827 944 2898 gloriosum
977 2831 1294 2885 miraculum
1325 2841 1380 2885 et
1409 2848 1658 2902 magnum
1679 2873 1693 2894 ,
1727 2834 1998 2904 glorifica-

389 2919 521 2974 bant
551 2919 720 2975 Deum
739 2961 754 2987 ,
783 2921 870 2991 qul
901 2929 1223 2991 potestatem
1254 2924 1414 2978 talem
1446 2924 1635 2990 habet,
1667 2933 1723 2979 ut
1751 2925 1808 2980 in
1837 2927 1996 2982 terris

389 3012 631 3067 remittat
676 3012 913 3068 omnium
961 3024 1213 3084 peccata;
1252 3023 1306 3070 et
1348 3014 1502 3072 daret
1545 3018 1773 3088 gratiam
1819 3019 1996 3076 servis

388 3107 526 3172 suis,
557 3116 615 3162 ut
643 3117 764 3178 post
807 3108 1104 3165 discessum
1150 3126 1336 3165 eorum
1378 3121 1572 3167 sonent
1615 3129 1828 3168 omnem
1877 3115 1995 3170 lan-

2107 1897 2425 1968 ingrediaris
2475 1899 2528 1954 in
2572 1908 2817 1955 sanctum
2868 1899 3121 1955 tribunal.
3173 1899 3519 1969 Stupei‘actus
3566 1913 3701 1970 ergo

2104 2005 2269 2058 super
2305 1991 2386 2043 his
2413 2000 2654 2056 sanctus,
2683 1990 2990 2062 glorificaus
3021 1992 3222 2057 Deum,
3252 2001 3308 2046 et
3347 1991 3552 2046 faciens
3579 2006 3699 2046 me-

2106 2093 2334 2140 lantmm
2363 2083 2502 2156 (5i),
2533 2086 2866 2157 respondens
2893 2085 2939 2141 ei
2967 2086 3136 2142 dixit:
3164 2085 3442 2141 Veraciter
3472 2097 3698 2155 magnus

2102 2175 2352 2243 Basilius,
2380 2178 2638 2231 veraciter
2667 2179 2913 2234 Columna
2960 2178 3097 2250 ignis
3147 2177 3396 2242 Basilius,
3428 2178 3697 2232 veraciter

2103 2269 2338 2334 Spiritus
2367 2283 2586 2325 sanctus
2619 2272 2852 2341 loquitur
2879 2279 2971 2340 per
2997 2287 3059 2327 os
3086 2273 3220 2338 eius.
3259 2272 3484 2340 Rogavit
3512 2281 3695 2326 autem

2103 2361 2538 2419 archidiaconqu
2569 2371 2623 2419 nt
2649 2367 2978 2421 renuntiaret
3000 2369 3068 2434 ei,
3100 2367 3352 2436 quoniam
3378 2365 3546 2435 magis
3572 2373 3697 2432 post

2104 2459 2298 2512 missas
2330 2457 2445 2528 (55)
2475 2459 2526 2513 in
2575 2461 2867 2514 secretario
2909 2461 3152 2515 salutabo
3193 2475 3339 2516 eum.
3384 2457 3696 2529 Ingrediens

2103 2564 2236 2619 ergo
2266 2559 2387 2616 post
2411 2550 2805 2606 absolutionem
2837 2553 3013 2608 missa
3040 2553 3091 2607 in
3119 2550 3468 2608 secretarium
3487 2590 3505 2618 ,
3541 2565 3697 2606 voca-

2101 2641 2173 2694 vit
2215 2653 2457 2696 sanctum
2506 2643 2791 2710 Ephrazm,
2825 2650 2881 2699 et
2923 2642 2976 2697 in
3023 2644 3250 2698 Domino
3290 2642 3532 2699 osculum
3575 2639 3696 2712 (ὕϐ)

2105 2733 2327 2788 tradidit
2361 2737 2430 2790 ei.
2481 2733 2618 2790 Dicit
2661 2735 2785 2792 illi:
2833 2736 2975 2792 Bene
3020 2736 3246 2802 venisti,
3279 2738 3401 2802 quia
3444 2734 3698 2807 multiplic

2102 2828 2236 2882 casti
2277 2827 2568 2898 discipulos
2596 2830 2794 2885 Christi
2825 2832 2874 2885 in
2906 2832 3166 2898 Ecclesia,
3200 2843 3256 2887 et
3283 2829 3564 2886 dmmoucs
3592 2846 3697 2886 ex-

2103 2919 2282 2988 pulisti
2317 2933 2412 2990 per
2452 2920 2756 2983 Christum,
2789 2923 2842 2976 in
2871 2935 2978 2994 quo
3021 2932 3106 2978 est
3143 2920 3296 2979 labor
3341 2931 3483 2979 tuus.
3511 2924 3696 2992 Pater,

2103 3012 2293 3066 venisti
2339 3011 2519 3068 videre
2565 3023 2904 3082 pecczttorem
2951 3013 3240 3070 hominem.
3273 3016 3373 3071 Det
3411 3015 3506 3070 tibi
3553 3014 3696 3070 Dens

2102 3099 2404 3158 mercedem
2437 3104 2730 3160 secundum
2776 3103 3011 3162 laborem
3043 3117 3211 3162 tuum.
3247 3107 3314 3162 Et
3353 3105 3688 3176 respondens

387 3211 614 3266 gttorem
635 3241 650 3266 ,
679 3209 735 3256 et
762 3215 974 3257 onmetu
1005 3203 1370 3257 infirmitatem
1391 3245 1404 3269 ,
1437 3206 1854 3275 remittendique
1880 3223 1988 3263 om-

2107 3196 2156 3248 ei
2181 3195 2508 3250 honorabilis
2531 3196 2811 3262 Ephrtem,
2833 3208 2889 3251 et
2907 3197 3094 3254 dicens
3113 3199 3289 3253 omnia
3313 3215 3432 3266 quat
3453 3201 3506 3254 in
3530 3199 3695 3256 corda

392 3291 544 3345 nium
591 3291 906 3348 delictorum
957 3291 1191 3349 facinora
1240 3299 1556 3366 potesmtem
1601 3300 1868 3352 concessit
1911 3299 1992 3354 his

387 3387 479 3454 qui
513 3396 714 3443 rectam
748 3387 906 3443 fidem
951 3389 1180 3444 Domino
1221 3401 1577 3458 conservant,
1623 3401 1894 3449 certantes
1937 3396 1989 3448 in

387 3477 554 3534 bonis
589 3482 864 3550 operibus,
905 3493 959 3538 et
1006 3483 1369 3553 gloriﬁcantes
1416 3485 1582 3541 Deum
1622 3494 1676 3541 et
1706 3486 1990 3544 Dominum

387 3581 632 3628 nostrum
663 3571 842 3630 Jesum
873 3575 1168 3634 Christum.

461 3665 591 3720 Car.
624 3665 714 3721 XI.
746 3697 814 3707 —
849 3668 1063 3723 Fratres
1095 3668 1232 3742 (50),
1263 3669 1621 3726 mrratiouem
1652 3674 1776 3728 volo
1806 3674 1985 3731 facere

385 3754 455 3811 de
483 3757 698 3824 liasilio,
734 3758 899 3815 nobili
927 3758 1166 3825 scilicet,
1196 3771 1251 3822 et
1281 3761 1528 3831 Ephrtnm
1559 3768 1715 3838 Syro.
1751 3768 1813 3822 Et
1842 3784 1988 3838 qua:-

384 3847 510 3901 tiatn
537 3849 754 3919 quidem
784 3863 848 3906 ex
882 3851 1058 3907 Patris
1083 3854 1282 3915 nostri,
1311 3856 1555 3922 quaedam
1580 3871 1760 3913 autem
1788 3874 1852 3914 ex
1881 3875 1985 3916 non

385 3941 695 3996 mentientis
735 3955 829 3998 ore
868 3947 1037 4000 sancti
1081 3953 1136 4001 et
1178 3949 1442 4004 mirabilis
1484 3948 1735 4019 Epimem
1783 3952 1982 4010 audivi.

386 4032 484 4089 Est
517 4051 643 4092 vero
670 4035 740 4091 ita
769 4057 780 4093 :

462 4125 710 4197 Ephrarm
744 4129 940 4184 nobilis
979 4141 1219 4186 existens
1265 4133 1318 4186 in
1359 4147 1564 4200 eremo,
1593 4135 1835 4201 quadam
1867 4139 1984 4205 qni-

380 4223 509 4280 detn
554 4224 918 4282 iilustratioiie
963 4229 1130 4282 sancti
1180 4227 1411 4298 Spiritus
1457 4229 1680 4294 videns,
1735 4230 1980 4300 qtmdant

385 4329 518 4373 vero
540 4332 605 4373 ex
637 4308 905 4374 desiderio
930 4329 982 4374 et
1013 4320 1433 4392 interrogatione
1464 4320 1713 4377 ediscens
1742 4319 1980 4376 miranda

382 4410 542 4466 nobis
571 4413 740 4466 nostri
776 4411 950 4467 Patris
983 4414 1194 4478 Basilii,
1225 4415 1342 4468 sine
1383 4413 1787 4470 intermissione
1829 4431 1982 4485 roga~

383 4501 476 4556 bat
507 4503 734 4557 revelari
763 4505 865 4558 silli
899 4506 1039 4575 (51),
1068 4506 1242 4575 quatis
1269 4515 1411 4559 coact
1461 4507 1682 4576 Magnos
1725 4505 1975 4560 Basilius.

2099 3303 2198 3341 suo
2232 3289 2603 3356 versabantur,
2642 3303 2747 3345 una
2776 3303 2898 3346 cum
2941 3293 3134 3348 abbate
3163 3295 3253 3364 qui
3301 3310 3422 3349 cum
3456 3293 3545 3349 illo
3573 3306 3694 3351 erat

2096 3381 2514 3438 communicavit
2545 3385 2597 3438 in
2642 3393 2858 3440 sanctus
2888 3401 3079 3440 manus
3109 3385 3248 3455 ejus,
3279 3396 3333 3442 et
3367 3385 3594 3442 faciente
3625 3403 3693 3444 eo

2094 3473 2411 3529 eharitatem
2442 3475 2578 3530 dixit
2602 3486 2822 3532 sanctus
2851 3478 3099 3547 Ephrrem
3123 3496 3138 3535 :
3169 3480 3325 3536 Pater
3353 3480 3686 3547 honorande,

2095 3583 2255 3622 unam
2311 3579 2438 3640 peto
2483 3569 2708 3640 gratiam
2757 3570 2853 3625 abs
2899 3583 2976 3637 te,
3017 3579 3071 3625 et
3116 3571 3252 3627 hanc
3295 3573 3532 3630 concede
3573 3574 3690 3631 dari

2093 3661 2246 3717 mihi.
2271 3663 2368 3730 Qui
2397 3662 2526 3718 dixit
2550 3663 2617 3719 ad
2647 3680 2768 3720 eum
2795 3681 2811 3722 ε
2839 3665 2994 3732 Jube,
3023 3667 3112 3724 dic
3139 3684 3257 3738 quae
3286 3669 3533 3726 videntur
3562 3670 3686 3737 tibi,

2094 3757 2262 3808 multa
2293 3757 2437 3811 enim
2469 3755 2562 3810 tibi
2594 3757 2800 3823 debeo;
2833 3767 2888 3812 et
2925 3759 3157 3814 maxime
3200 3771 3416 3829 propter
3447 3763 3685 3816 laborem

2093 3856 2238 3901 tuum
2260 3889 2274 3914 ,
2305 3857 2354 3902 et
2389 3849 2462 3902 tui
2495 3839 2774 3903 adventus.
2814 3851 2948 3905 Dicit
2977 3852 3026 3906 ei
3079 3851 3324 3920 Ephmm
3357 3870 3372 3909 :
3403 3853 3549 3918 Scio,
3583 3853 3686 3907 Pa-

2095 3948 2175 3994 ter
2211 3949 2417 4006 sancte,
2445 3941 2570 4012 quia
2618 3953 2956 4012 quazcunqne
2999 3943 3138 4014 petis
3180 3958 3209 3997 a
3263 3943 3386 4006 Deo,
3426 3945 3688 4000 concedet

2093 4034 2219 4100 tibi;
2249 4034 2371 4088 volo
2399 4045 2456 4088 ut
2479 4035 2786 4104 depreceris
2813 4038 2978 4094 Deum
2998 4077 3012 4102 ,
3037 4048 3096 4093 ut
3122 4038 3310 4108 loquar
3332 4037 3518 4095 Grtnce
3545 4037 3682 4111 (57).

2089 4128 2192 4194 Qui
2233 4127 2367 4182 dixit
2411 4130 2504 4184 el:
2537 4129 2712 4198 Super
2756 4131 3048 4200 pntentiam
3097 4147 3273 4186 meum
3325 4132 3551 4202 petiisti;
3583 4132 3680 4189 sed

2087 4219 2208 4291 quia
2237 4219 2470 4276 fideliter
2496 4222 2723 4290 petiisti,
2749 4223 2868 4276 veni
2895 4220 3071 4290 Pater,
3094 4227 3148 4280 et
3169 4225 3333 4280 eremi
3357 4233 3680 4296 praeceptor,

2087 4312 2438 4383 deprecentur
2471 4313 2786 4381 Dominum,
2832 4323 3024 4385 potens
3066 4326 3148 4372 est
3189 4319 3334 4373 enim
3377 4318 3552 4374 facere
3580 4333 3679 4374 vo-

2087 4405 2346 4461 luntatem
2397 4416 2566 4462 tuam.
2609 4409 2878 4479 Scriptum
2916 4421 2999 4465 est
3037 4411 3224 4466 enim:
3258 4411 3571 4468 Voluntates
3612 4411 3678 4470 ti-

2088 4501 2346 4555 mentium
2377 4517 2437 4556 se
2484 4501 2671 4566 faciet,
2704 4511 2757 4557 et
2786 4505 3058 4558 orationes
3096 4517 3282 4560 eortnn
3311 4506 3588 4574 exaudiet,
3621 4515 3677 4562 et

382 4593 442 4649 lu
474 4595 674 4650 exstasi
721 4609 849 4669 ergo
888 4593 1082 4663 factus,
1120 4593 1253 4651 vidit
1300 4598 1605 4652 columnam
1641 4597 1796 4671 ignis,
1828 4597 1981 4669 cujus
2006 4597 2061 4664 ι)
2085 4594 2263 4650 salvos
2295 4589 2452 4650 faciet
2478 4609 2574 4649 eos
2616 4591 2786 4666 (Psal.
2817 4596 2982 4670 κων).
3015 4589 3082 4654 Et
3111 4595 3430 4656 facientibus
3472 4602 3680 4656 oratio-

383 4697 546 4758 caput
567 4689 907 4761 pertmgebat
929 4690 994 4743 ad
1017 4691 1231 4750 caloni.
1251 4702 1309 4744 et
1331 4705 1429 4744 vox
1454 4690 1735 4745 desursum
1760 4691 1976 4746 dicens:

378 4782 669 4853 Ephrem,
721 4784 999 4852 Epirotam,
1046 4785 1497 4855 quemadmodum
1547 4786 1721 4840 vidisti
1771 4787 1980 4841 colum-

379 4887 504 4930 nsnt
540 4875 678 4930 hanc
705 4878 864 4946 ignis,
899 4877 1018 4931 tatis
1045 4888 1126 4932 est
1150 4887 1206 4933 et
1233 4889 1460 4949 magnus
1492 4877 1740 4934 Basilius.
1772 4877 1840 4934 Et
1866 4888 1978 4934 sta-

379 4969 476 5024 tim
509 4969 702 5025 tollons
746 4971 1094 5041 interpretem
1115 5017 1128 5040 ,
1159 4981 1224 5026 eo
1253 4973 1393 5042 quod
1436 4969 1668 5026 nesciret
1698 4971 1840 5042 loqui
1874 4972 1977 5027 lin-

377 5077 537 5133 guam
583 5061 858 5132 Graecam,
894 5066 1044 5119 venit
1085 5067 1136 5118 in
1179 5079 1424 5136 magnam
1467 5065 1755 5121 ecclesiam
1799 5066 1974 5138 magni

375 5154 614 5209 nominis
645 5156 928 5222 Caesareae,
956 5167 1013 5212 et
1043 5156 1289 5226 pervenit
1333 5159 1386 5212 in
1427 5167 1667 5213 sanctam
1710 5155 1978 5213 festivita-

378 5254 487 5301 tem
528 5245 682 5320 ιει
730 5248 1114 5318 Theophanite,
1149 5260 1202 5304 et
1245 5251 1553 5321 ingrediens
1585 5252 1800 5308 occulte
1841 5251 1978 5307 vidit

382 5341 766 5406 procedentem
796 5342 845 5395 in
880 5343 1107 5422 ecclesia
1153 5359 1404 5414 magnum
1438 5343 1725 5412 Basilium,
1759 5355 1811 5399 ct
1839 5345 1975 5400 dixit

375 5435 727 5503 sequentibus
769 5449 874 5489 se:
917 5435 1182 5503 Quoniam
1234 5437 1286 5490 in
1336 5451 1530 5491 vanum
1579 5437 1972 5504 laboravimus;

375 5534 509 5594 puto
546 5525 720 5592 enim,
765 5525 934 5582 frater
963 5527 1086 5592 iste,
1119 5531 1169 5582 in
1205 5527 1298 5583 tali
1329 5529 1518 5583 ordine
1560 5529 1822 5594 existens,
1867 5545 1970 5585 non

377 5625 464 5671 e~t
485 5616 635 5686 juxta
659 5619 798 5687 quod
824 5619 950 5674 vidi.
978 5621 1097 5674 Erat
1130 5622 1272 5675 enim
1295 5623 1658 5678 circumdatus
1682 5625 1818 5678 stola
1845 5640 1974 5680 can-

378 5705 523 5774 dida,
555 5716 608 5762 et
647 5709 785 5763 circa
819 5725 939 5765 eum
974 5713 1312 5767 venerandus
1358 5715 1536 5770 clerus
1566 5715 1880 5772 candidatus
1915 5728 1968 5774 et

377 5799 683 5861 obsequens
707 5803 778 5858 ei.
809 5802 877 5858 Et
905 5813 1055 5861 stans
1080 5805 1134 5861 in
1163 5806 1282 5862 loco
1312 5808 1577 5867 absconso
1601 5812 1846 5869 ecclesim
1875 5830 1965 5869 as-

2090 4701 2187 4743 hes
2251 4705 2348 4758 per
2397 4687 2656 4757 plurimas
2720 4689 2902 4758 horas,
2990 4707 3216 4765 surgens
3259 4693 3398 4752 dixit
3452 4710 3677 4767 magnus

2089 4776 2352 4831 Basilius:
2383 4778 2580 4846 Quare,
2613 4777 2830 4836 demine
2860 4781 3110 4852 Bphraun
3131 4821 3147 4849 ,
3175 4799 3284 4841 non
3316 4788 3517 4855 accipis
3545 4802 3675 4842 oon-

2085 4871 2441 4925 secrationem
2498 4858 2858 4952 prcshj’tcrii,
2910 4879 3164 4946 quoniam
3229 4881 3475 4952 congruit
3534 4880 3674 4936 tibi?

2087 4961 2227 5017 Dicit
2265 4965 2314 5018 ei
2352 4979 2450 5033 per
2494 4965 2887 5036 interpretem:
2930 4972 3192 5040 Quoniam
3241 4985 3490 5043 peccator
3531 4989 3673 5030 sum.

2086 5056 2384 5126 Respondit
2413 5059 2486 5112 illi
2511 5075 2526 5113 :
2556 5059 2770 5116 Utinam
2800 5075 3017 5134 peccata
3045 5074 3134 5119 tua
3161 5080 3261 5135 ego
3286 5067 3572 5122 haberent!
3604 5066 3674 5124 Et

2083 5145 2211 5206 dicit
2263 5153 2308 5207 ei
2357 5170 2368 5204 :
2423 5153 2693 5211 Mittamus
2740 5157 3198 5228 genuﬂ‘exinnem,
3259 5172 3312 5214 et
3371 5161 3675 5232 jarentihus

2081 5258 2246 5316 Super
2292 5247 2686 5315 pavimentum,
2737 5253 2914 5320 posuit
2950 5265 3169 5306 manum
3213 5267 3376 5323 super
3423 5265 3673 5312 sanctum

2084 5335 2333 5406 Ephrzctn
2381 5355 2602 5411 magnus
2634 5343 2905 5404 sacerdos,
2935 5351 2990 5396 et
3029 5342 3163 5396 dixit
3199 5345 3499 5401 orationem
3552 5348 3670 5403 dia-

2083 5433 2258 5501 conii,
2291 5445 2346 5491 ct
2374 5434 2506 5490 dicit
2548 5433 2664 5490 illi:
2696 5435 2850 5501 .lube,
2882 5436 3105 5492 sublcva
3137 5454 3255 5495 nos.
3293 5439 3512 5511 liepleta
3545 5460 3672 5516 ergo

2081 5528 2259 5600 lingua
2305 5529 2454 5600 ejus,
2498 5528 2630 5583 dicit
2675 5537 2893 5584 sanctus
2939 5529 3188 5600 Ephrtem
3235 5532 3424 5591 Grtcca
3467 5535 3667 5608 lingua,

2080 5622 2258 5685 Salva,
2289 5624 2568 5685 miserere,
2603 5621 2834 5691 suscipe,
2874 5631 2930 5681 et
2972 5640 3231 5684 conserva
3279 5645 3377 5686 nos
3421 5630 3564 5686 Deus
3612 5631 3670 5685 in

2081 5723 2164 5767 tua
2199 5714 2398 5784 gratia;
2433 5726 2482 5768 et
2517 5727 2944 5773 consummatum
2975 5728 3059 5776 est.
3087 5723 3230 5791 quod
3257 5723 3515 5792 scriptum
3544 5729 3667 5777 est:

2077 5810 2228 5865 Tunc
2254 5812 2413 5868 saliet
2436 5813 2573 5869 sicut
2595 5830 2787 5873 cervus
2806 5818 3050 5890 claudus,
3075 5830 3128 5878 et
3157 5831 3342 5892 aperta
3362 5822 3467 5879 erit
3486 5819 3671 5894 lingua
