4142 6350
452 304 549 360 5H

1509 303 1597 357 DE
1641 300 1819 357 VITIS
1860 299 2141 356 PATBUM
2183 297 2386 354 LIBER
2424 295 2701 354 PRIMUS.

3636 292 3744 352 5η

451 420 869 477 babbatientium
918 420 1055 491 (lsa.
1085 420 1269 485 xxxv).
1325 420 1389 473 Et
1433 420 1683 490 loquente
1723 434 1787 476 eo
1833 419 2039 485 Graece,
2072 425 2436 488 Aterpretem
2488 417 2807 484 diaconum,
2848 424 2903 472 et
2954 415 3128 486 ipsum
3171 416 3548 489 presbyterum
3594 417 3738 488 (58),

450 518 567 588 ipsa
609 517 741 570 hora
783 515 1215 579 glorificaverunt
1244 514 1559 580 Dominum,
1594 516 1681 586 qui
1728 515 1905 569 omnia
1948 529 2040 582 po-

451 613 587 674 test,
616 613 670 661 et
696 606 913 661 exaudit
956 608 1224 660 orationes
1257 604 1558 659 timentium
1603 620 1685 661 se.
1730 604 1797 659 Et
1826 603 2041 672 spirita-

451 697 577 756 liter
604 699 848 756 laetantes
886 712 983 768 per
1023 706 1132 752 tres
1161 696 1296 762 dies,
1330 706 1383 751 et
1410 709 1736 752 consecrans
1775 694 1924 749 illum
1957 695 2041 749 in-

2147 509 2352 565 dimisit
2377 508 2497 563 il-los
2518 506 2571 562 in
2603 521 2749 576 pace,
2777 508 3137 578 glorificantes
3169 509 3336 564 Deum
3365 524 3463 580 pro
3486 508 3740 567 omnibus

2148 617 2265 671 qua:
2294 603 2575 657 audierunt
2606 601 2760 675 (Luc.
2788 602 2870 672 tt),
2901 602 3193 660 secundum
3222 603 3365 674 quod
3391 603 3594 659 dictum
3626 603 3744 660 fucs

2148 703 2232 749 rat
2257 693 2321 749 ad
2352 694 2494 750 illos.

1748 811 2112 869 ROSWEYDI
2151 811 2476 869 ΝΟΤΑἸΊΟ.

556 911 606 981 l)
636 908 861 981 Basilii.]
891 907 1323 981 Martyrologium
1343 906 1664 981 Bomanum
1694 906 1719 959 1
1758 904 2044 981 Januarii;

459 1002 482 1036 ι
517 975 777 1039 Caesareae
824 975 877 1035 in
923 975 1259 1048 Cappadocia
1326 975 1821 1048 depositioisancti
1870 975 2045 1031 Basilii

456 1052 714 1120 episcopi,
748 1052 901 1119 cujus
942 1047 1223 1103 Celebritas
1270 1065 1401 1104 xvttt
1434 1047 1700 1102 Kalendas
1749 1047 1896 1120 Julii,
1942 1061 2045 1117 qua

456 1125 544 1179 die
573 1119 851 1179 ordinatus
881 1123 979 1175 fuit
1007 1124 1311 1189 episcouus,
1344 1120 1680 1187 potissimum
1709 1119 1983 1189 recolitur.
2020 1137 2040 1170 ι

456 1196 532 1250 De
558 1211 662 1265 qua
692 1195 810 1261 ejus
839 1188 1172 1265 ordinatione
1205 1193 1257 1265 in
1288 1193 1595 1265 episcoluim
1628 1190 1821 1265 ibidem
1858 1190 1925 1265 υ
1949 1188 2046 1265 Ju-

456 1269 525 1320 nii
563 1261 589 1319 2'
617 1285 634 1318 ι
674 1266 929 1320 Caesareae
960 1265 1012 1317 in
1043 1262 1376 1331 Cappadocia
1422 1262 1687 1315 ordinatio
1734 1261 1903 1315 sancti
1945 1261 2043 1313 Ba-

455 1336 559 1391 silii
590 1337 851 1405 episc0pi,
881 1334 970 1405 qui
1005 1345 1241 1401 tempore
1272 1335 1508 1389 Valentis
1555 1333 1894 1397 imperatoris
1946 1334 2042 1405 do-

454 1403 635 1462 ctrina
653 1419 705 1462 et
747 1403 1005 1473 sapientia
1065 1406 1305 1475 insignis,
1357 1404 1710 1473 omnibusque
1755 1403 2043 1457 virtutibus

454 1488 696 1543 ornatus,
728 1478 1042 1532 mirabiliter
1086 1477 1305 1540 effulsit,
1336 1484 1390 1529 et
1438 1476 1733 1529 Ecclesiam
1788 1475 2044 1529 adversus

456 1550 686 1604 Arianos
715 1560 767 1603 et
797 1548 1205 1602 Macedonianos
1236 1551 1365 1600 mira
1391 1547 1691 1601 constantia
1723 1546 1976 1601 defendit.
2019 1564 2039 1597 ι

454 1621 809 1689 Menologium
840 1621 1107 1683 Graecum,
1135 1619 1158 1672 1
1190 1618 1460 1689 Januarii:
1494 1637 1511 1668 ι
1537 1619 1735 1673 Eodem
1769 1616 1876 1689 die,
1897 1631 2044 1689 com-

451 1694 771 1747 memoratio
797 1691 855 1747 S.
889 1691 949 1747 Ρ.
977 1692 1040 1744 Ν.
1074 1688 1274 1743 Basilii.
1309 1708 1326 1740 ι
1365 1691 1419 1742 in
1450 1689 1689 1750 Menaeis,
1721 1688 1907 1742 eodem
1936 1688 2041 1753 die,

454 1745 625 1819 fusius
656 1765 725 1817 de
754 1745 827 1814 eo
847 1745 1041 1829 agitur.
1072 1762 1234 1828 Cujus
1266 1761 1423 1815 etiam
1465 1745 1721 1813 memoria
1753 1773 1872 1812 cum
1919 1745 2051 1813 Gre-
2083 1745 2130 1805 Β

455 1835 608 1903 gorio
639 1828 975 1888 Nazianzeno
1004 1832 1277 1903 tilteologo,
1317 1839 1373 1903 et
1416 1830 1623 1885 Joanne
1669 1828 2052 1903 Chrysostomo

460 1901 661 1959 ibidem
694 1905 994 1958 celebratur
1013 1902 1083 1956 50
1104 1902 1363 1967 Januarii,
1397 1912 1449 1954 et
1472 1911 1695 1969 utroque
1743 1902 1860 1954 loco
1882 1901 2052 1968 magni

456 1976 727 2102 ἳξιεσγάλου)
758 1975 997 2043 epitheto
1024 1973 1354 2028 honestatur.
1390 1973 1663 2041 Evagrius,
1693 1973 1743 2025 in
1773 1971 2049 2037 Gnostico,

504 2049 713 2101 asilinm
736 2056 886 2101 vocat
908 2046 1133 2099 veritatis
1154 2048 1465 2098 columnam.
1495 2047 1562 2096 Ita
1593 2043 1751 2099 refert
1780 2043 2049 2102 Nicepho-

504 2043 713 2101 asilinm
736 2056 886 2101 vocat
908 2046 1133 2099 veritatis
1154 2048 1465 2098 columnam.
1495 2047 1562 2096 Ita
1593 2043 1751 2099 refert
1780 2043 2049 2111 Nicepho-

453 2132 569 2183 rus,
592 2119 682 2172 lib.
703 2118 944 2188 H.162
956 2132 1073 2184 cap.
1097 2115 1183 2171 45.
1213 2115 1502 2188 Gregorius
1517 2116 1805 2185 Nys~enus,
1822 2113 1873 2167 in
1893 2114 2052 2168 Enco-

459 2188 569 2243 mio
588 2185 944 2258 lapltrzett—t,ai_t
969 2188 1217 2241 Basilium
1235 2202 1354 2241 esse
1380 2203 1433 2239 os
1452 2185 2050 2258 Ecclett'wmureamido-

456 2256 942 2315 clrinailuscim'am.
970 2259 1073 2327 Ipsi
1098 2258 1345 2323 Ephrtem
1362 2257 1555 2311 dicitur
1581 2258 1631 2310 in
1646 2257 1889 2312 encomio
1910 2256 2048 2324 ejus,

455 2336 486 2392 ἦ
526 2335 678 2405 βάσις
710 2340 811 2387 τῶν
845 2333 1061 2405 ἀρετῶνέ
1090 2331 1383 2405 βίϐλοςςτῶν
1407 2330 1643 2405 ἐπαίνῳν,
1664 2345 1878 2405 gressus
1894 2330 2052 2405 virtu:

459 2399 590 2471 tum,
621 2404 748 2457 liber
769 2399 1003 2457 laudum.
1030 2399 1127 2468 Qui
1143 2410 1192 2455 et
1208 2402 1327 2454 aliis
1340 2402 1607 2468 praeclaris
1628 2400 1813 2467 elogiis
1829 2415 1949 2453 eum
1976 2399 2050 2455 ibi

456 2486 701 2531 exornat.
721 2473 1080 2538 Tlteodoreto,
1096 2472 1233 2527 libro
1246 2488 1316 2537 tv,
1336 2486 1454 2539 cap.
1480 2472 1563 2533 l9.
1581 2483 1633 2526 Ὀ
1650 2481 1739 2533 τῆς
1754 2473 2051 2542 οἰκουμένης

454 2545 1102 2621 φῳστήρᾲε-ρζφίιριρ-ξάιιηι
1135 2546 1303 2621 lumen
1324 2543 1459 2621 orbis
1476 2544 1715 2621 universi.
1743 2542 1898 2621 Varia
1935 2543 2052 2611 ejus

456 2614 763 2688 elogia'vide
782 2617 935 2670 initio
946 2617 1179 2685 Operum
1193 2615 1241 2688 ej
1250 2614 1455 2688 us._Res
1467 2616 1582 2688 ejus
1599 2614 1853 2688 praeclare
1873 2624 2051 2688 gestas

454 2685 843 2744 laudatissimis
869 2690 983 2741 suis
1006 2687 1303 2741 Annalibus
1331 2686 1557 2740 intexuit
1578 2685 1862 2740 cardinalis
1886 2686 2048 2739 Baro-

456 2759 603 2816 Itius.
636 2760 734 2825 Qui
768 2775 833 2814 ex
863 2760 1136 2813 veteribus
1168 2758 1350 2812 Basilii
1376 2758 1681 2811 encomiutn
1714 2756 2048 2825 scripserint,

456 2829 698 2887 declarat
729 2832 813 2885 hic
842 2831 958 2898 ipse
983 2829 1387 2898 Amphilochius
1416 2829 1467 2882 in
1495 2828 1741 2893 Prologo.

533 2902 612 2973 (ἡ)
665 2900 1079 2983 Antpliilocoio.]_
1114 2900 1551 2983 Martyrologium
1600 2899 1931 2983 Romamth

456 2970 780 3030 Novembris
812 2991 823 3025 :
860 2991 879 3024 ‹
919 2970 1083 3027 lcouii
1112 2972 1165 3025 in
1197 2971 1464 3043 Lycaonia
1494 2971 1660 3043 sancti
1693 2970 2051 3043 Amphilochii

460 3045 719 3114 episcopi.
752 3045 839 3113 qui
872 3055 1179 3098 sanctorum
1210 3041 1390 3097 Basilii
1436 3052 1490 3096 et
1536 3042 1778 3113 Gregorii
1826 3041 2053 3096 Nazian-

459 3116 592 3209 zeni‘
616 3118 665 3170 in
695 3131 879 3209 eremo
909 3116 1105 3180 socius,
1136 3115 1612 3209 etlinrepisactlopatu
1654 3115 1878 3209 coliega,
1928 3122 2049 3209 post
2080 3144 2127 3209 Ο

458 3190 627 3243 multa
656 3189 946 3243 certamina
980 3202 1075 3252 pro
1103 3186 1365 3241 catholica
1397 3186 1503 3241 fide
1549 3194 1815 3250 suscepta,
1845 3186 2049 3239 sancti-

461 3267 572 3315 tate
595 3267 651 3315 et
675 3260 915 3314 doctrina
941 3258 1119 3313 clarus
1145 3259 1345 3325 quievit
1375 3256 1428 3311 in
1461 3272 1608 3325 pace.
1642 3274 1660 3308 ι
1692 3255 2051 3325 Menologium

463 3330 713 3386 Graecum
744 3331 933 3385 eodem
963 3332 1047 3384 die
1078 3348 1090 3382 :
1123 3349 1140 3380 ι
1171 3329 1372 3383 Natalis
1401 3328 1461 3384 S.
1494 3329 1550 3381 ι’.
1580 3327 1643 3382 Ν.
1669 3328 2049 3396 Amphilochii,

462 3403 699 3471 episcopi
732 3401 916 3469 lconii,
949 3401 1048 3456 sub
1076 3400 1381 3455 Theodosio
1408 3401 1539 3469 imp.
1574 3400 1783 3469 Magno,
1817 3400 1894 3454 vir
1921 3399 2055 3453 divi-

464 3487 654 3527 narum
687 3473 984 3527 litterarum
1017 3473 1233 3540 peritia,
1259 3480 1312 3525 et
1343 3472 1624 3526 sanetitate
1652 3475 1797 3534 vitm,
1821 3479 1982 3525 recta:
2004 3480 2057 3525 et

465 3542 750 3598 catholica:
793 3542 917 3597 ﬁdei
975 3542 1281 3597 sinceritate
1326 3543 1589 3611 insignis,
1642 3541 1820 3595 Basilii
1883 3542 2056 3611 Magni

466 3612 705 3669 amicitia
738 3623 790 3668 et
821 3613 1128 3669 testimonio
1164 3614 1585 3669 commendatus.
1620 3612 1720 3667 llic
1749 3612 1917 3666 libros
1960 3628 2057 3667 or-

466 3686 760 3740 thodoxam
804 3686 962 3741 ﬁdem
1007 3685 1344 3741 continentes
1372 3684 1708 3753 conscripsit,
1739 3692 1793 3738 et
1820 3684 1884 3737 ad
1916 3697 2061 3737 sum-

467 3770 615 3811 mam
642 3765 968 3813 senectutem
997 3766 1280 3827 provectus
1312 3758 1365 3810 in
1397 3770 1528 3826 pace
1557 3756 1777 3826 quievit.
1815 3772 1834 3807 ι
1868 3754 2062 3810 Fusius

470 3827 543 3883 de
564 3828 755 3883 eodem
784 3828 839 3883 in
870 3830 1087 3884 Menazis
1114 3827 1201 3883 die
1226 3828 1435 3882 eodem.

545 3899 982 3969 Amphilochium
1003 3898 1141 3955 Vitae
1166 3899 1322 3968 hujus
1343 3908 1613 3953 auctorem
1638 3912 1777 3964 esse,
1797 3898 1907 3968 jam
1933 3897 2062 3952 olim

466 3978 595 4026 ante
622 3985 793 4026 annos
819 3986 947 4027 uccc
975 3970 1302 4025 existimavit
1329 3969 1495 4025 Ursus
1524 3972 1579 4024 S.
1605 3970 1671 4026 Β.
1696 3969 1755 4024 Ε.
1787 3969 2067 4024 subdiaco-

466 4057 575 4100 nus
603 4042 910 4107 cardinalis,
942 4044 1033 4111 qui
1073 4056 1192 4095 eam
1240 4049 1368 4095 tunc
1418 4039 1700 4095 Latinitate
1727 4040 1965 4107 donavit,
1998 4041 2066 4095 de

508 4128 579 4168 uo
602 4113 747 4180 plura
774 4127 997 4168 numero
1017 4112 1072 4180 5,
1094 4121 1148 4167 et
1163 4112 1494 4183 Sigebertus,
1519 4113 1760 4181 catalogo
1780 4112 2065 4167 illustrium

521 4186 734 4239 cclesize
763 4184 1119 4254 Scriptorum,
1149 4198 1267 4251 cap.
1299 4184 1329 4236 ’7
1367 4200 1380 4237 :
1418 4201 1436 4235 ‹
1477 4183 1901 4250 Amphilochius,
1952 4183 2067 4254 lco-

470 4255 552 4311 nii
582 4253 895 4325 episcopus,
919 4256 1132 4324 scripsit
1164 4256 1324 4309 vitam
1368 4255 1547 4309 Basilii
1579 4254 1925 4310 Caesariensis
1957 4253 2070 4322 epi-

473 4327 649 4396 scopi.
686 4346 707 4380 ι
761 4329 891 4381 liam
936 4327 1099 4381 etiam
1149 4326 1332 4382 Sittus
1381 4326 1657 4393 Senensis,
1692 4326 1787 4380 lib.
1838 4340 1889 4380 IV
1936 4325 2071 4379 Bibl.

473 4397 687 4454 Sancta:
716 4398 1095 4468 Amphilochio
1145 4398 1348 4453 tribuit.
1392 4399 1457 4452 Et
1504 4412 1570 4453 eo
1618 4408 1837 4453 auctore
1882 4397 2072 4452 recitat

473 4483 596 4525 eam
622 4470 957 4536 Vincentius,
990 4471 1043 4525 in
1083 4468 1243 4540 Spec.
1290 4469 1443 4535 hist.,
1496 4470 1592 4525 lib.
1646 4486 1759 4536 XIV,
1812 4468 2073 4538 capitibus

506 4186 517 4200 ο

475 4540 689 4616 Z8,_79,
724 4544 825 4609 80;
853 4540 1398 4616 Antonius,_part_._tt,
1429 4542 1510 4616 tit.
1552 4556 1622 4606 lx,
1652 4556 1769 4616 cap.
1804 4541 1866 4605 ι,
1902 4540 1929 4611 §
1964 4540 1984 4593 'l
2020 4549 2073 4593 et
2100 4555 2155 4616 ι)

474 4610 549 4679 2;
585 4613 809 4675 Petrus,
838 4614 1119 4682 episcopus
1148 4611 1449 4682 Equilinus,
1492 4614 1544 4667 in
1573 4614 1813 4679 catalogo
1856 4610 2069 4666 sancto-

474 4699 620 4748 rum,
653 4684 747 4755 lib.
776 4700 833 4750 ll,
864 4699 983 4753 cap.
1011 4683 1102 4738 28.
1137 4683 1265 4755 Ejus
1286 4685 1563 4752 exemplar
1582 4683 1828 4741 Graecum
1853 4684 2068 4755 nomine

476 4754 845 4824 Amphilochii
871 4754 1188 4827 insignitum
1208 4756 1392 4826 accepi
1412 4755 1630 4811 Parisiis
1649 4772 1717 4811 ex
1742 4754 2066 4811 bibliotheca

474 4840 647 4898 regia.

555 4899 815 4972 Baronius
843 4908 1021 4955 tamen
1031 4899 1101 4972 in
1125 4899 1506 4972 Martyrologio
1532 4898 1798 4972 Romano,
1830 4898 1895 4952 ad
1924 4897 2066 4953 diem

482 4971 519 5041 ᾖ
544 4970 781 5027 Januarii
810 4972 887 5027 ait
918 4990 931 5025 :
971 4990 991 5025 α
1028 4970 1218 5027 Exstat
1245 4970 1601 5041 Amphilochii
1632 4971 1848 5025 nomine
1872 4971 2068 5038 scripta

482 5040 615 5115 Vita
640 5043 839 5111 Basilii,
872 5058 990 5115 qua:
1018 5051 1197 5115 tamen
1225 5042 1630 5115 prudentiorum
1661 5042 1919 5115 omnium
1949 5055 2074 5115 seu:

481 5113 674 5181 tentia,
697 5112 919 5170 alterius
948 5112 1241 5185 cujuspiam
1291 5114 1465 5183 potius
1506 5128 1665 5184 quam
1710 5112 2071 5185 Amphilochii

406 5212 419 5257 ~,
482 5186 705 5255 aequalis
733 5186 933 5243 Basilio
953 5183 1072 5242 esse
1092 5183 1329 5257 putatur,
1352 5200 1471 5241 cum
1499 5183 1674 5257 aliqua
1705 5183 2077 5257 illichabean-

486 5254 597 5327 tur,
632 5271 749 5327 qua:
788 5258 862 5313 illi
910 5254 1110 5313 minus'
1132 5260 1417 5313 convenire
1456 5254 1723 5311 videntur.
1763 5272 1782 5307 ι
1828 5254 1972 5310 idem
2022 5255 2078 5309 in

481 5326 809 5393 Annalibus,
841 5338 987 5384 tomo
1015 5328 1104 5396 lV,
1130 5331 1310 5384 varios
1341 5329 1395 5383 in
1428 5328 1545 5381 Vita
1574 5328 1673 5381 hac
1701 5340 1879 5380 naevos
1906 5333 2076 5392 notat,

416 5442 423 5455 μ
483 5413 622 5467 quos
651 5400 891 5469 singulos
917 5399 1003 5455 hic
1032 5404 1144 5456 suis
1174 5400 1306 5458 locis
1335 5398 1616 5467 indicabo,
1651 5406 1706 5452 ut
1746 5411 1938 5467 magno
1980 5396 2081 5452 hoc

430 5504 439 5517 ρ
483 5483 711 5526 censore
736 5472 946 5528 sincera
970 5473 1038 5527 ab
1065 5473 1395 5541 interpolatis
1421 5470 1719 5541 discernas.

559 5541 679 5615 Jatn
703 5543 829 5597 olim
854 5544 1066 5615 Glycas,
1100 5540 1219 5615 cum
1248 5544 1453 5599 videret
1481 5541 1618 5615 hanc
1644 5540 1820 5615 Vitam
1857 5540 2079 5615 Amphi-

428 5630 433 5635 '
487 5612 655 5669 lochii
683 5616 902 5671 nomine
924 5611 1286 5682 circumferri,
1317 5630 1435 5671 eam
1464 5611 1840 5683 Amphilochio
1869 5611 2079 5682 abiudi-

486 5686 652 5758 cavit,
702 5686 803 5758 hoc
852 5687 1191 5758 potissimum
1231 5693 1545 5757 argumento
1588 5700 1672 5758 :_t
1723 5683 2071 5754 Quanquam,

486 5755 665 5843 inquit
686 5755 885 5843 (ergo;
908 5774 969 5843 _tv
997 5755 1398 5843 part‘..A_rtm‘zi_l._),
1438 5756 1791 5843 perscriptum
1842 5759 2077 5826 reperia-

489 5841 614 5885 mus
644 5828 705 5884 in
728 5829 862 5887 libro
890 5830 958 5886 de
983 5830 1151 5885 sancti
1185 5831 1360 5885 Basilii
1390 5828 1681 5897 miraculis,
1705 5843 1824 5900 qua:
1849 5843 2073 5899 magnus

2158 906 2248 960 ille
2278 910 2360 961 vir
2403 906 2808 977 Amphilochitts
2841 906 3030 979 litteris
3059 908 3465 965 commendasse
3494 910 3745 979 perbibe-

2158 985 2260 1049 iur,
2287 979 2537 1033 mandato
2568 988 2836 1047 perpetuae
2859 978 3089 1048 Virginis
3114 980 3349 1049 Deiparaa
3372 995 3469 1049 per
3490 978 3737 1037 Sanctum

2156 1047 2498 1113 Mercurium,
2531 1050 2703 1119 Magni
2736 1049 2914 1104 Basilii
2946 1047 3222 1119 precibus,
3242 1047 3571 1107 desertorem
3600 1053 3747 1110 hunc

2157 1120 2435 1187 trajectum
2469 1119 2630 1176 fuisse
2662 1139 2675 1174 :
2709 1138 2813 1176 non
2848 1131 3024 1177 tamen
3068 1123 3183 1176 haec
3223 1124 3456 1177 narratio
3482 1134 3743 1189 tueretur,

2154 1199 2212 1245 ut
2237 1191 2285 1245 ei
2309 1193 2561 1245 continuo
2601 1192 2757 1247 fidem
2801 1193 3077 1248 adhibeas.
3113 1193 3279 1260 Quam
3308 1193 3379 1249 ob
3408 1208 3521 1249 rem
3564 1196 3746 1250 istud?

2153 1264 2404 1335 quoniam
2436 1264 2486 1316 in
2514 1263 2702 1317 eodem
2724 1264 2926 1335 scripto
2957 1264 3179 1335 legimus
3209 1265 3453 1334 Magnum
3487 1266 3741 1322 Basilium

2149 1332 2407 1387 Ca'sareae
2432 1334 2731 1401 pontiﬁcem
2765 1334 2817 1389 id
2849 1332 3103 1400 temporis
3133 1332 3326 1397 fuisse.
3360 1352 3481 1391 cum
3512 1352 3603 1392 eas
3658 1354 3748 1392 re-

2149 1404 2335 1472 giones
2366 1407 2651 1474 imperator
2678 1406 3106 1473 improbissimus
3132 1416 3319 1462 contra
3350 1407 3541 1462 Persas
3579 1424 3747 1473 espe-

2150 1474 2351 1546 ditione
2378 1485 2621 1546 suscepta
2673 1486 2999 1545 peragraret.
3033 1478 3103 1532 At
3151 1494 3280 1533 vero
3326 1478 3481 1532 aliter
3515 1480 3749 1536 eximius

2152 1545 2563 1621 i_|_le_Gregorius
2579 1557 2961 1621 _cognomento
2993 1548 3296 1621 Theologus
3323 1552 3594 1605 memoriae
3622 1567 3750 1621 pro-

2154 1615 2306 1670 didit.
2340 1616 2471 1671 Nam
2502 1620 2546 1671 si
2576 1615 2838 1684 Basilius,
2888 1619 2990 1675 hoc
3033 1620 3105 1674 ita
3150 1615 3430 1685 narrante,
3472 1621 3525 1674 in
3571 1615 3749 1678 Ponto

2155 1687 2382 1756 degebat
2407 1691 2506 1742 sub
2533 1689 2741 1744 initium
2774 1690 2981 1760 imperii
3024 1689 3285 1756 Valentis,
3340 1693 3428 1762 qui
3473 1692 3750 1762 aliquanto

2196 1767 2279 1813 ost
2304 1768 2550 1830 tempore
2579 1762 2847 1830 regnavit,
2878 1776 2998 1817 cum
3028 1762 3287 1817 Caesarea:
3320 1763 3551 1830 pontifex
3602 1774 3748 1819 esset

2203 1828 2459 1903 usebius;
2493 1828 2881 1903 multominus
2922 1832 3135 1888 Juliano
3178 1828 3473 1903 imperante
3522 1834 3750 1890 Basilius

2154 1901 2658 1974 antistitis_munere
2683 1901 3021 1974 fungebatur.
3054 1905 3129 1959 De
3160 1901 3267 1974 quo
3304 1908 3433 1961 satis
3472 1905 3750 1962 evidenter

2152 1972 2672 2046 apparetJulianum
2704 1972 2807 2031 iter
2851 1991 2946 2045 per
2992 1972 3386 2046 Cappadociam
3434 1975 3742 2046 facientem,

2154 2057 2330 2123 neque
2362 2042 2761 2123 B_asi_lium_istic
2792 2042 3094 2123 pontificem
3109 2042 3439 2123 reperisse,
3461 2062 3632 2119 neque
3662 2042 3749 2119 ip;

2157 2115 2273 2167 sios
2297 2115 2537 2188 ecclesia:
2562 2115 2818 2173 minatum
2849 2134 2988 2174 esse.
3017 2118 3292 2173 Consimili
3320 2119 3478 2173 modo
3505 2115 3603 2173 nec
3628 2115 3751 2188 pr'e-

2156 2194 2309 2257 catus
2337 2195 2420 2240 est
2469 2187 2572 2242 hoc
2601 2190 2818 2244 nomine
2866 2191 3030 2245 Deum
3083 2189 3313 2244 Basilius
3357 2187 3753 2257 pontifex,’nec

2155 2255 2223 2309 ad
2248 2257 2539 2314 tollendum
2564 2275 2595 2313 e
2618 2260 2793 2316 medio
2817 2260 3146 2316 desertorem
3169 2255 3465 2317 Mercurius
3487 2260 3575 2316 ille
3594 2260 3754 2315 Chri-

2156 2328 2229 2403 sti
2258 2330 2408 2383 tostis
2433 2329 2530 2403 fuit
2555 2330 2855 2401 ablegatus.
2887 2334 3091 2401 Quippe
3117 2331 3161 2387 si
3194 2333 3295 2387 hoc
3319 2343 3474 2400 pacto
3497 2347 3580 2388 res
3600 2341 3753 2403 gesta

2158 2399 2382 2474 fuisset,
2444 2399 2730 2474 obscurum
2778 2418 2879 2458 non
2912 2399 3071 2460 esset
3116 2404 3167 2458 in
3220 2399 3535 2459 hodiernum
3582 2399 3755 2474 usque

2157 2470 2320 2551 diem,
2346 2488 2374 2525 a
2406 2487 2511 2542 quo
2541 2473 2783 2529 Julianus
2811 2476 2920 2530 telo
2941 2476 3183 2551 confixus
3207 2475 3399 2551 fuerit.
3414 2475 3544 2530 Nam
3564 2470 3752 2551 jfaculo

2158 2546 2437 2618 trajectum
2468 2555 2708 2618 constah,
2739 2557 2959 2602 auctore
2987 2546 3113 2602 facti
3144 2561 3361 2618 prorsus
3389 2548 3679 2618 incognito.
3722 2564 3745 2600 ι

2227 2613 2390 2686 Cujus
2412 2616 2694 2671 sententiae
2715 2618 2816 2673 etsi
2838 2618 3117 2686 Baronius,
3145 2613 3292 2673 iomo
3316 2617 3405 2685 lV,
3430 2613 3571 2674 anno
3591 2618 3754 2673 Chri-

2156 2692 2223 2761 stt
2252 2684 2384 2761 36:5,
2413 2687 2667 2741 accedat:
2708 2707 2727 2739 ‹
2765 2690 2834 2743 At
2881 2691 2995 2758 ipse
3050 2684 3251 2755 tamen,
3302 2689 3506 2760 inquit,
3556 2687 3756 2761 Glycas

2158 2755 2297 2830 haud
2324 2758 2376 2810 in
2398 2773 2464 2813 eo
2489 2761 2641 2813 nobis
2671 2761 2883 2828 probari
2906 2755 3102 2830 potest,
3127 2776 3248 2815 cum
3271 2755 3393 2816 eam
3412 2762 3481 2816 ob
3508 2755 3753 2828 causam,

2156 2827 2300 2901 quod
2341 2844 2403 2883 ea
2452 2827 2814 2885 commentitia
2868 2827 3230 2901 Amphilochii
3284 2833 3503 2887 nomine
3552 2832 3757 2900 scripta

2158 2896 2504 2966 haberentur,
2532 2901 2754 2971 derogat
2783 2896 2994 2972 penitus
3023 2904 3181 2958 fidem
3211 2902 3469 2971 historize,
3502 2918 3622 2971 quae
3652 2896 3757 2957 au-

2158 2972 2408 3047 ctoritate
2456 2972 2683 3047 Helladii
2735 2974 2884 3029 citati
2921 2990 2953 3029 a
3005 2976 3330 3047 Damasceuo
3358 2974 3660 3047 (Damasc.,
3691 2972 3758 3029 de

2158 3038 2411 3113 Imagin.,
2445 3053 2583 3098 orat.
2612 3043 2700 3115 1),
2734 3061 2889 3115 quem
2919 3047 3033 3116 ipse
3060 3060 3165 3101 non
3206 3038 3541 3113 vidit,'aliter
3570 3054 3755 3100 tamen

2159 3126 2273 3187 rem
2306 3126 2511 3187 gestam
2540 3117 2837 3183 recitantis,
2867 3118 3081 3187 egregie
3110 3126 3301 3173 testata
3334 3116 3594 3171 redditur.
3614 3135 3648 3187 ί»

2232 3185 2500 3256 Quulquid
2532 3187 2601 3241 sit
2626 3186 2694 3242 de
2717 3184 3050 3243 dissensione
3074 3187 3395 3243 narrationis
3419 3188 3487 3242 ab
3510 3184 3758 3242 Helladio

2158 3265 2214 3312 et
2241 3258 2614 3331 Amphilochio
2645 3259 2899 3314 institutae
2932 3259 3002 3331 (si
3033 3268 3212 3316 tamen
3259 3260 3597 3331 diversorum
3634 3273 3749 3331 au-

2160 3338 2368 3401 ctorum
2400 3344 2462 3384 ea
2493 3329 2562 3384 sit
2588 3331 2848 3399 narratio,
2880 3328 3070 3387 etnon
3119 3333 3295 3401 potius
3348 3328 3759 3400 Amphilochius

2163 3399 2462 3456 Helladium
2514 3402 2720 3472 integre
2767 3399 3134 3470 expresserit,
3180 3417 3340 3472 quem
3397 3399 3762 3457 Damascenus

2161 3472 2542 3536 compendiose
2561 3474 2736 3543 citat),
2769 3484 2915 3531 certe
2940 3476 2994 3530 in
3024 3474 3124 3529 hac
3165 3472 3288 3530 Ursi
3321 3474 3763 3544 interpretatione

2162 3558 2235 3626 ea.
2258 3544 2477 3626 historia
2504 3560 2609 3599 non
2638 3557 2932 3615 comparet,
2958 3554 3016 3601 ut
3055 3545 3174 3617 ejus
3219 3543 3480 3601 rationem
3527 3543 3762 3601 reddere

2165 3630 2384 3671 mtmme
2412 3630 2685 3685 cogamur.

2238 3711 2349 3765 Etsi
2378 3711 2576 3766 certior
2614 3719 2669 3767 et
2720 3710 2944 3766 solidior
2992 3712 3107 3767 Vita
3162 3710 3341 3767 Basilii
3387 3725 3449 3765 ex
3493 3709 3663 3780 ipsius
3701 3717 3763 3767 et

2167 3782 2411 3855 Gregorii
2441 3781 2758 3837 Nazianzeni
2805 3783 3019 3852 scriptis
3049 3794 3103 3838 et
3131 3784 3250 3838 aliis
3300 3782 3624 3855 synchronis
3666 3796 3765 3855 au-

2168 3854 2612 3926 ctoribuscolligi
2643 3856 2833 3925 possit,
2881 3854 3023 3925 quod
3055 3856 3165 3910 fere
3213 3856 3269 3909 in
3314 3853 3605 3926 Annalibus
3652 3854 3767 3910 suis

2171 3935 2388 3996 prmstat
2420 3925 2696 3989 Baronius,
2723 3934 2777 3980 et
2812 3926 2920 3996 jam
2951 3942 3060 3995 prce
3092 3927 3337 3981 manibus
3369 3925 3529 3980 habet
3574 3925 3768 3981 docto-

2170 4010 2289 4049 rum
2321 3995 2598 4068 Ecclesiae,
2632 3995 2968 4066 aliorumque
3012 3998 3215 4068 aliquot
3244 3996 3390 4052 Vitas
3433 4004 3613 4050 noster
3652 3996 3765 4068 Pe-

2172 4076 2287 4121 trus
2315 4066 2553 4134 Halloix;
2585 4069 2708 4138 quia
2732 4065 2910 4123 tamen
2940 4065 3257 4124 nobis—nunc
3280 4068 3614 4139 propositum
3641 4065 3766 4133 fuit,

2174 4139 2459 4211 nunquid
2505 4139 2574 4195 de
2624 4155 2838 4211 quoque
2890 4150 3077 4194 sancto
3124 4138 3481 4210 undecunque
3526 4138 3769 4209 indagari

2175 4209 2365 4280 possit,
2397 4210 2482 4265 hic
2502 4209 2826 4279 exprimere,
2854 4212 2949 4266 scd
2984 4214 3157 4281 potius
3190 4213 3336 4267 Vitas
3367 4209 3613 4279 Patrum,
3645 4225 3769 4279 qua:

2178 4282 2337 4337 toties
2367 4283 2507 4353 typis
2554 4298 2763 4338 excusa:
2793 4291 2938 4348 sunt,
2991 4295 3044 4337 et
3088 4282 3142 4338 in
3193 4286 3477 4339 multorum
3523 4282 3772 4336 manibus

2175 4362 2489 4418 versantur,
2522 4364 2681 4423 atque
2712 4368 2741 4407 a
2786 4355 2958 4409 doctis
2991 4355 3116 4409 viris
3146 4355 3409 4419 citantur,
3441 4367 3732 4409 recensere
3756 4392 3771 4415 ,

2178 4424 2337 4497 dubia
2378 4425 2432 4477 in
2471 4426 2536 4478 iis
2572 4424 2868 4497 explicare,
2921 4436 3108 4481 notare
3156 4425 3495 4497 apocrypha;
3548 4424 3772 4494 permisi

2183 4495 2321 4550 hanc
2338 4511 2551 4565 quoque
2571 4495 2743 4551 Vitam
2768 4496 2908 4552 inter
2927 4507 3153 4553 caeteras
3172 4495 3337 4552 suum
3359 4495 3540 4554 tenere
3562 4497 3769 4562 locum,

2221 4568 2514 4621 rremittens
2568 4575 2743 4623 tamen
2777 4568 2917 4623 hanc
2946 4568 3161 4623 Baronii
3211 4568 3583 4633 monitionem,
3607 4580 3775 4637 quam

2200 4638 2342 4693 tabet
2376 4649 2531 4721 .tomo
2561 4637 2650 4704 IV,
2684 4639 3051 4763 annoislhristi
3080 4640 3217 4722 57B,
3240 4640 3452 4723 Damasi
3484 4652 3632 4709 papa:
3680 4638 3779 4706 12,

2200 4710 2421 4763 l’alentts
2454 4710 2539 4763 15.
2568 4709 2805 4763 Grauam
2872 4709 2925 4763 2.
2957 4710 3311 4763 Valentiniani
3336 4726 3467 4763 tmu.
3492 4711 3564 4763 δε

2182 4710 2421 4765 Valentis
2454 4710 2539 4773 15,
2568 4709 2805 4766 Gratiani
2838 4709 2925 4781 T2,
2957 4710 3311 4766 Valentiniani
3336 4712 3467 4781 imp.
3492 4711 3564 4766 ὅτ

2254 4821 2272 4854 ε
2309 4802 2438 4871 Quae
2464 4802 2824 4873 Amphilochii
2857 4802 2991 4857 falso
3022 4803 3241 4858 nomine
3269 4802 3439 4859 fertur
3471 4802 3587 4857 Vita
3618 4801 3777 4859 Basi-

2179 4873 2261 4941 lii,
2291 4874 2432 4929 baud
2463 4875 2623 4945 digna
2654 4876 2783 4929 satis
2816 4875 3061 4941 habetur,
3087 4890 3208 4944 quae
3244 4875 3577 4933 eruditorum
3624 4873 3778 4945 aut-i-

2179 4946 2279 5001 bus
2308 4944 2598 5015 ingeratur,
2625 4946 2728 5001 nisi
2753 4946 2890 5002 adeo
2925 4947 3035 5001 sint
3078 4946 3440 5016 perspicaces,
3473 4946 3564 5015 qui
3595 4945 3647 4999 in
3694 4944 3779 5001 eis

2180 5032 2300 5087 quae
2324 5018 2431 5071 sint
2451 5031 2575 5072 vera
2603 5031 2633 5071 a
2661 5016 2807 5073 falsis
2828 5016 3125 5087 disquirere
3146 5032 3209 5071 ac
3230 5032 3516 5073 secernere
3535 5016 3776 5072 valeant.

2180 5086 2468 5158 Complura
2498 5088 2641 5143 enim
2671 5089 2742 5142 ibi
2774 5104 2899 5143 vera
2934 5086 3080 5155 esse,
3129 5090 3339 5145 inficias
3386 5103 3545 5144 nemo
3590 5088 3777 5158 iverit,

2181 5167 2241 5212 ut
2267 5157 2328 5213 ea
2357 5162 2653 5232 praesertim
2685 5174 2803 5228 qua:
2830 5160 2901 5214 ab
2930 5160 3208 5232 ambobus;
3226 5158 3524 5232 Gregoriis,
3555 5157 3778 5215 Nazian-

2184 5245 2317 5285 zeno
2345 5241 2507 5302 atque
2555 5230 2818 5301 Nysseno,
2852 5245 3060 5286 necnon
3091 5246 3161 5287 ex
3195 5230 3477 5302 Ephricem
3509 5244 3634 5287 esse
3678 5244 3778 5287 no-

2185 5310 2408 5357 scuntur
2430 5312 2667 5373 accepta,
2686 5303 2768 5359 vel
2789 5303 2858 5359 ab
2876 5302 3116 5358 Helladio
3132 5312 3404 5360 mutuatus
3422 5309 3508 5360 est
3518 5310 3728 5358 auctor.
3752 5319 3773 5354 ι

2190 5374 2458 5430 llactcnus
2483 5373 2768 5429 Baronius.

2259 5469 2340 5538 (5)
2367 5467 2542 5543 [iram]
2557 5468 2843 5543 (Baronius,
2859 5469 2926 5543 ad
2948 5469 3379 5543 Martyrologium
3394 5469 3722 5543 Romanum,
3744 5467 3775 5523 1

2183 5532 2420 5617 Januarii
2449 5557 2463 5595 :
2501 5532 2733 5617 (pedit,
2766 5532 2937 5617 inquit
2959 5532 3161 5617 (Vita'm
3191 5532 3381 5617 Basilii
3400 5541 3469 5598 ab
3496 5532 3779 5617 Amphilgc

2182 5611 2324 5684 chio,
2361 5620 2417 5665 ut
2443 5612 2705 5679 creditur,
2728 5611 3004 5684 scriptam)
3034 5612 3310 5669 Latinitati
3339 5613 3505 5670 Ursus
3531 5611 3683 5670 S.'B.
3708 5612 3779 5671 E.

2184 5683 2567 5767 subdiacouus,
2599 5684 2753 5767 cujus
2780 5683 3174 5767 praefationem,
3206 5700 3326 5767 quae
3355 5684 3692 5767 desideratur
3722 5684 3779 5739 in

2183 5754 2415 5827 caeteris,
2449 5755 2675 5827 legimus
2706 5757 2757 5811 in
2780 5757 2948 5813 veteri
2971 5754 3334 5826 manuscripto
3354 5755 3550 5812 Codice
3576 5764 3781 5811 nostra:

2182 5825 2541 5897 bibliothecas,
2574 5842 2732 5897 quam
2775 5829 3111 5899 possidemus
3158 5825 3479 5897 liberalitate
3526 5828 3628 5913 piat
3664 5839 3779 5889 tue-
