4142 6350
290 432 3574 483 W

1719 603 2069 648 FEBRUABII
2113 604 2158 646 Ι.

395 780 874 941 VITA
961 768 2675 926 SANCTIEPHRZEM
2784 841 2864 916 (ι)
2925 706 3482 935 SYRI,

1367 1036 1823 1113 DIACONI
1896 1036 2336 1114 EDESSIE
2391 1047 2474 1119 (‘2)
2499 1083 2521 1118 ρ

571 1216 941 1283 AUCTORE
988 1215 1279 1279 GRJECO
1323 1214 1671 1278 INCERTO
1717 1215 1849 1293 (3),
1907 1214 2409 1276 INTERPRETE
2456 1213 2836 1278 GERABDO
2881 1213 3162 1277 vossro
3207 1215 3319 1297 (ιι).

371 1506 553 1562 ϐηυτ
573 1501 1118 1559 patrium—Sanctus
1141 1499 1226 1554 hic
1249 1499 1404 1554 Pater
1423 1508 1604 1554 noster
1624 1495 1895 1567 Ephraem,
1930 1503 1981 1562 Α
2007 1494 2175 1552 dienti
2197 1493 2308 1565 jam
2352 1495 2401 1551 ei
2426 1495 2476 1550 in
2501 1495 2698 1562 locum,
2723 1504 2777 1551 et
2809 1499 3204 1565 pertranseunti
3229 1507 3436 1568 portam
3465 1495 3596 1554 civi-

299 1614 366 1654 ex
395 1597 619 1652 Oriente
666 1593 949 1662 oriundus,
981 1593 1150 1661 Syrus
1192 1605 1414 1661 genere,
1448 1591 1548 1660 piis
1590 1589 1898 1660 parentibus

302 1701 466 1747 natus
515 1691 567 1744 in
617 1689 814 1743 Edessa
845 1687 946 1759 (5).
999 1685 1145 1741 Vixit
1193 1684 1521 1754 temporibus
1565 1684 1894 1740 Constantini

304 1781 484 1852 Magni
533 1781 694 1850 regis,
719 1790 773 1835 et
801 1780 1029 1834 aliorum
1077 1778 1166 1847 qui
1217 1785 1338 1848 post
1379 1778 1550 1847 ipsum
1589 1786 1896 1849 regnarunt.

303 1873 599 1929 Abstineas
630 1888 658 1925 a
687 1886 857 1941 puero
887 1871 955 1926 ab
988 1870 1133 1925 omni
1177 1885 1236 1925 re
1266 1869 1421 1925 mala.
1451 1870 1613 1938 Cujus
1653 1878 1900 1939 parentes

299 1981 372 2022 eo
393 1966 566 2022 adhuc
592 1981 777 2034 puero,
807 1980 902 2035 per
923 1966 1190 2019 somnium
1215 1964 1464 2020 videlicet
1486 1965 1743 2019 visionem
1770 1979 1902 2020 con-

297 2067 612 2128 opexerunt,
638 2056 786 2127 quod
821 2073 884 2112 ex
919 2071 1012 2110 ore
1044 2057 1209 2125 ipsius
1238 2057 1487 2125 Ephrzem
1525 2057 1646 2111 vitis
1671 2056 1901 2112 adscen-

299 2150 456 2205 deret
485 2149 564 2220 (6)
593 2149 750 2204 valde
794 2148 1073 2219 frugifera,
1107 2163 1224 2217 quae
1250 2148 1622 2215 excrescebat,
1650 2158 1702 2203 et
1730 2148 1903 2218 reple-

301 2243 395 2298 bat
422 2258 634 2298 omnem
667 2243 766 2298 sub
794 2244 933 2298 cwlo
960 2244 1232 2312 regionem
1255 2259 1270 2299 :
1292 2242 1680 2314 veniebantque
1707 2251 1902 2298 cuncta

303 2335 540 2391 volatilia
571 2336 716 2401 coeli,
754 2344 808 2390 et
835 2335 1191 2390 comedehant
1218 2336 1284 2390 de
1316 2336 1488 2390 fructu
1521 2335 1662 2401 vitis,
1692 2343 1746 2390 et
1770 2350 1906 2404 pra:-

305 2437 394 2484 ter
423 2444 541 2495 quae
578 2428 954 2490 comedehant,
998 2426 1176 2482 adhuc
1217 2428 1508 2497 superabat
1552 2427 1774 2481 fructus.
1810 2426 1907 2481 Hic

313 2521 384 2576 ab
402 2530 559 2576 relate
577 2520 799 2590 juvenili
829 2536 1066 2576 eremmn
1095 2521 1334 2586 incoluit,
1357 2520 1783 2588 compunctionis
1806 2517 1908 2574 sibi

309 2614 564 2685 abyssum
618 2613 911 2679 vindicans,
944 2629 1040 2682 per
1084 2629 1245 2683 quam
1293 2621 1346 2668 et
1388 2612 1624 2667 divinam
1673 2611 1904 2683 Spiritus

309 2706 485 2760 sancti
515 2706 739 2776 gratiam
771 2705 1044 2776 suscepit.,

383 2798 512 2854 Car.
548 2799 611 2853 ll.
637 2828 705 2840 --
735 2799 809 2855 De
837 2816 960 2869 quo,
994 2799 1211 2869 quidam
1241 2800 1422 2854 divino
1449 2799 1660 2854 afflatus
1689 2798 1905 2869 spiritu,

2001 1589 2146 1655 tatis,
2180 1587 2413 1642 occurrit
2443 1588 2637 1642 mulier
2667 1588 2768 1660 (9),
2800 1604 2916 1657 quat
2949 1589 3002 1644 in
3029 1589 3243 1646 civitate
3273 1599 3390 1646 erat
3417 1607 3593 1648 mere-

2002 1683 2108 1736 trix
2135 1699 2149 1736 :
2174 1696 2332 1751 quam
2370 1683 2635 1752 aspiciens
2679 1695 2867 1738 servus
2899 1683 2993 1739 Dei
3033 1684 3316 1753 Ephrzem,
3346 1685 3592 1754 indoluit,

2002 1773 2079 1827 sic
2136 1788 2319 1829 secum
2378 1773 2603 1844 loquens
2652 1791 2664 1826 :
2711 1774 2938 1829 Domine
2991 1775 3116 1830 Jesu
3190 1773 3445 1842 Christe,
3503 1774 3598 1830 de-

2003 1868 2224 1936 spexisti
2268 1883 2456 1938 preces
2501 1868 2640 1923 servi
2689 1869 2762 1923 tui
2807 1868 3088 1938 Ephraem;
3122 1884 3227 1940 quo
3269 1878 3426 1940 pacto
3454 1871 3598 1925 enim

2006 1958 2121 2014 haec
2151 1959 2219 2014 de
2257 1958 2531 2029 Scriptura
2579 1975 2786 2016 mecum
2835 1960 3098 2016 disserat?
3128 1960 3378 2016 Substitit
3417 1968 3597 2016 autem

2007 2051 2293 2123 meretrixj,
2348 2054 2560 2109 intuens
2610 2053 2779 2109 illum.
2858 2053 2938 2109 Ad
2997 2069 3154 2124 quam
3213 2053 3600 2110 sanctuszDic

2006 2149 2156 2214 mihi,
2184 2151 2380 2222 puella,
2410 2150 2537 2222 quid
2565 2151 2846 2221 subsistis},
2879 2159 2933 2207 et
2965 2151 3036 2206 ita
3069 2151 3288 2206 intentis
3303 2151 3370 2227 jn
3400 2165 3486 2206 me
3516 2149 3600 2206 in-

2009 2245 2174 2301 tueris
2203 2245 2409 2299 oculis?
2431 2244 2527 2298 Cui
2555 2245 2888 2314 respondens
2933 2244 3212 2311 meretrix,
3235 2243 3310 2298 ait
3350 2243 3416 2298 ad
3436 2257 3596 2298 eum:

2015 2345 2230 2398 lntueor
2261 2352 2344 2407 te,
2368 2343 2500 2412 quia
2545 2356 2644 2411 ego
2672 2341 2864 2396 mulier
2894 2355 2959 2396 ex
2991 2349 3042 2395 te
3071 2340 3188 2396 viro
3218 2348 3428 2410 sumpta
3457 2354 3597 2395 sum.

2010 2433 2088 2488 Tu
2121 2441 2296 2487 autem
2327 2449 2394 2488 ne
2427 2447 2511 2487 me
2543 2432 2818 2498 intuearis,
2850 2431 2944 2486 sed
2975 2440 3174 2486 terram
3204 2446 3270 2487 ex
3300 2447 3403 2502 qua
3433 2440 3490 2486 tu
3519 2430 3602 2487 vir

2011 2535 2251 2595 sumptus
2276 2541 2354 2582 es.
2389 2526 2516 2592 Quae
2545 2540 2664 2580 cum
2709 2525 2921 2580 audiret
2963 2540 3157 2582 servus
3189 2525 3283 2581 Dei
3326 2524 3601 2596 Ephraem,

2013 2620 2277 2689 suspexit,
2306 2628 2358 2673 ct
2391 2619 2709 2691 glorificavit
2759 2618 2947 2685 Deum,
2982 2619 3070 2689 qui
3119 2618 3277 2674 talem
3319 2619 3368 2675 ei
3395 2617 3604 2688 sapien-

2013 2713 2141 2768 tiam
2166 2712 2410 2775 dederat,
2441 2721 2498 2768 ut
2521 2713 2782 2782 ejusmodi
2813 2712 2880 2766 ab
2911 2713 3022 2782 ipsa
3051 2725 3368 2781 responsum
3393 2709 3604 2780 accipe-

2013 2813 2117 2860 ret.
2153 2803 2217 2858 Et
2244 2805 2492 2874 cognovit
2521 2820 2672 2859 suam
2701 2820 2730 2858 a
2758 2803 2869 2860 Deo
2901 2818 3233 2874 nequaquam
3268 2802 3430 2858 fuisse
3458 2816 3606 2872 spre-

311 2907 413 2964 per
431 2891 697 2949 somnium
722 2893 1039 2948 viditvirum
1066 2895 1380 2961 terribilem,
1410 2904 1677 2951 tenentem
1707 2895 1909 2950 chartae
1939 2873 1989 2933 B
2015 2904 2121 2951 tam
2136 2873 2802 2966 orationem.Veniensque
2819 2896 2873 2952 in
2889 2873 3607 2964 urbem,diversatusestibi.

308 2987 586 3053 volumen,
627 2995 680 3043 et
725 2988 1094 3058 interrogabat
1121 3006 1133 3041 :
1158 2988 1308 3054 Quis,
1360 2997 1517 3059 putas
1539 3030 1554 3054 ,
1585 2990 1828 3059 accipere
1857 2996 1914 3045 et

309 3078 586 3134 custodire
634 3078 764 3134 illud
813 3080 1043 3148 poterit?
1075 3081 1315 3151 tactaque
1359 3089 1441 3136 est
1478 3096 1580 3136 vox
1625 3081 1690 3135 ad
1741 3077 1910 3136 eum:

311 3172 505 3229 Nullus
531 3172 687 3243 alius,
713 3173 813 3229 nisi
859 3173 1108 3243 Ephrzcm
1135 3188 1324 3230 servus
1354 3189 1525 3229 meus.
1560 3175 1675 3240 Quo
1698 3176 1910 3246 quidem

313 3272 548 3332 astante,
581 3273 636 3318 et
683 3278 744 3318 os
794 3265 1092 3334 aperiente,
1137 3265 1374 3335 illudque
1418 3264 1733 3331 devorante,
1769 3266 1913 3321 illico

313 3353 437 3410 fons
464 3369 775 3410 sermonum
807 3370 835 3408 a
857 3354 967 3410 Deo
1001 3355 1451 3426 proficiscentium
1475 3357 1736 3423 scaturiit,
1762 3372 1914 3412 com-

312 3448 608 3520 punctione
633 3459 688 3504 et
719 3450 1028 3518 pmnitentia
1057 3450 1265 3519 plenus,
1303 3451 1552 3507 timorem
1581 3467 1913 3508 commemo-

313 3553 444 3594 rans
469 3539 681 3610 judicii,
711 3551 761 3596 et
791 3542 1014 3596 secundi
1044 3556 1167 3598 cum
1200 3543 1482 3612 majestate
1508 3544 1768 3601 adventus
1805 3547 1918 3601 uni-

315 3644 602 3687 versorum
648 3631 808 3703 Regis
856 3643 910 3689 et
955 3634 1166 3689 Domini
1216 3635 1342 3691 Jesu
1390 3634 1625 3705 Christi,
1661 3639 1771 3694 veri
1825 3639 1918 3694 Dei

318 3723 522 3791 nostri,
557 3732 614 3778 ut
669 3722 855 3778 reddat
910 3724 1200 3794 unicuique
1254 3728 1550 3783 secundum
1600 3745 1763 3799 opera
1815 3745 1913 3785 sua

318 3814 538 3887 (Matth.
588 3831 714 3882 xvr;
747 3817 898 3871 Rom.
950 3820 1031 3889 tl).
1087 3818 1358 3876 Praeterea
1406 3822 1566 3876 etiam
1614 3822 1918 3879 divinorum

322 3905 637 3977 dogmalum
661 3909 1034 3964 rectitudinem
1067 3911 1434 3982 acveritatem
1458 3913 1916 3982 librismandavit.

392 3997 522 4055 Car.
556 3999 642 4055 lll.
667 4029 736 4040 —
755 3999 909 4056 Alius
935 4010 1112 4057 autem
1137 4002 1350 4073 quidam
1374 4013 1681 4060 sanctorum
1704 4021 1914 4072 senum,

316 4109 506 4152 rursus
523 4095 579 4149 in
603 4095 809 4152 visione
831 4096 970 4150 vidit
997 4098 1309 4168 angelorum
1332 4097 1545 4168 agmina
1569 4097 1648 4170 (7)
1672 4113 1739 4154 ex
1770 4099 1920 4154 caelis

318 4188 504 4244 divino
551 4190 704 4259 jussu
734 4189 1143 4256 descendentia,
1173 4201 1227 4248 et
1275 4192 1328 4247 in
1373 4191 1620 4248 manibus
1652 4201 1829 4264 caput,
1865 4192 1918 4248 id

2089 2986 2216 3041 CAP.
2257 2987 2314 3041 V.
2339 3017 2409 3028 —-
2432 2985 2570 3041 Casu
2605 2996 2782 3042 autem
2830 2987 2980 3056 juxta
3025 2987 3139 3056 ejus
3185 2986 3474 3057 hospitium
3503 2985 3608 3043 alia

2020 3080 2277 3135 meretrix
2307 3077 2426 3151 (10)
2459 3079 2733 3136 habitabat
2759 3098 2771 3134 :
2797 3096 2944 3149 quae,
2975 3096 3096 3136 cum
3127 3081 3215 3136 ille
3246 3096 3340 3150 per
3367 3079 3608 3151 complu~

2021 3187 2109 3226 res
2139 3171 2253 3225 dies
2284 3171 2336 3225 in
2366 3171 2499 3226 urbe
2520 3181 2967 3239 commoraretur,
2992 3171 3128 3226 dixit
3155 3172 3220 3225 ad
3251 3186 3371 3228 eum
3398 3188 3413 3226 :
3443 3172 3610 3228 Bene<
3655 3177 3660 3182 '

2020 3262 2126 3326 dic,
2158 3262 2379 3318 domine
2401 3261 2587 3317 abbas.
2611 3261 2678 3316 Et
2711 3263 2829 3317 fixis
2852 3263 3021 3318 oculis
3050 3262 3342 3319 fenestram
3373 3262 3610 3332 intuens,

2022 3355 2152 3410 vidit
2196 3356 2339 3410 illam
2399 3356 2855 3426 prospicientem,
2905 3358 3084 3426 aitque
3141 3357 3206 3411 ad
3257 3371 3418 3424 eam;
3467 3355 3611 3412 Deus

2020 3446 2306 3503 benedicat
2337 3447 2452 3503 tibi.
2499 3449 2580 3503 Ad
2626 3465 2783 3519 quem
2814 3449 2905 3504 illa
2932 3465 2946 3503 :
2971 3449 3108 3516 Quid
3160 3457 3250 3504 tuo
3286 3449 3437 3506 deest
3463 3457 3616 3520 septo

2021 3549 2185 3610 atque
2212 3540 2524 3596 domicilio?
2554 3541 2652 3597 Cui
2681 3549 2896 3597 sanctus
2921 3560 2935 3596 :
2959 3541 3094 3598 Tres
3122 3542 3324 3612 lapides
3347 3552 3414 3617 et.
3428 3540 3618 3613 argilla

2023 3634 2257 3700 modica,
2287 3645 2346 3690 ut
2391 3634 2626 3691 fenestra
2654 3636 2987 3703 obstruatur,
3020 3651 3116 3706 per
3143 3650 3302 3705 quam
3331 3635 3614 3705 proSpicis.

2023 3728 2117 3786 Cui
2140 3730 2252 3800 ipsa
2287 3729 2582 3798 respondit,
2612 3729 2796 3784 dicens
2824 3747 2836 3781 :
2861 3726 2994 3784 Cum
3020 3726 3251 3796 primum
3276 3734 3328 3782 te
3348 3727 3611 3795 alloquor,

2024 3820 2202 3891 rejicis
2233 3837 2340 3889 me,
2369 3835 2469 3892 ego
2499 3820 2735 3876 dormire
2761 3829 2933 3876 tecum
2966 3819 3143 3888 cupio,
3172 3827 3227 3874 et
3250 3828 3302 3873 tu
3334 3819 3419 3874 vel
3447 3833 3476 3872 a
3507 3817 3619 3873 col-

2024 3916 2297 3971 locutione
2319 3931 2405 3971 me
2430 3914 2706 3971 excludis?
2734 3913 3089 3984 Respondeas
3116 3921 3295 3968 autem
3325 3911 3404 3966 illi
3429 3924 3616 3968 servus

2026 4005 2121 4062 Dei
2151 4006 2423 4077 Ephraem,
2457 4008 2528 4062 ait
2555 4025 2568 4061 :
2595 4007 2649 4066 Si
2677 4022 2885 4064 mecum
2915 4007 3153 4062 dormire
3184 4004 3330 4072 velis,
3364 4005 3484 4061 veni
3516 4017 3624 4073 quo

2025 4103 2215 4159 dixero
2247 4104 2365 4170 tibi,
2392 4113 2450 4158 ut
2479 4103 2550 4159 ibi
2582 4103 2742 4159 simul
2771 4103 3122 4159 dormiamus.
3156 4104 3232 4158 Ad
3262 4117 3420 4173 quem
3447 4115 3623 4158 mere-

2027 4200 2130 4255 trix
2159 4217 2172 4253 :
2201 4199 2295 4254 Dic
2327 4198 2477 4263 mihi,
2510 4197 2704 4270 inquit,
2735 4198 2934 4266 locum,
2961 4207 3016 4252 et
3043 4196 3276 4253 veniam.
3309 4197 3375 4251 Et
3403 4203 3622 4251 sanctus

319 4290 405 4337 est
433 4283 686 4340 volumen
719 4283 860 4340 intus
891 4295 944 4340 et
986 4295 1136 4341 extra
1165 4286 1526 4356 conscriptum
1570 4287 1825 4342 tenentia.
1855 4286 1923 4341 Et
1947 4271 1993 4334 C
2029 4296 2094 4349 ad
2120 4295 2262 4350 illam
2295 4293 2386 4350 :Si
2405 4293 2748 4350 condormire
2770 4293 2900 4349 mihi
2929 4293 3134 4362 cupias,
3155 4307 3258 4346 non
3289 4291 3488 4361 poteris
3518 4290 3624 4345 alio

321 4374 576 4432 dicebant
604 4376 745 4432 inter
769 4389 832 4432 se
857 4394 870 4430 :
895 4375 992 4432 Cui
1022 4377 1182 4434 debet
1214 4377 1346 4434 liber
1391 4378 1492 4433 iste
1534 4379 1833 4434 committi?
1860 4379 1925 4434 Et

325 4467 464 4523 alius
487 4467 706 4539 quidem
738 4469 901 4536 hunc,
933 4477 987 4524 et
1015 4470 1106 4525 alii
1137 4471 1272 4526 alios
1301 4471 1665 4526 nominabant.
1699 4471 1803 4526 Alii
1830 4487 1927 4526 au—

329 4571 438 4617 tem
464 4562 858 4633 responderunt
881 4563 1123 4620 dicentes
1148 4581 1164 4620 :
1189 4563 1328 4619 Vere
1359 4565 1530 4620 sancti
1561 4572 1617 4620 et
1637 4563 1768 4634 justi
1798 4576 1928 4621 sunt

328 4658 419 4714 isti
445 4674 460 4713 :
484 4669 856 4716 verumtamen
884 4660 1087 4716 nemini
1120 4660 1223 4714 hoc
1251 4658 1502 4716 volumen
1533 4660 1681 4714 credi
1709 4658 1924 4729 poterit,

324 4751 434 4806 nisi
480 4750 734 4822 Ephrzem
765 4752 882 4808 miti
907 4761 962 4809 et
1007 4750 1194 4808 humili
1239 4751 1423 4807 corde.
1476 4752 1726 4822 Viditque
1761 4767 1927 4809 senex

324 4847 472 4918 quod
512 4859 702 4904 sancto
751 4847 1002 4919 Ephraem
1053 4846 1402 4902 tradidissent
1447 4847 1608 4918 168
1649 4856 1830 4916 caput.
1864 4847 1929 4902 Et

324 4955 557 5012 surgens
601 4957 780 5010 mane,
807 4942 1010 4998 audivit
1037 4958 1105 4997 ex
1134 4957 1228 4998 ore
1256 4942 1424 5012 ipsius
1472 4940 1783 5011 aptissimos
1831 4956 1928 5012 pro

329 5035 562 5092 aliorum
586 5037 942 5094 instructione
973 5051 1275 5105 sermones,
1300 5037 1476 5093 omnis
1497 5038 1928 5106 compunctionis

327 5139 386 5186 et
416 5129 625 5187 timoris
663 5132 856 5198 divini,
884 5133 1031 5188 velut
1059 5148 1126 5189 ex
1175 5132 1324 5188 fonte
1361 5131 1540 5204 aliquo
1579 5133 1925 5202 scaturiente,

331 5221 684 5292 proﬂuentes.
734 5223 802 5279 Et
842 5225 1062 5295 agnovit
1101 5239 1286 5291 senex,
1318 5240 1348 5280 λ
1377 5224 1580 5297 Spiritu
1624 5234 1810 5282 sancto
1838 5225 1928 5282 illa

333 5315 572 5385 suggeri,
603 5331 722 5385 qua:
745 5330 810 5371 ex
839 5316 984 5371 illius
1006 5330 1100 5372 ore
1127 5316 1431 5372 manabant.

405 5409 538 5467 CAP.
573 5410 749 5467 IV.—
769 5411 965 5482 Captus
991 5423 1073 5470 est
1093 5423 1272 5469 autem
1301 5412 1570 5470 desiderio
1599 5423 1817 5472 sanctus
1844 5416 1930 5471 hic

333 5499 496 5561 Pater
536 5517 724 5563 noster
771 5508 1018 5579 Ephrem
1068 5510 1304 5565 visendae
1351 5509 1746 5565 Edessenorum
1780 5509 1930 5566 urbis

337 5597 438 5669 (8),
470 5602 751 5671 oravitque
799 5601 966 5657 Deum
1011 5602 1236 5658 dicens:
1267 5602 1492 5658 Domine
1519 5601 1649 5658 Jesu
1694 5602 1930 5668 Christe,

2031 4390 2083 4444 in
2118 4390 2258 4455 loco,
2292 4390 2394 4443 nisi
2430 4390 2482 4444 in
2516 4388 2653 4444 urbe
2683 4387 2880 4444 media.
2909 4385 3265 4457 Respondens
3293 4394 3473 4439 autem
3506 4383 3622 4450 illa,

2031 4484 2166 4538 dixit
2191 4484 2257 4538 ad
2301 4483 2449 4538 illum
2477 4499 2490 4536 :
2519 4483 2588 4537 Et
2615 4497 2723 4538 non
2753 4481 3120 4538 erubescimus
3150 4485 3492 4547 conspectum
3523 4475 3625 4531 ho-

2029 4576 2278 4630 minum?
2310 4576 2374 4629 Et
2403 4573 2739 4644 respondens
2788 4587 3015 4643 magnus
3065 4571 3337 4640 Ephraem,
3369 4567 3504 4625 dixit
3528 4567 3578 4624 ei
3608 4584 3624 4623 :

2033 4669 2088 4724 Si
2114 4669 2363 4723 homines
2389 4666 2784 4732 erubescimus,
2816 4665 2986 4721 multo
3027 4665 3194 4736 magis
3237 4665 3402 4720 Deum
3434 4661 3628 4719 erube-

2021 4766 2185 4817 ‘scere
2211 4760 2369 4816 simul
2395 4767 2453 4815 et
2483 4758 2672 4815 timere
2701 4757 2996 4830 oportebit,
3027 4758 3116 4829 qui
3159 4757 3307 4813 novit
3335 4755 3498 4812 etiam
3525 4766 3623 4808 oc-

2033 4853 2175 4910 culta
2205 4852 2502 4918 hominum,
2535 4851 2787 4922 quoniam
2815 4851 2931 4921 ipse
2959 4858 3063 4919 est,
3092 4849 3186 4920 qui
3208 4849 3387 4905 veniet
3410 4843 3620 4916 judica-

2035 4957 2186 5003 turus
2218 4946 2512 5015 mundum,
2545 4954 2601 5003 et
2643 4944 2950 5001 redditurus
2996 4943 3282 5014 unicuique
3327 4935 3622 4996 secundum

2034 5055 2200 5110 opera
2226 5054 2320 5094 sua
2353 5039 2530 5111 (Rom.
2564 5037 2646 5110 ιι).
2670 5038 2794 5094 [hec
2816 5037 3041 5093 audiens
3064 5035 3340 5099 meretrix,
3363 5044 3626 5100 compun-

2033 5141 2118 5190 cta
2160 5143 2242 5189 est
2276 5148 2344 5189 ex
2382 5133 2558 5190 verbis
2608 5131 2792 5201 illius;
2827 5141 2882 5188 et
2925 5129 3188 5187 accedens
3236 5124 3463 5196 procidit
3488 5131 3625 5193 ,ante

2034 5227 2200 5300 pedes
2248 5226 2386 5298 ejus,
2432 5227 2671 5297 plorans,
2719 5222 3241 5294 dicensque:Serve
3279 5217 3397 5282 Dei,
3448 5216 3625 5273 deduc

2035 5335 2122 5376 me
2148 5319 2201 5376 in
2233 5319 2373 5375 viam
2402 5319 2615 5386 salutis,
2641 5327 2700 5373 ut
2730 5332 2758 5370 a
2789 5315 2971 5372 multis
2999 5313 3132 5367 meis
3160 5311 3312 5366 malis
3340 5310 3623 5383 operibus-

2034 5431 2140 5487 que
2185 5416 2440 5486 improbis
2474 5415 2689 5470 liberer.
2731 5412 2961 5468 Sanctus
3008 5417 3187 5464 autem
3220 5421 3384 5463 senex
3435 5407 3621 5463 multis

2035 5524 2154 5566 eam
2198 5511 2490 5566 admonens
2537 5525 2603 5564 ex
2652 5521 2802 5562 sacra
2851 5502 3166 5573 Scriptura,
3200 5500 3630 5571 confirmanqu

2040 5603 2187 5658 illius
2232 5601 2626 5673 paenitentiam,
2656 5598 2799 5653 misit
2843 5596 3012 5666 ipsam
3043 5596 3097 5651 in
3141 5593 3544 5662 monasterium,
3575 5598 3632 5649 et

331 5687 559 5762 dignare
587 5670 675 5749 me
697 5693 880 5750 videre
906 5695 1177 5751 civitatem
1203 5695 1369 5764 illam,
1400 5705 1455 5752 et
1482 5712 1607 5752 cum
1639 5695 1928 5766 ingrediar,
1962 5670 2015 5729 D
2037 5670 2266 5751 salvavit
2289 5696 2405 5764 ejus
2435 5694 2670 5747 animam
2696 5706 2764 5746 ex
2787 5706 2944 5748 cceno
2973 5690 3313 5762 ﬂagitiorum.

334 5782 549 5841 obviam
578 5785 711 5842 mihi
739 5786 935 5844 habere
981 5803 1188 5844 merear
1218 5789 1491 5845 hominem
1519 5789 1807 5858 ejusmodi,
1838 5789 1929 5859 qui

332 5891 550 5938 mecum
583 5875 923 5950 a‘Scriptura
951 5895 1258 5940 sermonem
1289 5883 1618 5940 exordiatur.
1652 5883 1718 5938 Et
1747 5882 1931 5952 ingre-

2111 5786 2241 5842 Csr.
2277 5787 2366 5842 Vl.
2389 5814 2458 5826 -—
2485 5786 2548 5838 Et
2578 5784 2858 5841 discedens
2896 5801 2925 5841 a
2956 5785 3169 5841 civitate
3197 5783 3307 5846 illa,
3338 5781 3488 5836 venit
3509 5775 3630 5833 Cte-

2039 5893 2248 5937 saream
2279 5877 2651 5949 Cappadociae,
2681 5879 2774 5936 ubi
2803 5879 3075 5950 ingressus
3118 5874 3399 5946 templum,
3430 5865 3633 5940 reperit
