4142 6350
300 373 410 433 52.5

1364 364 1525 420 VITA
1565 357 1769 421 SANTI
1810 359 2127 423 SlMEONlS
2165 362 2505 420 STYLITIE.

3474 361 3582 423 326

284 491 415 548 dum
440 489 515 544 ait
547 504 560 541 :
598 504 617 550 ς
653 487 726 540 Ex
754 482 1019 554 impudica
1040 481 1876 604 pudicam,ex_lasciiagravem,
1911 486 1962 552 Α
1990 483 2041 533 in
2087 480 2440 534 similitudine
2485 480 2753 532 colutnbre
2816 477 3090 535 tractantis
3139 477 3583 550 frequentissime

288 579 349 604 ιη
389 561 663 604 inmutilata
699 572 883 604 miram
933 564 1243 604 castamuue
1285 552 1534 604 reddidit.
1578 571 1595 602 ι
1671 561 1755 604 ota
1801 561 1882 604 est
1991 557 2369 604 perspexisset.
2409 571 2427 603 ι
2472 551 2537 604 Et
2583 549 2827 604 seouenti
2881 551 3056 604 capite
3105 551 3284 604 subdit
3339 550 3583 604 Joannes

288 579 354 616 ex
389 561 663 631 inquinata
699 552 883 624 puram
933 564 1243 631 castamque
1278 552 1534 631 reddidit.
1578 571 1595 602 ι
1624 552 1755 604 Tota
1801 561 1882 631 est

288 635 427 701 apud
464 622 912 698 Metapbrastetn,
968 627 1056 681 ubi
1102 626 1243 694 quod
1277 624 1363 679 hic
1390 634 1474 679 est
1501 635 1590 676 tua
1619 635 1786 693 septo,
1809 622 1880 678 ibi

287 721 362 761 es:
395 716 482 758 tuo
513 705 641 755 cibo.

354 762 413 841 '(l
437 777 478 845 ι)
519 773 911 845 lmmaculatam
943 765 1276 845 columbam]
1301 768 1443 821 Idem
1477 777 1658 845 narrat
1681 765 1883 845 Grego-

290 838 404 900 rius
450 838 721 914 Nysseuus
760 843 810 895 in
866 842 1113 895 eucotnio
1147 838 1412 909 Eplt’raam,
1446 848 1499 892 et
1525 838 1689 892 babes
1720 839 1881 892 etiam

287 917 429 987 apud
453 916 887 987 Metapbrastem.

361 989 554 1043 Simile
585 986 750 1042 babes
784 986 836 1037 in
870 982 986 1037 Vita
1029 982 1198 1040 sancti
1242 981 1483 1048 Gregorii
1533 982 1676 1050 apud
1721 981 1886 1037 Joan-

290 1076 413 1114 nem
440 1059 482 1112 D
505 1073 757 1122 aconum,
793 1056 930 1108 libro
950 1071 1020 1120 tv,
1052 1070 1172 1122 cap.
1207 1054 1296 1120 ()9,
1353 1055 1442 1106 ubi
1473 1054 1658 1107 Petrus
1691 1053 1880 1107 Diaco-

291 1147 414 1195 nus,
449 1129 536 1198 qui
574 1131 743 1182 sancti
775 1127 1017 1198 Gregorii
1046 1125 1494 1198 l’an'iiliarissimus
1535 1123 1651 1188 fuit,
1680 1131 1879 1188 narrat,

289 1204 433 1271 quod
457 1218 476 1252 t
504 1214 665 1268 Super
697 1207 858 1268 caput
887 1197 1179 1267 (Gregorii)
1208 1197 1325 1266 ipse
1351 1197 1610 1264 Spiritum
1635 1206 1881 1250 sanctum

1546 1360 1619 1369 _
1643 1357 1708 1369 οι..
1728 1360 1812 1367 ρ-

1991 557 2369 620 perspexisset.
2409 571 2427 603 »
2472 551 2537 605 Ει
2583 549 2827 618 sequenti
2881 551 3056 618 capite
3105 549 3284 604 subdit
3339 550 3583 606 Joannel

1993 623 2289 678 Diaconos:
2319 641 2338 675 ι
2372 623 2507 678 Hinc
2537 631 2618 676 cst
2645 623 2785 689 quod
2808 622 3328 678 consuetudinaliter
3345 622 3580 689 Spiritus

1988 707 2207 752 Sanctus
2241 696 2290 748 in
2319 698 2497 760 specie
2521 695 2783 750 columba:
2813 709 2976 762 super
3025 691 3309 749 scribentis
3335 693 3583 763 Gregorii

1989 776 2150 835 caput
2172 767 2496 835 depingitur.
2531 786 2549 818 ι

2064 837 2181 907 (12)
2214 837 2508 909 Meretrix]
2537 838 2677 892 ldem
2713 837 2877 892 habes
2917 837 3077 899 infra,
3123 837 3261 892 libro
3290 851 3322 891 v
3350 836 3424 891 De
3450 836 3584 891 Vitis

1991 910 2238 971 Patrum;
2269 910 2405 978 apud
2443 910 2732 977 Pelagium,
2769 909 2946 962 libello
2983 927 3033 974 x,
3063 927 3114 963 η.
3143 910 3232 962 ⁸21.

2063 983 2180 1049 (15)
2224 980 2316 1034 νει
2343 998 2406 1035 ea:
2433 982 2544 1035 solo
2561 980 2817 1050 πρίσω]
2837 981 3130 1050 Nyssenus,
3157 995 3354 1048 supra:
3385 980 3587 1048 «Aspe-

1993 1065 2218 1122 Ctusque
2265 1053 2379 1122 ejus
2435 1052 2704 1122 angelicus
2757 1053 3031 1108 sufficiens
3079 1062 3212 1118 erat,
3265 1053 3352 1121 qui
3396 1066 3488 1119 per
3528 1066 3585 1104 se

1997 1127 2199 1192 absque
2231 1126 2335 1177 ulla
2367 1125 2608 1178 oratione
2654 1123 2926 1178 intuentes
2956 1125 3022 1178 ad
3049 1124 3581 1178 commiserationem

1997 1205 2356 1264 permoveret.
2396 1213 2415 1247 ι

296 1362 1619 1388 -—-—_———_—_—-————-——‘rl——
1643 1362 1708 1369 c—
1728 1362 2432 1367 ——m
2477 1362 2776 1364 -Ῠκκγκ-γκκκ
2867 1362 3028 1364 γῆκῗ-
3083 1362 3106 1363 7.
3131 1362 3138 1363 γ

1705 1491 2009 1535 εΑΝυΑιιιι
2059 1492 2116 1532 ν.

683 1630 1161 1790 VITA
1247 1628 1913 1778 SANCT.

2038 1629 2802 1782 SIMEON
2813 1634 2971 1778 IS
3035 1695 3113 1771 (ι)
3157 1741 3198 1798 .,

1657 1875 2266 1967 STYLtTazta,

1131 2035 1502 2100 AUCTORE
1548 2024 1920 2096 ANTONIO.
1957 2033 2043 2116 (3)
2089 2035 2273 2097 EJUS
2318 2034 2756 2099 DlSClPULO.

363 2269 545 2324 CAPUT
568 2283 790 2326 existunt.
823 2268 981 2344 170
1005 2268 1235 2325 Sanctus
1259 2267 1477 2324 Simeon
1510 2284 1577 2323 ex
1608 2278 1758 2322 utero
1783 2282 1894 2320 ma-
1925 2267 1971 2327 Β
2002 2267 2069 2319 Et
2096 2268 2182 2322 die
2215 2271 2398 2338 quinta
2430 2273 2711 2343 egrediens
2767 2275 2933 2332 abbas
2980 2277 3316 2348 Tim0tbeus,
3357 2292 3589 2339 interro-

295 2364 398 2420 tris
418 2378 530 2418 suae
559 2364 762 2418 electus
783 2370 864 2417 est
891 2380 919 2416 a
954 2363 1200 2429 Domino,
1225 2373 1277 2417 et
1307 2362 1662 2417 meditabatur
1695 2374 1882 2430 parcre

296 2469 351 2513 et
375 2458 586 2527 placere
616 2457 693 2510 illi
721 2474 732 2508 :
768 2467 884 2511 erat
915 2464 1095 2510 autem
1130 2456 1212 2508 isti
1246 2466 1392 2525 pater
1415 2455 1670 2508 Susoeiou
1697 2454 1771 2523 (4)
1800 2468 1895 2505 uo-

293 2553 465 2616 miue,
486 2559 539 2605 et
559 2549 899 2604 nutriebatur
925 2564 955 2602 a
985 2548 1292 2616 parentibus
1313 2549 1442 2602 suis.
1469 2547 1568 2616 Qui
1587 2563 1703 2600 tum
1726 2549 1894 2600 lactus

295 2645 485 2699 luisset
506 2658 773 2697 annorum
809 2641 1090 2707 tredecim,
1145 2641 1400 2709 pascebat
1424 2654 1555 2694 oves
1583 2639 1748 2708 patris
1778 2637 1891 2703 sui;

301 2745 353 2790 et
385 2735 578 2789 videns
608 2735 894 2789 ecclesiam
924 2736 1025 2805 (Si),
1063 2733 1263 2788 relictis
1298 2733 1600 2802 pecoribus,
1625 2735 1894 2800 ingressus

294 2838 409 2889 est,
458 2828 770 2897 audivitque
822 2827 1139 2898 Apostolum
1182 2825 1252 2881 ibi
1293 2826 1414 2895 legi.
1451 2824 1895 2895 Interrogansque

299 2935 466 2975 unum
500 2921 793 2986 seniorem,
827 2920 941 2975 ait:
973 2919 1215 2986 Domine,
1266 2918 1391 2987 quid
1440 2927 1521 2973 est
1563 2918 1704 2973 istud
1755 2917 1895 2986 quod

295 3015 525 3085 legitur?
549 3030 718 3070 senex
744 3013 1036 3083 reSpondet
1056 3015 1102 3069 ei
1131 3010 1270 3070 εἰ)ιό
1292 3012 1588 3068 substantia
1619 3012 1810 3067 animae
1841 3022 1896 3068 ut

298 3110 470 3164 discat
508 3110 669 3162 homo
696 3109 888 3164 timere
937 3107 1102 3162 Deum
1134 3124 1218 3167 ex
1255 3116 1366 3161 toto
1396 3106 1582 3173 corde,
1610 3117 1663 3161 et
1691 3122 1756 3162 ex
1785 3114 1896 3160 tota

289 3211 475 3258 mente
509 3217 607 3256 sua
641 3200 821 3271 (Luca:
845 3200 926 3270 x).
963 3201 1104 3256 Dixit
1133 3201 1323 3256 beatus
1349 3201 1569 3256 Simeon
1604 3218 1614 3252 :
1646 3200 1782 3268 Quid
1815 3210 1898 3254 est

299 3299 492 3353 timere
525 3296 744 3351 Deum?
791 3295 935 3349 Dixit
983 3295 1030 3349 ei
1080 3296 1258 3350 senior
1298 3311 1308 3346 ι
1347 3297 1522 3359 Quare
1553 3308 1639 3348 me
1667 3293 1892 3365 flagitas,

299 3392 406 3446 (ili?
434 3393 502 3454 Et
531 3392 624 3445 ille
659 3407 673 3446 :
701 3390 862 3458 Quasi
912 3389 1103 3454 Deum,
1155 3388 1346 3459 inquit,
1377 3391 1650 3458 interrogo
1684 3397 1760 3442 te.
1793 3387 1894 3440 lsta

297 3484 440 3539 enim
466 3499 588 3554 quae
609 3499 638 3537 a
675 3492 727 3538 te
759 3482 937 3549 audio,
967 3483 1176 3540 discere
1209 3481 1352 3550 volo,
1381 3482 1506 3551 quia
1539 3479 1755 3550 ignarus
1777 3493 1894 3539 sum

299 3588 352 3631 et
381 3579 599 3632 stultus.
639 3576 937 3644 Respondit
980 3576 1028 3632 ei
1079 3575 1258 3630 senior
1292 3593 1304 3630 :
1337 3576 1392 3630 Si
1429 3575 1549 3646 quis
1573 3573 1895 3648 jejunaverit

1999 2358 2145 2424 gavit
2179 2375 2324 2427 eum,
2356 2363 2540 2418 dicens
2574 2383 2586 2420 :
2619 2367 2760 2422 unde
2791 2383 2870 2436 es,
2909 2370 3016 2424 ﬁli?
3042 2381 3133 2424 aut
3161 2389 3294 2442 quos
3344 2386 3590 2444 parentes

1999 2449 2166 2505 babes
2190 2453 2379 2531 quisic
2410 2455 2636 2513 amictus
2664 2460 2766 2514 es?
2796 2470 2886 2514 aut
2908 2462 3045 2531 quod
3073 2474 3154 2517 est
3195 2481 3386 2519 nomen
3417 2476 3588 2533 tuum,

1998 2558 2068 2598 ne
2098 2545 2236 2600 forte
2265 2547 2464 2617 aliquid
2492 2550 2616 2604 mali
2644 2553 2903 2622 gesseris,
2929 2563 3021 2607 aut
3043 2553 3263 2609 forsitan
3288 2572 3475 2612 servus
3496 2558 3590 2625 sis,

1998 2644 2052 2688 et
2082 2635 2358 2691 dominum
2389 2649 2537 2693 tuum
2571 2640 2777 2711 fugias?
2826 2643 2975 2698 Tunc
3005 2643 3192 2699 beatus
3224 2647 3443 2702 Simeon
3470 2663 3592 2704 cum

1998 2726 2254 2798 lacrytnis
2298 2729 2479 2784 dixit:
2516 2732 2881 2804 Nequaquam,
2927 2736 3164 2805 domine,
3219 2739 3310 2792 sed
3358 2748 3483 2808 opto
3539 2747 3594 2795 ut

1999 2819 2096 2872 sim
2132 2836 2321 2876 servus
2354 2821 2467 2889 Dei,
2514 2824 2555 2878 si
2600 2825 2715 2894 ipse
2773 2827 3021 2895 voluerit,
3071 2831 3194 2899 quia
3226 2831 3345 2884 volo
3378 2846 3596 2888 servare

1999 2914 2231 2968 animam
2278 2931 2452 2971 meam
2508 2919 2792 2988 perditam.
2843 2921 2977 2976 .lubc
3006 2937 3134 2992 ergo
3166 2939 3251 2978 me
3282 2924 3504 2981 introire
3539 2927 3589 2980 in

2001 3007 2407 3076 monasterium,
2460 3020 2514 3066 et
2567 3013 2817 3067 omnibus
2862 3014 3168 3085 deservire;
3202 3018 3308 3072 noli
3339 3033 3426 3072 me
3456 3018 3586 3074 foris

1999 3099 2199 3155 diutius
2239 3101 2532 3159 dimittere.
2589 3105 2739 3161 Tunc
2792 3109 3131 3178 apprehensa
3161 3128 3321 3167 manu
3352 3113 3489 3182 ejus,
3515 3115 3596 3168 in~

2001 3193 2239 3250 troduxit
2282 3211 2404 3250 eum
2448 3196 2614 3251 abbas
2661 3200 2714 3253 in
2768 3204 3171 3271 monasterium,
3205 3204 3390 3260 dicens
3422 3206 3596 3260 fratri-

1997 3287 2096 3342 bus
2131 3307 2142 3341 :
2178 3289 2355 3343 Filioli
2391 3291 2518 3358 mei,
2575 3307 2702 3348 ecce
2751 3295 2904 3348 trado
2959 3296 3109 3351 vobis
3139 3297 3295 3351 istutn
3352 3299 3593 3370 fratrem,

1999 3381 2188 3438 docete
2212 3400 2333 3439 eum
2363 3401 2600 3442 canones
2625 3389 2960 3445 monasterii.
2993 3391 3145 3446 Fecit
3188 3403 3365 3448 autem
3396 3397 3449 3448 in
3478 3410 3595 3451 mo-

1999 3480 2238 3532 nasterio
2285 3481 2438 3550 quasi
2485 3498 2701 3539 menses
2752 3495 3004 3555 quatuor,
3056 3489 3300 3543 serviens
3348 3487 3595 3546 omnibus

2009 3569 2124 3624 sine
2154 3573 2394 3641 querela,
2423 3574 2474 3626 in
2500 3575 2691 3643 quibus
2716 3575 3032 3633 Psalterium
3068 3596 3130 3633 ex
3157 3579 3363 3648 integro
3394 3598 3597 3637 memo-

298 3667 517 3740 iugiter,
551 3677 606 3722 et
635 3667 1037 3722 obsecrationes
1070 3667 1255 3724 fecerit
1286 3682 1381 3737 per
1403 3678 1691 3734 momenta,
1718 3677 1770 3720 et
1796 3665 1894 3719 liu—
1926 3665 1972 3729 C
2005 3665 2098 3719 rice
2132 3668 2545 3735 commendavit,
2603 3672 2844 3740 quotidie
2891 3675 3193 3743 percipiens
3240 3675 3419 3731 cibum
3470 3673 3598 3740 divi-

303 3763 599 3817 tniliaverit
623 3762 859 3830 seipsum
885 3762 1028 3815 omni
1059 3760 1285 3828 homini,
1318 3771 1372 3816 et
1401 3777 1506 3816 non
1529 3761 1775 3815 dilexerit
1805 3773 1898 3814 au-

305 3869 450 3917 rum,
481 3868 658 3922 neque
683 3865 959 3922 parentes,
994 3869 1168 3922 neque
1198 3853 1536 3916 vestimenta,
1572 3868 1742 3922 neque
1772 3868 1896 3922 pos-

299 3949 596 4013 sessiones,
625 3958 676 4000 et
704 3946 931 4000 honorat
961 3957 1163 4016 patrem
1197 3957 1251 4004 et
1282 3956 1525 4012 matrem,
1561 3957 1615 4001 et
1652 3947 1898 4000 sacerdo-

312 4050 391 4096 tes
412 4040 503 4093 Dei
527 4039 894 4108 prosequitur,
920 4039 1002 4093 bic
1020 4039 1356 4094 haereditabit
1379 4055 1596 4110 regnum
1616 4050 1896 4104 :eternum;

307 4146 359 4192 et
407 4136 497 4205 qui
532 4135 834 4188 econtrario
881 4136 981 4187 ista
1025 4151 1128 4187 non
1161 4133 1413 4198 custodit,
1448 4135 1532 4188 hic
1563 4133 1899 4189 baereditabit

306 4227 562 4283 tenebras
591 4225 915 4289 exteriores,
939 4241 1068 4294 quas
1094 4227 1295 4296 paravit
1325 4225 1464 4278 Deus
1490 4227 1704 4279 diabolo
1730 4235 1782 4282 et
1800 4243 1897 4280 att-

303 4319 440 4391 gelis
472 4319 588 4388 ejus
614 4318 832 4388 (Matth.
870 4335 1003 4388 xxtt,
1034 4319 1183 4389 xxv).
1215 4320 1315 4374 Ista
1341 4321 1535 4383 omnia,
1576 4319 1671 4383 fili,
1704 4321 1752 4373 in
1788 4335 1898 4374 mo-

309 4415 551 4470 naSIerio
577 4424 987 4484 exaggerantur.
1023 4415 1258 4468 Audiens
1289 4414 1402 4468 haec
1445 4416 1629 4470 beatus
1657 4416 1896 4480 Simeon,

305 4508 502 4563 cecidit
541 4509 607 4562 ad
651 4509 816 4578 pedes
846 4508 984 4578 ejus,
1015 4508 1199 4562 dicens
1232 4527 1244 4562 :
1278 4508 1355 4562 Tu
1382 4523 1439 4562 es
1473 4517 1621 4577 pater
1668 4524 1818 4562 meus
1845 4516 1900 4563 et

306 4615 479 4660 mater
521 4621 663 4671 mea,
711 4615 767 4657 et
815 4605 1003 4658 doctor
1045 4619 1266 4673 operum
1313 4603 1806 4667 bonoruin,etdux
1832 4602 1896 4656 ad

306 4715 470 4768 regna
497 4700 780 4752 crelorum.
808 4698 886 4750 Tu
920 4697 1063 4751 enim
1094 4694 1365 4761 acquisisli
1416 4695 1646 4748 animam
1699 4710 1897 4760 meam,

303 4807 427 4861 quas
453 4790 561 4860 jam
590 4790 930 4859 mergebatur
952 4789 1001 4842 in
1031 4787 1406 4855 perditionem.
1437 4785 1692 4839 Dominus
1713 4786 1902 4841 reddat

313 4883 406 4935 tibi
443 4881 866 4936 vicissitudinem
901 4894 996 4948 pro
1043 4880 1217 4930 anima
1263 4894 1402 4932 mea.
1441 4877 1544 4931 Ista
1593 4884 1717 4931 sunt
1759 4878 1901 4932 enim

304 4991 428 5043 quae
459 4975 750 5028 aedificant.
786 4975 897 5042 Ego
949 4983 1127 5026 autem
1169 4972 1276 5042 jam
1323 4986 1464 5026 nunc
1510 4970 1721 5036 vadam,
1765 4971 1901 5024 sicut

2005 3773 2150 3812 num.
2186 3759 2378 3814 Cibum
2408 3777 2535 3816 vero
2562 3779 2718 3832 quem
2744 3765 2901 3818 simul
2934 3782 3053 3820 cum
3088 3768 3340 3822 fratribus
3369 3770 3597 3839 accipie-

2003 3847 2116 3918 bat,
2167 3852 2325 3905 tacite
2385 3855 2705 3922 pauperibus
2755 3856 3034 3925 erogabat,
3085 3874 3188 3912 non
3239 3858 3500 3914 sollicitus
3531 3860 3599 3916 de

2008 3942 2269 3998 crastino.
2297 3945 2512 4000 Fratres
2529 3961 2659 4017 ergo
2682 3949 2748 4001 ad
2767 3964 3071 4019 vesperam,
3097 3950 3187 4006 ille
3215 3967 3342 4006 vero
3370 3953 3598 4024 septimo

2004 4033 2089 4088 die
2119 4035 2295 4090 cibum
2328 4040 2590 4094 sumebat.

2072 4127 2202 4182 CAP.
2237 4127 2517 4186 lll.—Una
2539 4142 2716 4188 autem
2738 4134 2944 4189 dierum
2969 4135 3242 4206 ingressus
3270 4139 3336 4192 ad
3368 4149 3593 4216 puteum

2007 4233 2199 4287 aquam
2225 4219 2467 4286 haurire,
2500 4226 2730 4293 sumpsit
2760 4226 2940 4283 funem
2985 4229 3052 4284 de
3085 4231 3266 4299 situla,
3318 4233 3459 4289 unde
3489 4235 3596 4288 fra-

2006 4320 2114 4367 tres
2146 4329 2336 4382 aquani
2374 4317 2712 4386 bauriebant,
2739 4329 2793 4375 et
2820 4322 3041 4378 involvit
3081 4339 3200 4378 eum
3239 4326 3330 4380 toti
3382 4328 3597 4397 corpori

2006 4419 2100 4459 suo
2139 4407 2283 4461 nudo
2315 4422 2344 4460 a
2377 4410 2597 4463 renibus
2630 4425 2797 4481 usque
2843 4414 2907 4466 ad
2940 4413 3170 4480 collum;
3223 4425 3275 4469 et
3304 4415 3598 4487 ingiesms,

2007 4502 2135 4557 dicit
2167 4502 2418 4557 fratribus
2447 4521 2458 4556 :
2487 4503 2642 4558 Exivi
2695 4505 2912 4561 haurire
2957 4522 3169 4576 aquam,
3204 4518 3254 4564 et
3285 4525 3388 4562 non
3423 4511 3597 4567 inveni

2006 4596 2188 4652 lunem
2225 4599 2273 4651 in
2303 4599 2485 4652 situla.
2521 4597 2588 4651 Et
2636 4598 2711 4652 illi
2769 4600 3015 4654 dixerunt
3052 4619 3062 4652 :
3100 4600 3260 4669 Tace,
3311 4605 3498 4672 frater,
3533 4621 3599 4662 ne

2005 4687 2144 4741 forte
2171 4698 2427 4758 agnoscat
2456 4687 2642 4754 abbas,
2699 4704 2978 4760 quousque
3031 4700 3239 4762 tempus
3290 4706 3596 4764 pra-tere.it.

2008 4778 2370 4834 I’utrcfactuui
2405 4789 2489 4835 est
2518 4792 2695 4835 autem
2727 4797 2920 4852 corpus
2944 4783 3060 4854 ejus
3087 4786 3154 4841 de
3200 4788 3522 4860 obliga:ionc
3545 4799 3599 4848 et

2005 4874 2291 4938 asperitate
2340 4871 2502 4940 funis,
2552 4875 2675 4943 quia
2711 4876 2861 4948 171
2905 4879 3120 4934 secabat
3165 4898 3285 4936 eum
3321 4899 3484 4953 usque
3530 4883 3597 4936 ad

2008 4980 2163 5029 os~a;
2193 4966 2464 5034 ingressus
2497 4975 2578 5021 est
2600 4968 2740 5022 enim
2768 4969 2821 5023 in
2849 4985 3068 5028 carnem
3096 4972 3194 5041 ita,
3227 4983 3285 5026 ut
3314 4973 3398 5027 vix
3431 4989 3597 5044 appa-

310 5067 570 5129 docuisti,
601 5069 650 5120 in
683 5065 1091 5130 monasterium,
1124 5064 1214 5117 ubi
1240 5065 1375 5117 Deus
1400 5063 1629 5116 voluerit
1663 5079 1676 5114 :
1720 5071 1773 5117 et
1810 5061 1901 5116 ﬁat
1925 5055 1981 5118 D
2008 5069 2171 5114 reret.
2198 5059 2437 5128 Quadam
2492 5071 2669 5116 autem
2721 5064 2807 5118 die
2831 5074 3103 5122 exeuntes
3134 5066 3292 5135 aliqui
3323 5066 3388 5119 de
3420 5063 3599 5134 fratri-

304 5162 558 5215 voluntas
587 5168 704 5228 ejus
729 5161 782 5214 in
817 5173 922 5214 me.
953 5157 1093 5212 Dixit
1113 5157 1186 5210 illi
1217 5155 1564 5223 seniorzFili,
1591 5156 1892 5226 priusquam

304 5254 627 5326 ingrediaris
655 5254 1061 5314 monasterium,
1096 5251 1216 5306 audi
1243 5266 1361 5321 qua:
1400 5250 1541 5305 dico.
1577 5249 1896 5306 Tribulatio-

304 5364 428 5410 nem
484 5347 763 5404 habiturus
801 5362 896 5412 es;
954 5359 1172 5400 necesse
1224 5352 1306 5404 est
1359 5343 1499 5400 enim
1531 5353 1581 5398 te
1608 5344 1816 5400 servire
1843 5354 1896 5400 et

306 5442 533 5511 vigilare
561 5441 616 5494 in
637 5440 905 5506 nuditate,
930 5449 985 5493 et
1015 5437 1384 5502 indesinenter
1407 5437 1675 5494 sustinere
1713 5439 1850 5494 mala
1878 5457 1891 5493 :

302 5543 357 5587 et
387 5534 580 5589 iterum
610 5533 990 5588 conl'ortandns
1012 5547 1092 5595 es,
1119 5546 1211 5586 vas
1239 5531 1531 5601 pretiosum
1558 5531 1687 5586 Deo.

381 5627 508 5681 Cap.
539 5625 750 5684 ll.—Et
781 5628 958 5679 statim
992 5626 1177 5679 exiens
1209 5626 1396 5679 beatus
1435 5624 1617 5679 Simon
1639 5624 1706 5678 de
1728 5624 1897 5680 eccle-

303 5735 403 5780 tua,
431 5721 543 5774 ibat
580 5719 631 5772 in
659 5720 1048 5774 monasterium
1079 5717 1253 5774 sancti
1281 5717 1546 5772 Timothei
1582 5716 1658 5788 (6)
1685 5717 1894 5788 magni-

302 5810 390 5870 ﬁci
419 5813 517 5866 viri
555 5810 633 5882 (7)
657 5829 671 5876 ;
701 5823 755 5868 ct
786 5812 1066 5881 procidens
1089 5808 1371 5866 antefores
1395 5812 1730 5877 monasterii,
1751 5812 1894 5878 jace-

302 5901 394 5958 bat
415 5918 519 5976 per
546 5904 660 5960 dies
689 5905 926 5976 quinque
956 5918 1064 5964 non
1102 5901 1432 5966 manducans
1479 5918 1650 5976 neque
1681 5903 1890 5960 bibens.

2010 5153 2133 5220 bus,
2165 5155 2491 5208 invenerunt
2522 5170 2642 5211 eum
2676 5157 2853 5213 cibum
2904 5173 3058 5214 suum
3096 5158 3308 5212 dantem
3352 5158 3598 5230 pauperi-

2001 5246 2131 5312 bus;
2170 5256 2223 5301 et
2273 5250 2526 5317 regressi,
2582 5248 2840 5306 dixerunt
2886 5251 3063 5305 abbati
3101 5267 3113 5302 :
3146 5251 3286 5303 unde
3319 5252 3597 5308 nobis'ad-

2002 5341 2200 5398 duxisti
2255 5343 2528 5401 hominem
2581 5345 2776 5400 istum?
2835 5346 2948 5400 Non
3002 5359 3285 5412 possumus
3330 5347 3597 5404 abstinere

1997 5435 2292 5504 sicutille;
2327 5435 2395 5491 de
2427 5437 2702 5492 Dominica
2747 5437 2888 5492 enim
2923 5438 2974 5492 in
3010 5436 3336 5492 Dotninicam
3363 5439 3593 5510 jejunat,

2007 5531 2157 5586 cibos
2207 5548 2346 5602 quos
2388 5535 2584 5602 accipit
2620 5530 2940 5604 pauperibus
2983 5543 3197 5604 erogat:
3233 5534 3329 5590 sed
3377 5545 3430 5589 et
3455 5536 3596 5590 letor

2001 5623 2350 5693 gravissimus
2380 5622 2649 5694 egreditur
2679 5623 2747 5676 de
2773 5638 3000 5691 corpore
3044 5623 3180 5696 ers,
3216 5626 3283 5678 ita
3334 5635 3391 5682 ut
3421 5628 3596 5682 nullus

2000 5712 2148 5784 juxta
2173 5732 2292 5770 eum
2327 5726 2469 5769 stare
2495 5714 2662 5783 possit
2690 5730 2703 5780 ;
2737 5723 2791 5768 et
2823 5729 2942 5768 cum
2986 5718 3244 5783 ambulat,
3289 5732 3499 5772 vermes
3530 5717 3595 5782 de

2003 5823 2230 5874 corpore
2260 5807 2379 5873 ejus
2410 5804 2630 5868 cadunt,
2680 5804 2956 5876 lectusque
3002 5813 3118 5878 ejus
3151 5810 3338 5879 plenus
3367 5818 3448 5864 est
3477 5824 3597 5863 ver-

2004 5901 2203 5958 mibus.
2238 5897 2387 5952 Tunc
2411 5899 2598 5954 exiens
2631 5897 2796 5956 abbas
2827 5899 3029 5958 invenit
3057 5905 3196 5961 sicut
3217 5903 3291 5958 illi
3325 5903 3592 5974 dixerunt;
