4142 6350
591 404 696 462 327

1638 394 1728 454 DE
1769 394 1948 454 VlTlS
1985 390 2277 452 PATBUM
2313 389 2520 449 LlBER
2557 389 2835 451 PRIMUS.

3771 389 3875 449 3‘28

596 513 779 574 cuiait
809 529 824 570 :
856 510 979 580 Fili,
1001 509 1131 583 quid
1158 518 1239 567 est
1258 509 1402 581 quod
1424 509 1611 565 dicunt
1638 509 1830 568 fratres
1861 512 1929 568 de
1953 521 2004 568 te
2023 512 2044 565 ?
2064 511 2181 566 Non
2208 512 2262 570 A
2359 509 2486 564 Car.
2518 508 2583 563 V.
2613 540 2684 552 —
2710 510 2841 566 Post
2865 508 2980 566 haec
3003 524 3257 582 egressus
3282 508 3495 567 occulte
3513 547 3530 578 ,
3560 507 3738 580 pergit
3765 524 3875 567 non

597 608 695 663 tibi
746 604 942 661 sufﬁcit
984 604 1227 673 jejunare
1268 605 1406 658 sicut
1461 603 1597 658 nos?
1655 605 1735 657 An
1793 618 1898 659 non
1939 602 2185 658 audivisti

597 699 968 769 Evangelium,
1021 696 1089 751 de
1144 696 1452 751 doctoribus
1491 696 1677 751 dicens
1706 695 1917 766 (Matth.
1953 696 2030 766 x),
2063 695 2184 766 quia

599 809 708 850 non
736 801 817 849 est
840 790 1130 861 discipulus
1159 805 1324 860 super
1354 792 1669 862 magistrum
1704 809 1716 845 :
1747 792 1849 847 erit
1870 801 2046 846 autem
2065 806 2184 846 om-

596 887 682 943 nis
739 885 1002 955 perfectus
1031 929 1045 953 ,
1097 884 1142 938 si
1200 882 1270 938 sit
1321 885 1456 938 sicut
1498 884 1688 939 doctor
1713 884 1862 954 ejus?
1905 884 1992 939 dic
2029 883 2182 951 mihi,

598 983 695 1052 fili,
726 982 862 1037 fetor
907 981 1008 1034 iste
1057 978 1198 1034 unde
1228 979 1520 1050 procedi”,
1545 979 1701 1034 Stans
1733 979 1918 1034 beatus
1941 979 2182 1046 Simeon,

595 1074 727 1131 nihil
761 1072 1052 1142 respondit.
1089 1072 1152 1125 Et
1177 1072 1344 1126 iratus
1369 1072 1552 1137 abbas,
1583 1071 1749 1142 jussit
1779 1088 1898 1126 eum
1943 1070 2181 1142 spoliari,

591 1175 648 1221 et
676 1167 992 1220 invenerunt
1041 1163 1218 1219 funem
1266 1162 1409 1218 circa
1464 1178 1658 1234 corpus
1707 1164 1843 1234 ejus,
1874 1165 1946 1219 ita
1973 1173 2030 1219 ut
2049 1164 2182 1220 nihil

594 1269 810 1330 pareret
831 1259 898 1314 de
925 1273 990 1313 eo
1022 1257 1122 1313 nisi
1148 1258 1434 1313 summitas
1465 1266 1693 1313 tantum.
1741 1258 2060 1313 Exclamans
2090 1273 2184 1313 au-

595 1361 704 1408 tem
733 1350 896 1406 abbas
919 1366 1050 1404 voce
1068 1366 1282 1420 magna,
1306 1349 1442 1404 dixit
1473 1369 1485 1404 :
1511 1349 1650 1406 unde
1673 1351 1824 1405 nobis
1855 1350 2068 1404 advenit
2084 1351 2184 1406 iste

592 1444 776 1511 homo,
809 1443 1088 1499 destruere
1118 1441 1302 1498 volens
1357 1443 1597 1512 regulam
1643 1443 2003 1498 monasterii?
2035 1441 2184 1512 Rogo

591 1552 719 1606 ergo
752 1548 822 1602 te,
855 1535 1070 1591 discede
1104 1534 1247 1601 hinc,
1294 1547 1347 1590 et
1375 1551 1540 1606 perge
1569 1552 1673 1606 quo
1699 1537 1781 1592 vis
1815 1553 1827 1591 :
1856 1551 1975 1592 cum
2019 1535 2184 1591 multo

592 1642 770 1688 tamen
788 1629 974 1685 dolore
991 1639 1046 1686 et
1071 1629 1255 1684 labore
1278 1629 1520 1684 tulerunt
1542 1646 1570 1684 a
1591 1644 1818 1700 corpore
1841 1629 1956 1698 ejus
1981 1629 2181 1697 funem,

593 1727 660 1783 de
681 1743 785 1797 quo
813 1735 928 1782 erat
955 1725 1250 1789 involutus,
1309 1739 1414 1778 una
1463 1738 1582 1779 cum
1615 1739 1776 1779 carne
1805 1724 1924 1793 ejus
1953 1721 2180 1792 putrida.

592 1819 877 1874 Facientes
905 1827 1083 1874 autem
1114 1817 1190 1871 illi
1240 1817 1475 1872 studium
1519 1833 1616 1888 per
1643 1817 1840 1873 multos
1869 1817 2004 1882 dies,
2027 1829 2184 1870 sana-

590 1921 782 1968 verunt
808 1926 951 1966 eum.

661 2024 787 2081 Car.
815 2025 1204 2080 lV.—-Sanatus
1232 2033 1408 2078 autem
1434 2031 1552 2093 post
1579 2024 1714 2089 lure,
1749 2023 1920 2078 exivit
1942 2023 2010 2078 de
2057 2038 2176 2079 mo—

589 2120 869 2184 nasterio,
901 2118 1047 2173 nullo
1094 2117 1330 2183 sciente;
1388 2126 1439 2171 et
1495 2118 1794 2186 ingressus,
1822 2126 1905 2172 est
1960 2125 2178 2186 puteum

589 2211 881 2277 desertum,
908 2210 994 2265 ubi
1021 2226 1124 2265 non
1148 2221 1262 2265 erat
1285 2225 1442 2279 aqua,
1464 2225 1571 2265 non
1595 2210 1751 2278 longe
1774 2223 1803 2261 a
1826 2209 2172 2277 monasterio,

589 2299 679 2362 ubi
708 2304 966 2360 immundi
999 2305 1217 2373 spiritus
1244 2303 1636 2357 inhabitabant.
1675 2301 1735 2356 Et
1767 2302 1877 2370 ipsa
1914 2313 2072 2358 nocte
2093 2319 2180 2358 rc-

589 2399 823 2454 velatum
850 2407 930 2454 est
956 2397 1136 2452 abbati
1154 2396 1294 2467 quod
1319 2395 1600 2451 multitudo
1614 2393 1930 2464 populorum
1949 2395 2180 2450 circum-

588 2489 780 2546 darent
817 2490 1197 2547 monasterium
1221 2503 1374 2544 suum
1408 2505 1529 2543 cum
1588 2487 1811 2542 fustibus
1860 2495 1914 2541 et
1966 2488 2175 2557 gladiis,

589 2584 855 2640 dicentes:
882 2587 956 2639 Da
975 2584 1131 2638 nobis
1153 2599 1368 2639 servum
1396 2583 1488 2638 Dei
1511 2583 1840 2644 Simeonem,
1873 2582 2177 2639 Timothee.

587 2676 679 2734 Sin
705 2687 906 2745 autem,
937 2678 1282 2733 incendemus
1314 2687 1364 2731 tc
1390 2693 1510 2732 cum
1541 2676 1865 2732 monasterio
1898 2686 2007 2744 tuo,
2042 2694 2176 2748 quo-

589 2769 731 2823 niam
787 2770 1110 2838 exasperasti
1169 2769 1442 2823 hominem
1488 2767 1718 2837 justum.
1753 2768 1853 2834 Qui
1886 2768 2179 2840 evigilans,

589 2860 662 2912 ait
690 2857 969 2914 fratribus:
994 2858 1170 2913 Filioli
1221 2859 1328 2915 mei
1358 2902 1372 2926 ,
1395 2859 1654 2914 visionem
1688 2858 1816 2925 vidi,
1844 2868 1899 2914 et
1957 2860 2182 2915 multum

590 2953 832 3010 turbatus
859 2969 975 3009 sum
1007 2955 1060 3010 in
1084 2970 1169 3010 ea.
1201 2954 1268 3010 Et
1310 2954 1361 3007 in
1390 2953 1493 3006 alia
1537 2961 1694 3008 nocte
1719 2953 1848 3008 vidit
1882 2953 2184 3009 multitudi-

590 3061 711 3103 nem
737 3046 968 3104 virorum
999 3046 1216 3103 fortium
1249 3047 1536 3100 astantium
1560 3055 1615 3101 et
1641 3046 1933 3101 dicentium
1966 3046 2014 3101 ei
2051 3063 2062 3100 :
2103 3045 2176 3100 Da

589 3139 741 3195 nobis
759 3153 973 3196 servum
1005 3139 1100 3196 Dei
1132 3138 1474 3205 Simeonem;
1523 3138 1756 3195 dilectus
1785 3149 1868 3194 est
1895 3139 2038 3193 enim
2072 3138 2182 3196 Deo

588 3240 641 3286 et
679 3231 916 3302 angelis;
963 3246 1129 3303 quare
1177 3231 1326 3287 illum
1359 3231 1602 3287 vexasti?
1645 3231 1814 3301 major
1850 3241 1904 3287 te
1931 3240 2013 3287 est
2042 3231 2182 3302 apud

2290 601 2444 672 longe
2473 619 2503 658 a
2531 605 2878 671 monasterio,
2909 604 3089 676 ibique
3131 604 3302 660 multo
3331 613 3575 674 tempore
3597 602 3716 672 fuit,
3743 603 3875 660 tedi-

2288 695 2568 768 licavitque
2597 699 2694 755 sibi
2747 699 3051 755 clausuram
3079 715 3145 758 ex
3172 699 3348 770 lapide
3377 697 3522 754 sicco
3547 697 3660 770 (8),
3693 696 3876 767 ibique

2287 785 2385 844 fuit
2413 805 2580 847 annos
2607 800 2736 861 tres,
2762 801 2817 849 et
2838 792 3129 849 veniebant
3152 794 3223 849 ad
3252 809 3374 849 eum
3399 791 3552 847 multi
3580 792 3646 847 ad
3672 792 3874 849 oratio-

2288 897 2431 938 nem.
2454 885 2654 941 Deinde
2695 884 2818 942 fecit
2859 887 3244 943 columnellam
3274 887 3576 942 cubitorum
3616 893 3872 955 quatuor,

2289 978 2543 1048 stetitque
2597 981 2652 1035 in
2706 995 2771 1036 ea
2822 996 2991 1038 annos
3013 989 3264 1051 quatuor.
3288 980 3574 1035 Crescebat
3595 987 3774 1033 autem
3806 976 3875 1033 de

2287 1085 2354 1126 eo
2377 1070 2516 1128 fama
2539 1083 2724 1130 sancta
2755 1091 2850 1146 per
2881 1077 3066 1133 orbem
3091 1084 3343 1144 terrm,et
3369 1074 3570 1130 faciunt
3598 1074 3646 1129 ei
3668 1074 3874 1129 colum-

2287 1180 2409 1220 nam
2465 1165 2752 1223 habentem
2807 1168 3018 1225 cubitos
3073 1169 3400 1232 duodecim,
3455 1177 3508 1222 et
3538 1165 3684 1220 stetit
3731 1166 3784 1218 in
3815 1178 3877 1220 ea

2287 1270 2457 1314 annos
2478 1257 2782 1316 duodecim.
2816 1259 3159 1330 Rursumque
3188 1258 3434 1315 fecerunt
3450 1257 3756 1313 columnam
3786 1269 3876 1309 cu-

2286 1349 2516 1407 bitorum
2543 1352 3019 1424 viginti,stetitque
3049 1353 3099 1407 in
3130 1369 3192 1410 ea
3221 1365 3390 1407 annos
3410 1346 3878 1405 duodecim.Tunc

2287 1446 2592 1517 congregati
2612 1456 2737 1502 sunt
2757 1462 2946 1504 omnes
2971 1448 3300 1502 habitatores
3323 1445 3426 1502 loci
3450 1445 3612 1509 illius,
3633 1433 3698 1497 iet
3713 1438 3878 1496 aedifi-

2288 1549 2546 1594 caverunt
2585 1540 2734 1610 juxta
2783 1540 2952 1610 ipsam
3010 1539 3316 1595 columnam
3365 1536 3615 1593 basilicas
3643 1533 3799 1599 duas,
3828 1539 3880 1587 et

2286 1631 2591 1685 columnam
2615 1632 2920 1688 cubitorum
2954 1632 3200 1702 triginta,
3235 1639 3289 1686 et
3316 1644 3475 1700 super
3506 1628 3676 1699 ipsam
3729 1625 3882 1680 stetit

2288 1734 2459 1776 anuos
2500 1730 2750 1791 quatuor,
2772 1733 2828 1779 et
2873 1724 3038 1792 cmpit
3079 1724 3304 1778 virtutes
3333 1721 3534 1776 facere.
3582 1717 3732 1773 Multi
3763 1716 3881 1772 lan-

2288 1814 2432 1882 guidi
2456 1815 2738 1871 veniebant
2761 1816 2826 1871 ad
2854 1831 3000 1883 eum,
3029 1824 3084 1871 et
3104 1814 3367 1871 daemonia
3393 1813 3674 1877 habentes,
3701 1819 3758 1865 et
3779 1824 3875 1864 cu-

2215 1905 2266 1965 B
2292 1905 2445 1959 rabat
2496 1920 2589 1961 eos
2610 1922 2622 1959 :
2647 1906 2774 1962 εωθί
2801 1907 2974 1962 visum
2999 1906 3363 1977 recipiebant,
3397 1903 3650 1959 debilium
3676 1915 3870 1956 manus

2286 2000 2719 2067 restituebantur,
2760 2001 2908 2056 surdi
2960 2001 3198 2056 auditum
3249 1999 3616 2069 recipiebant,
3668 1995 3878 2066 leprosi

2283 2092 2698 2147 mandabantur.
2733 2095 2928 2149 Multas
2956 2092 3045 2148 hic
3074 2101 3261 2165 gentes
3307 2090 3583 2146 inclinavit
3606 2086 3674 2142 ad
3714 2086 3881 2142 fidem

2282 2185 2642 2242 Christianam
2673 2228 2688 2253 ,
2715 2186 2766 2243 id
2796 2196 2899 2256 est,
2931 2186 3281 2251 Sarracenos,
3315 2182 3526 2246 Persas,
3552 2180 3885 2235 Armacenos

2285 2277 2366 2352 (9)
2400 2289 2456 2335 et
2497 2279 2691 2335 Laotos
2737 2279 2875 2350 (10),
2909 2278 3155 2334 similiter
3182 2287 3237 2333 et
3267 2273 3609 2344 Allophylos.
3641 2268 3885 2326 Audien-

2289 2382 2476 2444 tesque
2507 2375 2574 2429 de
2608 2388 2673 2429 eo
2698 2383 2753 2429 et
2783 2373 2850 2430 de
2880 2373 3164 2429 virtutibus
3194 2371 3312 2442 ejus
3337 2408 3352 2438 ,
3382 2366 3784 2424 conveniebant
3828 2370 3887 2421 et

2286 2468 2584 2525 adorabant
2613 2483 2758 2524 eum.

2359 2562 2488 2618 CAP.
2521 2561 2838 2618 Vl.——Tunc
2866 2560 3077 2616 invidus
3107 2560 3354 2616 diabolus
3401 2553 3887 2614 transformavitse

2287 2657 2341 2712 in
2391 2657 2628 2727 speciem
2675 2656 2872 2728 angeli,
2900 2655 3112 2726 fulgens
3152 2656 3206 2710 in
3237 2653 3526 2724 splendore
3555 2665 3675 2706 cum
3727 2647 3888 2719 equis

2289 2750 2482 2821 igneis.
2517 2751 2582 2804 Et
2611 2763 2798 2804 currus
2852 2749 3038 2819 igneus
3069 2748 3316 2819 apparuit
3339 2747 3491 2817 juxta
3547 2749 3886 2812 columnam,

2289 2843 2381 2898 ubi
2406 2843 2582 2899 stabat
2610 2843 2793 2898 beatus
2823 2841 3062 2908 Simeon,
3101 2841 3255 2912 172
3285 2838 3564 2908 illuxitque
3597 2853 3720 2893 cum
3771 2834 3886 2890 ful-

2291 2952 2420 3008 gore
2498 2947 2550 2992 ct
2612 2935 2898 3003 splendore
2962 2934 3115 3005 quasi
3170 2933 3350 3004 specie
3399 2932 3588 3004 Angeli
3646 2930 3885 3002 fulgens.

2291 3030 2358 3084 Et
2417 3030 2549 3084 dixit
2603 3029 2846 3084 diabolus
2907 3027 3119 3082 blandis
3189 3027 3577 3081 sermonibus:
3634 3023 3888 3092 Simeon,

2288 3121 2410 3176 audi
2440 3121 2602 3177 verba
2626 3137 2766 3188 mea,
2797 3135 2918 3191 qua:
2971 3120 3063 3175 tibi
3093 3119 3354 3175 Dominus
3408 3118 3706 3174 mandavit.
3733 3116 3890 3173 Misit

2289 3235 2375 3272 me
2405 3216 2651 3287 angelum
2675 3231 2832 3270 suum
2853 3229 2974 3270 cum
2997 3230 3156 3270 curru
3185 3214 3341 3284 igneo
3363 3223 3417 3268 et
3435 3212 3589 3284 equis
3610 3213 3800 3283 igneis,
3828 3219 3895 3268 ut

584 3322 797 3390 Deum;
852 3340 1038 3381 omnes
1092 3326 1234 3381 enim
1300 3326 1477 3396 angeli
1533 3326 1918 3384 contristantur
1967 3336 2180 3396 propter

2287 3311 2489 3381 rapiam
2522 3320 2592 3377 te,
2624 3308 2892 3380 quomodo
2922 3309 3073 3379 rapui
3111 3307 3282 3363 Eliam
3316 3305 3422 3381 [IV
3457 3304 3587 3380 Reg.
3621 3306 3701 3378 tt).
3725 3305 3894 3362 Tem-

589 3416 760 3473 illum.
792 3418 967 3487 Ipsum
993 3427 1169 3474 autem
1194 3432 1509 3489 praeponere
1528 3418 1688 3474 habet
1710 3418 1852 3475 Deus
1875 3419 1929 3472 in
1956 3418 2180 3489 mundo,

594 3508 666 3564 ita
697 3519 755 3564 ut
807 3524 902 3579 per
949 3511 1098 3565 illum
1151 3512 1314 3565 multa
1344 3511 1490 3581 signa
1528 3511 1680 3577 fiant,
1710 3511 1888 3581 qualia
1913 3525 2072 3565 nemo
2104 3511 2180 3565 fe-

591 3607 685 3660 cit.
712 3605 862 3661 Tunc
891 3620 1182 3676 exsurgens
1233 3607 1418 3670 abbas,
1443 3620 1563 3660 cum
1595 3621 1800 3686 magno.
1819 3607 2012 3662 timore
2033 3607 2171 3662 dixit

589 3696 845 3755 fratribus
871 3716 884 3754 :
915 3698 1194 3769 Requirite
1216 3700 1349 3756 mihi
1374 3700 1641 3754 hominem
1672 3700 1914 3767 illum,et
1934 3699 2186 3756 adducite

593 3790 650 3846 iu
681 3790 824 3846 hunc
851 3792 1050 3860 locum,
1081 3807 1148 3846 nc
1178 3791 1316 3848 forte
1339 3807 1526 3848 omnes
1549 3793 1844 3847 moriamur
1870 3801 2091 3862 propter
2122 3792 2185 3847 il-

590 3879 721 3937 lum.
755 3881 890 3937 Vere
941 3882 1082 3938 cnim
1132 3892 1348 3938 sanctus
1405 3882 1497 3938 Dei
1553 3893 1668 3948 est;
1715 3883 1980 3938 mirabilia
2040 3884 2182 3938 enim

594 3990 785 4045 magna
816 3974 922 4030 vidi
969 3985 1024 4030 et
1069 3975 1247 4031 audivi
1304 3976 1372 4030 de
1401 3976 1512 4030 illo.
1543 3977 1694 4031 Tunc
1715 3992 1904 4032 omnes
1933 3975 2183 4031 monachi

596 4066 850 4122 exierunt
887 4081 1006 4122 eum
1061 4082 1304 4137 quaerere
1329 4107 1344 4133 ,
1369 4077 1423 4122 et
1465 4068 1646 4124 omnia
1691 4068 2081 4137 perlustrantes
2131 4077 2186 4124 et

594 4173 703 4215 non
758 4160 1090 4216 invenientes
1117 4200 1131 4226 ,
1180 4161 1622 4217 renuntiaverunt
1664 4162 1839 4218 abbati
1891 4163 2132 4218 dicentes
2168 4181 2179 4214 :

594 4250 810 4308 Nullum
839 4253 1011 4310 locum
1037 4253 1368 4325 reliquimus,
1385 4256 1474 4311 ubi
1499 4271 1620 4312 eum
1646 4271 1753 4312 non
1779 4257 2180 4326 quaesissemus,

592 4344 699 4400 nisi
745 4354 950 4402 tantum
995 4347 1047 4401 in
1103 4346 1316 4403 deserto
1369 4357 1553 4418 puteo.
1629 4349 1922 4418 ltespondit
1972 4349 2178 4404 abbas:

591 4433 746 4509 Rogo
770 4453 884 4506 vos,
918 4437 1134 4505 fratres,
1160 4438 1230 4493 ite
1258 4438 1324 4494 ad
1354 4440 1766 4510 perquirendum
1795 4455 1917 4495 eum
1946 4481 1960 4506 ,
1992 4439 2088 4494 sed
2130 4448 2185 4495 et

592 4544 694 4599 ego
744 4529 931 4584 vadam
963 4529 1262 4585 vobiscum.
1297 4529 1434 4585 Vere
1484 4542 1701 4587 sanctus
1752 4541 1808 4587 et
1847 4547 2033 4587 servus
2090 4533 2183 4588 Dei

591 4628 696 4675 est.
717 4620 780 4675 Et
802 4635 1021 4676 sumens
1068 4635 1250 4676 secum
1292 4620 1525 4691 quinque
1568 4637 1635 4677 ex
1665 4622 1790 4688 illis,
1822 4621 2054 4676 venitad
2086 4637 2182 4692 pu-

2291 3417 2387 3471 pus
2413 3411 2559 3456 tuum
2603 3401 2716 3470 jam
2745 3409 2848 3456 est.
2887 3401 2951 3455 Et
2999 3407 3055 3455 tu
3087 3400 3338 3456 similiter
3363 3400 3595 3456 ascende
3620 3399 3734 3470 jam
3767 3413 3894 3455 me-

2288 3509 2413 3551 cum
2441 3496 2494 3549 in
2533 3509 2770 3561 currum,
2823 3496 2947 3565 quia
2995 3495 3254 3551 Dominus
3281 3495 3402 3551 coeli
3449 3503 3895 3551 etterrmtrans-

2289 3590 2439 3645 misit
2466 3589 2634 3645 hunc.
2665 3591 3033 3646 Ascendamus
3057 3589 3258 3661 pariter
3287 3591 3342 3645 in
3366 3591 3558 3656 caelos,
3585 3599 3642 3644 ttt
3667 3589 3896 3645 videant

2290 3691 2342 3740 te
2390 3682 2563 3753 angeli
2589 3691 2644 3738 et
2685 3684 2988 3753 archangeli
3026 3697 3148 3738 cum
3204 3681 3369 3738 Maria
3427 3691 3595 3737 matre
3652 3679 3896 3748 Domini,

2292 3791 2411 3832 cum
2475 3775 2732 3846 apostolis
2810 3789 2865 3832 et
2935 3777 3302 3848 Martyribus,
3368 3774 3769 3832 confessoribus
3835 3782 3897 3832 et

2293 3868 2566 3941 prophetis
2599 3913 2615 3938 ,
2663 3870 2788 3940 quia
2836 3869 3069 3940 gaudent
3116 3870 3300 3925 videre
3355 3877 3428 3935 te,
3484 3877 3542 3923 ut
3596 3881 3719 3923 ores
3777 3865 3896 3921 Do-

2291 3964 2492 4018 minum
2512 3964 2600 4033 qui
2633 3971 2684 4018 te
2713 3963 2837 4018 fecit
2864 3963 3228 4033 adimaginem
3261 3977 3440 4018 suam.
3469 3961 3640 4016 Etiam
3666 3962 3890 4016 locutus

2290 4073 2408 4113 sum
2441 4057 2553 4122 tibi,
2585 4073 2654 4112 ne
2685 4058 2866 4114 tardes
2889 4058 3200 4115 ascendere.
3225 4058 3436 4114 Simeon
3461 4058 3725 4128 completa
3759 4072 3895 4114 ora-

2292 4150 2455 4215 tione,
2481 4148 2616 4204 dixit
2645 4167 2657 4203 :
2686 4150 2927 4218 Domine,
2957 4150 3037 4206 vis
3088 4165 3281 4220 rapere
3331 4166 3417 4206 me
3465 4161 3800 4220 peccatorem
3831 4150 3896 4206 in

2290 4241 2523 4296 coelum?
2552 4240 2618 4296 Et
2668 4241 2887 4297 elevans
2940 4241 3220 4298 dexterum
3259 4242 3448 4312 pedem
3478 4251 3533 4298 ut
3570 4243 3896 4299 ascenderet

2290 4332 2345 4388 in
2369 4349 2604 4400 currum,
2641 4334 2835 4389 levavit
2857 4334 3133 4391 dexteram
3163 4351 3380 4390 manum
3403 4377 3418 4402 ,
3446 4343 3502 4390 et
3531 4333 3657 4390 fecit
3709 4337 3895 4406 signa-

2291 4427 2473 4482 culum
2501 4427 2725 4484 Christi.
2750 4425 2880 4482 Cum
2918 4428 3128 4497 signum
3160 4427 3337 4483 crucis
3361 4425 3598 4493 fecisset,
3629 4426 3894 4484 continuo

2290 4519 2537 4575 diabolus
2591 4534 2852 4589 nusquam
2901 4521 3223 4590 comparuit,
3253 4535 3374 4576 cum
3431 4529 3746 4590 argumento
3791 4536 3893 4578 suo

2290 4611 2506 4664 evanuit
2529 4608 2668 4664 sicut
2693 4611 2865 4680 pulvis
2885 4620 3009 4666 ante
3038 4610 3232 4666 faciem
3257 4612 3421 4667 venti.
3443 4609 3589 4666 Tunc
3618 4612 3891 4668 intellexit

591 4717 756 4765 tcum.
787 4708 854 4762 Et
882 4707 1082 4765 faciens
1109 4711 1430 4778 orationem,
1478 4711 1757 4768 descendit
1779 4726 1901 4767 cum
1926 4711 2183 4768 fratribus
2211 4703 2268 4765 D
2294 4701 2513 4759 Simeon
2535 4709 2704 4756 artem
2729 4717 2848 4758 esse
2876 4702 3097 4757 diabOIi.

593 4799 649 4856 in
680 4807 916 4869 puteum.
948 4800 1254 4872 Vidensque
1302 4802 1451 4858 illum
1494 4803 1682 4860 beatus
1722 4803 1938 4859 Simeon
1968 4845 1982 4870 ,
2013 4804 2180 4874 coepit

591 4909 808 4966 rogare,
841 4895 1027 4950 dicens
1067 4912 1079 4948 :
1125 4895 1275 4965 Rogo
1307 4910 1423 4962 vos,
1456 4896 1603 4951 servi
1657 4895 1776 4961 Dei,
1800 4895 2051 4951 dimittite
2095 4911 2181 4953 me

592 5002 697 5043 una
747 4987 900 5054 hora,
927 4995 983 5042 ut
1039 4986 1258 5042 reddam
1289 4988 1532 5056 spiritum
1587 5002 1799 5052 meum;
1832 4987 2009 5043 adhuc
2039 4988 2178 5043 enim

588 5079 884 5144 modicum,
907 5079 1160 5135 deficiens
1191 5087 1291 5136 est.
1323 5079 1497 5134 Valde
1519 5088 1697 5134 autem
1722 5079 1976 5150 fatigatur
2000 5079 2178 5136 anima

589 5184 733 5239 mea,
762 5171 1012 5242 quoniam
1043 5170 1356 5242 exasperavi
1377 5170 1681 5225 Dominum.
1709 5169 1956 5240 Dixitque
1985 5171 2052 5226 ad
2106 5171 2175 5226 il-

590 5262 701 5317 lum
757 5262 921 5318 abbas
955 5281 966 5316 :
1002 5261 1172 5330 Veni,
1205 5277 1368 5318 serve
1394 5262 1512 5328 Dei,
1537 5271 1595 5317 ut
1640 5262 1968 5318 deducamus
2017 5271 2072 5318 te
2125 5264 2178 5318 in

590 5354 993 5418 monasterium;
1024 5353 1246 5424 cognovi
1269 5350 1410 5408 enim
1433 5352 1500 5408 de
1533 5361 1584 5406 te
1609 5355 1731 5423 quia
1757 5368 1946 5409 servus
1977 5354 2070 5409 Dei
2094 5369 2176 5413 es.

590 5444 686 5499 lllo
697 5459 826 5499 vero
845 5446 1081 5510 nolente,
1101 5445 1372 5499 adducunt
1396 5457 1516 5500 eum
1534 5444 1582 5498 vi
1597 5443 1662 5498 ad
1694 5447 2107 5513 monasterium,
2126 5454 2182 5502 et

588 5549 775 5592 onmes
787 5546 1135 5606 prosternunt
1149 5552 1208 5592 se
1223 5537 1287 5592 ad
1304 5536 1465 5607 pedes
1479 5537 1612 5606 ejus,
1635 5537 1822 5593 flentes
1841 5548 1894 5594 et
1907 5538 2178 5594 dicentes:

588 5627 934 5686 Peccavimus
963 5632 1017 5686 in
1048 5640 1120 5696 te,
1147 5630 1347 5686 fatnule
1378 5631 1495 5698 Dei,
1527 5633 1741 5702 indulge
1772 5633 1946 5689 nobis.
1978 5633 2175 5688 Beatus

588 5732 766 5778 autem
790 5723 1004 5780 Simeon
1032 5726 1297 5792 gemebat,
1329 5724 1756 5792 dicensanare
1805 5727 2040 5794 gravatis
2091 5726 2176 5780 in-

590 5814 798 5870 felicem
826 5826 880 5870 et
909 5823 1242 5885 peccatorem
1261 5818 1284 5869 ?
1312 5817 1417 5871 Vos
1450 5829 1627 5872 autem
1652 5818 1783 5872 estis
1810 5819 1948 5871 servi
2001 5820 2092 5873 Dei
2123 5829 2175 5875 ct

589 5906 799 5983 Patres.
827 5910 988 5968 Stetit
1016 5917 1194 5966 autem
1218 5911 1289 5968 ibi
1322 5911 1472 5981 quasi
1494 5927 1690 5967 annum
1724 5926 1909 5968 unum.

2361 4793 2958 4850 Csp.Vll.—Reversus
2984 4810 3113 4866 ergo
3141 4795 3194 4849 in
3217 4795 3444 4863 se,dixit
3476 4795 3594 4865 pedi
3613 4809 3746 4850 suo:
3771 4795 3889 4853 Non

2287 4885 2573 4940 reverteris
2613 4895 2907 4940 retrorsum
2969 4884 3116 4948 hinc,
3148 4885 3243 4939 sed
3285 4886 3451 4942 stabis
3477 4887 3562 4942 hic
3613 4903 3786 4957 usque
3816 4890 3886 4942 ad

2289 4978 2492 5034 obitum
2526 4991 2725 5043 meum,
2752 4977 2921 5030 donec
2946 4975 3209 5031 accersiat
3240 4976 3497 5033 Dominus
3525 4992 3609 5033 me
3636 4989 3891 5047 peccato-

2294 5086 2429 5127 rem.
2489 5071 2692 5126 lnterea
2743 5069 2987 5128 diabolus
3037 5071 3089 5124 in
3144 5070 3344 5140 frigore
3397 5074 3644 5142 apposuit
3691 5073 3892 5130 vulnus

2291 5177 2452 5231 super
2509 5162 2681 5221 femur
2726 5161 2874 5231 ejus,
2907 5172 2962 5216 et
3010 5163 3362 5231 putrefactum
3392 5173 3477 5219 est
3516 5166 3587 5219 ita
3618 5176 3676 5219 ut
3701 5166 3891 5221 multi-

2291 5255 2420 5310 tudo
2445 5254 2705 5310 vermium
2737 5261 3042 5309 scatescens
3063 5254 3132 5309 de
3156 5269 3243 5322 eo,
3272 5254 3627 5311 descenderet
3648 5256 3716 5313 de
3760 5273 3888 5314 cor-

2294 5361 2426 5418 pore
2474 5347 2615 5416 ejus,
2644 5345 3068 5416 decurrebatque
3119 5345 3187 5401 de
3236 5345 3459 5416 pedibus
3483 5349 3598 5417 ejus
3616 5348 3890 5405 incolum-

2292 5454 2436 5505 nam,
2469 5447 2522 5495 et
2547 5439 2615 5495 de
2645 5439 2894 5496 columna
2925 5439 2977 5494 in
3005 5447 3228 5494 terram.
3260 5441 3416 5497 Anno
3465 5451 3642 5498 autem
3675 5442 3890 5514 integro

2291 5535 2439 5588 stetit
2468 5535 2518 5589 in
2545 5535 2793 5590 columna
2825 5548 2987 5601 super
3013 5547 3174 5587 unum
3203 5532 3416 5601 pedem.
3441 5535 3669 5599 Quidam
3697 5545 3880 5591 autem

2286 5627 2500 5698 juvenis
2531 5627 2700 5682 astitit
2729 5629 2801 5695 ei,
2836 5626 3100 5681 Antonius
3123 5625 3366 5692 nomine,
3397 5629 3487 5697 qui
3511 5628 3643 5683 vidit
3665 5638 3719 5684 et
3747 5631 3888 5683 scrt-

2289 5722 2393 5792 psit
2424 5723 2555 5777 hazc.
2601 5723 2760 5778 Juxta
2789 5729 3112 5792 praeceptum
3143 5719 3287 5776 illius
3338 5721 3620 5792 colligebat
3649 5735 3880 5789 vermes,

2288 5824 2379 5885 qui
2407 5818 2672 5871 cadebant
2701 5815 2767 5870 ad
2800 5824 3022 5880 terram,
3051 5813 3463 5884 porrigebatque
3517 5815 3593 5869 illi
3643 5830 3878 5870 sursum.

2284 5911 2352 5966 At
2375 5910 2462 5966 ille
2489 5910 2718 5980 ponebat
2746 5922 2840 5964 eos
2869 5906 2970 5964 sibi
3000 5905 3055 5962 in
3085 5907 3201 5976 ipso
3230 5906 3476 5978 vulnere,
3508 5907 3577 5964 ad
3624 5907 3882 5966 similitu-
