4142 6352
300 425 405 486 523

1344 442 1498 502 VITA
1542 446 1786 506 SANCTI
1826 451 2139 511 SlMEONlS
2178 457 2517 519 STYLITAB.

3447 483 3551 544 550

294 548 475 604 dinem
498 548 626 620 justi
648 548 771 619 Job,
796 550 1017 610 dicens:
1054 556 1365 617 Manducate
1414 566 1553 635 quod
1575 568 1726 625 vobis
1767 570 1873 627 Do-
1908 571 2267 642 Aimpiorum
2312 580 2507 649 mergis
2534 581 2584 635 in
2630 582 3003 657 perditionem,
3025 590 3119 661 qui
3164 590 3302 651 duos
3362 598 3548 659 leones

291 637 475 695 minus
496 640 663 698 dedit.

370 728 501 787 (ἔαρ.
536 730 667 789 Vill.
697 764 769 777 --
796 738 1031 796 Audiens
1058 752 1231 799 autem
1285 744 1546 805 Basilicus
1576 767 1673 807 rex
1707 753 1871 810 Sara-

289 833 547 877 cenorum
580 822 693 895 (ll)
719 827 912 884 famam
939 832 1075 901 ejus,
1105 836 1249 890 venit
1276 838 1341 892 ad
1367 854 1508 894 eum.
1544 841 1746 900 Videns
1775 861 1872 900 au-

287 908 397 967 tein
422 916 568 970 illum
590 926 818 973 stantem
843 936 1050 977 sursum
1074 934 1130 981 et
1151 939 1413 993 orantem,
1445 932 1622 989 subito
1672 935 1868 991 cecidit

282 1007 494 1061 vermis
521 1007 589 1061 de
610 1023 845 1079 corpore
868 1013 1003 1081 ejus.
1037 1018 1106 1070 At
1133 1018 1221 1074 ille
1258 1035 1479 1077 currens
1523 1025 1872 1094 apprehendit

281 1104 412 1151 cum
437 1098 489 1152 in
516 1099 637 1166 fide,
667 1109 719 1156 et
743 1104 918 1171 posuit
944 1121 1103 1175 super
1139 1110 1324 1166 oculos
1354 1114 1632 1185 suos(l2).
1686 1117 1751 1171 Et
1777 1117 1863 1171 via

278 1182 419 1244 dens
447 1189 686 1258 Simeon,
715 1196 790 1247 ait
821 1213 834 1248 :
868 1196 1043 1261 Quare
1073 1198 1173 1255 hoc
1219 1201 1408 1268 fecisti,
1440 1182 1523 1258 vir
1549 1182 1793 1272 illuStris,
1816 1219 1872 1263 et

279 1292 372 1333 me
394 1281 661 1348 gravasti;
691 1285 896 1338 vermis
938 1297 1021 1341 est
1074 1291 1219 1344 enim
1272 1292 1339 1346 de
1368 1308 1594 1363 corpore
1625 1312 1744 1351 meo
1767 1313 1867 1367 pu-

278 1369 446 1425 trido.
471 1372 540 1427 Et
577 1388 695 1427 cum
744 1375 856 1430 haec
886 1377 1123 1433 audisset
1172 1396 1261 1435 rex
1310 1382 1589 1451 Basilicus,
1624 1388 1867 1455 aperiens

276 1475 499 1516 manum
547 1478 719 1528 suam,
752 1464 953 1522 invenit
996 1470 1337 1538 margaritam
1393 1476 1862 1542 pretiosissimam.

274 1551 349 1606 Et
394 1551 531 1607 dixit
596 1555 663 1609 ad
730 1555 942 1613 beatum
993 1558 1474 1618 Simeonem:Non
1533 1575 1614 1620 est
1670 1570 1867 1625 vermis

271 1644 559 1712 putridus,
612 1647 705 1701 sed
778 1651 1064 1719 margarita
1138 1654 1558 1722 pretiosissima;
1610 1658 1697 1712 cui
1776 1660 1867 1714 ille

269 1738 555 1808 respondit
602 1757 616 1793 :
675 1740 889 1808 Homo,
934 1743 1225 1799 secundum
1284 1746 1445 1802 fidem
1521 1757 1668 1803 tuam
1744 1750 1863 1804 data

270 1838 361 1883 est
405 1830 520 1896 tibi,
546 1839 601 1886 et
627 1830 962 1889 benedicitur
991 1835 1045 1890 in
1078 1838 1321 1894 manibus
1351 1841 1453 1895 tuis
1477 1842 1722 1897 omnibus
1751 1844 1865 1900 die-

264 2289 363 2343 sed
424 2292 686 2359 prohibita
745 2302 827 2349 est
878 2296 1061 2352 videre
1122 2303 1404 2371 eum,quia
1468 2304 1857 2361 locum'illum

264 2380 465 2435 mulier
496 2398 601 2437 non
625 2386 1019 2455 ingrediebatur
1052 2390 1189 2463 (l4).
1220 2393 1349 2447 Cum
1396 2404 1570 2451 autem
1618 2397 1860 2455 audisset

264 2471 459 2528 beatus
491 2472 708 2531 Simeon
737 2493 921 2533 vocem
956 2484 1140 2538 matris
1167 2500 1300 2551 suae,
1335 2487 1469 2542 dixit
1497 2490 1543 2543 ei
1578 2506 1592 2542 :
1621 2491 1853 2560 Sustine,

262 2573 477 2629 mater,
519 2568 785 2624 modicum
850 2580 1057 2640 tempus
1089 2618 1103 2641 ,
1166 2588 1219 2632 et
1280 2578 1441 2634 simul
1503 2595 1603 2637 nos
1655 2582 1858 2638 videbi-

260 2670 412 2726 mus,
437 2663 482 2714 si
541 2660 680 2716 Deus
730 2664 979 2718 voluerit.
1032 2669 1101 2721 At
1132 2668 1220 2724 illa
1272 2669 1391 2725 haec
1443 2672 1688 2741 audiens,
1723 2675 1856 2732 ﬂere

261 2758 453 2819 cmplt,
479 2762 534 2807 et
581 2767 772 2822 rogare
807 2766 862 2809 ut
896 2772 1016 2812 eum
1041 2759 1269 2850 videret:
1296 2771 1349 2816 et
1377 2764 1564 2819 solutis
1592 2765 1847 2833 crinibus,

262 2838 582 2907 increpabat
629 2855 751 2896 eum
774 2882 788 2908 ,
821 2843 1007 2901 dicens
1039 2864 1053 2900 :
1089 2847 1223 2915 Fili,
1254 2838 1429 2918 'quare
1485 2851 1588 2907 hoc
1635 2850 1855 2908 fecisti?

263 2944 368 2999 pro
427 2943 579 2988 utero
608 2947 715 3001 quo
741 2944 791 2989 te
820 2940 1049 3007 portavi,
1081 2942 1285 2996 satiasti
1306 2958 1395 2998 me
1420 2943 1598 3013 luctu;
1633 2962 1729 3015 pro
1779 2948 1856 3003 la-

263 3025 504 3081 ctatione
533 3042 637 3097 qua
673 3042 724 3086 te
768 3036 960 3086 lactavi
981 3074 995 3098 ,
1026 3033 1217 3089 dedisti
1248 3035 1377 3090 mihi
1407 3036 1709 3109 lacrymas;
1756 3056 1853 3110 pro

264 3116 455 3170 osculo
478 3134 585 3187 quo
609 3128 660 3174 te
690 3122 927 3176 osculata
951 3137 1092 3190 sum,
1118 3125 1311 3181 dedisti
1346 3130 1476 3185 mihi
1504 3145 1713 3186 amaras
1735 3148 1855 3188 cor-

265 3208 352 3264 dis
382 3215 682 3281 angustias;
715 3230 809 3284 pro
834 3216 1022 3277 dolore
1049 3230 1104 3273 et
1133 3219 1316 3277 labore
1345 3238 1502 3292 quem
1536 3240 1687 3293 passa
1709 3242 1847 3295 sum,

266 3302 573 3373 imposuisti
599 3308 726 3363 mihi
755 3311 1076 3367 saevissimas
1101 3314 1303 3385 plagas.
1328 3316 1395 3371 Et
1424 3324 1630 3373 tantum
1676 3321 1852 3376 locuta
1881 3329 1928 3394 α

265 3404 377 3462 est,
414 3405 471 3450 ut
498 3413 597 3453 nos
649 3415 835 3456 omnes
880 3402 1080 3458 faceret
1118 3405 1264 3461 ﬂere.
1291 3407 1527 3464 Audiens
1553 3411 1741 3468 beatus
1768 3414 1851 3470 Si-

264 3500 430 3541 meon
461 3503 649 3545 vocem
703 3493 980 3561 genitricis
1006 3510 1137 3561 suae,
1172 3500 1347 3567 posuit
1398 3500 1586 3558 faciem
1616 3520 1765 3561 suam
1796 3508 1849 3563 in

263 3590 465 3631 manus
513 3591 658 3645 suas,
691 3590 745 3635 et
800 3582 1031 3651 ploravit
1074 3600 1278 3653 amare,
1310 3591 1691 3664 mandavitque
1750 3596 1849 3666 illi,

236 3669 500 3725 dicens:
532 3671 755 3728 Domina
806 3687 995 3743 mater,
1026 3680 1240 3747 quiesce
1291 3682 1560 3739 modicum
1614 3694 1848 3757 tempus,

262 3771 322 3816 et
377 3762 675 3819 videbimus
724 3781 822 3822 nos
880 3768 934 3823 in
983 3778 1181 3826 aeterna
1239 3774 1443 3843 requie.
1478 3779 1546 3830 At
1572 3778 1660 3833 illa
1690 3780 1852 3850 erepit

262 3852 449 3910 dicere
474 3871 490 3910 :
524 3855 627 3911 Per
648 3856 921 3915 Christum
947 3862 1041 3932 qui
1074 3873 1123 3918 te
1172 3865 1473 3935 plasmavit,
1496 3869 1540 3923 si
1569 3881 1651 3926 est
1681 3875 1844 3941 possi-

260 3944 452 4001 bilitas
492 3948 703 4004 videndi
753 3958 827 4020 te,
853 3951 908 4006 in
959 3961 1105 4009 tanto
1153 3965 1393 4026 tempore
1420 3959 1651 4016 alienum
1676 3978 1705 4017 a
1737 3980 1845 4034 me,

259 4039 514 4108 permitte
564 4056 649 4097 me
677 4042 862 4098 videre
908 4052 978 4110 te,
1002 4054 1094 4099 aut
1121 4047 1165 4100 si
1212 4062 1341 4115 non,
1374 4050 1459 4105 vel
1490 4066 1675 4107 vocem
1703 4064 1846 4110 tuam

257 4131 499 4201 audiam,
528 4142 582 4188 et
605 4134 787 4189 statim
815 4136 1033 4203 moriar,
1056 4138 1178 4207 quia
1204 4149 1354 4207 pater
1400 4151 1520 4198 tuus
1556 4144 1608 4199 in
1637 4146 1849 4202 tristitia

257 4232 484 4292 promer
506 4233 557 4279 te
575 4235 817 4281 mortuus
837 4236 937 4282 est.
956 4228 1022 4283 Et
1036 4245 1178 4285 nunc
1196 4245 1264 4286 ne
1288 4232 1341 4287 in
1370 4238 1578 4305 meipsa
1595 4240 1850 4295 amaritu-

259 4316 390 4371 diue
420 4318 632 4386 perdas,
658 4320 754 4375 fili.
780 4320 904 4376 Haec
933 4321 1134 4390 dicens,
1164 4339 1273 4393 pra:
1305 4326 1521 4383 tristitia
1562 4338 1617 4384 et
1634 4331 1847 4400 planctu

257 4405 316 4463 in
357 4422 605 4464 somnum
661 4424 915 4467 conversa
964 4422 1087 4469 est:
1132 4414 1361 4472 habebat
1386 4431 1567 4475 autem
1601 4433 1707 4479 tres
1732 4425 1850 4480 dies

257 4509 314 4555 et
343 4511 452 4557 tres
503 4510 711 4568 noctes,
738 4518 843 4559 non
898 4519 1115 4562 cessans
1169 4507 1448 4579 deprecari
1501 4527 1646 4569 eum.
1700 4515 1850 4571 Tunc

254 4591 450 4647 beatus
492 4592 706 4649 Simeon
773 4594 944 4650 oravit
986 4597 1055 4652 ad
1112 4597 1392 4655 Dominum
1444 4617 1539 4673 pro
1617 4606 1705 4661 illa
1737 4646 1753 4672 ,
1793 4615 1848 4663 et

255 4684 441 4738 statim
486 4684 716 4740 reddidit
766 4686 1033 4756 spiritum.
1084 4685 1411 4759 Colligentes
1458 4706 1588 4749 vero
1652 4710 1843 4765 corpu-
1870 4684 2109 4779 Dven'ia
2135 4721 2217 4767 est
2240 4717 2390 4783 quasi
2417 4684 2689 4785 spelunéa,

254 4778 467 4833 sculum
496 4778 634 4847 ejus,
665 4779 1011 4836 adduxerunt
1064 4782 1118 4837 in
1159 4796 1447 4855 conspectu
1476 4788 1615 4858 ejus.
1646 4790 1713 4843 Et
1759 4792 1847 4848 ille

253 4870 413 4939 nens,
434 4870 507 4924 ait
529 4887 544 4923 :
578 4872 831 4928 Dominus
850 4875 1102 4945 suscipiat
1130 4885 1183 4931 te
1211 4879 1265 4932 iu
1285 4879 1500 4949 gaudio,
1524 4882 1649 4951 quia
1680 4885 1849 4941 tribu-

255 4961 367 5017 lata
388 4978 449 5018 es
482 4973 695 5034 propter
726 4980 833 5034 me,
856 4976 911 5023 et
932 4970 1154 5037 portasti
1177 4985 1263 5025 me
1308 4972 1363 5026 in
1392 4980 1545 5028 utero
1572 4977 1845 5035 mensibus

254 5068 478 5120 novem,
500 5062 661 5124 atque
679 5056 891 5112 lactasti
918 5058 1074 5115 simul
1100 5061 1262 5118 etiam
1290 5072 1345 5119 et
1371 5065 1584 5120 nutristi
1611 5082 1732 5123 cum
1764 5069 1843 5125 la-

251 5143 408 5199 bore.
439 5142 565 5200 Haec
615 5162 679 5202 eo
732 5147 982 5217 dicente,
1035 5153 1220 5207 matris
1269 5155 1448 5210 vultus
1499 5158 1751 5227 sudabat,
1782 5170 1839 5216 et

252 5248 451 5304 corpus
470 5235 587 5305 ejus
610 5248 936 5295 commotum
962 5251 1065 5309 est,
1097 5244 1251 5300 nobis
1272 5248 1521 5304 omnibus
1547 5248 1836 5320 inspicien-

256 5324 419 5380 tibus.
444 5324 539 5381 Ille
554 5336 735 5383 autem
756 5328 969 5387 elevans
991 5332 1173 5389 oculos
1203 5334 1269 5389 ad
1290 5338 1507 5404 ctelum,
1532 5340 1666 5395 dixit
1694 5359 1707 5394 :
1732 5342 1836 5399 Do-

252 5418 399 5474 mine
413 5420 554 5476 Deus
566 5422 937 5495 virtutum,qui
950 5427 1107 5484 sedes
1120 5444 1282 5499 super
1292 5431 1597 5497 Cherubim,
1614 5442 1670 5490 et
1684 5450 1835 5492 scru-

253 5512 386 5566 taris
400 5512 738 5571 fundamenta
748 5517 945 5588 abyssi,
959 5520 1047 5589 qui
1061 5521 1353 5590 cognovisti
1370 5523 1535 5579 Adam
1546 5536 1832 5597 antequam

252 5606 511 5675 esset,qui
528 5608 818 5677 promisisti
830 5612 1246 5681 regnicmlorum
1264 5614 1475 5671 divitias
1491 5617 1836 5689 diligentibus

256 5702 329 5761 te,
355 5697 446 5767 qui
472 5700 680 5756 locutus
702 5716 760 5757 es
783 5701 945 5774 Moysi
963 5704 1017 5759 iu
1049 5705 1182 5761 rubo
1203 5707 1340 5777 ignis
1372 5707 1570 5780 (Exod.
1610 5711 1714 5781 in),
1742 5714 1831 5782 qui

255 5783 575 5846 benedixisti
590 5791 856 5848 Abraham
872 5804 1076 5863 patrem
1090 5805 1331 5856 nostrum
1356 5795 1511 5871 (Gen.
1542 5802 1705 5871 χιιι).
1743 5804 1832 5872 qui

254 5876 548 5940 introducis
590 5886 642 5941 in
691 5887 993 5955 paradisum
1015 5891 1221 5952 animas
1233 5896 1521 5967 justorum,
1545 5910 1601 5958 et
1618 5902 1829 5963 animas

534 5998 806 6061 Paeon.
859 6000 1131 6067 LXXIII

1976 662 2289 734 humiliasti,
2322 678 2375 723 et
2402 670 2559 726 fortia
2601 671 2970 736 Chaldaeorum
2996 679 3241 742 incendia
3289 690 3548 763 tuitigasti

1976 757 2145 813 servis
2170 760 2272 814 tuis
2302 760 2467 829 (Dan.
2498 763 2599 834 γι),
2623 768 2713 837 qui
2755 770 2922 826 Eliam
2966 776 3140 833 corvis
3188 778 3551 842 deferentibus

1975 863 2151 905 escam
2198 855 2388 921 pavisti
2421 855 2541 927 (III
2583 860 2706 931 Reg.
2740 866 2897 935 xvn),
2933 870 3145 940 suscipe
3173 874 3403 932 animam
3432 880 3551 949 ejus

1973 940 2027 994 in
2060 958 2211 1013 pace,
2242 956 2294 1001 et
2320 949 2523 1004 colloca
2554 968 2672 1007 eam
2690 955 2741 1009 in
2775 957 2949 1014 locum
2976 973 3185 1030 patrum
3216 979 3545 1042 sanctorum,

1973 1032 2095 1100 quia
2126 1035 2215 1089 tibi
2238 1047 2322 1091 est
2348 1051 2586 1108 potestas
2616 1046 2668 1100 in
2694 1050 2886 1104 saecula
2915 1055 3251 1114 saeculorum.

2046 1123 2172 1179 CAP.
2205 1127 2271 1182 X.
2301 1159 2367 1173 -—
2399 1132 2525 1188 Post
2568 1135 2665 1192 hos
2688 1154 2817 1193 vero
2847 1142 2961 1197 dies
2988 1161 3200 1204 rursum
3229 1151 3470 1211 fecerunt
3499 1160 3551 1215 ei

1972 1214 2273 1273 columnam
2317 1223 2601 1282 habentem
2650 1230 2857 1287 cubitos
2903 1237 3270 1311 quadraginta,
3303 1256 3359 1301 et
3387 1251 3543 1321 173

1970 1311 2121 1364 stetit
2163 1327 2324 1381 super
2370 1317 2536 1386 ipsam
2585 1335 2755 1378 annos
2781 1326 3017 1383 sedecim
3045 1346 3213 1402 usque
3242 1336 3309 1390 ad
3338 1311 3547 1397 olnt-um

1970 1411 2147 1454 suum.
2184 1401 2239 1455 In
2261 1420 2364 1473 quo
2390 1414 2630 1477 tempore
2655 1412 2818 1469 draco
2841 1418 3057 1485 grandis
3083 1401 3243 1479 nimis
3273 1424 3550 1486 habitabat

1966 1486 2118 1556 juxta
2150 1506 2271 1546 eum
2320 1494 2373 1548 in
2426 1498 2666 1565 partibus
2719 1504 3015 1574 Aquilonis,
3048 1511 3188 1566 unde
3236 1527 3335 1569 nec
3382 1515 3550 1575 herba

1970 1577 2171 1637 ibidem
2220 1588 2581 1658 nascebatur,
2618 1595 2701 1649 cui
2748 1599 2907 1653 etiam
2970 1602 3187 1660 intravit
3243 1605 3443 1679 lignum
3494 1615 3549 1672 in

1970 1675 2124 1729 oeulo
2153 1676 2390 1735 dextero.
2419 1682 2481 1737 Et
2529 1700 2655 1740 ecce
2708 1691 2932 1757 quadam
2987 1693 3074 1751 die
3103 1675 3348 1756 veniebat
3375 1718 3549 1762 caecus

1969 1765 2057 1823 ille
2085 1772 2266 1838 draco,
2295 1785 2348 1829 et
2375 1779 2593 1835 trahens
2628 1797 2688 1837 se
2711 1787 2963 1854 applicuit
3003 1791 3070 1845 ad
3099 1792 3459 1856 habitaculum
3490 1803 3544 1858 in

2125 1866 2205 1919 vir
2261 1866 2353 1923 Dei
2394 1872 2721 1939 morabatur,
2768 1886 2907 1933 totus
2937 1881 2987 1935 in
3019 1898 3210 1955 gyrum
3237 1904 3297 1944 se
3322 1895 3547 1963 compli-

2105 1995 2118 2017 ,
2142 1958 2291 2023 quasi
2315 1960 2524 2015 veniam
2554 1978 2801 2033 poscens,
2831 1968 3215 2046 humiliatoque
3261 1958 3545 2055 capite-ja-

1965 2042 2137 2097 cebat.
2169 2044 2337 2112 Quem
2392 2048 2550 2107 beato
2601 2055 2850 2113 Simeone
2885 2042 3144 2129 intuente,
3171 2042 3351 2126 statim
3380 2042 3548 2132 exivit

1963 2134 2032 2190 de
2058 2137 2213 2194 oculo
2240 2140 2355 2209 ejus
2377 2143 2576 2215 lignum
2596 2148 2796 2207 habens
2826 2156 3060 2213 cubitum
3082 2175 3266 2218 unum.
3290 2166 3546 2225 Videntes

1963 2236 2139 2284 autem
2170 2246 2379 2297 omnes,
2409 2236 2846 2305 glorificaverunt
2867 2247 3057 2315 Deum,
3088 2262 3263 2309 tamen
3286 2258 3353 2311 ab
3373 2274 3438 2314 eo
3464 2261 3547 2315 fu-

1961 2331 2151 2390 gerunt
2181 2334 2403 2393 propter
2433 2338 2656 2385 metum.
2686 2333 2789 2390 Sed
2813 2335 2983 2392 bestia
3003 2339 3118 2409 ipsa
3145 2344 3463 2415 involvitse,
3486 2358 3545 2406 et

1963 2415 2158 2468 mansit
2184 2416 2234 2469 in
2262 2432 2365 2472 uno
2389 2420 2506 2474 loco
2528 2422 2836 2492 immobilis,
2863 2432 3097 2498 quandiu
3120 2436 3294 2491 omnis
3316 2441 3544 2509 populus

1960 2508 2328 2572 pertransiret.
2355 2510 2557 2569 Deinde
2586 2529 2831 2587 surgens,
2864 2521 3107 2580 adoravit
3139 2530 3332 2584 ostium
3356 2548 3543 2589 mona-

1958 2597 2108 2653 sterii
2136 2598 2247 2654 fere
2275 2618 2372 2669 per
2397 2603 2529 2659 duas
2555 2606 2734 2675 horas,
2760 2619 2815 2666 et
2839 2612 2917 2668 sic
2944 2630 3159 2673 reversa
3178 2622 3340 2677 estin
3360 2624 3538 2682 cubile

1957 2699 2133 2753 suum,
2164 2701 2218 2744 et
2246 2693 2514 2749 neminem
2544 2695 2701 2753 laesit.

2028 2776 2157 2833 Car.
2204 2781 2291 2836 XI.
2316 2813 2387 2824 —-
2415 2785 2598 2842 Mulier
2617 2790 2861 2859 quaedam
2889 2794 3077 2853 sitiens
3098 2808 3275 2870 nocte,
3299 2806 3445 2862 venit
3466 2808 3535 2864 ad

1957 2869 2200 2940 hydriam
2225 2888 2414 2943 aquam
2444 2876 2648 2946 bibere,
2678 2881 2729 2936 in
2747 2898 2853 2953 qua
2874 2896 2988 2941 erat
3008 2869 3266 2959 parvulus
3281 2910 3537 2970 serpens;

1956 2969 2011 3016 et
2048 2962 2257 3032 bibens,
2291 2968 2567 3039 deglutivit
2616 2972 2793 3046 illum,
2834 2991 2887 3034 et
2933 2983 3101 3038 crevit
3130 2986 3183 3040 in
3215 2962 3539 3064 utero-ejus;

1955 3053 2062 3112 Sed
2088 3059 2238 3114 multi
2266 3062 2478 3128 medici,
2508 3073 2563 3119 et
2590 3067 2968 3142 incantatores,
2999 3085 3055 3132 et
3082 3082 3241 3151 magi,
3273 3053 3538 3141 adhiben-

1955 3154 2038 3201 tes
2085 3150 2342 3219 studium,
2397 3153 2529 3210 nihil
2585 3160 2941 3227 profecerunt.
2986 3166 3116 3223 Post
3167 3150 3379 3242 aliquod
3412 3191 3539 3233 vero

1955 3245 2165 3311 tempus
2194 3245 2472 3301 adducitur
2488 3250 2551 3303 ad
2570 3263 2811 3310 sanctum
2835 3258 3169 3331 Simeonem;
3196 3275 3251 3320 at
3272 3267 3360 3323 ille
3378 3269 3540 3338 jussit

1958 3347 2074 3388 eam
2109 3336 2233 3404 poni
2258 3338 2311 3393 in
2339 3347 2556 3408 terram,
2589 3353 2643 3400 et
2671 3346 2738 3402 de
2764 3365 2899 3419 aqua
2930 3358 3242 3413 monasterii
3266 3360 3323 3415 in
3343 3378 3403 3417 os
3423 3364 3541 3434 ejus

1956 3426 2117 3480 mitti.
2145 3426 2294 3484 Tunc
2313 3433 2627 3491 exclamavit
2652 3438 2873 3507 fortiter,
2896 3453 2951 3498 et
2970 3446 3147 3502 statim
3172 3450 3340 3507 exivit
3360 3454 3428 3510 de
3444 3426 3541 3514 ore

1955 3516 2072 3585 ejus
2117 3534 2359 3589 serpens,
2405 3524 2556 3592 cujus
2579 3526 2854 3598 longitudo
2884 3544 3000 3589 erat
3026 3534 3326 3596 cubitorum
3356 3546 3539 3601 trium.

1956 3607 2155 3663 Eadem
2191 3611 2320 3665 hora
2353 3617 2561 3685 crepuit
2583 3632 2828 3689 serpens,
2859 3626 2951 3693 qui
2975 3626 3134 3684 etiam
3162 3632 3228 3686 ad
3248 3634 3536 3694 multorum

1955 3699 2316 3756 testimonium
2348 3718 2637 3775 suspensus
2668 3719 2752 3765 est
2774 3713 2841 3767 ibi
2865 3724 3067 3784 septem
3090 3719 3297 3778 diebus.
3320 3724 3388 3780 Et
3408 3742 3538 3787 sana

1954 3788 2091 3846 facta
2121 3801 2203 3848 est
2231 3796 2421 3851 mulier
2457 3814 2522 3853 ex
2552 3801 2638 3856 illa
2669 3803 2800 3860 hora

2023 3884 2154 3939 CAP.
2199 3887 2313 3942 Xll.
2346 3920 2417 3930 —
2436 3890 2672 3949 Virtutes
2691 3897 2807 3967 ejus
2835 3905 3076 3970 quamvis
3106 3906 3331 3978 alicujus
3354 3911 3537 3969 facnn-

1956 3975 2041 4030 dia
2085 3992 2401 4035 enumerare
2427 3983 2514 4039 vix
2547 3988 2742 4057 valeat,
2797 4001 2971 4050 tamen
3018 4008 3175 4067 prout
3216 4015 3343 4059 sunt
3372 4009 3535 4074 vires,

1953 4069 2175 4124 omnino
2208 4071 2423 4129 silentio
2452 4090 2542 4131 eas
2570 4079 2673 4149 tegi
2703 4081 2919 4139 minime
2947 4089 3133 4157 patiar.
3187 4092 3404 4151 Factum
3455 4109 3539 4154 est

1954 4170 2131 4217 autem
2163 4172 2223 4217 ut
2256 4180 2392 4234 aqua
2422 4166 2475 4222 in
2517 4169 2635 4226 loco
2665 4189 2768 4229 non
2800 4178 3147 4252 inveniretur,
3187 4195 3244 4241 et
3272 4196 3413 4245 totus
3443 4207 3537 4261 po-

1951 4252 2107 4321 pulus
2161 4255 2579 4327 periclitabatur,
2627 4272 2681 4317 et
2729 4268 2905 4322 omnia
2946 4271 3193 4329 animalia
3234 4292 3343 4345 prae
3383 4252 3534 4350 aquae

1952 4346 2196 4412 penuria.
2232 4345 2431 4404 Videtis
2471 4366 2598 4407 vero
2646 4365 2860 4412 sanctus
2901 4359 3119 4418 Simeon
3160 4368 3533 4425 contritionem

1954 4450 2162 4502 eorum,
2187 4442 2412 4495 stctitad
2436 4445 2752 4502 orationem.
2778 4451 2929 4505 Circa
2952 4454 3209 4511 decimam
3232 4469 3406 4515 autem
3425 4462 3529 4518 diei

1955 4525 2138 4583 horam
2172 4531 2350 4587 subito
2381 4533 2593 4604 dirupta
2626 4548 2706 4593 est
2737 4549 2897 4607 terra,
2938 4554 2992 4599 et
3017 4545 3211 4603 factum
3247 4559 3330 4606 est
3369 4552 3532 4609 chaos

1953 4633 2202 4689 magnum
2233 4624 2301 4679 ab
2333 4626 2588 4683 Orientali
2619 4640 2770 4699 parte
2798 4632 2964 4701 ipsius
2990 4640 3337 4707 monasterii;
3368 4652 3419 4698 et
3450 4644 3533 4700 in-

2724 4721 3166 4782 inaestimabiliter
3185 4730 3407 4788 multam
3435 4734 3533 4789 ha-

1946 4798 2081 4855 bens
2109 4818 2323 4870 aquam.
2356 4806 2503 4862 Tunc
2528 4808 2687 4877 jussit
2708 4811 2815 4866 fodi
2840 4822 3044 4884 septem
3070 4820 3278 4889 cubitis,
3303 4831 3358 4879 et
3377 4840 3440 4881 ex
3464 4842 3529 4882 eo

1948 4901 2190 4962 tempore
2216 4898 2671 4963 superabundavit
2695 4905 2921 4983 aqua.in
2948 4944 2949 4949 η
2972 4908 3066 4965 illo
3105 4912 3222 4969 loco
3263 4929 3431 4983 usque
3468 4916 3525 4971 in

1948 4993 2264 5051 praesentem
2292 4986 2453 5044 diem.

2013 5075 2130 5143 Quo
2158 5077 2210 5133 in
2241 5088 2481 5149 tempore
2520 5095 2840 5154 expetentes
2868 5092 3080 5160 quidam
3104 5093 3173 5151 de
3208 5095 3364 5165 longe
3406 5112 3528 5155 ora-

1947 5166 2145 5223 tionem
2173 5169 2340 5237 ipsius
2378 5183 2433 5228 et
2471 5190 2653 5245 opera,
2699 5179 2992 5236 meridiana
3026 5182 3154 5239 hora
3197 5184 3529 5247 diverterunt

1946 5261 2220 5327 paululum
2249 5265 2317 5319 ad
2346 5266 2708 5325 umbraculum
2735 5272 2944 5328 arboris
2972 5284 3192 5344 propter
3228 5287 3415 5337 aestum
3458 5284 3528 5339 ad

1943 5356 2364 5420 repausandum.
2406 5358 2645 5432 Cumque
2681 5364 2949 5430 sederent,
2988 5377 3117 5421 ecce
3164 5368 3341 5425 subito
3386 5386 3527 5443 prae—

1946 5456 2114 5511 gnans
2144 5458 2300 5501 cerva
2331 5451 2636 5517 praeteribat
2666 5468 2818 5508 secus
2848 5453 2989 5522 illos,
3021 5466 3074 5512 et
3102 5457 3351 5517 dixerunt
3379 5466 3444 5519 ad
3469 5467 3529 5523 il-

1947 5533 2052 5589 lam
2081 5555 2093 5589 :
2121 5536 2221 5595 Per
2247 5544 2544 5600 orationem
2576 5547 2741 5602 sancti
2775 5549 3045 5607 Simeonis
3074 5562 3127 5610 te
3145 5558 3521 5627 conjuramus:

1946 5629 2217 5685 modicum
2282 5642 2385 5702 sta,
2436 5645 2494 5690 ut
2528 5646 2581 5691 te
2616 5641 3152 5708 comprehendamus.
3200 5650 3329 5715 Quae
3376 5655 3527 5709 stetit

1940 5720 2128 5775 eadem
2157 5722 2307 5778 hora.
2333 5728 2915 5802 Apprehendentesque
2939 5750 3079 5804 eam,
3108 5741 3438 5811 occiderunt,
3469 5753 3525 5799 et

1939 5814 2292 5870 comederunt
2322 5825 2525 5885 partem
2554 5822 2782 5892 aliquam
2808 5840 2874 5881 ex
2898 5843 2984 5883 ea.
3015 5829 3313 5903 Statimque
3342 5834 3526 5889 obmu-

1939 5911 2170 5973 tuerunt,
2203 5917 2257 5964 et
2283 5908 2361 5965 sic
2384 5912 2693 5986 veniebant,
2717 5916 2853 5975 sicut
2880 5929 2937 5976 et
2965 5934 3119 5978 cerva
3147 5923 3258 5978 illa.
3289 5922 3526 5981 Curren-

3066 6037 3136 6097 11

4118 5364 4119 5381 η
