4142 6350
588 398 689 457 551

1631 391 1720 447 DE
1761 389 1937 449 VITIS
1978 385 2263 448 PATRUM
2305 385 2508 445 LIBER
2544 382 2819 444 PRIMUS.

3760 374 3865 436 332

590 526 673 573 tes
692 521 1168 581 autem,venerunt
1193 509 1258 568 ad
1281 517 1522 567 sanctum
1549 508 1874 575 Simeonem,
1897 516 2172 579 portantes
2200 509 2251 569 Α
2278 506 2509 562 tantibus
2540 506 2593 560 in
2624 520 2709 573 ea,
2737 502 2826 575 qui
2854 503 3015 558 etiam
3043 498 3185 557 hunc
3215 498 3587 558 reconciliavit
3622 498 3727 554 sibi
3753 517 3767 552 :
3812 507 3865 553 ct

593 610 799 665 corium
828 604 967 678 ejus,
999 614 1053 662 et
1082 604 1322 661 fecerunt
1352 603 1423 659 ibi
1451 604 1583 659 duos
1620 618 1810 669 annos,
1861 610 1912 656 et
1942 602 2026 656 vix
2074 602 2174 655 ali-

593 702 807 774 quando
859 701 1144 756 sanitatem
1186 701 1425 770 recipere
1472 706 1775 769 potuerunt.
1816 695 2054 764 Iniquum
2095 701 2178 751 est

591 796 734 852 enim
767 802 1041 865 peccatum
1070 808 1254 849 eorum
1278 793 1526 849 recitare.
1555 788 1771 847 Corium
1798 799 1972 845 autem
2002 804 2175 845 cervae

590 887 985 956 suspenderunt
1010 885 1079 941 ibi
1102 884 1167 939 ad
1192 886 1551 941 testimonium
1584 883 1891 938 multorum;

662 977 795 1034 Car.
824 974 976 1032 XIII.
1006 1009 1075 1019 —-
1096 975 1201 1032 Sed
1232 985 1286 1033 et
1316 975 1511 1048 pardus
1540 974 1785 1029 immanis
1806 981 1923 1028 erat
1951 972 2005 1027 in
2046 969 2177 1025 locis

588 1069 719 1135 illis,
764 1068 853 1139 qui
882 1074 935 1124 et
967 1067 1212 1124 homines
1249 1076 1303 1124 et
1336 1066 1586 1123 animalia
1630 1064 2005 1132 interﬁciebat,
2040 1070 2095 1119 et
2124 1064 2176 1116 in

586 1175 720 1233 gyro
750 1160 929 1215 omnia
960 1160 1220 1216 vastabat.
1248 1160 1535 1216 Venientes
1577 1169 1754 1213 autem
1786 1157 2031 1211 homines
2072 1155 2177 1209 loci

585 1252 733 1307 illius
774 1252 841 1308 ad
891 1262 1133 1307 sanctum
1178 1251 1509 1317 Simeonem,
1553 1251 1931 1313 nuntiaverunt
1958 1247 2003 1303 ei
2035 1246 2175 1318 quod

589 1351 740 1397 tanta
773 1356 835 1398 ac
868 1343 993 1398 talia
1026 1344 1160 1399 mala
1194 1344 1387 1411 pardus
1418 1352 1749 1412 Operaretur.
1785 1333 1935 1395 Tunc
1962 1350 2179 1394 sanctus

587 1434 810 1501 Simeon
839 1436 1002 1506 jussit
1025 1432 1091 1490 de
1120 1445 1261 1491 terra
1280 1436 1359 1489 vel
1384 1434 1450 1489 de
1472 1450 1606 1504 aqua
1634 1430 1943 1488 monasterii
1969 1429 2180 1499 aspergi

585 1525 641 1580 in
676 1527 764 1581 illa
794 1528 926 1581 loca.
960 1526 1025 1581 Et
1048 1526 1244 1582 factum
1275 1536 1378 1582 est.
1405 1526 1759 1595 Exquirentes
1786 1539 1914 1580 vero
1942 1532 2181 1593 postmo-

584 1619 733 1687 dum,
768 1621 1086 1675 invenerunt
1114 1612 1285 1689 ipsum
1314 1620 1533 1689 pardum
1571 1619 1837 1689 jacentem
1884 1624 2177 1680 mortuum,

588 1721 643 1767 et
673 1728 861 1767 omnes
890 1710 1319 1784 gloriﬁcaverunt
1351 1711 1513 1767 Deum
1546 1708 1832 1766 Simeonis.

655 1806 786 1860 Car.
830 1804 967 1860 XIV.
990 1834 1061 1843 —
1090 1804 1473 1873 Quemcunque
1505 1816 1680 1857 tamen
1708 1800 1955 1867 sanabat,
1988 1797 2179 1870 praeci-

2280 613 2380 668 ego
2411 596 2560 652 timui
2594 612 2655 653 ne
2689 597 2865 651 subito
2896 595 3169 651 occideret
3208 610 3327 661 me;
3375 609 3442 649 ne
3482 607 3612 665 ergo
3637 591 3868 664 amplius

2278 688 2507 761 fatigetis
2525 705 2610 745 me
2636 689 2890 744 humilem
2920 698 2973 743 et
3005 703 3315 758 pauperem.
3340 687 3408 742 Et
3431 686 3503 741 ita
3528 700 3648 740 cum
3675 684 3868 739 timore

2280 781 2513 852 regressi
2550 789 2695 847 sunt,
2723 779 3029 836 nuntiantes
3055 780 3235 835 omnia
3266 794 3385 851 qum
3416 777 3661 835 viderant
3687 786 3743 834 et
3768 792 3869 833 au-

2280 870 2489 927 dierant

2354 964 2484 1019 Car.
2526 961 2667 1020 XVI.
2702 994 2769 1005 —
2797 965 2924 1020 Post
2952 968 3151 1036 paucos
3181 980 3309 1020 vero
3346 978 3537 1034 annos,
3568 962 3764 1020 factum
3789 971 3873 1018 est

2282 1072 2388 1111 una
2416 1056 2524 1121 die,
2556 1056 2657 1113 hoc
2679 1068 2780 1127 est,
2814 1066 2964 1113 sexta
2992 1057 3235 1124 Sabbati,
3278 1065 3333 1112 et
3376 1054 3649 1112 inclinavit
3698 1070 3759 1111 se
3804 1054 3875 1107 ad

2282 1150 2598 1216 orationem,
2630 1152 2897 1207 sustinens
2924 1159 3030 1206 tres
3053 1152 3191 1219 dies,
3217 1146 3268 1204 id
3292 1159 3395 1219 est,
3420 1158 3591 1216 sexta,
3615 1145 3874 1219 Sabbato,

2284 1250 2337 1297 et
2366 1241 2666 1298 Dominico.
2693 1243 2845 1298 Tunc
2866 1258 2965 1313 ego
2999 1243 3301 1314 pavefactus
3332 1242 3548 1300 ascendi
3583 1240 3649 1296 ad
3677 1242 3875 1310 ipsum,

2283 1345 2336 1389 et
2362 1335 2485 1389 Steti
2518 1336 2569 1391 in
2599 1344 2886 1405 conspectu
2933 1335 3068 1404 ejus,
3116 1335 3333 1404 dixique
3369 1335 3434 1388 ad
3484 1347 3605 1387 eum
3638 1350 3650 1385 :
3682 1331 3874 1401 Surge,

2285 1432 2524 1497 domine,
2577 1430 2804 1488 benedic
2848 1446 2966 1499 nos,
3011 1430 3261 1500 quoniam
3292 1426 3517 1497 populus
3546 1435 3652 1480 tres
3679 1423 3798 1478 dies
3825 1432 3879 1477 et

2284 1534 2393 1578 tres
2423 1531 2607 1578 noctes
2638 1524 2820 1589 habet,
2847 1532 3165 1592 exspectans
3190 1519 3615 1579 benedictionem
3644 1530 3673 1569 a
3698 1525 3748 1568 te
3776 1530 3790 1579 ;
3823 1522 3878 1569 et

2283 1632 2389 1673 non
2434 1616 2714 1687 respondit
2757 1617 2912 1672 mihi.
2960 1616 3027 1670 Et
3074 1630 3258 1671 rursus
3286 1614 3371 1669 aio
3399 1611 3463 1667 ad
3495 1626 3617 1667 eum
3654 1626 3667 1664 :
3702 1610 3879 1676 Quare

2286 1728 2374 1767 me
2405 1712 2714 1779 contristes,
2745 1710 2986 1775 domine,
3035 1717 3125 1763 aut
3164 1707 3292 1778 quid
3341 1704 3576 1770 oﬁendiﬁ'
3600 1701 3880 1772 Supplice,

2284 1802 2435 1857 mitte
2468 1801 2595 1856 mihi
2627 1816 2865 1870 manum,
2896 1809 2991 1855 aut
3018 1797 3243 1855 forsitan
3279 1798 3388 1867 jam
3428 1811 3459 1851 a
3492 1794 3647 1850 nobis
3675 1792 3880 1859 migra-

584 1896 765 1967 piebat
792 1895 892 1961 IIII,
923 1895 1109 1949 dicens
1135 1912 1147 1947 ζ
1184 1890 1328 1948 Vade
1357 1894 1406 1947 Ill
1438 1894 1655 1948 domum
1690 1901 1853 1955 tuam,
1888 1899 1942 1945 et
1963 1886 2181 1943 h0llOl'I-
2209 1890 2259 1953 Β
2286 1896 2392 1949 sli?
2423 1894 2489 1949 Et
2517 1894 2755 1950 sentiens
2801 1895 2944 1965 quod
2984 1910 3091 1951 ηοη
3122 1892 3439 1962 loquebatur
3469 1888 3617 1954 mihi,
3646 1885 3881 1959 cogitati

583 1989 684 2045 ﬁca
717 1988 883 2043 Deum
910 1989 998 2059 qui
1028 1994 1077 2041 te
1100 1987 1328 2052 sanavit,
1357 1996 1411 2039 et
1435 2000 1501 2041 ne
1522 1985 1722 2039 audeas
1752 1983 1933 2038 dicere
1961 1980 2100 2051 quod
2126 1987 2177 2035 te

585 2079 808 2139 Simeon
848 2079 1137 2145 curaverit,
1170 2094 1237 2132 ne
1265 2076 1361 2132 tibi
1387 2078 1564 2133 subito
1593 2077 1832 2132 deterius
1857 2076 2130 2144 contingat
2162 2090 2176 2128 :

585 2184 641 2229 et
663 2189 730 2228 ne
761 2184 1056 2243 praesumus
1074 2171 1257 2241 jurare
1282 2185 1375 2240 per
1392 2186 1585 2225 nomen
1612 2169 1843 2236 Domini,
1872 2168 1995 2239 quia
2016 2182 2179 2237 grave

582 2272 864 2342 peccatum
889 2273 969 2320 est
1003 2280 1015 2323 ;
1046 2262 1137 2317 sed
1163 2262 1215 2317 in
1240 2277 1324 2321 me
1354 2260 1540 2320 humili
1559 2270 1609 2321 et
1630 2273 1911 2334 peccatore
1928 2261 2042 2335 jura
2064 2260 2180 2319 sive

582 2366 725 2438 iuste
774 2365 887 2419 sive
938 2362 1133 2431 injuste
1190 2360 1327 2431 (I5).
1390 2358 1560 2427 Quam
1608 2360 1679 2413 ob
1726 2371 1939 2414 causam
1991 2371 2180 2412 omnes

584 2456 891 2513 Orientales
912 2466 964 2511 et
995 2453 1237 2510 barbaras
1263 2463 1475 2524 gentes,
1505 2468 1624 2524 qua
1643 2462 1769 2508 sunt
1788 2455 1841 2507 in
1871 2452 1976 2507 illis
2004 2454 2182 2522 regio-

586 2548 766 2619 nibus,
802 2564 895 2617 per
922 2563 1044 2603 eum
1070 2547 1272 2619 jurant.

660 2641 789 2696 CAP.
834 2639 950 2695 XV.
984 2671 1051 2681 —
1084 2638 1245 2695 Latro
1275 2639 1489 2709 quidam
1521 2639 1589 2696 de
1619 2638 1926 2705 Antiochia,
1958 2639 2046 2708 qui
2080 2652 2179 2691 no-

588 2732 895 2789 minabatur
922 2732 1178 2788 Jonathas
1207 2732 1349 2802 (to),
1375 2732 1540 2786 multa
1569 2732 1706 2787 mala
1734 2731 1954 2793 faciens,
2002 2744 2121 2784 cum
2152 2743 2183 2782 a

589 2825 772 2881 multis
820 2835 1251 2894 persequeretur,
1283 2840 1381 2880 nec
1414 2834 1595 2894 posset
1622 2839 1682 2882 se
1708 2824 1818 2893 jam
1848 2824 1916 2879 ab
1944 2822 2049 2878 illis
2090 2820 2185 2876 ab-

583 2917 875 2985 scondere,
907 2916 1059 2987 quasi
1091 2918 1175 2971 leo
1205 2931 1233 2970 a
1264 2912 1399 2971 facie
1427 2917 1715 2973 multorum
1750 2914 2182 2987 persequentium

587 2998 820 3080 fugiens,
852 3006 1030 3063 subito
1061 3007 1333 3077 ingressus
1361 3016 1444 3062 est
1483 3006 1907 3074 monasterium;
1966 3013 2021 3059 et
2072 3018 2185 3057 am-

587 3100 774 3171 plexus
799 3100 1100 3155 columnam
1129 3096 1297 3154 sancti
1327 3098 1613 3165 Sime'onis,
1658 3098 1821 3167 caspit
1848 3096 2185 3153 amarissime

591 3192 743 3248 Ilere.
774 3191 843 3248 At
874 3190 961 3247 ille
992 3190 1127 3245 dixit
1154 3194 1201 3245 ei
1237 3209 1249 3245 :
1285 3191 1415 3259 Quis
1445 3191 1541 3246 es?
1576 3202 1667 3245 aut
1698 3189 1837 3247 unde
1862 3190 2055 3245 venisti
2087 3191 2187 3245 ho-

2285 1996 2341 2040 ut
2374 1986 2505 2039 nulli
2550 1986 2808 2051 dicerem,
2863 1986 2987 2056 quia
3036 1984 3289 2041 timebam
3340 1983 3487 2038 illum
3531 1993 3773 2051 tangere.
3816 1981 3881 2034 Et

2285 2087 2436 2134 stans
2457 2078 2611 2149 quasi
2642 2079 2771 2133 liora
2801 2079 2997 2145 media,
3030 2077 3280 2133 inclinavi
3310 2091 3413 2141 me,
3437 2084 3492 2131 et
3516 2074 3670 2145 posui
3693 2086 3880 2127 aurem

2284 2186 2459 2229 meam
2493 2170 2558 2224 ad
2589 2171 3016 2238 auscultandum,
3050 2180 3233 2227 etnon
3262 2178 3377 2224 erat
3414 2168 3589 2233 ﬁatus,
3624 2166 3725 2222 nisi
3758 2176 3881 2220 tan-

2298 2276 2408 2323 tum
2438 2263 2590 2335 quasi
2617 2263 2750 2321 odor
2780 2263 3067 2322 multorum
3099 2272 3394 2321 aromatum
3441 2259 3767 2319 ascendebat
3812 2257 3883 2316 de

2287 2378 2513 2432 corpore
2530 2364 2669 2431 ejus,
2693 2373 2745 2419 et
2767 2363 2841 2417 sic
2865 2363 3102 2417 intellexi
3124 2363 3244 2431 quia
3266 2358 3530 2429 requievit
3551 2358 3603 2413 in
3631 2356 3882 2411 Domino.

2292 2454 2363 2508 Et.
2392 2454 2721 2518 hebefactus,
2754 2454 2936 2525 planxi
2960 2453 3334 2518 amarissime;
3387 2460 3441 2506 et
3478 2448 3743 2505 inclinans
3772 2462 3883 2515 me,

2285 2547 2555 2605 osculatus
2575 2562 2692 2601 sum
2715 2547 2900 2602 oculos
2923 2545 3040 2616 ejus
3067 2544 3207 2616 (l8),
3236 2556 3289 2601 et
3320 2544 3536 2599 barbam
3562 2542 3884 2610 complexus

2290 2639 2575 2706 crinesque
2605 2636 2791 2708 capitis
2819 2637 2957 2706 ejus.
3010 2636 3077 2690 Et
3116 2636 3395 2706 increpans
3435 2634 3543 2690 dixi
3574 2650 3589 2687 :
3619 2632 3715 2687 Cui
3769 2646 3886 2698 me,

2286 2731 2522 2796 domine,
2552 2731 2919 2800 derelinquis‘l
2948 2730 3030 2786 vel
3073 2730 3161 2785 ubi
3192 2730 3459 2800 requiram
3492 2739 3634 2785 tuam
3662 2729 3872 2800 angeli-

2284 2837 2404 2878 cam
2430 2824 2766 2881 doctrinam?
2794 2824 2964 2892 Quale
2994 2839 3307 2893 responsum
3365 2825 3583 2881 reddam
3640 2840 3739 2894 pro
3796 2824 3886 2879 te?

2286 2926 2381 2974 aut
2407 2919 2561 2989 cujus
2602 2921 2782 2975 anima
2824 2919 3072 2988 respiciat
3104 2919 3405 2974 columnam
3435 2918 3551 2974 sine
3580 2928 3655 2985 te,
3688 2927 3745 2972 et
3775 2933 3887 2975 non

2292 3009 2504 3079 lugeat?
2548 3008 2717 3075 Quale
2763 3023 3082 3078 responsum
3123 3009 3339 3063 reddam
3385 3010 3630 3075 inﬁrmis,
3665 3009 3883 3079 quando

2290 3102 2514 3157 veniunt
2546 3111 2599 3158 et
2626 3102 2905 3172 requirunt
2934 3111 2987 3159 te
3016 3102 3122 3170 hic,
3152 3111 3208 3157 et
3237 3117 3341 3157 non
3392 3103 3702 3158 inveniunt?
3742 3102 3885 3171 Quid

2301 3192 2498 3255 dicam.
2527 3201 2621 3247 aut
2645 3193 2771 3263 quid
2802 3193 2990 3262 loquar
3019 3209 3117 3263 ego
3144 3193 3393 3249 humilis?
3426 3194 3592 3253 Ilodie
3621 3196 3775 3250 video
3805 3204 3882 3264 te,

590 3296 703 3357 mo,
728 3297 819 3340 aut
846 3301 944 3342 cur
976 3283 1061 3340 hic
1082 3284 1349 3340 introisti?
1374 3285 1443 3339 At
1475 3282 1565 3340 ille
1594 3302 1606 3338 :
1638 3286 1750 3357 Ego
1780 3300 1898 3339 sum
1926 3285 2185 3343 Jonatltas
2217 3269 2266 3338 (εἶ
2296 3288 2527 3342 crastina
2560 3302 2691 3343 vero
2722 3287 3003 3343 considero
3048 3287 3114 3343 ad
3163 3288 3438 3343 dexteram
3486 3288 3598 3345 sive
3643 3289 3708 3344 ad
3752 3289 3887 3345 sini-

586 3377 749 3449 Ialro,
782 3380 872 3451 qui
904 3378 1078 3435 omnia
1118 3378 1252 3434 mala
1301 3376 1423 3445 feci,
1454 3379 1574 3433 veni
1632 3377 1717 3432 hic
1763 3380 2044 3448 paenitere.
2096 3381 2188 3435 Ait

588 3472 769 3542 itaque
796 3482 1013 3527 sanctus
1041 3472 1258 3528 Simeon
1291 3490 1301 3523 :
1331 3470 1539 3525 Talium
1562 3480 1645 3525 est
1675 3486 1899 3541 regnum
1924 3474 2185 3529 caelorum

592 3562 812 3633 (Matth.
847 3566 982 3633 xu).
1017 3562 1123 3618 Sed
1156 3578 1223 3617 ne
1243 3562 1373 3617 velis
1397 3577 1482 3617 me
1524 3571 1755 3627 tentare,
1789 3578 1857 3617 ne
1888 3564 2081 3618 iterum
2107 3565 2190 3619 in-

590 3653 829 3708 venieris
867 3650 919 3706 in
967 3652 1258 3709 sceleribus
1290 3652 1417 3723 ipsis
1442 3668 1559 3723 quae
1590 3652 1875 3724 reliquisti.
1923 3653 2044 3710 Haec
2096 3656 2189 3711 illo

589 3744 869 3818 loquente,
894 3762 1018 3803 ecce
1045 3746 1302 3803 ofﬁciales
1332 3746 1447 3819 (17)
1472 3747 1753 3803 veniebant
1783 3749 1850 3802 ab
1878 3749 2185 3820 Antiochia,

593 3847 832 3904 dicentes
864 3862 881 3903 :
914 3846 1086 3901 Trade
1118 3846 1275 3900 nobis
1306 3845 1578 3901 inimicum
1611 3855 1665 3902 et
1697 3846 1994 3901 malelicum
2029 3848 2183 3902 Jona-

595 3938 747 4003 tiian,
776 3954 843 3992 ne
884 3938 1060 3991 subito
1091 3946 1494 3992 commoveatur
1522 3936 1711 3993 civitas
1742 3937 1794 3992 in
1842 3938 2187 3996 seditionem.

592 4028 787 4087 Bestia:
832 4030 974 4085 enim
1008 4038 1205 4098 paratae
1244 4038 1368 4084 sunt
1395 4029 1459 4083 ad
1496 4028 1862 4085 devorandum
1904 4047 2049 4085 eum.
2083 4032 2188 4088 Re-

596 4123 814 4193 spondit
842 4120 918 4177 eis
952 4123 1138 4177 beatus
1165 4122 1380 4177 Simeon
1408 4138 1422 4175 :
1457 4122 1631 4177 Filioli
1664 4122 1791 4188 mei,
1819 4137 1920 4195 ego
1949 4139 2055 4178 non
2092 4123 2190 4178 ad-

597 4214 722 4269 duxi
770 4230 893 4271 eum
945 4214 1048 4269 huc
1080 4215 1365 4284 :quoniam
1413 4214 1501 4283 qui
1553 4213 1774 4269 adduxit
1821 4230 1963 4279 eum,
2017 4216 2191 4286 major

592 4308 751 4366 nobis
782 4316 888 4377 est,
916 4314 971 4363 et
1001 4308 1117 4361 istis
1150 4307 1340 4361 talibus
1371 4306 1640 4369 subvenit,
1668 4308 1866 4363 etenim
1900 4307 2082 4364 talium
2106 4321 2189 4367 est

597 4418 820 4473 regnum
849 4400 1128 4456 cmlorum.
1164 4400 1227 4453 Et
1256 4400 1298 4457 si
1348 4400 1573 4469 potestis
1614 4400 1837 4467 intrare,
1865 4402 2033 4471 rapite
2059 4417 2187 4458 eum

594 4495 744 4550 hinc.
786 4493 899 4563 Ego
938 4501 1115 4547 autem
1151 4507 1253 4547 non
1302 4506 1541 4561 possunt,
1589 4493 1711 4562 quia
1751 4495 1914 4549 timeo
1942 4509 2063 4551 eum
2096 4496 2186 4565 qui

598 4586 749 4640 illum
804 4585 949 4639 misit
990 4584 1055 4639 ad
1102 4600 1207 4639 me.
1253 4584 1547 4639 Audientes
1584 4594 1761 4638 autem
1804 4584 1919 4640 haec
1946 4586 2042 4642 viri
2087 4586 2182 4653 illi,

601 4679 838 4749 regressi
869 4688 1135 4734 suntcum
1171 4679 1359 4733 timore
1396 4676 1557 4751 174
1583 4694 1797 4749 magno,
1828 4688 1880 4736 et
1912 4652 2186 4739 renuntia-
2210 4652 2267 4717 Β

599 4782 794 4828 verunt
824 4762 1335 4839 omnia'Antiochae;
1364 4772 1459 4827 sed
1489 4773 1749 4830 Jonathas
1773 4776 1908 4831 latro
1936 4790 2031 4846 per
2054 4791 2183 4846 sep-

600 4877 709 4920 tem
740 4864 855 4919 dies
903 4864 1215 4935 amplexans
1254 4875 1306 4921 et
1338 4876 1525 4921 tenens
1568 4867 1895 4935 columnam,
1942 4868 2071 4924 dicit
2117 4869 2184 4924 ad

598 4958 814 5011 lit-atum
841 4957 1144 5011 Simeonem
1171 4973 1185 5011 :
1213 4957 1456 5021 Domine,
1484 4959 1526 5012 si
1548 4957 1726 5027 jubes,
1751 4960 2026 5016 ambulare
2039 4962 2180 5017 volo.

599 5049 998 5119 Responditilli
1022 5048 1198 5117 justus
1232 5067 1245 5103 :
1280 5049 1475 5106 Iterum
1504 5049 1555 5109 in
1589 5052 1699 5121 ipsa
1742 5052 1879 5108 mala
1922 5052 2185 5109 festinas?

598 5143 743 5200 Dixit
771 5143 843 5197 illi
871 5142 1173 5198 Jonatbas:
1207 5141 1340 5206 Non,
1374 5142 1607 5209 domine,
1640 5147 1733 5200 sed
1765 5154 1974 5216 tempus
2003 5162 2177 5203 meum

597 5235 873 5303 impletum
904 5245 1007 5290 est.
1038 5235 1105 5289 Et
1144 5236 1223 5290 sic
1263 5236 1485 5307 loquens
1513 5254 1634 5294 eum
1657 5254 1742 5305 eo,
1769 5240 2001 5295 reddidit
2027 5241 2185 5310 spiri-

599 5340 733 5384 tum.
770 5330 835 5383 Et
865 5329 1161 5386 volentibus
1192 5344 1315 5386 eum
1337 5332 1565 5401 sepelire
1592 5333 1741 5403 juxta
1775 5335 2177 5402 monasterium,

597 5433 725 5473 ecce
766 5419 859 5473 alii
890 5419 1143 5476 ofﬁciales
1189 5422 1476 5479 veniebant
1522 5427 1590 5481 ab
1635 5426 1915 5481 Antiochia
1960 5438 2180 5497 propter

596 5509 771 5574 illum,
797 5518 854 5564 et
880 5522 1160 5576 ceperunt
1187 5514 1420 5570 clamare
1450 5524 1505 5571 et
1528 5515 1709 5573 dicere
1740 5534 1753 5571 :
1784 5516 1862 5572 De
1894 5518 2047 5575 nobis
2074 5521 2179 5575 ini-

597 5603 793 5657 micum
816 5612 1077 5672 nostrum,
1096 5608 1270 5667 omnis
1284 5609 1429 5669 enim
1447 5611 1633 5666 civitas
1648 5610 1853 5664 turbata
1866 5620 1950 5667 est
1967 5624 2180 5681 tn‘opter

597 5694 772 5751 illum.
798 5694 1154 5767 Responditei
1170 5703 1359 5760 beatus
1371 5703 1590 5760 Simeon
1610 5723 1621 5757 :
1644 5706 1743 5772 Qui
1765 5705 1911 5761 illum
1928 5708 2177 5776 adduxit,

596 5794 745 5841 venit
770 5802 889 5842 cum
928 5791 1274 5850 multitudine
1313 5795 1551 5851 cmlestis
1585 5796 1808 5862 militiae,
1848 5800 1939 5869 qui
1991 5811 2178 5870 potens

594 5889 682 5938 est
708 5880 764 5938 iu
794 5890 1050 5941 tartarum
1080 5886 1292 5943 mittere
1317 5889 1589 5945 civitatem
1620 5899 1849 5945 vestram
1878 5907 1999 5949 cum
2026 5894 2178 5952 habi-

2293 3388 2477 3445 stram,
2510 3388 2565 3435 et
2593 3395 2698 3435 non
2726 3380 2940 3435 invenio
2972 3389 3044 3436 te.
3097 3382 3201 3436 Aut
3241 3396 3349 3451 quo
3396 3381 3593 3438 amictu
3643 3381 3889 3450 cperiam

2291 3472 2596 3528 columnam
2626 3473 2811 3527 tuam?
2863 3473 2973 3529 Heu
3004 3487 3111 3538 me,
3137 3472 3353 3544 quondo
3386 3475 3603 3530 veniunt
3621 3475 3782 3542 aliqui
3815 3475 3890 3530 de

2293 3564 2453 3629 longe
2480 3576 2786 3634 quaerentes
2808 3575 2880 3635 te,
2910 3576 3093 3623 etnon
3122 3568 3424 3624 inveniunt!
3475 3568 3541 3624 Et
3582 3584 3691 3639 pra:
3715 3568 3889 3625 inulta

2294 3657 2509 3713 tristitia
2532 3657 2859 3715 obdormivi.
2903 3658 3202 3730 Statimque
3221 3660 3467 3731 apparuit
3488 3660 3636 3728 mihi,
3663 3660 3889 3717 dicens:

2293 3747 2408 3803 Non
2432 3749 2796 3820 derelinquam
2818 3750 3121 3807 columnam
3144 3752 3303 3817 hanc,
3327 3768 3427 3809 nec
3450 3753 3623 3809 locum
3651 3763 3701 3807 et
3730 3769 3891 3809 mun-

2294 3852 2402 3899 tetn
2430 3843 2570 3899 hunc
2598 3844 2962 3915 benedictum,
2994 3848 3047 3902 in
3074 3861 3182 3917 quo
3210 3848 3537 3904 illuminatus
3582 3864 3736 3916 sum;
3785 3850 3889 3905 sed

2292 3937 2659 4007 descendens,
2689 3938 2907 3996 satisfae
2931 3941 3148 4011 populo,
3180 3950 3234 3997 et
3254 3942 3512 3998 annuntia
3540 3942 3607 3998 de
3638 3957 3725 3998 me
3766 3945 3885 3998 An-

2295 4032 2510 4088 tiochiae
2531 4040 2761 4101 secrete,
2792 4049 2862 4090 ne
2879 4036 3135 4091 tumultus
3161 4036 3251 4091 ﬁat
3276 4036 3330 4091 in
3356 4037 3570 4108 populo.
3596 4037 3708 4107 Ego
3736 4037 3888 4094 eriim

2293 4127 2558 4194 requievi,
2594 4128 2733 4183 sicut
2759 4128 3016 4185 Dominus
3041 4130 3243 4197 voluit;
3288 4140 3344 4186 tu
3386 4140 3564 4187 autem
3603 4146 3672 4187 ne
3700 4145 3887 4188 cesses

2292 4219 2598 4276 ministrare
2626 4222 2678 4276 in
2714 4223 2817 4277 hoc
2842 4222 2985 4292 loco,
3028 4231 3082 4278 et
3110 4223 3301 4279 reddet
3333 4222 3431 4280 tibi
3462 4224 3714 4279 Dominus
3742 4238 3886 4281 mer-

2290 4313 2478 4369 cedem
2525 4313 2577 4369 in
2615 4315 2790 4373 cmlia.
2823 4316 3129 4388 Exsurgens
3150 4325 3328 4373 autem
3356 4334 3385 4370 θ
3415 4333 3625 4382 somno,
3660 4317 3883 4388 pavefac

2290 4415 2409 4462 ctus
2431 4407 2537 4463 diai
2565 4424 2580 4461 :
2610 4408 2858 4475 Domine,
2900 4416 3174 4465 memento
3220 4409 3325 4464 mei
3369 4409 3421 4463 in
3474 4410 3657 4481 requie
3696 4420 3884 4466 sancta

2293 4510 2403 4555 tua.
2457 4501 2521 4555 Et
2559 4500 2852 4557 sublevatus
2875 4503 3193 4558 vestimenta
3236 4502 3376 4573 ejus,
3399 4503 3600 4576 procldi
3622 4504 3687 4557 ad
3717 4503 3886 4574 pedes

2290 4591 2431 4663 ejus,
2454 4601 2509 4649 et
2528 4595 2799 4651 osculatus
2823 4610 2942 4651 sum
2965 4597 3190 4667 vestigia
3213 4597 3387 4665 illius;
3417 4606 3471 4651 et
3490 4606 3677 4652 naeus
3706 4596 3885 4667 maqu

2292 4685 2430 4755 ejus,
2462 4688 2615 4756 posui
2643 4702 2806 4758 super
2832 4688 3019 4747 oculos
3040 4703 3213 4758 meos,
3238 4690 3423 4747 dicens
3455 4706 3471 4745 :
3505 4689 3757 4756 Benedic,
3787 4690 3887 4747 ob-

2290 4792 2468 4849 secro,
2497 4781 2567 4833 mi
2598 4780 2835 4836 domine.
2868 4781 2933 4836 Et
2958 4782 3153 4837 iterum
3198 4782 3320 4839 ﬂevi
3370 4792 3423 4839 et
3462 4784 3571 4840 dixi
3627 4800 3640 4837 :
3682 4783 3884 4853 Quales

2291 4873 2544 4945 reliquias
2570 4875 2751 4931 tollam
2776 4891 2803 4931 a
2826 4884 2881 4933 te
2916 4878 2967 4932 in
2990 4880 3345 4935 memoriam?
3390 4879 3458 4935 Et
3508 4879 3622 4936 haec
3669 4880 3880 4948 dicens,

2292 4975 2493 5022 motum
2534 4976 2617 5023 est
2645 4982 2841 5040 corpus
2870 4970 3034 5026 illius.
3084 4970 3198 5043 Ego
3235 4981 3414 5030 autem
3461 4974 3614 5029 timui
3659 4981 3882 5046 tangere

2291 5078 2435 5119 eum.

2358 5155 2486 5210 Car.
2531 5155 2691 5212 XVII.
2718 5182 2789 5199 --
2818 5158 2885 5213 Et
2912 5166 2969 5213 ut
3006 5173 3164 5215 nemo
3191 5160 3373 5226 sciret,
3405 5160 3657 5216 descendi
3679 5160 3880 5217 celeri-

2288 5254 2388 5313 ter,
2431 5256 2486 5302 et
2537 5247 2747 5303 ﬁdelem
2790 5250 3006 5306 tratrem
3050 5251 3171 5306 misi
3214 5251 3875 5322 Antiochiamadepiseo-

2286 5351 2413 5406 pum
2438 5336 2569 5410 (t9).
2602 5339 2703 5408 Qui
2732 5341 2911 5396 statim
2946 5343 3165 5398 veniens
3200 5354 3321 5400 cum
3370 5344 3539 5401 tribus
3584 5346 3874 5417 episcopis.

2283 5436 2488 5482 etcum
2529 5430 2637 5485 illis
2668 5432 2997 5490 Ardaborlus
3039 5434 3291 5505 magister
3335 5435 3561 5491 militum
3602 5436 3721 5508 (20)
3754 5452 3879 5493 cum

2289 5522 2422 5588 suis,
2449 5524 2731 5581 tendentes
2757 5528 2992 5586 cortinas
3013 5530 3153 5586 circa
3180 5533 3481 5589 columnam
3509 5534 3645 5604 ejus,
3670 5535 3884 5593 deﬁxe-

2288 5626 2412 5672 runt
2439 5619 2756 5676 vestimenta
2808 5636 2924 5678 sua.
2958 5621 3123 5680 Erant
3158 5638 3337 5685 autem
3366 5630 3593 5687 conﬁcta
3624 5629 3694 5687 ab
3724 5644 3877 5687 auro.

2287 5708 2770 5780 Etdeponennbus
2811 5726 2934 5769 eum
2969 5713 3117 5785 juxta
3167 5719 3335 5776 altare
3383 5732 3506 5777 ante
3544 5721 3877 5789 columnam.

2284 5805 2771 5879 colligentibusque
2802 5822 2881 5876 se,
2926 5820 3054 5866 aves
3082 5808 3336 5869 volabant
3361 5828 3523 5886 super
3544 5816 3877 5885 columnam,

2283 5896 2573 5954 clamantes
2611 5908 2666 5955 et
2690 5903 2843 5969 quasi
2881 5901 3145 5973 lugentes,
3188 5904 3259 5963 Ita
3299 5912 3357 5963 ut
3394 5922 3583 5965 omnes
3605 5910 3875 5968 viderent.
