4142 6350
574 352 690 417 τιδὸ

1621 349 1711 407 DE
1754 342 1937 407 VITIS
1974 337 2262 405 PATRUM
2305 342 2507 402 LIBER
2549 343 2820 405 PRIMUS.

3764 349 3866 408 336

585 473 873 531 Theodosii
896 472 1121 541 iunioris
1147 470 1369 538 epistola
1396 468 1623 541 in_Actis
1642 465 1856 541 concilii
1884 464 2161 541 Ephesini,
2192 467 2247 527 Α
2269 472 2393 541 sunt
2418 462 2713 541 appellata;
2746 461 2793 517 is
2815 461 2955 541 enim
2982 458 3181 530 primus
3211 457 3348 516 ultra
3367 462 3655 541 columnas
3677 473 3867 522 exten-

585 557 732 601 tomo
766 546 827 610 V,
855 538 971 612 cap.
1008 545 1094 608 15,
1126 543 1255 596 edit.
1291 541 1420 612 lfelt.
1454 539 1679 612 Scripsit
1707 553 1921 612 quoque
1946 538 2009 589 ad
2040 552 2159 612 eum

584 619 697 672 Leo
726 606 945 685 Magnus
976 606 1127 679 imp.,
1160 622 1292 668 teste
1312 608 1565 685 Evagrio.
1589 610 1747 685 lib._n_
1774 608 1935 685 Hisn,
1959 606 2167 685 cap._9.

664 677 920 759 176V0e
952 677 1213 759 tempere,
1258 698 1363 759 quo
1394 677 1540 759 vixit,
1575 696 1645 759 ex
1688 677 2162 759 :Ilieodoreto,_in-

584 749 704 827 ιιιιῆ
720 749 1003 825 Βιῆοιιὶιιε,
1036 749 1163 827 ejus
1202 749 1489 822 primordia
1521 752 1714 827 colligi
1752 760 2022 827 possunt,“
2044 749 2169 827 dum

584 821 663 884 ait
688 821 999 883 columnam
1014 821 1123 895 jam
1154 821 1439 879 incoluisse
1473 823 1801 891 temporibus
1830 821 2025 895 Meletii
2054 822 2172 895 epi-

583 902 732 967 scopi
762 892 1096 961 Antioche'ni,
1128 899 1215 965 qui
1248 897 1346 950 sub
1380 895 1597 967 Valente
1628 895 1759 961 Imp.
1796 893 1947 955 vixit,
1981 892 2170 945 desiit-

585 987 689 1039 qne
713 974 779 1024 ab
810 970 1052 1023 humanis
1082 983 1146 1021 eo
1170 984 1309 1020 anno
1335 982 1439 1039 quo
1464 966 1845 1039 celebrata_est
1869 977 2059 1032 magna
2085 976 2176 1031 sy-

584 1034 759 1114 nodus
779 1034 1387 1114 Constantinopolitano,
1410 1037 1616 1114 Siagrio
1645 1047 1698 1090 et
1721 1034 1983 1114 Euchario
2006 1047 2171 1114 coss.,

584 1112 674 1181 qui
708 1104 1219 1184 numeratur-annus
1250 1126 1277 1162 a
1308 1104 1543 1184 Christo,
1573 1106 1993 1184 juxtaveriores
2015 1104 2174 1184 chro:

587 1176 914 1250 liographos,
946 1181 1069 1236 381.
1122 1180 1427 1249 Supervixit
1473 1188 1650 1231 autent
1701 1176 2048 1250 Simeon,‘u_t
2104 1176 2178 1227 ait

586 1246 889 1317 Cedrenus,
922 1268 1087 1317 usque
1127 1246 1430 1305 ad'annum
1476 1250 1509 1301 4
1559 1248 1751 1302 Leonis
1799 1246 1970 1315 Magni
2020 1247 2174 1317 inip.,

586 1327 729 1392 quod
758 1314 916 1378 etiam
946 1314 1213 1393 colligitur
1241 1338 1305 1375 ex
1336 1321 1483 1375 Actis
1526 1319 1756 1393 lianielis
1804 1314 2028 1387 Stylitze.
2081 1314 2191 1393 Est"

586 1389 758 1447 annus
793 1398 834 1446 is
865 1411 893 1446 a
923 1389 1137 1446 Chrisio
1162 1393 1289 1456 460,
1319 1408 1417 1460 qua
1458 1392 1664 1443 ratione
1707 1391 1814 1456 jam
1866 1389 2176 1460 centenario

585 1467 759 1530 maior
789 1464 1123 1519 obdormisse
1152 1458 1498 1531 dignoscitur.
1531 1460 1685 1527 Apud
1714 1458 2073 1531 Nicephorum
2123 1459 2175 1531 in

586 1528 828 1604 margine
862 1536 1083 1588 habetur
1129 1528 1324 1588 vixisse
1374 1533 1680 1587 Simeonem
1718 1528 1815 1581 105
1856 1543 2046 1593 annos,
2081 1528 2176 1583 sed

587 1606 725 1661 nihil
756 1608 859 1659 tale
892 1608 942 1659 in
972 1612 1143 1659 textu.
1526 1633 1534 1640 -

667 1678 928 1746 Evagrins
956 1690 1217 1730 summam
1244 1675 1376 1728 Vitae
1410 1673 1523 1743 ejus
1550 1687 1737 1727 severe
1762 1682 1895 1725 acta:
1922 1670 1991 1746 ita
2018 1671 2175 1746 colli-

587 1748 667 1820 git.
693 1738 855 1820 ltl).vl,
887 1762 1005 1814 cap.
1046 1746 1130 1820 I5.
1166 1746 1401 1820 ΔΔιεὲτριῲε
1431 1738 1588 1799 ’ξοίνυν
1640 1746 1695 1820 ἐν.
1727 1747 1882 1820 σαρκὶ
1922 1738 2063 1797 τόνδε
2082 1743 2177 1820 ,τὸν

589 1818 697 1889 βίον
728 1816 1124 1889 διαϐλέπωνᾼὲτη
1155 1816 1204 1881 ἓξ
1232 1816 1317 1871 xuii
1338 1822 1659 1874 πεντήκοντα.
1790 1818 1879 1889 μὲν
1900 1821 1972 1885 τῷ
1990 1817 2177 1889 πρώτῳ

588 1885 978 1965 ᾲροντιστηρὶῳ,
1015 1887 1138 1942 ἔνθα
1162 1893 1233 1965 ςὰ
1264 1890 1373 1942 Θεῑα
1398 1892 1686 1957 κατηχήίη,
1718 1885 1807 1965 ἔτη
1845 1887 1980 1939 ἐννέα
2000 1885 2095 1965 ’ὲὲν
2126 1885 2178 1940 δὲ

588 1954 722 2031 abre
749 1954 1021 2031 καλοὶομένῃ
1046 1958 1276 2031 Μάνδρα,
1308 1961 1435 2013 ἑπτὰ
1465 1954 1995 2031 καῖ’τξσσᾳράκονῖαί
2017 1954 2067 2009 ἕν
2088 1979 2185 2011 τινι

592 2036 682 2099 μέν
699 2024 950 2104 ’στενωτέῷ
977 2024 1113 2104 ἔτεσι
1140 2024 1258 2085 δέκα
1276 2033 1370 2104 κτὸν
1395 2032 1561 2102 ἀγῶνα
1600 2024 1840 2086 amvi/aa;
1858 2043 1871 2057 '
1899 2025 2024 2104 e'a__3é
2052 2031 2187 2104 κίοᾳι

589 2096 940 2177 βραχυτέροιξ
970 2103 1120 2177 ἑλῖτοϊ
1155 2106 1237 2156 καὶ
1266 2103 1312 2155 ἐν
1336 2096 1906 2177 τεσὶῖαρακονταῖτήχει,
1932 2096 2018 2155 ἔτη
2043 2101 2183 2177 τριᾲ-

596 2170 771 2228 abusa.
803 2170 957 2226 t'lste
978 2172 1259 2227 Simeones
1289 2177 1388 2224 hoc
1414 2170 1655 2226 severum
1688 2170 1899 2223 vivendi
1939 2170 2104 2235 genus
2130 2171 2183 2223 in

594 2258 761 2298 carne
788 2246 1088 2305 traducens,
1130 2243 1289 2297 vitam
1321 2245 1383 2295 ad
1407 2258 1488 2295 Lvt
1510 2257 1678 2295 annos
1700 2242 2026 2309 propagavit.
2050 2239 2181 2292 Nam

591 2314 646 2369 in
672 2315 1018 2379 monasterio,
1054 2314 1106 2367 in
1134 2330 1238 2383 quo
1263 2314 1490 2381 primum
1514 2312 1721 2366 divinus
1744 2310 1951 2364 vivendi
1980 2324 2177 2383 prace-

588 2387 802 2454 ptiones
828 2386 1036 2451 didicit,
1068 2381 1235 2440 annos
1262 2386 1391 2439 vixit
1423 2400 1496 2439 ix.
1529 2383 1584 2437 In
1614 2383 1831 2437 Mandra
1860 2391 2069 2454 autem,
2104 2381 2182 2435 sic

594 2453 737 2509 enim
770 2466 1008 2524 iocatur,
1042 2471 1205 2521 XLVII,
1239 2467 1397 2525 atque
1426 2455 1614 2508 horum
1638 2468 1902 2507 annmum
1932 2469 1961 2506 x
1984 2453 2036 2525 in
2063 2453 2183 2525 loco

591 2527 881 2581 admodum
920 2523 1147 2596 angusto
1175 2523 1435 2591 conici-it;
1483 2527 1537 2580 in
1568 2524 1831 2579 columnis
1861 2523 2181 2579 arctioribus

587 2613 661 2652 vn
679 2615 691 2663 ;
709 2600 939 2667 denique
959 2602 1009 2652 in
1032 2601 1277 2654 columna
1294 2598 1646 2668 quadraginta
1663 2597 2133 2668 cubitorum,_xxx.
2155 2613 2174 2646 ι

583 2668 791 2723 Eadem
824 2666 985 2724 habet
1012 2669 1363 2735 Nicephorus,
1400 2666 1534 2722 libro
1563 2682 1671 2733 xlv,
1721 2682 1841 2734 cap.
1874 2666 1960 2729 51,
1992 2666 2045 2720 in
2073 2682 2180 2732 quo

585 2754 738 2795 error
786 2742 837 2794 in
893 2756 1172 2795 numerum
1218 2740 1449 2808 irrepsit.
1496 2738 1628 2791 Nam
1679 2753 1775 2806 pro
1830 2737 2179 2809 undetriginta

586 2811 928 2867 scribendum
971 2813 1195 2881 triginta.
1228 2811 1356 2878 Qua:
1404 2810 1605 2877 putatio
1650 2811 1694 2862 si
1744 2824 1868 2881 vera
1918 2818 2019 2881 est,
2048 2823 2180 2881 non

581 2882 761 2950 potuit
783 2886 1094 2951 pervenisse
1122 2883 1187 2936 ad
1214 2883 1567 2935 centesimum
1596 2895 1814 2934 annum.
1846 2880 2059 2949 Alioqui
2082 2896 2179 2935 ne-
2227 2937 2235 2945 ,

587 2967 741 3009 08588
767 2962 911 3009 esset
938 2969 1184 3008 asserere
1209 2968 1328 3007 eum
1352 2995 1366 3019 ,
1409 2967 1529 3006 CIIII)
1560 2967 1681 3005 XLIV
1725 2963 1839 3005 erat
1888 2967 2177 3016 annorum,

585 3025 817 3094 primunt
885 3024 1186 3094 ingressum
1245 3038 1365 3078 esse
1409 3024 1813 3077 monasterium.
1862 3022 2015 3089 Quod
2073 3038 2179 3078 non

587 3093 813 3164 quadrat
838 3093 958 3149 cum
994 3094 1107 3148 Vita
1135 3093 1222 3149 hic
1266 3096 1333 3150 ab
1373 3096 1606 3149 Antonio
1654 3095 1873 3163 scripta,
1926 3097 2015 3164 qui
2056 3109 2179 3149 eum

584 3167 767 3223 statim
808 3166 877 3221 ab
905 3166 1261 3221 adulescentia
1306 3168 1602 3236 ingressum
1648 3179 1768 3220 esse
1793 3167 2175 3220 monasterium

580 3235 790 3294 scribit.

662 3309 737 3361 Ex
769 3323 876 3375 quo
903 3308 1017 3363 hate
1050 3308 1177 3363 Vitae
1196 3321 1401 3362 summa
1430 3308 1696 3377 colligitur
1725 3324 1741 3363 :
1774 3309 1905 3362 Cum
1935 3316 2050 3364 erat
2077 3318 2180 3364 tre-

589 3378 762 3433 decim
790 3395 1069 3443 annorum,
1105 3380 1355 3449 pascebat
1380 3394 1532 3435 oves.
1563 3380 1690 3433 Inde
1718 3380 1929 3434 videtur
1966 3380 2179 3449 ingres-

585 3466 678 3503 sus
709 3452 1110 3514 monasterium,
1141 3450 1232 3504 ubi
1272 3450 1400 3504 vixit
1448 3466 1591 3505 anno
1614 3466 1662 3515 t;
1698 3450 1821 3506 inde
1849 3466 1908 3504 ιιι
1938 3456 2094 3505 annis
2124 3455 2173 3506 in

588 3521 867 3585 clausura;
901 3530 1023 3589 post
1050 3537 1099 3575 tv
1127 3523 1283 3575 annis
1302 3519 1356 3574 in
1377 3523 1625 3575 columna
1646 3520 1946 3575 cubitorum
1979 3538 2058 3586 tv;
2084 3524 2182 3577 ite-

585 3606 709 3647 rum
742 3607 810 3644 xit
851 3592 1083 3646 armisin
1114 3594 1357 3645 columna
1392 3592 1693 3646 cubitorum
1726 3608 1797 3646 xu
1825 3599 1856 3658 ;'
1882 3606 2065 3647 rursus
2106 3608 2181 3648 xu

588 3664 743 3717 annis
775 3663 828 3716 in
859 3662 1105 3717 columna
1134 3661 1434 3717 cubitorum
1467 3679 1569 3728 xx;
1599 3671 1719 3731 post
1742 3678 1793 3716 tv
1818 3678 1987 3718 annos
2010 3665 2062 3718 in
2091 3679 2183 3719 co-

586 3733 769 3788 lumna
796 3734 1097 3787 cnbitorum
1129 3749 1271 3797 xxx;
1303 3735 1518 3789 demum
1542 3749 1630 3788 xvi
1650 3749 1820 3790 annos
1850 3736 1904 3789 in
1931 3736 2178 3789 columna

587 3805 886 3859 cubitorum
923 3820 1011 3859 ιι..
1047 3807 1219 3875 Atque
1255 3807 1323 3858 ita
1374 3805 1774 3861 exercitationis
1818 3808 1943 3861 anni
1988 3821 2181 3860 exsur-

587 3886 720 3945 gunt
748 3892 841 3937 Lll,
875 3875 1015 3930 haud
1048 3884 1270 3930 multum
1297 3877 1608 3932 differentes
1637 3893 1664 3929 a
1699 3892 1922 3933 numero
1949 3878 2180 3947 Evagrii.

661 3948 813 4018 Apud
838 3947 1232 4002 'I‘heodoretum
1262 3948 1509 4009 habetur,
1536 3948 1677 4018 quod
1707 3963 1742 4001 tt
1771 3964 1941 4003 annos
1982 3948 2181 4002 mansit

587 4016 643 4073 In
669 4016 840 4084 primo
851 4019 1178 4072 monasterio
1200 4035 1213 4082 ;
1236 4034 1269 4071 x
1286 4019 1440 4073 annis
1463 4022 1513 4072 in
1527 4016 1855 4074 monasterio
1875 4020 2145 4074 Heliodori
2166 4036 2180 4085 ;

589 4102 647 4142 ιιι
687 4102 852 4142 annos
885 4086 937 4141 in
968 4089 1083 4142 vico
1109 4088 1402 4143 Telanesso
1428 4106 1442 4153 ;
1473 4104 1634 4143 xxvut
1665 4092 1891 4143 anmsin
1912 4093 2180 4158 columna,

588 4159 652 4230 in
682 4159 732 4213 id
766 4170 973 4227 tempus
1003 4172 1108 4228 quo
1137 4160 1512 4215 Theodoretus
1550 4160 1666 4229 ejus
1720 4160 1895 4214 Vnam
1945 4161 2181 4230 scripsit.

590 4229 691 4283 Hic
720 4238 925 4282 tantum
959 4230 1223 4285 habentur
1252 4232 1376 4285 anni
1401 4246 1526 4285 xLuI
1548 4232 1968 4299 exercitationis,
1995 4229 2088 4286 sed
2118 4246 2183 4286 eo

592 4310 833 4369 tempore
860 4301 1033 4355 adhuc
1058 4302 1291 4356 vivebat.

662 4372 960 4439 Cedrenus,
984 4371 1383 4442 inCompendio
1405 4373 1665 4443 historia),
1691 4375 1783 4438 ait,
1805 4390 1893 4429 an.
1917 4375 1988 4430 25'
2009 4374 2185 4430 Theo-

591 4444 730 4497 dosii
775 4444 1008 4498 Junioris
1038 4461 1158 4499 eum
1207 4448 1509 4500 columnam
1555 4446 1881 4512 ascendisse,
1930 4456 1986 4501 et
2029 4464 2117 4501 an.
2149 4448 2183 4502 4

590 4515 790 4570 Leonis
821 4516 924 4588 vita
958 4517 1218 4571 Iunctum.
1262 4516 1338 4570 Ex
1367 4533 1471 4586 quo
1516 4518 1798 4572 intervallo
1838 4519 1988 4588 juxta
2031 4533 2183 4573 com-

592 4597 780 4654 putum
813 4587 1096 4642 Annalium
1150 4588 1363 4643 Baronii
1408 4589 1769 4644 coniiciuntur
1811 4598 2012 4643 tantum
2059 4590 2186 4644 anni

592 4672 778 4711 XXVIII.

667 4728 863 4783 Contra
917 4731 1327 4803 calumniatores
1390 4731 1873 4803 Magdeburgenses
1937 4732 2184 4803 Stylitam

592 4802 737 4856 hunc
766 4802 977 4870 egregie
998 4801 1238 4855 defendit
1261 4803 1652 4857 illustrissimus
1675 4801 1960 4858 cardinalis
1988 4801 2185 4859 Bellar-

588 4878 791 4937 minus,
822 4884 949 4925 ιοιιι.
981 4872 1021 4926 ll
1052 4874 1305 4929 Controv.
1336 4874 1574 4942 general.
1604 4891 1663 4941 ιι,
1716 4874 1809 4929 lib.
1836 4890 1893 4941 ιι,
1946 4876 2021 4930 De
2068 4892 2182 4931 mo-

592 4944 803 5007 nachis,
838 4960 887 4997 c.
920 4942 1007 5009 3U;
1041 4952 1094 4997 et
1122 4944 1320 4998 Alanus
1349 4944 1546 5013 Copus,
1577 4947 1703 5000 dial.
1740 4962 1797 5013 ιι,
1827 4962 1876 5001 c.
1914 4946 2001 5001 18.

662 5016 740 5087 (2)
760 5016 1011 5087 Stylitaa.]
1030 5015 1244 5069 Ducitur
1259 5031 1287 5065 ιι
1310 5018 1735 5085 grammaticiset
1754 5018 1942 5080 στῦλος
1958 5025 2013 5073 et
2027 5018 2182 5077 στήλη

592 5086 879 5142 aheadem
906 5086 1113 5156 origine
1137 5088 1338 5157 ἶστημι,
1367 5097 1465 5140 sto.
1500 5088 1691 5143 Suidas
1720 5104 1735 5143 :
1759 5091 2017 5157 Σωλὶτης,
2050 5090 2076 5144 ὁ
2101 5091 2184 5144 ἐπὶ

591 5164 748 5220 κίονος
781 5161 1071 5231 ἱστάμενος,
1105 5157 1296 5227 Stylita
1325 5161 1412 5228 qui
1456 5159 1749 5213 columnam
1800 5163 2005 5216 insistit.
2055 5161 2185 5228 Quis

596 5232 798 5299 primus
851 5229 988 5299 apud
1037 5229 1308 5283 Iiomanos
1363 5245 1525 5299 super
1576 5235 1881 5287 columnam
1932 5234 2180 5287 cellulam

589 5302 873 5367 struxerit,
905 5302 1063 5356 docet
1094 5316 1190 5356 nos
1214 5300 1475 5355 Asconius
1504 5302 1555 5355 in
1580 5303 1852 5358 Ciceronis
1884 5305 2179 5358 orationem

592 5374 644 5425 in
672 5375 738 5439 Q.
770 5373 1066 5435 Caecilium,
1102 5390 1220 5441 quae
1268 5373 1535 5427 Divinatio
1566 5376 1618 5426 in
1665 5375 1882 5427 Verretn
1933 5375 2130 5428 dieitur
2164 5391 2177 5428 :

595 5462 613 5493 ι
645 5444 862 5497 Montius
878 5459 999 5496 cum
1021 5445 1237 5497 domum
1257 5459 1407 5497 suam
1431 5447 1687 5499 venderet
1710 5444 1895 5498 Catoni
1914 5454 1969 5499 et
1991 5444 2182 5501 Flacco

590 5513 903 5567 censoribus
928 5523 983 5567 ut
1028 5515 1099 5568 ibi
1131 5515 1346 5569 basilica
1375 5516 1753 5581 aediﬁcaretur,
1780 5529 2065 5584 exceperat
2090 5517 2178 5585 jus

586 5586 686 5640 sibi
712 5586 1179 5655 uniuscolumnzc,
1205 5602 1365 5655 super
1388 5602 1547 5655 quam
1583 5596 1781 5640 tectum
1807 5588 2089 5655 projiceret
2112 5604 2179 5643 ex

592 5654 993 5723 provolantilius
1038 5660 1250 5721 tabulis,
1286 5654 1425 5711 unde
1464 5668 1519 5713 et
1564 5658 1677 5725 ipse
1720 5668 1774 5712 et
1807 5654 2019 5727 pateri
2064 5658 2179 5726 ejus

588 5736 837 5796 spectare
878 5745 1068 5783 munus
1119 5727 1490 5797 gladiatorium
1545 5741 1784 5797 possent,
1828 5733 1966 5797 quod
2018 5732 2177 5784 etiam

590 5808 701 5853 tum
730 5801 780 5853 in
806 5800 922 5854 l'oro
954 5801 1197 5855 dabatur.
1230 5818 1248 5850 ι
1287 5799 1439 5854 Unde
1479 5800 1547 5854 ab
1579 5801 1768 5856 eodem
1821 5801 2010 5855 Maenio
2037 5804 2176 5856 dicta

590 5880 715 5927 Sunt
744 5871 1028 5928 Mamiana.
1060 5873 1250 5927 Festus
1280 5889 1292 5924 :
1332 5889 1349 5921 ι
1388 5872 1644 5927 Maeniana
1676 5872 1901 5927 :edilicna
1929 5889 1957 5927 a
1986 5873 2176 5930 Mtenio

2211 4631 2266 4692 Ι)

2273 537 2351 588 dit
2393 536 2559 600 tigna,
2610 548 2714 601 quo
2766 533 3149 600 ampliarentur
3200 536 3497 602 superiora.
3540 552 3558 586 ι
3593 534 3803 591 Glossze
3853 556 3865 591 :

2275 605 2616 668 Mceiiianum,
2641 606 2876 682 ξξῴστρα
2908 603 3200 682 Meuianus,
3227 607 3445 682 ixGérac.

2348 679 2428 748 (5)
2460 673 2733 745 Antonio]
2762 673 2960 729 Auctor
2994 676 3121 729 Vita-
3154 676 3308 741 hujus
3333 689 3412 730 est
3459 691 3564 730 non
3592 676 3833 735 incertus
3854 722 3867 742 .

2274 758 2331 803 ut
2363 749 2566 816 putavit
2608 748 2886 813 Baronius,
2919 748 3012 801 sed
3044 748 3332 812 Antonius,
3365 748 3455 815 qui
3508 750 3625 815 ipse
3672 766 3868 803 nomen

2278 834 2433 873 suum
2466 818 2703 873 declarat
2726 833 2844 887 cap.
2878 818 2930 870 7.
2963 836 2980 869 ι
3011 818 3235 884 Quidam
3263 827 3439 873 autem
3466 818 3680 885 juvenis
3705 822 3874 875 astitit

2276 889 2349 954 ei,
2384 890 2648 943 Antonius
2676 891 2911 955 nomine,
2942 894 3033 958 qui
3064 891 3193 942 vidit
3223 900 3273 944 et
3314 891 3527 956 scripsit
3574 890 3710 946 haec.
3752 910 3771 941 ι
3812 894 3872 947 Et

2278 961 2453 1030 capite
2484 961 2672 1014 ultimo
2706 976 2719 1013 :
2758 979 2775 1010 ι
2817 961 2927 1028 Ego
2960 961 3175 1014 humilis
3206 970 3259 1014 et
3304 970 3553 1030 peccator
3581 963 3868 1025 Antonius,

2278 1032 2589 1101 inqnantnm
2625 1031 2790 1098 potui,
2824 1031 3106 1086 lectionem
3139 1036 3275 1084 hanc
3302 1031 3537 1085 breviter
3561 1035 3808 1101 exposui.
3850 1054 3871 1086 ι

2279 1100 2365 1156 De
2388 1102 2487 1155 hoc
2519 1102 2965 1172 ptttogintelligere
2988 1103 3291 1169 Evagrium,
3322 1102 3459 1156 libro
3490 1118 3503 1154 ι
3530 1100 3664 1155 Hist.
3697 1104 3873 1169 Eccl.,

2279 1188 2410 1247 cap._
2438 1172 2523 1227 15.
2554 1170 2746 1247 Τούτου
2770 1170 2864 1234 τάξ
2882 1175 3178 1247 Ocean/Asia;
3198 1177 3411 1247 γέγραφε
3437 1176 3526 1243 μὲν
3560 1177 3645 1228 καί
3669 1196 3750 1235 τις
3776 1184 3878 1231 τῶν

2282 1242 2553 1321 αὐτέπτων
2574 1246 2867 1321 γενομένων,
2896 1247 3125 1321 ’γέγραφε-
3142 1242 3215 1308 δὲ,
3248 1242 3329 1298 icit
3354 1242 3533 1321 ,λογίως
3555 1247 3765 1321 ἀπέθετο
3795 1250 3877 1302 καὶ

2283 1314 2593 1391 Θεοδὼριτοξ
2632 1316 2655 1391 ᾇ
2685 1314 2772 1373 is»
2802 1314 3075 1391 aspiciat;
3106 1314 3464 1391 inconuiuus:
3492 1331 3505 1367 :
3537 1332 3556 1365 t
3591 1315 3759 1391 I'Iujtts
3792 1332 3879 1371 res

2286 1385 2466 1455 gestas
2497 1386 2686 1439 litteris
2718 1385 2946 1455 prodiilit
2984 1401 3104 1441 cum
3152 1388 3290 1440 alius
3335 1387 3584 1455 quidam,
3615 1388 3705 1456 qui
3752 1401 3876 1444 eum

2285 1457 2457 1510 oculis
2487 1458 2819 1529 aspgexiSset;
2854 1467 2963 1529 tum
3006 1456 3375 1511 Theodoretus
3417 1458 3662 1512 ecclesia:
3710 1457 3876 1529 Cyre-

2290 1529 2473 1581 nensis
2506 1528 2790 1596 episcopus
2820 1528 3006 1582 eadem
3031 1530 3231 1581 diserte
3261 1528 3525 1596 exposuit.

2354 1597 2434 1667 (4)
2469 1597 2598 1650 Erat
2626 1610 2796 1651 autem
2840 1600 2934 1670 isti,
2961 1610 3105 1669 pater
3134 1597 3434 1670 Susocion.]
3466 1598 3630 1653 Vetus
3659 1599 3828 1657 editio
3862 1618 3877 1656 :

2282 1667 2414 1721 Erat
2444 1679 2609 1721 autem
2636 1673 2728 1723 iste
2746 1671 2885 1737 ﬁlius
2908 1667 3205 1737 Sttsocion.|
3233 1672 3275 1725 A
3304 1667 3451 1724 nullo
3476 1670 3582 1724 alio
3611 1672 3879 1737 scriptore

2284 1743 2449 1807 ratris
2476 1739 2579 1795 hoc
2606 1756 2797 1794 nomen
2828 1739 3163 1807 exprimitur.
3199 1739 3428 1795 Tantum
3459 1741 3659 1796 dicitur
3708 1739 3877 1801 fuisse

2285 1825 2350 1865 ex
2380 1812 2504 1883 vico
2531 1812 2692 1865 Sesan
2723 1812 2806 1865 vel
2838 1811 3015 1875 Sisan,
3042 1828 3198 1881 quem
3240 1812 3471 1865 vicinum
3516 1826 3628 1883 sua:
3669 1816 3879 1883 regioni

2287 1890 2342 1935 et
2371 1881 2596 1935 Cilicum
2619 1884 2693 1935 ait
2715 1883 3111 1938 Tlieodoretus.
3142 1883 3299 1941 Sisan
3322 1884 3492 1937 vicum
3521 1882 3681 1939 habet
3713 1881 3878 1940 etiam

2288 1951 2603 2007 Theodorus
2630 1952 2857 2014 Lector,
2890 1954 3025 2008 libro
3055 1955 3227 2020 primo
3256 1954 3548 2009 Collecmn.

2314 2070 2317 2074 .
2361 2024 2458 2077 Ms.
2492 2023 2803 2078 Leodiensis
2835 2024 3001 2079 sancti
3032 2023 3300 2080 Laurentii
3332 2035 3387 2079 et
3415 2026 3465 2079 in
3500 2026 3664 2094 patris
3708 2028 3881 2081 nomi-

2287 2109 2353 2148 ne
2380 2096 2570 2160 variat,
2606 2104 2659 2148 et
2696 2099 2884 2149 matris
2934 2111 3144 2165 quoque
3193 2111 3389 2150 nomen
3437 2096 3689 2164 exprimit
3726 2116 3737 2149 :
3774 2117 3793 2149 ι
3834 2097 3880 2153 Is

2286 2176 2408 2239 erat
2431 2166 2872 2239 filiuscnjnsdam
2903 2165 3024 2222 Isici
3056 2167 3294 2236 nomine,
3344 2177 3515 2222 mater
3552 2180 3732 2223 autem
3760 2169 3882 2239 ejus

2287 2235 2533 2289 Matliana
2564 2238 2698 2293 dicta
2732 2249 2833 2291 est.
2874 2256 2892 2288 ι

2358 2308 2437 2375 (5)
2490 2306 2817 2379 Ecclesium]
2857 2308 3229 2366 Theodoretus
3264 2309 3339 2365 ait
3376 2306 3543 2366 fuisse
3588 2310 3880 2368 ecclesiam

2285 2390 2590 2449 sanctorum
2620 2378 2934 2449 Martyrum.

2356 2448 2433 2518 (6)
2472 2447 2539 2523 In
2560 2447 2924 2523 monasterium
2948 2453 3111 2506 sancti
3132 2450 3430 2523 Timothei]
3457 2451 3514 2506 In
3535 2451 3881 2510 Theodoreto

2284 2534 2480 2575 nomen
2513 2519 2670 2588 hujus
2705 2523 2804 2576 viri
2833 2538 2938 2577 non
2962 2525 3299 2593 exprimitur.
3329 2519 3718 2591 Exprimuntur
3746 2526 3882 2580 alio-

2284 2605 2402 2644 rum
2436 2593 2669 2647 virorum
2710 2597 3057 2656 monasteria,
3107 2604 3165 2648 ut
3214 2596 3474 2648 Ammiani
3520 2606 3574 2648 et
3626 2595 3879 2661 Eusebii;

2288 2663 2587 2735 Euscbona:
2610 2674 2662 2717 et
2684 2664 2949 2730 Abitonis,
2975 2664 3100 2718 item
3134 2665 3426 2720 Heliodori.
3461 2664 3559 2719 Cui
3589 2668 3879 2735 posteriori

2284 2734 2529 2801 quaedam
2560 2738 2910 2815 conveniunt,
2942 2752 3064 2806 qua:
3095 2735 3183 2791 hic
3219 2738 3479 2793 habentur
3509 2734 3881 2794 de'TimOthei

2282 2816 2628 2861 monasterio.

2356 2875 2437 2948 (7)
2470 2875 2741 2952 Mttguiﬁci
2764 2878 2907 2952 ιιὶνξ.)
2936 2877 3243 2952 Magniﬁcus
3276 2879 3362 2934 hic
3399 2888 3501 2945 est,
3547 2878 3637 2950 qui
3682 2894 3883 2952 magna

2283 2948 2433 3019 signa
2470 2959 2525 3003 ct
2553 2948 2805 3005 miraculi
2832 2950 2983 3007 facit.
3022 2948 3151 3005 Vide
3188 2948 3586 3005 Onotnasticon.

2356 3021 2433 3091 (δ)
2464 3021 2765 3095 Clausuram
2790 3040 2855 3095 ea:
2887 3021 3059 3095 lapide
3083 3019 3264 3095 sicca]
3296 3022 3349 3075 In
3394 3022 3626 3095 Mena-is,
3656 3020 3729 3095 ἓξ
3778 3022 3885 3079 Fe-

2285 3090 2505 3166 bruarii,
2540 3094 2591 3147 in
2624 3093 2742 3147 Vita
2786 3094 3048 3149 Thalassii
3092 3104 3147 3150 et
3202 3090 3421 3149 Limnai
3468 3102 3553 3166 est
3596 3090 3881 3166 ξηρόλιθος.

2284 3162 2437 3237 Quod
2460 3165 2675 3237 Longus
2696 3178 2749 3219 et
2772 3166 3031 3237 Hervetus
3052 3166 3369 3236 simpliciter
3390 3165 3615 3237 lapidem
3637 3162 3883 3235 vertunt,

2208 3236 2254 3301 C
2286 3236 2338 3316 in
2372 3234 3029 3327 'lilieodoretinPhilotlieo,
3059 3234 3185 3327 cap.)
3208 3237 3300 3304 2‘2,
3337 3239 3381 3292 si
3412 3234 3589 3327 tamen
3621 3240 3882 3327 ξηεόὶέθος

2286 3306 2338 3359 in
2358 3307 2487 3384 ejus
2519 3315 2665 3384 textu
2692 3308 2880 3384 Graeco
2911 3309 3034 3384 luit.
3062 3309 3251 3384 Suidas
3284 3326 3296 3361 ε
3323 3310 3483 3384 Ξγρὸς
3500 3311 3649 3376 λίθος,
3681 3306 3719 3384 ίό
3758 3308 3887 3367 ἄνευ

2284 3378 2444 3457 πηλςιῦ
2480 3377 2873 3457 κτις-όμενοςξ-ἧν
2898 3381 3005 3457 γᾴρΔ
3022 3380 3139 3452 λίθῳ
3176 3383 3312 3457 ξηρῷ
3352 3377 3773 3457 δίεᾳκευασμέηον
3828 3386 3892 3439 τὸ

2284 3448 2538 3523 φρούριον,
2580 3448 2631 3503 ἐκ
2663 3448 3558 3534 priuilegiaAlieoivu'guunppoogévou.
3597 3448 3888 3534 (“Siccam

2284 3522 2494 3585 saxum,
2533 3525 2676 3589 quod
2721 3522 2838 3577 sine
2866 3523 2980 3577 luto
3009 3522 3584 3579 adiﬁciis'adhibetur.
3636 3522 3765 3576 Erat
3796 3525 3883 3579 la-

2286 3590 2408 3660 pide
2438 3592 2583 3646 sicco
2604 3593 2884 3647 castellum
2930 3596 3332 3662 interpolatum,
3362 3610 3430 3649 ex
3476 3595 3684 3662 magnis
3734 3598 3891 3649 saxis

2284 3672 2734 3732 coagmentatum.
2773 3682 2792 3715 »
2831 3664 2988 3733 Apud
3026 3665 3453 3731 Theodoretum,
3487 3665 3540 3719 in
3574 3665 3889 3731 Philotheo,

2285 3746 2406 3806 cap.
2449 3733 2537 3800 I8,
2572 3735 2623 3789 in
2657 3736 2888 3790 Eusebio
2919 3753 2933 3788 :
2970 3736 3257 3806 Lapidibus
3288 3754 3349 3790 ne
3379 3738 3484 3791 luto
3513 3736 3717 3803 quidem
3759 3752 3892 3790 cou-

2286 3805 2495 3869 iuuctis.
2523 3806 2721 3860 Contra
2751 3816 2834 3861 est
2871 3808 2923 3861 in
2970 3812 3158 3862 eodem
3210 3807 3573 3866 Theodoreto.
3620 3822 3740 3874 cap.
3787 3806 3888 3875 29,

2286 3876 2393 3953 Iulo
2420 3887 2468 3953 ξι
2488 3876 2773 3953 _lapidibus,
2797 3878 2942 3953 quod
2972 3880 3024 3932 in
3053 3878 3287 3953 Menaeis,
3317 3880 3460 3953 πῃλῷ
3488 3881 3571 3953 mi
3591 3879 3771 3953 λίθοις.

2359 3949 2438 4019 (tl)
2463 3946 2817 4019 Arntacenos.]
2830 3950 3056 4003 Armaca
3071 3951 3342 4004 Antonino
3356 3946 3707 4019 Cappadocia:
3731 3950 3891 4005 urbs.

2287 4017 2395 4144 tSed
2419 4017 2597 4143 inagis
2620 4021 2706 4074 hic
2727 4017 2855 4090 puto
2880 4020 3105 4090 intelligi
3128 4021 3420 4090 Armenios,
3437 4017 3504 4075 ἰιι
3526 4021 3685 4076 habet
3704 4019 3893 4078 Theo-

2325 4106 2415 4144 ore
2445 4107 2528 4144 us.

2325 4098 2528 4145 oretus.

2358 4161 2473 4232 (to)
2513 4160 2747 4232 λιπσιυς.)
2776 4162 3003 4219 Gentem
3048 4163 3187 4219 hanc
3218 4164 3406 4219 nullihi
3439 4163 3669 4218 invenio.
3705 4164 3893 4232 Auri-

2290 4242 2397 4287 tum
2429 4234 2678 4303 populum
2706 4231 2809 4287 vox
2843 4234 3027 4289 Graace
3058 4245 3234 4290 sonat.
3270 4239 3350 4289 An
3381 4235 3540 4289 iidem
3571 4237 3659 4303 qui
3699 4231 3887 4288 Pana-

2288 4306 2384 4376 tii?
2414 4305 2667 4369 Isidorus,
2703 4305 2796 4358 lih.
2841 4322 2892 4360 XI
2922 4306 3094 4374 0rig.,
3122 4322 3241 4376 cap.
3267 4308 3300 4361 5
3331 4324 3346 4361 :
3385 4325 3401 4358 ι
3439 4306 3692 4360 Panotios
3739 4306 3893 4373 apud

2289 4375 2562 4446 Scythiam
2580 4390 2702 4431 esse
2719 4376 2898 4432 ferunt
2922 4388 3025 4431 tam
3048 4377 3235 4432 dill'usa
3256 4378 3463 4432 aurium
3487 4376 3890 4447 magnitudine,

2289 4455 2346 4519 ut
2378 4462 2537 4501 omne
2589 4460 2782 4515 corpus
2826 4463 2890 4503 cx
2929 4450 3008 4504 eis
3036 4458 3363 4519 contegant.
3390 4456 3494 4504 πᾶν
3530 4449 3681 4519 177
3739 4450 3893 4519 enim

2292 4516 2482 4590 Graeco
2527 4532 2777 4573 sermone
2799 4534 2968 4590 omne
2999 4518 3129 4590 ,ὦτα
3158 4535 3317 4575 aures
3362 4516 3688 4590 dicunt—ur.)
3738 4518 3897 4583 Quas

2294 4588 2407 4643 haec
2439 4590 2551 4643 Vita
2582 4597 2769 4659 gentes
2796 4589 2979 4660 habet,
2999 4588 3362 4657 Sarracenos,
3396 4588 3605 4653 Persas,
3640 4592 3895 4643 Armate-

2291 4677 2405 4726 nos,
2432 4660 2643 4734 Laotos,
2675 4670 2722 4715 et
2740 4662 3076 4734 _Alt0phyt'os,
3099 4677 3282 4734 eorum
3316 4663 3435 4716 loco
3463 4660 3602 4734 apud
3629 4660 3896 4734 Theodo-

2290 4742 2465 4786 retum
2514 4732 2681 4787 habes
2728 4728 3297 4800 Isma’eliias,’Persas,
3347 4728 3635 4797 Armenios,
3683 4728 3895 4799 Iber-es,

2294 4802 2609 4858 Homeritas.
2638 4803 2798 4859 Iidem
2824 4807 2962 4873 apud
2985 4805 3287 4860 Cedrenum
3306 4803 3544 4871 exceptis
3565 4800 3897 4868 Homeritis;

2289 4875 2393 4931 nisi
2420 4876 2550 4951 quis
2559 4876 2820 4951 suspicari
2841 4876 2977 4951 _velit
3003 4876 3145 4945 apud
3170 4876 3595 4951 ευιιιᾼὸσημέρας,
3624 4875 3897 4951 quotidia-

2289 4962 2398 5012 nos,
2430 4943 2495 5001 ex
2524 4944 2805 5000 Homerios
2822 4943 3197 5016 depravatum;
3227 4949 3309 5001 vel
3333 4943 3518 5001 contra
3544 4943 3683 5015 apud
3706 4948 3737 5000 'l
3755 4947 3900 4999 lteo-

2287 5019 2552 5073 doretum.
2591 5016 2680 5073 Vel
2714 5020 2889 5087 potius
2918 5017 3194 5074 Cedrenus
3241 5033 3335 5072 sua
3368 5017 3635 5084 eXpl'eSSil
3672 5032 3739 5070 ex
3786 5031 3897 5085 po-

2289 5092 2516 5144 steriore
2539 5091 2655 5143 loco
2686 5088 3029 5153 Theodoreti,
3058 5090 3145 5145 ubi
3182 5088 3474 5144 uomet-itas
3506 5088 3729 5153 omittit,
3759 5087 3900 5142 licet

2289 5160 2469 5229 priore
2500 5161 2619 5214 loco
2642 5175 2734 5215 eos
2759 5162 2878 5215 aliis
2906 5164 3183 5229 adiungat.

2362 5232 2475 5301 (ll)
2517 5230 2773 5285 Basilicus
2812 5248 2902 5285 rex
2954 5229 3381 5302 Saracenorunt.]
3425 5229 3789 5297 Quaerendum
3842 5232 3898 5284 in

2290 5302 2550 5357 historiis.
2584 5304 2756 5358 llahet
2777 5302 2819 5357 Τ
2824 5303 3169 5369 heodoretus,
3198 5302 3339 5373 quod
3365 5303 3644 5373 pnelectus
3666 5302 3901 5369 quidam

2288 5376 2443 5427 unius
2474 5375 2640 5429 tribus
2666 5390 2758 5430 seu
2791 5375 3115 5446 phylarchus
3145 5372 3537 5446 Saracenorum
3573 5372 3901 5428 Simeonem

2287 5448 2610 5511 accesserit;
2642 5448 2735 5502 sed
2761 5444 2880 5501 sine
2904 5449 3140 5510 nomine,
3174 5457 3227 5501 et
3257 5448 3307 5499 in
3349 5444 3452 5499 alia
3483 5458 3561 5498 re.

2361 5519 2476 5588 (Ιῖ)
2517 5517 2581 5571 Et
2608 5521 2774 5589 posuit
2819 5535 2972 5590 super
2999 5519 3171 5590 oculos
3201 5516 3367 5587 suos.]
3401 5516 3553 5590 Ritus
3579 5516 3904 5590 veneratio-

2286 5586 2379 5644 uis'
2398 5590 2483 5643 hic
2513 5586 2616 5654 est,
2649 5604 2753 5659 quo
2778 5586 2891 5644 reui
2914 5590 3016 5645 sibi
3046 5588 3235 5659 oculos
3272 5586 3461 5642 contra
3490 5588 3708 5640 charam
3741 5586 3906 5640 indi-

2283 5662 2494 5715 cabant.
2524 5662 2611 5714 Sic
2642 5658 2760 5729 cap.
2790 5662 2852 5715 I7
2878 5678 2892 5715 :
2923 5680 2941 5713 ι
2975 5663 3163 5717 Manus
3191 5658 3308 5728 ejus
3340 5659 3489 5726 posui
3514 5673 3675 5727 super
3700 5659 3905 5713 oculos

2284 5748 2435 5787 meos
2464 5733 2647 5785 dicens
2682 5749 2694 5783 :
2732 5734 2983 5799 Benedic,
3019 5734 3268 5795 obsecro,
3310 5731 3405 5792 mi,
3435 5729 3674 5783 domine.
3714 5748 3731 5779 ι

2353 5806 2467 5874 (l5)
2510 5800 2724 5872 Μαιεν.)
2755 5801 3044 5873 Gregorius
3074 5801 3428 5874 Turonensis,
3450 5800 3525 5874 de
3552 5799 3731 5874 Gloria
3750 5812 3907 5874 con-

2285 5868 2577 5941 fessor-nm,
2609 5868 2727 5944 cap.
2756 5874 2826 5929 '26
2857 5868 2890 5935 ἶ
2908 5894 2927 5929 ι
2962 5875 3180 5945 Legitur
3201 5874 3255 5931 in
3285 5872 3405 5945 ejus
3438 5872 3730 5944 (Simeonis
3755 5868 3906 5941 Sty-
