4142 6350
572 402 677 458 359
1603 405 1693 462 DE
1738 405 1913 461 VlTlS
1952 404 2236 461 PATRUM
2277 405 2479 462 LIBER
2516 405 2792 463 PRIMUS.
3749 416 3850 473 stu

578 533 639 571 ne
666 517 797 587 forte
816 521 1032 576 satiatus
1060 535 1260 575 evomas
1284 518 1419 575 illud
1444 518 1631 591 (Prov.
1673 520 1825 591 xxv).
1867 520 1934 574 Et
1965 522 2088 576 alibi
2114 538 2133 575 :
2181 522 2379 577 Altiora
2411 532 2456 577 te
2504 539 2565 577 ne
2590 523 2870 594 qua'sieris,
2902 534 2948 581 et
2991 528 3211 596 fortiora
3237 537 3285 583 te
3322 544 3384 585 ns
3413 536 3665 583 scrutatus
3697 529 3855 599 {ueris

582 608 770 673 (Eccli.
807 611 925 682 in);
956 629 1083 670 ecce
1106 613 1282 669 subito
1302 612 1519 682 quidam
1551 616 1754 670 strenui
1784 631 1847 671 ac
1875 615 2097 672 studiosi
2128 617 2229 671 viri
2275 632 2360 672 me
2406 615 2675 672 cohortari
2721 617 3016 682 voluerunt,
3066 631 3123 674 ut
3163 621 3216 675 in
3262 622 3507 676 Latinum
3554 638 3855 678 sermonem

583 714 849 760 verterem
900 707 1181 763 Leontium
1212 708 1281 763 de
1308 707 1446 763 Vitae
1492 708 1723 764 residuis
1764 710 1845 781 (5)
1874 710 2095 765 Joannis
2127 710 2471 765 Alexandrini
2524 710 2776 765 antistitis
2797 750 2811 775 ,
2844 726 3000 781 quem
3045 711 3217 768 Graeci
3263 724 3483 783 prepter
3514 716 3858 786 multiplicem

587 798 1043 865 compassionem,
1088 814 1249 869 quam
1274 814 1397 870 erga
1420 814 1609 855 omnes
1641 799 1973 868 possidebat,
1998 800 2191 856 merito
2217 810 2272 856 et
2301 800 2545 855 absolute
2570 800 2882 865 Eleemona,
2913 802 2966 856 id
2991 810 3092 868 est,
3138 804 3541 865 misericordem
3565 807 3860 877 appellant,

581 900 847 961 quatenus
879 902 1055 948 tantus
1084 893 1165 947 vir
1189 908 1296 948 non
1333 903 1537 950 tantum
1561 908 1813 949 sermone
1840 893 2051 961 Graeco,
2080 907 2263 948 verum
2292 894 2454 949 etiam
2498 892 2688 949 Latino
2742 894 2955 964 eloquio
3003 895 3329 964 pollentibus
3369 898 3583 952 utilitati
3626 909 3771 954 esset
3807 909 3863 955 et

579 984 881 1037 commodo.

655 1072 1134 1153 Quapropterquia
1167 1090 1254 1130 me
1274 1074 1493 1146 dignum
1522 1077 1588 1130 ad
1613 1086 1815 1131 tantum
1848 1090 1983 1147 opus
2012 1086 2172 1148 atque
2195 1075 2688 1132 idoneum-minime
2717 1075 2987 1148 perspexi,
3021 1078 3180 1139 levavi
3204 1079 3379 1134 oculos
3410 1096 3544 1134 meos
3576 1082 3863 1153 fumantes,

579 1166 714 1220 unde
730 1169 919 1223 ueniret
939 1152 1194 1225 auxilium
1224 1168 1351 1222 mihi
1378 1167 1552 1241 (Prol.
1583 1169 1741 1240 cxx);
1772 1172 1955 1241 sicque
1984 1168 2171 1224 solatia
2201 1178 2411 1239 patrum
2446 1178 2503 1225 et
2546 1170 2816 1225 orationes
2846 1169 3133 1235 adhibens,
3183 1182 3289 1231 tam
3342 1172 3636 1241 proﬁcuum
3685 1174 3865 1229 virum

567 1274 677 1313 non
708 1276 899 1330 passus
928 1279 1046 1318 sum
1075 1264 1256 1319 celare
1276 1264 1503 1321 Latinis.
1531 1264 1635 1320 Sed
1667 1264 1792 1319 licet
1822 1265 2160 1320 membranas
2181 1264 2499 1328 inciderim,
2533 1266 2784 1320 scedulas
2825 1267 3257 1336 praeparaverim,
3288 1282 3393 1321 non
3425 1275 3604 1322 tamen
3639 1268 3781 1323 hunc
3808 1269 3867 1322 in

566 1352 820 1409 Codicem
848 1356 1113 1411 conﬁcere
1134 1373 1293 1413 ausus
1315 1374 1456 1428 sum,
1481 1370 1768 1428 antequam
1799 1372 1827 1411 a
1860 1358 2223 1414 dominatione
2250 1371 2449 1428 vestra,
2478 1374 2510 1414 o
2534 1359 2725 1416 millies
2771 1360 2947 1427 beate,
2982 1360 3249 1417 licentiam
3282 1361 3505 1431 adipisci
3558 1361 3861 1432 promerui-

567 1445 754 1513 Neque
782 1448 925 1502 enim
974 1446 1057 1504 fas
1106 1459 1268 1507 estut
1296 1450 1499 1523 absque
1544 1452 1744 1508 vicario
1797 1452 1888 1507 Dei
1917 1451 2022 1524 (6),
2078 1451 2277 1523 absque
2327 1452 2593 1523 clavigero
2645 1454 2790 1520 cmli,
2837 1455 3040 1525 absque
3066 1470 3228 1513 curru
3253 1468 3311 1511 et
3351 1459 3535 1527 auriga
3568 1456 3868 1525 spiritualis

570 1536 807 1605 lsraelis,
841 1542 1043 1609 absque
1070 1543 1439 1598 universitatis
1472 1544 1746 1611 pontiﬁce,
1778 1543 1979 1614 absque
2022 1547 2178 1599 unico
2206 1560 2360 1614 papa,
2406 1546 2607 1616 absque
2636 1546 2894 1616 singulari
2922 1556 3157 1619 pastore,
3190 1552 3395 1617 absque
3422 1549 3639 1620 speciali
3674 1548 3859 1614 Patre.

568 1630 771 1700 absque
794 1641 847 1688 te
876 1635 1113 1689 omnium
1142 1638 1345 1693 arbitro
1370 1637 1569 1708 aliquid
1592 1646 2004 1694 consummetur
2024 1648 2115 1693 aut
2145 1640 2465 1710 divulgetur.
2496 1641 2575 1697 Tu
2604 1641 2746 1697 enim
2774 1652 2923 1697 tenes
2950 1641 3125 1697 claves
3166 1643 3328 1699 David
3360 1642 3541 1715 (Luca:
3564 1644 3662 1715 xu),
3688 1652 3745 1701 tu
3768 1660 3831 1698 ac

567 1726 755 1795 cepisti
786 1727 962 1782 claves
989 1730 1249 1787 scientize.
1283 1731 1339 1784 in
1369 1746 1491 1785 arca
1524 1731 1719 1801 quippe
1765 1730 1997 1800 pectoris
2034 1731 2105 1785 lui
2140 1731 2333 1787 tabula:
2366 1734 2667 1787 testamenti
2696 1742 2750 1788 et
2781 1748 2939 1787 mana
2966 1732 3203 1789 cmleStis
3252 1734 3460 1803 saporis
3489 1736 3862 1803 requiescunt.

567 1818 647 1872 'l‘u
674 1820 817 1873 enim
846 1819 985 1887 quod
1017 1820 1171 1891 ligas,
1201 1838 1361 1877 nemo
1388 1823 1582 1889 solvit;
1614 1824 1753 1892 quod
1786 1824 1971 1888 solvis,
2025 1836 2183 1876 nemo
2224 1824 2386 1894 ligat;
2416 1825 2507 1894 qui
2535 1823 2731 1894 aperis,
2761 1833 2816 1879 et
2865 1838 3063 1891 nemo;
3090 1823 3287 1879 claudit
3328 1824 3554 1892 claudis,
3604 1833 3659 1881 et
3702 1840 3867 1880 nemo

568 1912 742 1980 aperit
776 1912 991 1981 (Matth.
1018 1913 1151 1982 xvi).
1186 1914 1369 1969 Vicem
1398 1931 1626 1983 namque
1654 1917 1708 1969 in
1732 1917 1889 1970 terris
1915 1916 2156 1983 possides
2183 1918 2297 1973 Dei.

657 2006 815 2077 179
854 2006 985 2061 Cum
1014 2015 1191 2061 autem
1224 2008 1363 2063 hunc
1392 2009 1604 2063 beatum
1634 2010 1687 2064 in
1717 2008 1963 2064 Latinum
1993 2018 2259 2064 verterem
2284 2007 2575 2079 eloquium,
2600 2024 2698 2064 nec
2722 2009 3027 2067 Graecorum
3052 2009 3325 2081 idiomata,
3358 2027 3459 2069 nec
3486 2027 3671 2068 eorum
3696 2012 3849 2069 ordi-

574 2113 696 2154 nem
732 2101 1019 2155 verborum
1052 2102 1204 2172 sequi
1247 2104 1393 2171 potui
1444 2104 1526 2157 vel
1575 2102 1755 2156 debui.
1802 2100 1917 2155 Non
1950 2102 2091 2158 enim
2125 2101 2342 2156 verbum
2367 2116 2397 2155 e
2430 2100 2629 2166 verbo,
2662 2101 2756 2156 sed
2787 2117 3003 2157 sensum
3032 2116 3065 2157 e
3094 2117 3254 2159 sensu
3304 2105 3570 2174 excerpsi.
3600 2101 3705 2161 Sed
3751 2118 3858 2160 nec

568 2190 789 2249 Latinas
820 2195 1029 2263 regulas
1063 2211 1443 2265 usquequaque
1473 2209 1691 2251 servare
1719 2197 1938 2261 curavi,
1972 2194 2098 2249 dum
2133 2202 2334 2249 tantum
2364 2195 2589 2249 intentio
2617 2186 2736 2248 rri‘ea
2768 2194 2861 2249 illo
2893 2196 3134 2251 tenderet
3160 2236 3173 2259 ,
3205 2211 3272 2251 ex
3308 2213 3413 2268 quo
3446 2197 3645 2253 utilitas
3668 2213 3868 2255 nasce-

571 2293 717 2339 retur
743 2285 1062 2354 legentibus.
1094 2285 1208 2353 Qua
1237 2287 1305 2342 de
1328 2302 1406 2351 re,
1442 2289 1751 2357 coangelice
1780 2289 1976 2343 domne
1998 2328 2011 2352 ,
2048 2303 2153 2342 non
2206 2302 2485 2357 personam
2519 2287 2839 2343 tantillitatis
2868 2304 2999 2344 meae
3028 2290 3263 2355 intuens,
3297 2308 3401 2349 non
3432 2294 3680 2350 astutiam
3709 2294 3866 2351 inve-

569 2380 795 2449 stigans,
825 2396 927 2433 non
960 2379 1246 2434 verborum
1278 2379 1524 2448 phaleras
1570 2382 1867 2453 requirens,
1902 2380 1996 2435 sed
2044 2382 2220 2451 potius
2248 2381 2336 2450 pio
2368 2380 2545 2434 cordis
2571 2380 2727 2435 oculo
2756 2381 3054 2449 profectum
3086 2383 3374 2453 legentium
3406 2400 3770 2453 praenoscens,
3803 2397 3869 2443 ut

570 2480 750 2526 tantus
782 2473 861 2526 vir
890 2484 1141 2543 tanquam
1182 2472 1463 2542 exemplar
1490 2484 1542 2528 et
1583 2474 1859 2543 speculum
1892 2472 1961 2529 sit
2004 2474 2275 2539 omnibus,
2318 2483 2495 2527 vestra
2524 2470 2814 2541 apostolica
2846 2474 3168 2530 auctoritate
3197 2476 3597 2531 translationem
3628 2477 3788 2545 hanc,
3816 2478 3868 2535 si

570 2574 752 2619 vestro
783 2565 1008 2619 arbitrio
1040 2566 1233 2634 placet,
1270 2566 1508 2632 ﬁrmate;
1543 2565 1586 2618 si
1614 2565 1884 2634 diSplicet,
1917 2565 2232 2633 emendate;
2262 2564 2552 2619 dummodo
2576 2564 2837 2620 Latinitas
2864 2580 2923 2620 se
2954 2574 3100 2620 tanto
3130 2580 3235 2621 non
3267 2566 3447 2622 doleat
3472 2582 3591 2623 esse
3618 2570 3731 2625 sale
3760 2572 3869 2643 pri.

571 2665 767 2723 vatam,
796 2672 902 2727 quo
934 2655 1134 2711 Graecia
1166 2671 1225 2710 se
1254 2657 1450 2724 gaudet
1474 2657 1677 2726 Optime
1704 2656 1997 2711 conditam.

646 2750 869 2822 Suscipe
916 2767 1043 2819 ergo
1086 2758 1329 2806 sanctum
1354 2768 1381 2804 a
1416 2756 1699 2823 peccatore
1750 2748 2190 2816 interpretatum;
2222 2754 2276 2800 et
2325 2746 2431 2801 noli
2474 2746 2755 2802 attendere
2788 2760 2885 2816 per
2922 2760 3080 2815 quem
3126 2750 3419 2803 translatus
3459 2749 3563 2813 sit,
3593 2748 3689 2804 sed
3738 2750 3864 2821 quis

573 2844 861 2897 translatus
892 2846 980 2896 sit.
1011 2844 1195 2913 Neque
1225 2843 1367 2897 enim
1422 2851 1640 2912 propter
1676 2839 1911 2899 ﬁstulam
1959 2838 2261 2911 plumbeam
2292 2838 2368 2910 (7)
2398 2852 2588 2908 aquam
2638 2836 3065 2907 limpidissimam
3113 2836 3365 2908 despicis,
3416 2854 3590 2909 neque
3641 2852 3867 2913 proritet

571 2939 753 3005 spinas
787 2953 904 3007 quae
932 2939 1253 3007 producunt,
1277 2952 1456 2993 rosam
1488 2952 1610 3001 quas
1643 2938 1961 3007 producitur
2003 2938 2236 3006 Spernis.
2287 2935 2481 2991 Custos
2507 2932 2742 3005 denique
2775 2941 2828 2987 et
2855 2942 3063 2993 amator
3094 2941 3238 3004 tuus,
3266 2932 3479 3005 quando
3505 2933 3691 3003 voluit,
3717 2934 3865 2993 Pha-

573 3029 729 3083 raoni
757 3026 911 3098 (Gen.
949 3028 1060 3098 xu)
1087 3037 1139 3082 et
1167 3027 1662 3083 Nabuchodonosor
1691 3028 1854 3098 (Dan.
1886 3028 1961 3097 iv)
1990 3028 2184 3097 iniquis
2225 3029 2441 3099 regibus
2466 3028 2695 3094 somnia,
2723 3027 2918 3098 quibus
2949 3029 3127 3084 futura
3155 3040 3639 3099 pratnoseerentur,
3672 3040 3861 3088 osten-

573 3120 683 3191 dit;
709 3108 1041 3194 et'Caipbam
1064 3121 1282 3194 impium
1312 3122 1454 3193 quod
1486 3121 1808 3191 expediebat
1834 3123 2052 3194 protulit
2082 3118 2263 3194 (Joan.
2290 3122 2399 3193 xi);
2431 3121 2673 3193 quinimo
2694 3130 2747 3177 et
2764 3121 2978 3192 quando
3002 3122 3189 3189 voluit,
3213 3122 3377 3179 asina:
3405 3122 3549 3195 loqui
3576 3123 3863 3182 articulate

573 3227 703 3273 Voce
736 3218 976 3287 permisit
1002 3216 1192 3289 (Nunt.
1226 3216 1381 3288 xm).

1601 3313 1766 3372 Salve,
1792 3312 1975 3363 Praesul
2002 3320 2162 3363 amate
2186 3312 2314 3372 Deo,
2339 3323 2429 3373 per
2447 3309 2630 3373 saecula
2649 3310 2804 3369 salve,

1664 3370 1837 3427 Totius
1856 3383 2004 3439 atque
2025 3376 2156 3425 orbis
2174 3370 2307 3437 papa
2320 3370 2466 3423 beate
2493 3370 2618 3423 vale.

588 3483 3861 3513 MM

1491 3575 2286 3761 amovendum
2354 3574 2955 3722 auctoris.

654 3793 884 3851 Intentio
912 3795 1130 3865 quidem
1164 3812 1266 3853 una
1290 3805 1376 3853 est
1407 3806 1587 3852 nostra
1611 3808 1823 3864 quoque
1851 3801 1905 3847 et
1929 3807 2111 3847 eorum
2142 3791 2233 3863 qui
2254 3802 2379 3847 ante
2403 3807 2499 3847 nos
2524 3791 2742 3847 fuerunt
2769 3796 3152 3862 Studiosorum,
3175 3804 3227 3852 et
3258 3806 3565 3855 sanctorum
3593 3796 3858 3865 virorum,

574 3905 740 3962 super
766 3894 1019 3963 priesenti
1047 3891 1412 3949 memorabilis
1443 3890 1540 3945 viri
1578 3888 1713 3943 Vita:
1740 3885 2081 3951 narratione;
2116 3884 2169 3941 id
2212 3894 2328 3953 est,
2356 3896 2417 3940 ut
2439 3899 2504 3939 ex
2541 3886 2642 3939 hoc
2683 3886 2932 3941 omnibus
2956 3887 3170 3957 quidem
3198 3887 3426 3943 imitatio
3458 3890 3541 3959 pia
3570 3897 3627 3945 et
3656 3889 3863 3945 utilitas

574 3982 687 4047 fiat,
717 3984 887 4054 gloria
918 3994 1097 4041 autem
1126 3995 1178 4041 et
1210 3982 1609 4056 magniﬁcentia
1659 3989 1861 4035 sancta:
1906 3988 1960 4034 et
2001 3978 2287 4034 adoranda:
2320 3976 2569 4033 Trinitati
2597 3979 2891 4047 referatur;
2921 3989 2974 4035 et
3004 3981 3057 4034 in
3086 3979 3208 4047 hoc,
3241 3980 3378 4035 sicut
3409 3989 3464 4037 et
3501 3981 3552 4036 in
3584 3982 3859 4053 omnibus,

572 4088 695 4143 qua:
722 4089 938 4145 semper
969 4076 1021 4130 in
1052 4076 1455 4147 generationem
1488 4084 1541 4130 et
1568 4073 1970 4144 generationem
2003 4072 2216 4140 propria
2244 4069 2529 4127 luminaria
2553 4071 2807 4139 ostendit,
2831 4072 2897 4126 ad
2930 4072 3309 4128 illuminandos
3338 4074 3427 4142 qui
3463 4075 3515 4129 in
3550 4073 3784 4131 tenebris
3802 4084 3861 4131 et

572 4165 627 4219 in
657 4167 842 4222 umbra
873 4170 1065 4223 mortis
1094 4168 1285 4224 sedent
1310 4165 1469 4239 (Luc.
1504 4166 1545 4236 ι)
1575 4175 1630 4221 et
1659 4163 1882 4235 peccati.
1931 4162 2192 4228 Quoniam
2220 4177 2347 4217 vero
2378 4163 2536 4217 amici
2565 4162 2765 4217 Christi
2794 4178 2905 4218 non
2933 4164 3088 4219 valde
3111 4164 3395 4233 miramur,
3421 4165 3509 4235 qui
3535 4176 3662 4220 ante
3687 4181 3857 4235 gene-

574 4260 837 4315 rationem
880 4270 1117 4315 nostram
1169 4260 1384 4315 fuerunt
1433 4260 1554 4325 viri,
1584 4260 1674 4329 qui
1700 4258 1811 4313 Deo
1844 4256 2031 4327 placita
2076 4255 2484 4312 conversatione
2532 4257 2808 4323 vixerunt;
2838 4257 2933 4313 sed
2975 4257 3046 4314 de
3072 4258 3335 4315 diabolica
3375 4260 3687 4329 operatione
3737 4263 3859 4318 illos

577 4366 855 4409 sermones
882 4369 1097 4423 semper
1121 4354 1349 4409 dicimus
1377 4353 1445 4407 ad
1474 4354 1811 4418 alterutrum,
1836 4352 1955 4422 quia
1984 4351 2084 4405 sub
2114 4350 2243 4405 viris
2271 4350 2360 4421 qui
2388 4358 2512 4405 ante
2543 4364 2641 4405 nos
2666 4350 2905 4417 fuerunt,
2931 4367 3034 4405 non
3060 4361 3177 4407 erat
3204 4354 3274 4406 ita
3304 4351 3555 4421 iniquitas
3576 4353 3856 4408 hominum

573 4444 920 4515 multiplicata
949 4447 1089 4502 sicut
1115 4448 1297 4515 modo,
1329 4455 1386 4502 ut
1414 4446 1662 4517 praedixit
1694 4447 1870 4501 divina
1900 4446 2193 4514 Scriptura,
2226 4460 2292 4501 eo
2319 4444 2463 4514 quod
2506 4444 2794 4500 abundavit
2825 4445 3098 4517 iniquitas,
3129 4448 3429 4519 refrigescit
3458 4448 3692 4502 charitas
3721 4450 3856 4502 mul-

572 4544 747 4591 torum
779 4536 993 4607 (Matth.
1024 4538 1210 4611 xxiv);
1243 4537 1367 4594 ideo
1392 4553 1500 4597 non
1532 4537 1772 4595 valemus
1800 4539 1865 4596 ad
1892 4553 2080 4597 eorum
2129 4551 2455 4605 consurgere
2482 4536 2729 4601 meritum
2760 4556 2771 4590 :
2799 4537 2958 4607 hujus
2987 4541 3065 4596 rei
3090 4540 3257 4611 gratia
3292 4539 3356 4594 ad
3379 4552 3699 4617 praesentem
3728 4557 3857 4595 san-

573 4632 675 4679 cta:
706 4625 863 4694 hujus
894 4626 1029 4683 Vite
1052 4629 1416 4686 narrationem
1450 4645 1516 4685 ex
1540 4639 1694 4700 parte
1721 4631 1963 4685 venimus
1994 4630 2059 4684 ad
2090 4628 2479 4685 ostendendum
2511 4629 2673 4683 etiam
2704 4628 2893 4685 diebus
2920 4633 3120 4687 nostris
3150 4633 3412 4699 volentes,
3444 4643 3499 4688 et
3526 4634 3857 4702 propositum

578 4730 738 4769 suum
766 4728 1040 4787 cogentes,
1066 4721 1493 4777 excellentiores
1527 4720 1681 4777 nobis
1711 4720 2091 4790 demonstrari,
2119 4729 2175 4776 et
2202 4729 2483 4791 angustam
2524 4730 2577 4775 et
2607 4729 2810 4776 arctam
2841 4722 2978 4777 viam
3012 4738 3169 4793 posse
3212 4723 3459 4779 incedere
3492 4722 3709 4794 (Matth.
3742 4724 3839 4792 vn)

572 4817 633 4867 et
658 4811 943 4870 obstruere
971 4832 1033 4872 os
1063 4817 1392 4887 loquentium
1423 4818 1601 4889 iniqua
1626 4817 1797 4889 (Paul.
1832 4816 1999 4888 uti),
2034 4819 2310 4875 etanimte
2338 4833 2539 4875 nocuos
2563 4818 2890 4877 intellectus.

654 4905 767 4961 Jam
799 4908 1013 4978 quidem
1042 4918 1098 4965 et
1124 4910 1220 4967 alii
1244 4919 1368 4967 ante
1414 4926 1513 4967 nos
1542 4911 1741 4981 optima
1795 4919 1954 4982 atque
1997 4911 2453 4971 excellentissima
2496 4911 2562 4967 de
2605 4912 2707 4967 hoc
2736 4912 3037 4968 admirabili
3077 4913 3194 4968 viro
3234 4921 3288 4966 et
3322 4928 3530 4967 summo
3581 4910 3862 4966 sacerdote

575 4999 782 5057 Joanne
814 5002 1171 5073 philosophati
1213 5013 1363 5067 sunt,
1398 5013 1641 5072 potentes
1685 5004 1978 5059 existentes
2006 5004 2058 5058 in
2091 5019 2252 5075 opere
2281 5012 2335 5059 et
2366 5005 2418 5059 iu
2460 5018 2731 5061 sermone.
2778 5005 2910 5061 Dico
2938 5004 3080 5060 enim
3113 5004 3371 5059 Joannem
3403 5013 3457 5058 et
3496 5002 3859 5074 Sophronium

579 5094 661 5169 (8)
695 5096 787 5151 Dei
818 5098 1432 5165 cultores,etamatores
1458 5099 1736 5161 virtutum,
1767 5108 1821 5154 et
1851 5098 2066 5167 pietatis
2095 5112 2550 5170 propugnatores;
2586 5108 2823 5159 attamen
2846 5099 3091 5169 quamvis
3114 5098 3244 5152 tales
3271 5106 3471 5160 essent,
3500 5097 3571 5151 de
3598 5096 3860 5166 dignitate

574 5197 630 5244 et
651 5189 844 5245 merito
872 5190 1029 5245 studii
1060 5189 1155 5245 viri
1188 5191 1341 5245 istius
1373 5199 1427 5243 et
1466 5190 1567 5258 ipsi
1595 5190 1937 5256 omiserunt,
1962 5198 2017 5245 et
2046 5188 2274 5258 idipsum
2307 5190 2546 5260 perpessi
2588 5200 2736 5256 sunt,
2764 5191 2905 5259 quod
2936 5189 3178 5245 nonnulli
3205 5188 3430 5243 studiosi
3473 5187 3745 5257 agricolae,
3780 5188 3859 5241 vi-

576 5294 731 5333 neam
761 5280 983 5335 uberem
1015 5291 1069 5336 et
1099 5279 1433 5336 fructuosam
1462 5282 1889 5347 vindemiantes;
1919 5294 2041 5334 nam
2076 5281 2381 5353 relinquunt
2411 5282 2595 5351 utique
2625 5296 2689 5335 ex
2717 5280 2888 5336 fructu
2914 5281 3364 5346 benedictionem,
3398 5281 3558 5335 etiam
3590 5279 3857 5345 nolentes,

571 5380 719 5424 retro
751 5384 810 5425 se
842 5372 1189 5440 sequentibus
1219 5371 1402 5442 egenis
1430 5373 1755 5445 eligentibus
1788 5372 1995 5427 vineam
2018 5418 2031 5441 ,
2063 5388 2129 5426 ex
2158 5373 2352 5442 quibus
2389 5388 2577 5428 sumus
2606 5384 2659 5427 et
2689 5374 3046 5430 nos‘minimi.
3095 5374 3226 5429 Nam
3254 5384 3307 5429 et
3338 5388 3524 5429 omnes
3550 5372 3726 5427 sancti
3751 5373 3862 5442 isti,

572 5470 819 5538 quamvis
847 5470 988 5522 omni
1016 5468 1332 5525 fortitudine
1360 5484 1453 5524 sua
1480 5469 1806 5525 fructiferam
1840 5467 1977 5523 hanc
2000 5468 2220 5535 olivam,
2245 5483 2363 5537 qua:
2391 5468 2440 5520 iu
2471 5469 2630 5523 domo
2656 5468 2771 5534 Dei,
2796 5479 2853 5521 ut
2879 5468 2952 5523 ait
2977 5467 3258 5523 Psalinista
3288 5466 3461 5537 (Psal.
3495 5465 3593 5543 ιι),
3628 5476 3863 5541 ιιιρυιδιει

508 5628 511 5631 _
570 5569 674 5629 est,
710 5571 924 5629 propter
955 5563 1275 5632 multiplices
1308 5576 1493 5619 revera
1542 5564 1733 5627 olivas,
1774 5577 1895 5632 qua:
1924 5562 1980 5615 in
2010 5576 2071 5616 ea
2100 5570 2255 5628 sunt,
2288 5565 2405 5619 zelo
2442 5561 2536 5616 Dei
2583 5561 2915 5617 vindemiare
2959 5561 3281 5627 studuerint,
3314 5571 3552 5623 attamen
3586 5569 3743 5623 latuit
3771 5584 3863 5625 eos

570 5652 771 5709 multus
802 5654 956 5709 oliva:
984 5652 1214 5722 fructus,
1234 5654 1462 5713 Domino
1491 5655 1853 5723 dispensante.
1872 5653 2117 5707 Nostram
2143 5667 2270 5723 ergo
2288 5654 2450 5709 vilem
2476 5661 2530 5708 et
2560 5650 2803 5722 frigidam
2826 5653 3157 5708 alacritatem
3183 5651 3536 5729 suscipite,ut
3554 5657 3661 5713 duo
3689 5657 3865 5714 viduae

572 5747 777 5803 minuta
808 5745 984 5817 (Luca:
1014 5758 1160 5814 xxx);
1196 5764 1301 5805 non
1332 5750 1471 5806 enim
1502 5750 1609 5806 illis
1640 5748 1988 5805 detrahentes
2008 5790 2025 5815 ,
2056 5760 2231 5816 neque
2262 5747 2349 5817 qui
2382 5746 2650 5816 possimus
2676 5760 2863 5801 eorum
2892 5760 2923 5802 a
2956 5745 3066 5802 Deo
3091 5745 3348 5809 donatam
3393 5751 3715 5821 sapientiam
3747 5751 3865 5805 imi-

572 5842 695 5907 tari,
720 5840 847 5911 justi
879 5849 1027 5910 gesta
1060 5842 1339 5911 scripturae
1370 5842 1583 5897 tradere
1613 5839 2019 5905 festinaviiuus;
2050 5837 2144 5895 sed
2177 5838 2352 5907 primo
2381 5836 2599 5906 quidem
2629 5846 2685 5893 ut
2721 5836 2861 5906 quod
2890 5836 3243 5913 intelligimus
3266 5858 3370 5898 non
3398 5842 3599 5914 justum
3625 5856 3771 5906 esse,
3804 5856 3866 5899 ea

571 5946 694 5990 uuae
727 5939 953 5994 possunt
993 5931 1278 5989 utilitatem
1307 5932 1644 5991 audientibus
1688 5932 1884 6000 facere,
1917 5931 2134 5989 silentio
2178 5929 2488 5999 occultare;
2519 5946 2587 5987 ne
2614 5938 2669 5987 et
2705 5944 2806 5987 nos
2834 5929 3138 5994 incidamus
3164 5936 3218 5995 in
3249 5936 3504 6009 iudicium
3544 5933 3690 5993 servi
3716 5934 3862 5991 illius
