  <div class='ocr_page' id='page_1' title='image "/cluster/home/n/w/nwhite01/storage/ocr_20150623/73/hvd.32044011474434/176.png"; bbox 0 0 4142 6352; ppageno 0'>
   <div class='ocr_carea' id='block_1_1' title="bbox 293 379 396 437">
    <p class='ocr_par' dir='ltr' id='par_1_1' title="bbox 293 379 396 437">
     <span class='ocr_line' id='line_1_1' title="bbox 293 379 396 437; baseline -0.039 -1"><span class='ocrx_word' id='word_1_1' title='bbox 293 379 396 437; x_wconf 72' lang='grc'><strong>511</strong></span> 
     </span>
    </p>
   </div>
   <div class='ocr_carea' id='block_1_2' title="bbox 1218 350 2594 423">
    <p class='ocr_par' dir='ltr' id='par_1_2' title="bbox 1218 350 2594 423">
     <span class='ocr_line' id='line_1_2' title="bbox 1218 350 2594 423; baseline -0.015 0"><span class='ocrx_word' id='word_1_2' title='bbox 1218 365 1376 423; x_wconf 81' lang='lat' dir='ltr'><strong>VITA</strong></span> <span class='ocrx_word' id='word_1_3' title='bbox 1413 359 1655 420; x_wconf 74' lang='lat' dir='ltr'><strong>SANCTI</strong></span> <span class='ocrx_word' id='word_1_4' title='bbox 1694 352 1973 410; x_wconf 75' lang='lat' dir='ltr'><strong>JOANNIS</strong></span> <span class='ocrx_word' id='word_1_5' title='bbox 2015 350 2594 408; x_wconf 75' lang='lat' dir='ltr'><strong>ELEEMOSYNARII.</strong></span> 
     </span>
    </p>
   </div>
   <div class='ocr_carea' id='block_1_3' title="bbox 3440 335 3548 389">
    <p class='ocr_par' dir='ltr' id='par_1_3' title="bbox 3440 335 3548 389">
     <span class='ocr_line' id='line_1_3' title="bbox 3440 335 3548 389; baseline 0 0"><span class='ocrx_word' id='word_1_6' title='bbox 3440 335 3548 389; x_wconf 69' lang='lat'><strong>342</strong></span> 
     </span>
    </p>
   </div>
   <div class='ocr_carea' id='block_1_4' title="bbox 294 450 3547 563">
    <p class='ocr_par' dir='ltr' id='par_1_4' title="bbox 294 450 3547 563">
     <span class='ocr_line' id='line_1_4' title="bbox 294 450 3547 563; baseline -0.014 -16"><span class='ocrx_word' id='word_1_7' title='bbox 294 491 518 563; x_wconf 74' lang='lat' dir='ltr'><strong>(llatth.</strong></span> <span class='ocrx_word' id='word_1_8' title='bbox 552 492 697 558; x_wconf 73' lang='lat' dir='ltr'><strong>xxv),</strong></span> <span class='ocrx_word' id='word_1_9' title='bbox 723 489 811 558; x_wconf 91' lang='lat' dir='ltr'><strong>qui</strong></span> <span class='ocrx_word' id='word_1_10' title='bbox 841 486 1096 541; x_wconf 81' lang='lat' dir='ltr'><strong>talentum</strong></span> <span class='ocrx_word' id='word_1_11' title='bbox 1125 483 1178 537; x_wconf 91' lang='lat' dir='ltr'><strong>in</strong></span> <span class='ocrx_word' id='word_1_12' title='bbox 1215 491 1352 535; x_wconf 89' lang='lat' dir='ltr'><strong>terra</strong></span> <span class='ocrx_word' id='word_1_13' title='bbox 1391 479 1548 550; x_wconf 69' lang='grc' dir='ltr'><strong>ιω</strong></span> <span class='ocrx_word' id='word_1_14' title='bbox 1585 471 1885 529; x_wconf 77' lang='lat' dir='ltr'><strong>abscondit.</strong></span> <span class='ocrx_word' id='word_1_15' title='bbox 1913 469 2162 525; x_wconf 82' lang='lat' dir='ltr'><strong>Secundo</strong></span> <span class='ocrx_word' id='word_1_16' title='bbox 2184 475 2378 533; x_wconf 87' lang='lat' dir='ltr'><strong>autem,</strong></span> <span class='ocrx_word' id='word_1_17' title='bbox 2411 472 2471 518; x_wconf 92' lang='lat' dir='ltr'><strong>ut</strong></span> <span class='ocrx_word' id='word_1_18' title='bbox 2500 463 2551 516; x_wconf 91' lang='lat' dir='ltr'><strong>in</strong></span> <span class='ocrx_word' id='word_1_19' title='bbox 2575 463 2682 515; x_wconf 83' lang='lat' dir='ltr'><strong>hac</strong></span> <span class='ocrx_word' id='word_1_20' title='bbox 2707 457 3013 512; x_wconf 87' lang='lat' dir='ltr'><strong>narratione</strong></span> <span class='ocrx_word' id='word_1_21' title='bbox 3041 461 3221 509; x_wconf 79' lang='lat' dir='ltr'><strong>nostra</strong></span> <span class='ocrx_word' id='word_1_22' title='bbox 3251 450 3547 504; x_wconf 83' lang='lat' dir='ltr'><strong>correctio-</strong></span> 
     </span>
    </p>
   </div>
   <div class='ocr_carea' id='block_1_5' title="bbox 294 539 3546 639">
    <p class='ocr_par' dir='ltr' id='par_1_5' title="bbox 294 539 3546 639">
     <span class='ocr_line' id='line_1_5' title="bbox 294 539 3546 639; baseline -0.014 0"><span class='ocrx_word' id='word_1_23' title='bbox 294 539 384 639; x_wconf 61' lang='lat' dir='ltr'><strong>res</strong></span> <span class='ocrx_word' id='word_1_24' title='bbox 410 591 464 636; x_wconf 92' lang='lat' dir='ltr'><strong>et</strong></span> <span class='ocrx_word' id='word_1_25' title='bbox 492 539 836 636; x_wconf 45' lang='lat' dir='ltr'><strong>delectlabjiles</strong></span> <span class='ocrx_word' id='word_1_26' title='bbox 887 576 1126 630; x_wconf 72' lang='lat' dir='ltr'><strong>historiae</strong></span> <span class='ocrx_word' id='word_1_27' title='bbox 1169 539 1589 632; x_wconf 50' lang='lat' dir='ltr'><strong>conscrilnintur,</strong></span> <span class='ocrx_word' id='word_1_28' title='bbox 1623 578 1742 633; x_wconf 72' lang='lat' dir='ltr'><strong>quae</strong></span> <span class='ocrx_word' id='word_1_29' title='bbox 1781 561 1992 630; x_wconf 67' lang='lat' dir='ltr'><strong>scriptae</strong></span> <span class='ocrx_word' id='word_1_30' title='bbox 2023 574 2128 613; x_wconf 89' lang='lat' dir='ltr'><strong>non</strong></span> <span class='ocrx_word' id='word_1_31' title='bbox 2159 565 2281 612; x_wconf 90' lang='lat' dir='ltr'><strong>sunt</strong></span> <span class='ocrx_word' id='word_1_32' title='bbox 2320 556 2387 608; x_wconf 88' lang='lat' dir='ltr'><strong>ab</strong></span> <span class='ocrx_word' id='word_1_33' title='bbox 2420 551 2637 622; x_wconf 70' lang='lat' dir='ltr'><strong>optimis</strong></span> <span class='ocrx_word' id='word_1_34' title='bbox 2682 549 2832 614; x_wconf 75' lang='lat' dir='ltr'><strong>viris,</strong></span> <span class='ocrx_word' id='word_1_35' title='bbox 2866 549 2915 600; x_wconf 93' lang='lat' dir='ltr'><strong>in</strong></span> <span class='ocrx_word' id='word_1_36' title='bbox 2947 544 3194 599; x_wconf 87' lang='lat' dir='ltr'><strong>laudibus</strong></span> <span class='ocrx_word' id='word_1_37' title='bbox 3221 539 3546 596; x_wconf 82' lang='lat' dir='ltr'><strong>sanctissimi</strong></span> 
     </span>
    </p>
   </div>
   <div class='ocr_carea' id='block_1_6' title="bbox 295 635 3549 740">
    <p class='ocr_par' dir='ltr' id='par_1_6' title="bbox 295 635 3549 740">
     <span class='ocr_line' id='line_1_6' title="bbox 295 635 3549 740; baseline -0.014 -8"><span class='ocrx_word' id='word_1_38' title='bbox 295 690 483 732; x_wconf 84' lang='lat' dir='ltr'><strong>revera</strong></span> <span class='ocrx_word' id='word_1_39' title='bbox 511 682 670 740; x_wconf 90' lang='lat' dir='ltr'><strong>atque</strong></span> <span class='ocrx_word' id='word_1_40' title='bbox 693 669 982 723; x_wconf 84' lang='lat' dir='ltr'><strong>beatissimi</strong></span> <span class='ocrx_word' id='word_1_41' title='bbox 1011 662 1251 720; x_wconf 74' lang='lat' dir='ltr'><strong>Joannis.</strong></span> <span class='ocrx_word' id='word_1_42' title='bbox 1278 661 1479 716; x_wconf 85' lang='lat' dir='ltr'><strong>Deinde</strong></span> <span class='ocrx_word' id='word_1_43' title='bbox 1507 671 1654 720; x_wconf 90' lang='lat' dir='ltr'><strong>vero,</strong></span> <span class='ocrx_word' id='word_1_44' title='bbox 1678 655 1800 725; x_wconf 87' lang='lat' dir='ltr'><strong>quia</strong></span> <span class='ocrx_word' id='word_1_45' title='bbox 1826 652 2093 722; x_wconf 70' lang='lat' dir='ltr'><strong>sapientes</strong></span> <span class='ocrx_word' id='word_1_46' title='bbox 2115 658 2170 704; x_wconf 90' lang='lat' dir='ltr'><strong>et</strong></span> <span class='ocrx_word' id='word_1_47' title='bbox 2187 655 2430 719; x_wconf 81' lang='lat' dir='ltr'><strong>potentes</strong></span> <span class='ocrx_word' id='word_1_48' title='bbox 2447 647 2502 702; x_wconf 89' lang='lat' dir='ltr'><strong>in</strong></span> <span class='ocrx_word' id='word_1_49' title='bbox 2523 655 2791 707; x_wconf 75' lang='lat' dir='ltr'><strong>sermone,</strong></span> <span class='ocrx_word' id='word_1_50' title='bbox 2816 648 3081 694; x_wconf 83' lang='lat' dir='ltr'><strong>amatores</strong></span> <span class='ocrx_word' id='word_1_51' title='bbox 3102 635 3340 692; x_wconf 69' lang='lat' dir='ltr'><strong>historiae</strong></span> <span class='ocrx_word' id='word_1_52' title='bbox 3367 642 3549 696; x_wconf 87' lang='lat' dir='ltr'><strong>erant,</strong></span> 
     </span>
    </p>
   </div>
   <div class='ocr_carea' id='block_1_7' title="bbox 297 727 3554 837">
    <p class='ocr_par' dir='ltr' id='par_1_7' title="bbox 297 727 3554 837">
     <span class='ocr_line' id='line_1_7' title="bbox 297 727 3554 837; baseline -0.014 -14"><span class='ocrx_word' id='word_1_53' title='bbox 297 727 572 837; x_wconf 74' lang='lat' dir='ltr'><strong>sapienter</strong></span> <span class='ocrx_word' id='word_1_54' title='bbox 585 727 654 816; x_wconf 53' lang='grc' dir='ltr'><strong>ἐι</strong></span> <span class='ocrx_word' id='word_1_55' title='bbox 683 761 984 816; x_wconf 83' lang='lat' dir='ltr'><strong>sublimiter</strong></span> <span class='ocrx_word' id='word_1_56' title='bbox 1011 756 1284 810; x_wconf 81' lang='lat' dir='ltr'><strong>materiam</strong></span> <span class='ocrx_word' id='word_1_57' title='bbox 1316 753 1676 822; x_wconf 77' lang='lat' dir='ltr'><strong>depinxerunt</strong></span> <span class='ocrx_word' id='word_1_58' title='bbox 1701 765 1717 802; x_wconf 84' lang='lat'><strong>:</strong></span> <span class='ocrx_word' id='word_1_59' title='bbox 1739 746 1880 817; x_wconf 92' lang='lat' dir='ltr'><strong>quod</strong></span> <span class='ocrx_word' id='word_1_60' title='bbox 1910 745 2140 800; x_wconf 84' lang='lat' dir='ltr'><strong>maxime</strong></span> <span class='ocrx_word' id='word_1_61' title='bbox 2161 754 2213 799; x_wconf 88' lang='lat' dir='ltr'><strong>et</strong></span> <span class='ocrx_word' id='word_1_62' title='bbox 2238 741 2560 812; x_wconf 82' lang='lat' dir='ltr'><strong>peramplius</strong></span> <span class='ocrx_word' id='word_1_63' title='bbox 2585 741 2758 794; x_wconf 81' lang='lat' dir='ltr'><strong>erexit</strong></span> <span class='ocrx_word' id='word_1_64' title='bbox 2783 749 2882 791; x_wconf 83' lang='lat' dir='ltr'><strong>nos</strong></span> <span class='ocrx_word' id='word_1_65' title='bbox 2909 739 2975 788; x_wconf 85' lang='lat' dir='ltr'><strong>ad</strong></span> <span class='ocrx_word' id='word_1_66' title='bbox 3005 738 3321 802; x_wconf 69' lang='lat' dir='ltr'><strong>praesentem</strong></span> <span class='ocrx_word' id='word_1_67' title='bbox 3353 727 3554 782; x_wconf 83' lang='lat' dir='ltr'><strong>sollici-</strong></span> 
     </span>
    </p>
   </div>
   <div class='ocr_carea' id='block_1_8' title="bbox 297 824 3558 921">
    <p class='ocr_par' dir='ltr' id='par_1_8' title="bbox 297 824 3558 921">
     <span class='ocr_line' id='line_1_8' title="bbox 297 824 3558 921; baseline -0.011 -9"><span class='ocrx_word' id='word_1_68' title='bbox 297 824 561 921; x_wconf 77' lang='lat' dir='ltr'><strong>tudinem,</strong></span> <span class='ocrx_word' id='word_1_69' title='bbox 591 863 647 908; x_wconf 90' lang='lat' dir='ltr'><strong>ut</strong></span> <span class='ocrx_word' id='word_1_70' title='bbox 673 869 736 907; x_wconf 90' lang='lat' dir='ltr'><strong>eo</strong></span> <span class='ocrx_word' id='word_1_71' title='bbox 765 854 852 920; x_wconf 88' lang='lat' dir='ltr'><strong>qui</strong></span> <span class='ocrx_word' id='word_1_72' title='bbox 881 853 1019 904; x_wconf 87' lang='lat' dir='ltr'><strong>inest</strong></span> <span class='ocrx_word' id='word_1_73' title='bbox 1045 849 1217 911; x_wconf 88' lang='lat' dir='ltr'><strong>nobis,</strong></span> <span class='ocrx_word' id='word_1_74' title='bbox 1247 845 1502 915; x_wconf 88' lang='lat' dir='ltr'><strong>pedestri,</strong></span> <span class='ocrx_word' id='word_1_75' title='bbox 1535 843 1786 910; x_wconf 78' lang='lat' dir='ltr'><strong>deleri,</strong></span> <span class='ocrx_word' id='word_1_76' title='bbox 1817 837 2112 908; x_wconf 75' lang='lat' dir='ltr'><strong>humilique</strong></span> <span class='ocrx_word' id='word_1_77' title='bbox 2156 837 2467 891; x_wconf 79' lang='lat' dir='ltr'><strong>charactere</strong></span> <span class='ocrx_word' id='word_1_78' title='bbox 2497 845 2896 896; x_wconf 88' lang='lat' dir='ltr'><strong>enarraretuus,</strong></span> <span class='ocrx_word' id='word_1_79' title='bbox 2922 837 2981 883; x_wconf 90' lang='lat' dir='ltr'><strong>ut</strong></span> <span class='ocrx_word' id='word_1_80' title='bbox 3007 837 3191 899; x_wconf 81' lang='lat' dir='ltr'><strong>posset</strong></span> <span class='ocrx_word' id='word_1_81' title='bbox 3216 836 3272 880; x_wconf 88' lang='lat' dir='ltr'><strong>et</strong></span> <span class='ocrx_word' id='word_1_82' title='bbox 3307 824 3472 879; x_wconf 79' lang='lat' dir='ltr'><strong>idiota</strong></span> <span class='ocrx_word' id='word_1_83' title='bbox 3501 831 3558 877; x_wconf 90' lang='lat' dir='ltr'><strong>et</strong></span> 
     </span>
    </p>
   </div>
   <div class='ocr_carea' id='block_1_9' title="bbox 297 937 1576 1013">
    <p class='ocr_par' dir='ltr' id='par_1_9' title="bbox 297 937 1576 1013">
     <span class='ocr_line' id='line_1_9' title="bbox 297 937 1576 1013; baseline -0.013 -9"><span class='ocrx_word' id='word_1_84' title='bbox 297 953 420 1005; x_wconf 86' lang='lat' dir='ltr'><strong>sine</strong></span> <span class='ocrx_word' id='word_1_85' title='bbox 449 947 639 1001; x_wconf 82' lang='lat' dir='ltr'><strong>litteris</strong></span> <span class='ocrx_word' id='word_1_86' title='bbox 668 946 738 1000; x_wconf 85' lang='lat' dir='ltr'><strong>de</strong></span> <span class='ocrx_word' id='word_1_87' title='bbox 765 945 849 999; x_wconf 87' lang='lat' dir='ltr'><strong>his</strong></span> <span class='ocrx_word' id='word_1_88' title='bbox 874 958 992 1013; x_wconf 68' lang='lat' dir='ltr'><strong>quae</strong></span> <span class='ocrx_word' id='word_1_89' title='bbox 1020 942 1267 996; x_wconf 88' lang='lat' dir='ltr'><strong>dicuntur</strong></span> <span class='ocrx_word' id='word_1_90' title='bbox 1299 937 1576 1008; x_wconf 82' lang='lat' dir='ltr'><strong>proﬁcere.</strong></span> 
     </span>
    </p>
   </div>
   <div class='ocr_carea' id='block_1_10' title="bbox 307 1044 3557 1098">
    <p class='ocr_par' dir='ltr' id='par_1_10' title="bbox 307 1044 3557 1098">
     <span class='ocr_line' id='line_1_10' title="bbox 307 1044 3557 1098; baseline -0.011 -4"><span class='ocrx_word' id='word_1_91' title='bbox 307 1044 3557 1098; x_wconf 69' lang='lat'><strong>____,________________________.________.—__———-</strong></span> 
     </span>
    </p>
   </div>
   <div class='ocr_carea' id='block_1_11' title="bbox 1722 1149 2176 1274">
    <p class='ocr_par' dir='ltr' id='par_1_11' title="bbox 1722 1149 2176 1274">
     <span class='ocr_line' id='line_1_11' title="bbox 1722 1149 2176 1274; baseline -0.013 0"><span class='ocrx_word' id='word_1_92' title='bbox 1722 1149 2176 1274; x_wconf 84' lang='lat' dir='ltr'><strong>VITA.</strong></span> 
     </span>
    </p>
   </div>
   <div class='ocr_carea' id='block_1_12' title="bbox 377 1319 3565 1412">
    <p class='ocr_par' dir='ltr' id='par_1_12' title="bbox 377 1319 3565 1412">
     <span class='ocr_line' id='line_1_12' title="bbox 377 1319 3565 1412; baseline -0.013 -2"><span class='ocrx_word' id='word_1_93' title='bbox 377 1354 554 1409; x_wconf 68' lang='lat' dir='ltr'><strong>Carur</strong></span> <span class='ocrx_word' id='word_1_94' title='bbox 584 1364 802 1405; x_wconf 73' lang='lat' dir='ltr'><strong>rntnuu.</strong></span> <span class='ocrx_word' id='word_1_95' title='bbox 827 1374 896 1388; x_wconf 90' lang='lat'><strong>—-</strong></span> <span class='ocrx_word' id='word_1_96' title='bbox 917 1344 1049 1400; x_wconf 92' lang='lat' dir='ltr'><strong>Cum</strong></span> <span class='ocrx_word' id='word_1_97' title='bbox 1096 1340 1459 1412; x_wconf 88' lang='lat' dir='ltr'><strong>pervenissem</strong></span> <span class='ocrx_word' id='word_1_98' title='bbox 1501 1335 1877 1393; x_wconf 78' lang='lat' dir='ltr'><strong>Alexandriam</strong></span> <span class='ocrx_word' id='word_1_99' title='bbox 1904 1336 1959 1393; x_wconf 77' lang='grc' dir='ltr'><strong>Α</strong></span> <span class='ocrx_word' id='word_1_100' title='bbox 1986 1329 2328 1399; x_wconf 80' lang='lat' dir='ltr'><strong>Evangelium</strong></span> <span class='ocrx_word' id='word_1_101' title='bbox 2361 1327 2663 1388; x_wconf 87' lang='lat' dir='ltr'><strong>audientem</strong></span> <span class='ocrx_word' id='word_1_102' title='bbox 2709 1339 2792 1393; x_wconf 89' lang='lat' dir='ltr'><strong>se,</strong></span> <span class='ocrx_word' id='word_1_103' title='bbox 2832 1321 2964 1378; x_wconf 90' lang='lat' dir='ltr'><strong>dicit</strong></span> <span class='ocrx_word' id='word_1_104' title='bbox 2997 1319 3124 1376; x_wconf 88' lang='lat' dir='ltr'><strong>mihi</strong></span> <span class='ocrx_word' id='word_1_105' title='bbox 3156 1333 3276 1375; x_wconf 93' lang='lat' dir='ltr'><strong>cum</strong></span> <span class='ocrx_word' id='word_1_106' title='bbox 3306 1333 3565 1388; x_wconf 88' lang='lat' dir='ltr'><strong>compun-</strong></span> 
     </span>
    </p>
   </div>
   <div class='ocr_carea' id='block_1_13' title="bbox 307 1430 1884 1519">
    <p class='ocr_par' dir='ltr' id='par_1_13' title="bbox 307 1430 1884 1519">
     <span class='ocr_line' id='line_1_13' title="bbox 307 1430 1884 1519; baseline -0.015 -15"><span class='ocrx_word' id='word_1_107' title='bbox 307 1465 408 1519; x_wconf 83' lang='lat' dir='ltr'><strong>ego</strong></span> <span class='ocrx_word' id='word_1_108' title='bbox 458 1445 702 1515; x_wconf 74' lang='lat' dir='ltr'><strong>indignus</strong></span> <span class='ocrx_word' id='word_1_109' title='bbox 744 1440 807 1494; x_wconf 88' lang='lat' dir='ltr'><strong>ad</strong></span> <span class='ocrx_word' id='word_1_110' title='bbox 857 1435 1255 1506; x_wconf 89' lang='lat' dir='ltr'><strong>amplectandos</strong></span> <span class='ocrx_word' id='word_1_111' title='bbox 1303 1441 1518 1488; x_wconf 89' lang='lat' dir='ltr'><strong>sanctos</strong></span> <span class='ocrx_word' id='word_1_112' title='bbox 1565 1441 1619 1486; x_wconf 88' lang='lat' dir='ltr'><strong>et</strong></span> <span class='ocrx_word' id='word_1_113' title='bbox 1653 1430 1884 1484; x_wconf 82' lang='lat' dir='ltr'><strong>victores</strong></span> 
     </span>
    </p>
   </div>
   <div class='ocr_carea' id='block_1_14' title="bbox 306 1520 1888 1609">
    <p class='ocr_par' dir='ltr' id='par_1_14' title="bbox 306 1520 1888 1609">
     <span class='ocr_line' id='line_1_14' title="bbox 306 1520 1888 1609; baseline -0.014 -14"><span class='ocrx_word' id='word_1_114' title='bbox 306 1550 575 1609; x_wconf 79' lang='lat' dir='ltr'><strong>niaityres</strong></span> <span class='ocrx_word' id='word_1_115' title='bbox 605 1536 801 1605; x_wconf 86' lang='lat' dir='ltr'><strong>Cyrum</strong></span> <span class='ocrx_word' id='word_1_116' title='bbox 835 1540 889 1586; x_wconf 93' lang='lat' dir='ltr'><strong>et</strong></span> <span class='ocrx_word' id='word_1_117' title='bbox 930 1529 1188 1584; x_wconf 83' lang='lat' dir='ltr'><strong>Joannem</strong></span> <span class='ocrx_word' id='word_1_118' title='bbox 1213 1525 1314 1597; x_wconf 87' lang='lat'><strong>(9),</strong></span> <span class='ocrx_word' id='word_1_119' title='bbox 1342 1533 1394 1580; x_wconf 91' lang='lat' dir='ltr'><strong>et</strong></span> <span class='ocrx_word' id='word_1_120' title='bbox 1427 1539 1610 1578; x_wconf 89' lang='lat' dir='ltr'><strong>eorum</strong></span> <span class='ocrx_word' id='word_1_121' title='bbox 1638 1520 1888 1590; x_wconf 89' lang='lat' dir='ltr'><strong>jucundis</strong></span> 
     </span>
    </p>
   </div>
   <div class='ocr_carea' id='block_1_15' title="bbox 308 1613 1892 1702">
    <p class='ocr_par' dir='ltr' id='par_1_15' title="bbox 308 1613 1892 1702">
     <span class='ocr_line' id='line_1_15' title="bbox 308 1613 1892 1702; baseline -0.013 -15"><span class='ocrx_word' id='word_1_122' title='bbox 308 1631 487 1702; x_wconf 89' lang='lat' dir='ltr'><strong>epulis</strong></span> <span class='ocrx_word' id='word_1_123' title='bbox 514 1639 567 1684; x_wconf 89' lang='lat' dir='ltr'><strong>et</strong></span> <span class='ocrx_word' id='word_1_124' title='bbox 597 1626 887 1683; x_wconf 81' lang='lat' dir='ltr'><strong>reiectione</strong></span> <span class='ocrx_word' id='word_1_125' title='bbox 910 1622 1229 1686; x_wconf 79' lang='lat' dir='ltr'><strong>fruerentur,</strong></span> <span class='ocrx_word' id='word_1_126' title='bbox 1247 1617 1683 1674; x_wconf 83' lang='lat' dir='ltr'><strong>convenientibus</strong></span> <span class='ocrx_word' id='word_1_127' title='bbox 1707 1625 1756 1669; x_wconf 93' lang='lat' dir='ltr'><strong>et</strong></span> <span class='ocrx_word' id='word_1_128' title='bbox 1780 1613 1892 1668; x_wconf 83' lang='lat' dir='ltr'><strong>col-</strong></span> 
     </span>
    </p>
   </div>
   <div class='ocr_carea' id='block_1_16' title="bbox 313 1705 1892 1792">
    <p class='ocr_par' dir='ltr' id='par_1_16' title="bbox 313 1705 1892 1792">
     <span class='ocr_line' id='line_1_16' title="bbox 313 1705 1892 1792; baseline -0.013 -14"><span class='ocrx_word' id='word_1_129' title='bbox 313 1721 654 1792; x_wconf 72' lang='lat' dir='ltr'><strong>loquentibus</strong></span> <span class='ocrx_word' id='word_1_130' title='bbox 703 1715 897 1770; x_wconf 85' lang='lat' dir='ltr'><strong>ibidem</strong></span> <span class='ocrx_word' id='word_1_131' title='bbox 953 1711 1268 1783; x_wconf 90' lang='lat' dir='ltr'><strong>quibusdam</strong></span> <span class='ocrx_word' id='word_1_132' title='bbox 1318 1711 1446 1763; x_wconf 86' lang='lat' dir='ltr'><strong>vii-is</strong></span> <span class='ocrx_word' id='word_1_133' title='bbox 1505 1705 1892 1762; x_wconf 90' lang='lat' dir='ltr'><strong>venerabilibus</strong></span> 
     </span>
    </p>
   </div>
   <div class='ocr_carea' id='block_1_17' title="bbox 315 1798 1891 1885">
    <p class='ocr_par' dir='ltr' id='par_1_17' title="bbox 315 1798 1891 1885">
     <span class='ocr_line' id='line_1_17' title="bbox 315 1798 1891 1885; baseline -0.013 -15"><span class='ocrx_word' id='word_1_134' title='bbox 315 1823 475 1885; x_wconf 87' lang='lat' dir='ltr'><strong>atque</strong></span> <span class='ocrx_word' id='word_1_135' title='bbox 501 1809 864 1881; x_wconf 83' lang='lat' dir='ltr'><strong>pbilochristis</strong></span> <span class='ocrx_word' id='word_1_136' title='bbox 890 1807 1024 1878; x_wconf 87' lang='grc'>(10),</span> <span class='ocrx_word' id='word_1_137' title='bbox 1060 1812 1113 1858; x_wconf 89' lang='lat' dir='ltr'><strong>et</strong></span> <span class='ocrx_word' id='word_1_138' title='bbox 1140 1803 1537 1870; x_wconf 86' lang='lat' dir='ltr'><strong>disputaremus</strong></span> <span class='ocrx_word' id='word_1_139' title='bbox 1558 1799 1625 1853; x_wconf 88' lang='lat' dir='ltr'><strong>de</strong></span> <span class='ocrx_word' id='word_1_140' title='bbox 1650 1798 1891 1865; x_wconf 83' lang='lat' dir='ltr'><strong>Scriptu-</strong></span> 
     </span>
    </p>
   </div>
   <div class='ocr_carea' id='block_1_18' title="bbox 315 1887 1893 1961">
    <p class='ocr_par' dir='ltr' id='par_1_18' title="bbox 315 1887 1893 1961">
     <span class='ocr_line' id='line_1_18' title="bbox 315 1887 1893 1961; baseline -0.013 0"><span class='ocrx_word' id='word_1_141' title='bbox 315 1909 390 1961; x_wconf 89' lang='lat' dir='ltr'><strong>ris</strong></span> <span class='ocrx_word' id='word_1_142' title='bbox 421 1905 563 1960; x_wconf 84' lang='lat' dir='ltr'><strong>etde</strong></span> <span class='ocrx_word' id='word_1_143' title='bbox 608 1903 799 1955; x_wconf 73' lang='lat' dir='ltr'><strong>animae</strong></span> <span class='ocrx_word' id='word_1_144' title='bbox 831 1896 1203 1960; x_wconf 79' lang='lat' dir='ltr'><strong>institutione,</strong></span> <span class='ocrx_word' id='word_1_145' title='bbox 1233 1895 1373 1947; x_wconf 85' lang='lat' dir='ltr'><strong>venit</strong></span> <span class='ocrx_word' id='word_1_146' title='bbox 1420 1891 1483 1947; x_wconf 91' lang='lat' dir='ltr'><strong>ad</strong></span> <span class='ocrx_word' id='word_1_147' title='bbox 1533 1906 1631 1946; x_wconf 92' lang='lat' dir='ltr'><strong>nos</strong></span> <span class='ocrx_word' id='word_1_148' title='bbox 1679 1887 1893 1957; x_wconf 87' lang='lat' dir='ltr'><strong>quidam</strong></span> 
     </span>
    </p>
   </div>
   <div class='ocr_carea' id='block_1_19' title="bbox 316 1973 1898 2067">
    <p class='ocr_par' dir='ltr' id='par_1_19' title="bbox 316 1973 1898 2067">
     <span class='ocr_line' id='line_1_19' title="bbox 316 1973 1898 2067; baseline -0.012 -15"><span class='ocrx_word' id='word_1_149' title='bbox 316 1998 626 2067; x_wconf 67' lang='lat' dir='ltr'><strong>peregrinus</strong></span> <span class='ocrx_word' id='word_1_150' title='bbox 676 2001 864 2062; x_wconf 85' lang='lat' dir='ltr'><strong>petens</strong></span> <span class='ocrx_word' id='word_1_151' title='bbox 911 1973 1331 2056; x_wconf 85' lang='lat' dir='ltr'><strong>eleemosynam.</strong></span> <span class='ocrx_word' id='word_1_152' title='bbox 1385 1982 1604 2037; x_wconf 82' lang='lat' dir='ltr'><strong>Dicebat</strong></span> <span class='ocrx_word' id='word_1_153' title='bbox 1645 1981 1786 2034; x_wconf 91' lang='lat' dir='ltr'><strong>enim</strong></span> <span class='ocrx_word' id='word_1_154' title='bbox 1837 1992 1898 2033; x_wconf 90' lang='lat' dir='ltr'><strong>se</strong></span> 
     </span>
    </p>
   </div>
   <div class='ocr_carea' id='block_1_20' title="bbox 317 2073 1900 2159">
    <p class='ocr_par' dir='ltr' id='par_1_20' title="bbox 317 2073 1900 2159">
     <span class='ocr_line' id='line_1_20' title="bbox 317 2073 1900 2159; baseline -0.011 -15"><span class='ocrx_word' id='word_1_155' title='bbox 317 2104 487 2159; x_wconf 88' lang='lat' dir='ltr'><strong>nuper</strong></span> <span class='ocrx_word' id='word_1_156' title='bbox 517 2088 580 2140; x_wconf 91' lang='lat' dir='ltr'><strong>de</strong></span> <span class='ocrx_word' id='word_1_157' title='bbox 623 2084 934 2155; x_wconf 65' lang='lat' dir='ltr'><strong>captivitate</strong></span> <span class='ocrx_word' id='word_1_158' title='bbox 961 2081 1238 2134; x_wconf 73' lang='lat' dir='ltr'><strong>Persarum</strong></span> <span class='ocrx_word' id='word_1_159' title='bbox 1270 2086 1534 2145; x_wconf 88' lang='lat' dir='ltr'><strong>ereptum.</strong></span> <span class='ocrx_word' id='word_1_160' title='bbox 1569 2075 1775 2130; x_wconf 81' lang='lat' dir='ltr'><strong>Accidit</strong></span> <span class='ocrx_word' id='word_1_161' title='bbox 1804 2073 1900 2143; x_wconf 81' lang='lat' dir='ltr'><strong>igi-</strong></span> 
     </span>
    </p>
   </div>
   <div class='ocr_carea' id='block_1_21' title="bbox 318 2165 1900 2234">
    <p class='ocr_par' dir='ltr' id='par_1_21' title="bbox 318 2165 1900 2234">
     <span class='ocr_line' id='line_1_21' title="bbox 318 2165 1900 2234; baseline -0.011 1"><span class='ocrx_word' id='word_1_162' title='bbox 318 2190 404 2234; x_wconf 89' lang='lat' dir='ltr'><strong>tur</strong></span> <span class='ocrx_word' id='word_1_163' title='bbox 449 2189 506 2234; x_wconf 90' lang='lat' dir='ltr'><strong>ut</strong></span> <span class='ocrx_word' id='word_1_164' title='bbox 550 2177 728 2233; x_wconf 88' lang='lat' dir='ltr'><strong>nullus</strong></span> <span class='ocrx_word' id='word_1_165' title='bbox 775 2175 843 2231; x_wconf 90' lang='lat' dir='ltr'><strong>de</strong></span> <span class='ocrx_word' id='word_1_166' title='bbox 872 2171 1275 2226; x_wconf 85' lang='lat' dir='ltr'><strong>considentibus</strong></span> <span class='ocrx_word' id='word_1_167' title='bbox 1317 2167 1649 2222; x_wconf 84' lang='lat' dir='ltr'><strong>inveniretur</strong></span> <span class='ocrx_word' id='word_1_168' title='bbox 1695 2165 1900 2219; x_wconf 81' lang='lat' dir='ltr'><strong>habens</strong></span> 
     </span>
    </p>
   </div>
   <div class='ocr_carea' id='block_1_22' title="bbox 318 2257 1904 2346">
    <p class='ocr_par' dir='ltr' id='par_1_22' title="bbox 318 2257 1904 2346">
     <span class='ocr_line' id='line_1_22' title="bbox 318 2257 1904 2346; baseline -0.013 -16"><span class='ocrx_word' id='word_1_169' title='bbox 318 2276 548 2346; x_wconf 74' lang='lat' dir='ltr'><strong>pretium</strong></span> <span class='ocrx_word' id='word_1_170' title='bbox 593 2278 684 2326; x_wconf 86' lang='lat' dir='ltr'><strong>aut</strong></span> <span class='ocrx_word' id='word_1_171' title='bbox 711 2282 1010 2323; x_wconf 85' lang='lat' dir='ltr'><strong>nummum.</strong></span> <span class='ocrx_word' id='word_1_172' title='bbox 1061 2263 1208 2319; x_wconf 90' lang='lat' dir='ltr'><strong>Unus</strong></span> <span class='ocrx_word' id='word_1_173' title='bbox 1245 2276 1370 2332; x_wconf 84' lang='lat' dir='ltr'><strong>ergo</strong></span> <span class='ocrx_word' id='word_1_174' title='bbox 1395 2261 1462 2315; x_wconf 92' lang='lat' dir='ltr'><strong>de</strong></span> <span class='ocrx_word' id='word_1_175' title='bbox 1502 2257 1904 2313; x_wconf 86' lang='lat' dir='ltr'><strong>considentibus</strong></span> 
     </span>
    </p>
   </div>
   <div class='ocr_carea' id='block_1_23' title="bbox 321 2350 1901 2422">
    <p class='ocr_par' dir='ltr' id='par_1_23' title="bbox 321 2350 1901 2422">
     <span class='ocr_line' id='line_1_23' title="bbox 321 2350 1901 2422; baseline -0.013 0"><span class='ocrx_word' id='word_1_176' title='bbox 321 2367 556 2422; x_wconf 86' lang='lat' dir='ltr'><strong>habebat</strong></span> <span class='ocrx_word' id='word_1_177' title='bbox 576 2364 683 2418; x_wconf 89' lang='lat' dir='ltr'><strong>illic</strong></span> <span class='ocrx_word' id='word_1_178' title='bbox 706 2371 964 2416; x_wconf 88' lang='lat' dir='ltr'><strong>astantem</strong></span> <span class='ocrx_word' id='word_1_179' title='bbox 991 2356 1401 2421; x_wconf 89' lang='lat' dir='ltr'><strong>mercenarium,</strong></span> <span class='ocrx_word' id='word_1_180' title='bbox 1425 2350 1613 2407; x_wconf 85' lang='lat' dir='ltr'><strong>callide</strong></span> <span class='ocrx_word' id='word_1_181' title='bbox 1636 2351 1901 2413; x_wconf 90' lang='lat' dir='ltr'><strong>datorem,</strong></span> 
     </span>
    </p>
   </div>
   <div class='ocr_carea' id='block_1_24' title="bbox 323 2444 1902 2527">
    <p class='ocr_par' dir='ltr' id='par_1_24' title="bbox 323 2444 1902 2527">
     <span class='ocr_line' id='line_1_24' title="bbox 323 2444 1902 2527; baseline -0.013 -14"><span class='ocrx_word' id='word_1_182' title='bbox 323 2458 673 2527; x_wconf 84' lang='lat' dir='ltr'><strong>accipientem</strong></span> <span class='ocrx_word' id='word_1_183' title='bbox 709 2463 815 2508; x_wconf 89' lang='lat' dir='ltr'><strong>tres</strong></span> <span class='ocrx_word' id='word_1_184' title='bbox 835 2460 1036 2505; x_wconf 88' lang='lat' dir='ltr'><strong>tantum</strong></span> <span class='ocrx_word' id='word_1_185' title='bbox 1061 2460 1305 2502; x_wconf 86' lang='lat' dir='ltr'><strong>nummos</strong></span> <span class='ocrx_word' id='word_1_186' title='bbox 1329 2460 1422 2513; x_wconf 89' lang='lat' dir='ltr'><strong>per</strong></span> <span class='ocrx_word' id='word_1_187' title='bbox 1443 2444 1682 2512; x_wconf 81' lang='lat' dir='ltr'><strong>singulos</strong></span> <span class='ocrx_word' id='word_1_188' title='bbox 1708 2455 1902 2506; x_wconf 90' lang='lat' dir='ltr'><strong>annos,</strong></span> 
     </span>
    </p>
   </div>
   <div class='ocr_carea' id='block_1_25' title="bbox 323 2534 1910 2606">
    <p class='ocr_par' dir='ltr' id='par_1_25' title="bbox 323 2534 1910 2606">
     <span class='ocr_line' id='line_1_25' title="bbox 323 2534 1910 2606; baseline -0.013 0"><span class='ocrx_word' id='word_1_189' title='bbox 323 2563 376 2606; x_wconf 87' lang='lat' dir='ltr'><strong>et</strong></span> <span class='ocrx_word' id='word_1_190' title='bbox 429 2552 713 2604; x_wconf 85' lang='lat' dir='ltr'><strong>habentem</strong></span> <span class='ocrx_word' id='word_1_191' title='bbox 756 2559 976 2599; x_wconf 85' lang='lat' dir='ltr'><strong>uxorem</strong></span> <span class='ocrx_word' id='word_1_192' title='bbox 1005 2549 1055 2596; x_wconf 90' lang='lat' dir='ltr'><strong>et</strong></span> <span class='ocrx_word' id='word_1_193' title='bbox 1083 2539 1215 2595; x_wconf 86' lang='lat' dir='ltr'><strong>duos</strong></span> <span class='ocrx_word' id='word_1_194' title='bbox 1259 2538 1413 2591; x_wconf 87' lang='lat' dir='ltr'><strong>lilios.</strong></span> <span class='ocrx_word' id='word_1_195' title='bbox 1461 2534 1700 2606; x_wconf 87' lang='lat' dir='ltr'><strong>Cumque</strong></span> <span class='ocrx_word' id='word_1_196' title='bbox 1730 2547 1910 2587; x_wconf 90' lang='lat' dir='ltr'><strong>reces-</strong></span> 
     </span>
    </p>
   </div>
   <div class='ocr_carea' id='block_1_26' title="bbox 323 2627 1910 2712">
    <p class='ocr_par' dir='ltr' id='par_1_26' title="bbox 323 2627 1910 2712">
     <span class='ocr_line' id='line_1_26' title="bbox 323 2627 1910 2712; baseline -0.015 -11"><span class='ocrx_word' id='word_1_197' title='bbox 323 2647 482 2701; x_wconf 83' lang='lat' dir='ltr'><strong>sisset</strong></span> <span class='ocrx_word' id='word_1_198' title='bbox 523 2642 610 2712; x_wconf 91' lang='lat' dir='ltr'><strong>qui</strong></span> <span class='ocrx_word' id='word_1_199' title='bbox 647 2639 877 2709; x_wconf 84' lang='lat' dir='ltr'><strong>petebat,</strong></span> <span class='ocrx_word' id='word_1_200' title='bbox 910 2641 1223 2706; x_wconf 87' lang='lat' dir='ltr'><strong>prosecutus</strong></span> <span class='ocrx_word' id='word_1_201' title='bbox 1250 2635 1336 2685; x_wconf 85' lang='lat' dir='ltr'><strong>est</strong></span> <span class='ocrx_word' id='word_1_202' title='bbox 1363 2643 1483 2682; x_wconf 91' lang='lat' dir='ltr'><strong>eum</strong></span> <span class='ocrx_word' id='word_1_203' title='bbox 1530 2627 1825 2697; x_wconf 84' lang='lat' dir='ltr'><strong>ingeniose,</strong></span> <span class='ocrx_word' id='word_1_204' title='bbox 1855 2633 1910 2678; x_wconf 91' lang='lat' dir='ltr'><strong>et</strong></span> 
     </span>
    </p>
   </div>
   <div class='ocr_carea' id='block_1_27' title="bbox 1988 1411 3570 1484">
    <p class='ocr_par' dir='ltr' id='par_1_27' title="bbox 1988 1411 3570 1484">
     <span class='ocr_line' id='line_1_27' title="bbox 1988 1411 3570 1484; baseline -0.008 -6"><span class='ocrx_word' id='word_1_205' title='bbox 1988 1426 2199 1479; x_wconf 90' lang='lat' dir='ltr'><strong>ctione:</strong></span> <span class='ocrx_word' id='word_1_206' title='bbox 2229 1421 2284 1476; x_wconf 91' lang='lat' dir='ltr'><strong>lu</strong></span> <span class='ocrx_word' id='word_1_207' title='bbox 2335 1421 2434 1476; x_wconf 90' lang='lat' dir='ltr'><strong>hoc</strong></span> <span class='ocrx_word' id='word_1_208' title='bbox 2476 1419 2708 1484; x_wconf 88' lang='lat' dir='ltr'><strong>miraris,</strong></span> <span class='ocrx_word' id='word_1_209' title='bbox 2741 1416 3000 1474; x_wconf 85' lang='lat' dir='ltr'><strong>Domine?</strong></span> <span class='ocrx_word' id='word_1_210' title='bbox 3026 1413 3142 1470; x_wconf 84' lang='lat' dir='ltr'><strong>Jam</strong></span> <span class='ocrx_word' id='word_1_211' title='bbox 3187 1414 3229 1468; x_wconf 89' lang='lat' dir='ltr'><strong>si</strong></span> <span class='ocrx_word' id='word_1_212' title='bbox 3271 1411 3570 1466; x_wconf 82' lang='lat' dir='ltr'><strong>invenisses</strong></span> 
     </span>
    </p>
   </div>
   <div class='ocr_carea' id='block_1_28' title="bbox 1991 1504 3569 1583">
    <p class='ocr_par' dir='ltr' id='par_1_28' title="bbox 1991 1504 3569 1583">
     <span class='ocr_line' id='line_1_28' title="bbox 1991 1504 3569 1583; baseline -0.01 -12"><span class='ocrx_word' id='word_1_213' title='bbox 1991 1523 2232 1572; x_wconf 89' lang='lat' dir='ltr'><strong>sanctum</strong></span> <span class='ocrx_word' id='word_1_214' title='bbox 2284 1511 2656 1583; x_wconf 87' lang='lat' dir='ltr'><strong>patriarcham,</strong></span> <span class='ocrx_word' id='word_1_215' title='bbox 2691 1509 2854 1579; x_wconf 77' lang='lat' dir='ltr'><strong>quid?</strong></span> <span class='ocrx_word' id='word_1_216' title='bbox 2902 1509 3001 1563; x_wconf 83' lang='lat' dir='ltr'><strong>Aio</strong></span> <span class='ocrx_word' id='word_1_217' title='bbox 3046 1508 3094 1562; x_wconf 90' lang='lat' dir='ltr'><strong>ei</strong></span> <span class='ocrx_word' id='word_1_218' title='bbox 3123 1504 3299 1572; x_wconf 88' lang='lat' dir='ltr'><strong>:Quid</strong></span> <span class='ocrx_word' id='word_1_219' title='bbox 3342 1504 3569 1573; x_wconf 87' lang='lat' dir='ltr'><strong>amplius</strong></span> 
     </span>
    </p>
   </div>
   <div class='ocr_carea' id='block_1_29' title="bbox 1991 1601 3573 1672">
    <p class='ocr_par' dir='ltr' id='par_1_29' title="bbox 1991 1601 3573 1672">
     <span class='ocr_line' id='line_1_29' title="bbox 1991 1601 3573 1672; baseline -0.006 -9"><span class='ocrx_word' id='word_1_220' title='bbox 1991 1609 2262 1665; x_wconf 85' lang='lat' dir='ltr'><strong>viderem?</strong></span> <span class='ocrx_word' id='word_1_221' title='bbox 2306 1609 2454 1662; x_wconf 91' lang='lat' dir='ltr'><strong>Tunc</strong></span> <span class='ocrx_word' id='word_1_222' title='bbox 2504 1606 2637 1661; x_wconf 80' lang='lat' dir='ltr'><strong>dixit</strong></span> <span class='ocrx_word' id='word_1_223' title='bbox 2672 1604 2837 1660; x_wconf 84' lang='lat' dir='ltr'><strong>mihi:</strong></span> <span class='ocrx_word' id='word_1_224' title='bbox 2872 1603 3043 1660; x_wconf 87' lang='lat' dir='ltr'><strong>Crede</strong></span> <span class='ocrx_word' id='word_1_225' title='bbox 3072 1618 3165 1672; x_wconf 90' lang='lat' dir='ltr'><strong>per</strong></span> <span class='ocrx_word' id='word_1_226' title='bbox 3193 1601 3573 1671; x_wconf 77' lang='lat' dir='ltr'><strong>indulgentiam</strong></span> 
     </span>
    </p>
   </div>
   <div class='ocr_carea' id='block_1_30' title="bbox 1994 1691 3575 1770">
    <p class='ocr_par' dir='ltr' id='par_1_30' title="bbox 1994 1691 3575 1770">
     <span class='ocr_line' id='line_1_30' title="bbox 1994 1691 3575 1770; baseline -0.009 -13"><span class='ocrx_word' id='word_1_227' title='bbox 1994 1701 2110 1757; x_wconf 88' lang='lat' dir='ltr'><strong>Dei.</strong></span> <span class='ocrx_word' id='word_1_228' title='bbox 2138 1700 2256 1768; x_wconf 83' lang='lat' dir='ltr'><strong>Ipse</strong></span> <span class='ocrx_word' id='word_1_229' title='bbox 2280 1715 2364 1755; x_wconf 89' lang='lat' dir='ltr'><strong>me</strong></span> <span class='ocrx_word' id='word_1_230' title='bbox 2394 1700 2517 1754; x_wconf 80' lang='lat' dir='ltr'><strong>fecit</strong></span> <span class='ocrx_word' id='word_1_231' title='bbox 2539 1697 2929 1770; x_wconf 87' lang='lat' dir='ltr'><strong>presbyterum,</strong></span> <span class='ocrx_word' id='word_1_232' title='bbox 2956 1706 3012 1752; x_wconf 92' lang='lat' dir='ltr'><strong>et</strong></span> <span class='ocrx_word' id='word_1_233' title='bbox 3033 1695 3427 1750; x_wconf 87' lang='lat' dir='ltr'><strong>vicedominum</strong></span> <span class='ocrx_word' id='word_1_234' title='bbox 3461 1691 3575 1763; x_wconf 76' lang='grc'>(15)</span> 
     </span>
    </p>
   </div>
   <div class='ocr_carea' id='block_1_31' title="bbox 1996 1789 3579 1864">
    <p class='ocr_par' dir='ltr' id='par_1_31' title="bbox 1996 1789 3579 1864">
     <span class='ocr_line' id='line_1_31' title="bbox 1996 1789 3579 1864; baseline -0.008 -12"><span class='ocrx_word' id='word_1_235' title='bbox 1996 1796 2350 1852; x_wconf 69' lang='lat' dir='ltr'><strong>sanctissima:</strong></span> <span class='ocrx_word' id='word_1_236' title='bbox 2383 1795 2640 1860; x_wconf 63' lang='lat' dir='ltr'><strong>ecclesiae,</strong></span> <span class='ocrx_word' id='word_1_237' title='bbox 2671 1803 2722 1848; x_wconf 91' lang='lat' dir='ltr'><strong>et</strong></span> <span class='ocrx_word' id='word_1_238' title='bbox 2745 1791 2850 1846; x_wconf 91' lang='lat' dir='ltr'><strong>vidi</strong></span> <span class='ocrx_word' id='word_1_239' title='bbox 2880 1791 2931 1845; x_wconf 91' lang='lat' dir='ltr'><strong>in</strong></span> <span class='ocrx_word' id='word_1_240' title='bbox 2961 1806 3026 1846; x_wconf 90' lang='lat' dir='ltr'><strong>eo</strong></span> <span class='ocrx_word' id='word_1_241' title='bbox 3056 1806 3240 1864; x_wconf 83' lang='lat' dir='ltr'><strong>opera,</strong></span> <span class='ocrx_word' id='word_1_242' title='bbox 3275 1789 3579 1844; x_wconf 89' lang='lat' dir='ltr'><strong>universam</strong></span> 
     </span>
    </p>
   </div>
   <div class='ocr_carea' id='block_1_32' title="bbox 2000 1879 3581 1960">
    <p class='ocr_par' dir='ltr' id='par_1_32' title="bbox 2000 1879 3581 1960">
     <span class='ocr_line' id='line_1_32' title="bbox 2000 1879 3581 1960; baseline -0.005 -19"><span class='ocrx_word' id='word_1_243' title='bbox 2000 1905 2135 1960; x_wconf 90' lang='lat' dir='ltr'><strong>pene</strong></span> <span class='ocrx_word' id='word_1_244' title='bbox 2185 1899 2425 1941; x_wconf 89' lang='lat' dir='ltr'><strong>naturam</strong></span> <span class='ocrx_word' id='word_1_245' title='bbox 2473 1886 2805 1941; x_wconf 84' lang='lat' dir='ltr'><strong>excedentia.</strong></span> <span class='ocrx_word' id='word_1_246' title='bbox 2855 1882 2918 1938; x_wconf 89' lang='lat' dir='ltr'><strong>Et</strong></span> <span class='ocrx_word' id='word_1_247' title='bbox 2963 1883 3008 1938; x_wconf 91' lang='lat' dir='ltr'><strong>si</strong></span> <span class='ocrx_word' id='word_1_248' title='bbox 3039 1883 3286 1952; x_wconf 81' lang='lat' dir='ltr'><strong>dignatus</strong></span> <span class='ocrx_word' id='word_1_249' title='bbox 3329 1879 3494 1934; x_wconf 83' lang='lat' dir='ltr'><strong>fueris</strong></span> <span class='ocrx_word' id='word_1_250' title='bbox 3526 1879 3581 1934; x_wconf 90' lang='lat' dir='ltr'><strong>in</strong></span> 
     </span>
    </p>
   </div>
   <div class='ocr_carea' id='block_1_33' title="bbox 2002 1970 3582 2044">
    <p class='ocr_par' dir='ltr' id='par_1_33' title="bbox 2002 1970 3582 2044">
     <span class='ocr_line' id='line_1_33' title="bbox 2002 1970 3582 2044; baseline -0.008 -8"><span class='ocrx_word' id='word_1_251' title='bbox 2002 1981 2217 2036; x_wconf 85' lang='lat' dir='ltr'><strong>servilia</strong></span> <span class='ocrx_word' id='word_1_252' title='bbox 2241 1990 2328 2034; x_wconf 90' lang='lat' dir='ltr'><strong>tua</strong></span> <span class='ocrx_word' id='word_1_253' title='bbox 2351 1979 2506 2035; x_wconf 91' lang='lat' dir='ltr'><strong>hodie</strong></span> <span class='ocrx_word' id='word_1_254' title='bbox 2527 1978 2809 2044; x_wconf 89' lang='lat' dir='ltr'><strong>veniendo,</strong></span> <span class='ocrx_word' id='word_1_255' title='bbox 2826 1975 3159 2032; x_wconf 83' lang='lat' dir='ltr'><strong>sanctiﬁcare</strong></span> <span class='ocrx_word' id='word_1_256' title='bbox 3181 1988 3298 2038; x_wconf 87' lang='lat' dir='ltr'><strong>nos,</strong></span> <span class='ocrx_word' id='word_1_257' title='bbox 3319 1970 3582 2025; x_wconf 88' lang='lat' dir='ltr'><strong>enarrabo</strong></span> 
     </span>
    </p>
   </div>
   <div class='ocr_carea' id='block_1_34' title="bbox 2005 2064 3584 2144">
    <p class='ocr_par' dir='ltr' id='par_1_34' title="bbox 2005 2064 3584 2144">
     <span class='ocr_line' id='line_1_34' title="bbox 2005 2064 3584 2144; baseline -0.007 -12"><span class='ocrx_word' id='word_1_258' title='bbox 2005 2076 2096 2132; x_wconf 87' lang='lat' dir='ltr'><strong>tibi</strong></span> <span class='ocrx_word' id='word_1_259' title='bbox 2128 2085 2297 2144; x_wconf 84' lang='lat' dir='ltr'><strong>gesta,</strong></span> <span class='ocrx_word' id='word_1_260' title='bbox 2325 2090 2441 2143; x_wconf 83' lang='lat' dir='ltr'><strong>quae</strong></span> <span class='ocrx_word' id='word_1_261' title='bbox 2487 2074 2605 2142; x_wconf 90' lang='lat' dir='ltr'><strong>ipse</strong></span> <span class='ocrx_word' id='word_1_262' title='bbox 2637 2073 2907 2140; x_wconf 88' lang='lat' dir='ltr'><strong>inspector</strong></span> <span class='ocrx_word' id='word_1_263' title='bbox 2947 2085 3130 2125; x_wconf 92' lang='lat' dir='ltr'><strong>eorum</strong></span> <span class='ocrx_word' id='word_1_264' title='bbox 3163 2066 3333 2122; x_wconf 80' lang='lat' dir='ltr'><strong>factus</strong></span> <span class='ocrx_word' id='word_1_265' title='bbox 3375 2064 3584 2133; x_wconf 84' lang='lat' dir='ltr'><strong>aspexi.</strong></span> 
     </span>
    </p>
   </div>
   <div class='ocr_carea' id='block_1_35' title="bbox 2002 2159 3575 2234">
    <p class='ocr_par' dir='ltr' id='par_1_35' title="bbox 2002 2159 3575 2234">
     <span class='ocr_line' id='line_1_35' title="bbox 2002 2159 3575 2234; baseline -0.008 -12"><span class='ocrx_word' id='word_1_266' title='bbox 2002 2167 2242 2234; x_wconf 86' lang='lat' dir='ltr'><strong>Cumque</strong></span> <span class='ocrx_word' id='word_1_267' title='bbox 2288 2164 2390 2218; x_wconf 91' lang='lat' dir='ltr'><strong>hoc</strong></span> <span class='ocrx_word' id='word_1_268' title='bbox 2438 2163 2680 2228; x_wconf 81' lang='lat' dir='ltr'><strong>dixisset,</strong></span> <span class='ocrx_word' id='word_1_269' title='bbox 2710 2163 2852 2217; x_wconf 86' lang='lat' dir='ltr'><strong>tenui</strong></span> <span class='ocrx_word' id='word_1_270' title='bbox 2899 2176 3112 2214; x_wconf 88' lang='lat' dir='ltr'><strong>manum</strong></span> <span class='ocrx_word' id='word_1_271' title='bbox 3145 2167 3196 2214; x_wconf 89' lang='lat' dir='ltr'><strong>et</strong></span> <span class='ocrx_word' id='word_1_272' title='bbox 3237 2159 3381 2213; x_wconf 84' lang='lat' dir='ltr'><strong>erexi</strong></span> <span class='ocrx_word' id='word_1_273' title='bbox 3410 2173 3531 2212; x_wconf 92' lang='lat' dir='ltr'><strong>eum</strong></span> <span class='ocrx_word' id='word_1_274' title='bbox 3561 2173 3575 2220; x_wconf 94' lang='lat'><strong>;</strong></span> 
     </span>
    </p>
   </div>
   <div class='ocr_carea' id='block_1_36' title="bbox 2006 2250 3583 2327">
    <p class='ocr_par' dir='ltr' id='par_1_36' title="bbox 2006 2250 3583 2327">
     <span class='ocr_line' id='line_1_36' title="bbox 2006 2250 3583 2327; baseline -0.008 -15"><span class='ocrx_word' id='word_1_275' title='bbox 2006 2258 2536 2327; x_wconf 83' lang='lat' dir='ltr'><strong>apprehendensque,</strong></span> <span class='ocrx_word' id='word_1_276' title='bbox 2552 2255 2702 2310; x_wconf 89' lang='lat' dir='ltr'><strong>duxit</strong></span> <span class='ocrx_word' id='word_1_277' title='bbox 2722 2269 2807 2308; x_wconf 84' lang='lat' dir='ltr'><strong>me</strong></span> <span class='ocrx_word' id='word_1_278' title='bbox 2828 2254 2878 2308; x_wconf 90' lang='lat' dir='ltr'><strong>in</strong></span> <span class='ocrx_word' id='word_1_279' title='bbox 2902 2268 2930 2306; x_wconf 90' lang='lat' dir='ltr'><strong>a</strong></span> <span class='ocrx_word' id='word_1_280' title='bbox 2953 2253 3056 2306; x_wconf 88' lang='lat' dir='ltr'><strong>Deo</strong></span> <span class='ocrx_word' id='word_1_281' title='bbox 3079 2260 3343 2306; x_wconf 88' lang='lat' dir='ltr'><strong>servatam</strong></span> <span class='ocrx_word' id='word_1_282' title='bbox 3366 2250 3583 2303; x_wconf 88' lang='lat' dir='ltr'><strong>domum</strong></span> 
     </span>
    </p>
   </div>
   <div class='ocr_carea' id='block_1_37' title="bbox 2007 2344 3587 2421">
    <p class='ocr_par' dir='ltr' id='par_1_37' title="bbox 2007 2344 3587 2421">
     <span class='ocr_line' id='line_1_37' title="bbox 2007 2344 3587 2421; baseline -0.006 -15"><span class='ocrx_word' id='word_1_283' title='bbox 2007 2368 2178 2406; x_wconf 87' lang='lat' dir='ltr'><strong>suam.</strong></span> <span class='ocrx_word' id='word_1_284' title='bbox 2231 2351 2414 2421; x_wconf 86' lang='lat' dir='ltr'><strong>Itaque</strong></span> <span class='ocrx_word' id='word_1_285' title='bbox 2444 2366 2562 2404; x_wconf 88' lang='lat' dir='ltr'><strong>cum</strong></span> <span class='ocrx_word' id='word_1_286' title='bbox 2598 2349 2854 2402; x_wconf 83' lang='lat' dir='ltr'><strong>voluisset</strong></span> <span class='ocrx_word' id='word_1_287' title='bbox 2885 2347 3036 2402; x_wconf 91' lang='lat' dir='ltr'><strong>nobis</strong></span> <span class='ocrx_word' id='word_1_288' title='bbox 3073 2360 3310 2400; x_wconf 84' lang='lat' dir='ltr'><strong>mensam</strong></span> <span class='ocrx_word' id='word_1_289' title='bbox 3342 2344 3587 2412; x_wconf 85' lang='lat' dir='ltr'><strong>dignatus</strong></span> 
     </span>
    </p>
   </div>
   <div class='ocr_carea' id='block_1_38' title="bbox 2010 2435 3589 2514">
    <p class='ocr_par' dir='ltr' id='par_1_38' title="bbox 2010 2435 3589 2514">
     <span class='ocr_line' id='line_1_38' title="bbox 2010 2435 3589 2514; baseline -0.005 -16"><span class='ocrx_word' id='word_1_290' title='bbox 2010 2459 2297 2514; x_wconf 86' lang='lat' dir='ltr'><strong>apponere,</strong></span> <span class='ocrx_word' id='word_1_291' title='bbox 2328 2441 2434 2495; x_wconf 88' lang='lat' dir='ltr'><strong>dixi</strong></span> <span class='ocrx_word' id='word_1_292' title='bbox 2462 2442 2526 2494; x_wconf 90' lang='lat' dir='ltr'><strong>ad</strong></span> <span class='ocrx_word' id='word_1_293' title='bbox 2571 2456 2691 2495; x_wconf 92' lang='lat' dir='ltr'><strong>eum</strong></span> <span class='ocrx_word' id='word_1_294' title='bbox 2721 2458 2733 2494; x_wconf 94' lang='lat'><strong>:</strong></span> <span class='ocrx_word' id='word_1_295' title='bbox 2760 2440 2873 2494; x_wconf 82' lang='lat' dir='ltr'><strong>Non</strong></span> <span class='ocrx_word' id='word_1_296' title='bbox 2912 2440 3113 2509; x_wconf 90' lang='lat' dir='ltr'><strong>justum</strong></span> <span class='ocrx_word' id='word_1_297' title='bbox 3145 2449 3246 2502; x_wconf 90' lang='lat' dir='ltr'><strong>est,</strong></span> <span class='ocrx_word' id='word_1_298' title='bbox 3279 2452 3312 2490; x_wconf 95' lang='lat' dir='ltr'><strong>o</strong></span> <span class='ocrx_word' id='word_1_299' title='bbox 3344 2435 3589 2504; x_wconf 87' lang='lat' dir='ltr'><strong>Domine,</strong></span> 
     </span>
    </p>
   </div>
   <div class='ocr_carea' id='block_1_39' title="bbox 2013 2519 3593 2604">
    <p class='ocr_par' dir='ltr' id='par_1_39' title="bbox 2013 2519 3593 2604">
     <span class='ocr_line' id='line_1_39' title="bbox 2013 2519 3593 2604; baseline -0.006 -14"><span class='ocrx_word' id='word_1_300' title='bbox 2013 2519 2204 2590; x_wconf 74' lang='lat' dir='ltr'><strong>anima:</strong></span> <span class='ocrx_word' id='word_1_301' title='bbox 2241 2534 2415 2588; x_wconf 90' lang='lat' dir='ltr'><strong>cibum</strong></span> <span class='ocrx_word' id='word_1_302' title='bbox 2447 2532 2840 2604; x_wconf 90' lang='lat' dir='ltr'><strong>relinquentes,</strong></span> <span class='ocrx_word' id='word_1_303' title='bbox 2873 2547 3066 2601; x_wconf 88' lang='lat' dir='ltr'><strong>corpus</strong></span> <span class='ocrx_word' id='word_1_304' title='bbox 3096 2540 3218 2584; x_wconf 90' lang='lat' dir='ltr'><strong>ante</strong></span> <span class='ocrx_word' id='word_1_305' title='bbox 3249 2530 3479 2582; x_wconf 89' lang='lat' dir='ltr'><strong>animam</strong></span> <span class='ocrx_word' id='word_1_306' title='bbox 3507 2542 3593 2582; x_wconf 90' lang='lat' dir='ltr'><strong>re-</strong></span> 
     </span>
    </p>
   </div>
   <div class='ocr_carea' id='block_1_40' title="bbox 1955 2623 3594 2694">
    <p class='ocr_par' dir='ltr' id='par_1_40' title="bbox 1955 2623 3594 2694">
     <span class='ocr_line' id='line_1_40' title="bbox 1955 2623 3594 2694; baseline -0.007 -9"><span class='ocrx_word' id='word_1_307' title='bbox 1955 2683 1958 2685; x_wconf 82' lang='grc'><strong><em>,</em></strong></span> <span class='ocrx_word' id='word_1_308' title='bbox 2015 2625 2196 2693; x_wconf 86' lang='lat' dir='ltr'><strong>licere,</strong></span> <span class='ocrx_word' id='word_1_309' title='bbox 2229 2625 2322 2680; x_wconf 89' lang='lat' dir='ltr'><strong>sed</strong></span> <span class='ocrx_word' id='word_1_310' title='bbox 2365 2627 2534 2694; x_wconf 77' lang='lat' dir='ltr'><strong>magis</strong></span> <span class='ocrx_word' id='word_1_311' title='bbox 2563 2624 2738 2679; x_wconf 83' lang='lat' dir='ltr'><strong>cibum</strong></span> <span class='ocrx_word' id='word_1_312' title='bbox 2780 2624 2871 2694; x_wconf 90' lang='lat' dir='ltr'><strong>qui</strong></span> <span class='ocrx_word' id='word_1_313' title='bbox 2900 2641 3000 2677; x_wconf 85' lang='lat' dir='ltr'><strong>non</strong></span> <span class='ocrx_word' id='word_1_314' title='bbox 3035 2623 3188 2692; x_wconf 88' lang='lat' dir='ltr'><strong>perit,</strong></span> <span class='ocrx_word' id='word_1_315' title='bbox 3221 2635 3514 2684; x_wconf 86' lang='lat' dir='ltr'><strong>sumamus,</strong></span> <span class='ocrx_word' id='word_1_316' title='bbox 3541 2628 3594 2674; x_wconf 88' lang='lat' dir='ltr'><strong>et</strong></span> 
     </span>
    </p>
   </div>
   <div class='ocr_carea' id='block_1_41' title="bbox 324 2710 3594 2804">
    <p class='ocr_par' dir='ltr' id='par_1_41' title="bbox 324 2710 3594 2804">
     <span class='ocr_line' id='line_1_41' title="bbox 324 2710 3594 2804; baseline -0.009 -12"><span class='ocrx_word' id='word_1_317' title='bbox 324 2710 584 2793; x_wconf 77' lang='lat' dir='ltr'><strong>abstulita</strong></span> <span class='ocrx_word' id='word_1_318' title='bbox 606 2750 662 2789; x_wconf 89' lang='lat' dir='ltr'><strong>se</strong></span> <span class='ocrx_word' id='word_1_319' title='bbox 682 2748 840 2804; x_wconf 89' lang='lat' dir='ltr'><strong>quam</strong></span> <span class='ocrx_word' id='word_1_320' title='bbox 863 2729 1069 2786; x_wconf 84' lang='lat' dir='ltr'><strong>ferebat</strong></span> <span class='ocrx_word' id='word_1_321' title='bbox 1089 2723 1413 2781; x_wconf 88' lang='lat' dir='ltr'><strong>cruciculam</strong></span> <span class='ocrx_word' id='word_1_322' title='bbox 1433 2729 1740 2793; x_wconf 81' lang='lat' dir='ltr'><strong>argenteam</strong></span> <span class='ocrx_word' id='word_1_323' title='bbox 1763 2717 1903 2789; x_wconf 85' lang='grc'>(11),</span> <span class='ocrx_word' id='word_1_324' title='bbox 1937 2728 1986 2789; x_wconf 80' lang='grc' dir='ltr'><strong>Β</strong></span> <span class='ocrx_word' id='word_1_325' title='bbox 2013 2715 2353 2787; x_wconf 85' lang='lat' dir='ltr'><strong>postmodum</strong></span> <span class='ocrx_word' id='word_1_326' title='bbox 2402 2715 2615 2784; x_wconf 82' lang='lat' dir='ltr'><strong>corpori</strong></span> <span class='ocrx_word' id='word_1_327' title='bbox 2668 2714 3043 2770; x_wconf 89' lang='lat' dir='ltr'><strong>necessitatem</strong></span> <span class='ocrx_word' id='word_1_328' title='bbox 3097 2721 3429 2782; x_wconf 60' lang='lat' dir='ltr'><strong>priestetnus.</strong></span> <span class='ocrx_word' id='word_1_329' title='bbox 3460 2710 3594 2764; x_wconf 90' lang='lat' dir='ltr'><strong>Cum</strong></span> 
     </span>
    </p>
   </div>
   <div class='ocr_carea' id='block_1_42' title="bbox 326 2810 1907 2892">
    <p class='ocr_par' dir='ltr' id='par_1_42' title="bbox 326 2810 1907 2892">
     <span class='ocr_line' id='line_1_42' title="bbox 326 2810 1907 2892; baseline -0.013 -7"><span class='ocrx_word' id='word_1_330' title='bbox 326 2843 378 2886; x_wconf 90' lang='lat' dir='ltr'><strong>et</strong></span> <span class='ocrx_word' id='word_1_331' title='bbox 425 2829 515 2883; x_wconf 87' lang='lat' dir='ltr'><strong>dat</strong></span> <span class='ocrx_word' id='word_1_332' title='bbox 539 2828 610 2892; x_wconf 90' lang='lat' dir='ltr'><strong>ei,</strong></span> <span class='ocrx_word' id='word_1_333' title='bbox 642 2827 826 2880; x_wconf 90' lang='lat' dir='ltr'><strong>dicens</strong></span> <span class='ocrx_word' id='word_1_334' title='bbox 857 2837 914 2876; x_wconf 90' lang='lat' dir='ltr'><strong>se</strong></span> <span class='ocrx_word' id='word_1_335' title='bbox 944 2835 1046 2874; x_wconf 86' lang='lat' dir='ltr'><strong>non</strong></span> <span class='ocrx_word' id='word_1_336' title='bbox 1080 2818 1277 2871; x_wconf 88' lang='lat' dir='ltr'><strong>habere</strong></span> <span class='ocrx_word' id='word_1_337' title='bbox 1329 2813 1472 2868; x_wconf 85' lang='lat' dir='ltr'><strong>aliud</strong></span> <span class='ocrx_word' id='word_1_338' title='bbox 1506 2810 1704 2883; x_wconf 91' lang='lat' dir='ltr'><strong>aliquid</strong></span> <span class='ocrx_word' id='word_1_339' title='bbox 1735 2824 1907 2879; x_wconf 91' lang='lat' dir='ltr'><strong>usque</strong></span> 
     </span>
    </p>
   </div>
   <div class='ocr_carea' id='block_1_43' title="bbox 328 2901 1912 2989">
    <p class='ocr_par' dir='ltr' id='par_1_43' title="bbox 328 2901 1912 2989">
     <span class='ocr_line' id='line_1_43' title="bbox 328 2901 1912 2989; baseline -0.013 -14"><span class='ocrx_word' id='word_1_340' title='bbox 328 2921 395 2975; x_wconf 87' lang='lat' dir='ltr'><strong>ad</strong></span> <span class='ocrx_word' id='word_1_341' title='bbox 427 2920 669 2989; x_wconf 88' lang='lat' dir='ltr'><strong>siliquam</strong></span> <span class='ocrx_word' id='word_1_342' title='bbox 703 2931 858 2971; x_wconf 88' lang='lat' dir='ltr'><strong>unam</strong></span> <span class='ocrx_word' id='word_1_343' title='bbox 891 2912 1006 2986; x_wconf 73' lang='lat'><strong>(1‘2)</strong></span> <span class='ocrx_word' id='word_1_344' title='bbox 1034 2910 1088 2964; x_wconf 91' lang='lat' dir='ltr'><strong>in</strong></span> <span class='ocrx_word' id='word_1_345' title='bbox 1136 2907 1242 2962; x_wconf 83' lang='lat' dir='ltr'><strong>vita</strong></span> <span class='ocrx_word' id='word_1_346' title='bbox 1291 2921 1407 2961; x_wconf 88' lang='lat' dir='ltr'><strong>sua.</strong></span> <span class='ocrx_word' id='word_1_347' title='bbox 1471 2905 1584 2977; x_wconf 69' lang='lat' dir='ltr'><strong>Ego</strong></span> <span class='ocrx_word' id='word_1_348' title='bbox 1639 2904 1801 2974; x_wconf 78' lang='lat' dir='ltr'><strong>igitur</strong></span> <span class='ocrx_word' id='word_1_349' title='bbox 1845 2901 1912 2956; x_wconf 88' lang='lat' dir='ltr'><strong>de</strong></span> 
     </span>
    </p>
   </div>
   <div class='ocr_carea' id='block_1_44' title="bbox 331 2997 1913 3082">
    <p class='ocr_par' dir='ltr' id='par_1_44' title="bbox 331 2997 1913 3082">
     <span class='ocr_line' id='line_1_44' title="bbox 331 2997 1913 3082; baseline -0.013 -14"><span class='ocrx_word' id='word_1_350' title='bbox 331 3015 434 3068; x_wconf 85' lang='lat' dir='ltr'><strong>hoc</strong></span> <span class='ocrx_word' id='word_1_351' title='bbox 464 3011 602 3082; x_wconf 89' lang='lat' dir='ltr'><strong>quod</strong></span> <span class='ocrx_word' id='word_1_352' title='bbox 635 3008 925 3071; x_wconf 88' lang='lat' dir='ltr'><strong>acciderat,</strong></span> <span class='ocrx_word' id='word_1_353' title='bbox 958 3005 1067 3057; x_wconf 89' lang='lat' dir='ltr'><strong>imo</strong></span> <span class='ocrx_word' id='word_1_354' title='bbox 1094 3000 1234 3070; x_wconf 87' lang='lat' dir='ltr'><strong>quod</strong></span> <span class='ocrx_word' id='word_1_355' title='bbox 1277 3008 1484 3068; x_wconf 80' lang='lat' dir='ltr'><strong>gestum</strong></span> <span class='ocrx_word' id='word_1_356' title='bbox 1519 2997 1753 3051; x_wconf 90' lang='lat' dir='ltr'><strong>videram</strong></span> <span class='ocrx_word' id='word_1_357' title='bbox 1775 3038 1788 3058; x_wconf 91' lang='lat'><strong>,</strong></span> <span class='ocrx_word' id='word_1_358' title='bbox 1821 3007 1913 3062; x_wconf 92' lang='lat' dir='ltr'><strong>per</strong></span> 
     </span>
    </p>
   </div>
   <div class='ocr_carea' id='block_1_45' title="bbox 330 3093 1909 3174">
    <p class='ocr_par' dir='ltr' id='par_1_45' title="bbox 330 3093 1909 3174">
     <span class='ocr_line' id='line_1_45' title="bbox 330 3093 1909 3174; baseline -0.014 -14"><span class='ocrx_word' id='word_1_359' title='bbox 330 3105 560 3174; x_wconf 82' lang='lat' dir='ltr'><strong>gratiam</strong></span> <span class='ocrx_word' id='word_1_360' title='bbox 588 3101 681 3156; x_wconf 90' lang='lat' dir='ltr'><strong>Dei</strong></span> <span class='ocrx_word' id='word_1_361' title='bbox 701 3097 1045 3154; x_wconf 89' lang='lat' dir='ltr'><strong>considerans</strong></span> <span class='ocrx_word' id='word_1_362' title='bbox 1067 3094 1206 3162; x_wconf 87' lang='lat' dir='ltr'><strong>quod</strong></span> <span class='ocrx_word' id='word_1_363' title='bbox 1232 3093 1449 3157; x_wconf 86' lang='lat' dir='ltr'><strong>iecerat,</strong></span> <span class='ocrx_word' id='word_1_364' title='bbox 1464 3098 1517 3143; x_wconf 89' lang='lat' dir='ltr'><strong>et</strong></span> <span class='ocrx_word' id='word_1_365' title='bbox 1539 3094 1909 3156; x_wconf 89' lang='lat' dir='ltr'><strong>compunctus,</strong></span> 
     </span>
    </p>
   </div>
   <div class='ocr_carea' id='block_1_46' title="bbox 333 3177 1915 3258">
    <p class='ocr_par' dir='ltr' id='par_1_46' title="bbox 333 3177 1915 3258">
     <span class='ocr_line' id='line_1_46' title="bbox 333 3177 1915 3258; baseline -0.012 -7"><span class='ocrx_word' id='word_1_366' title='bbox 333 3195 576 3251; x_wconf 87' lang='lat' dir='ltr'><strong>enarravi</strong></span> <span class='ocrx_word' id='word_1_367' title='bbox 609 3193 784 3246; x_wconf 84' lang='lat' dir='ltr'><strong>statim</strong></span> <span class='ocrx_word' id='word_1_368' title='bbox 838 3203 1003 3258; x_wconf 85' lang='lat' dir='ltr'><strong>prope</strong></span> <span class='ocrx_word' id='word_1_369' title='bbox 1045 3183 1274 3246; x_wconf 87' lang='lat' dir='ltr'><strong>sedenti,</strong></span> <span class='ocrx_word' id='word_1_370' title='bbox 1306 3185 1506 3238; x_wconf 70' lang='lat' dir='ltr'><strong>Hennae</strong></span> <span class='ocrx_word' id='word_1_371' title='bbox 1533 3180 1768 3243; x_wconf 89' lang='lat' dir='ltr'><strong>nomine,</strong></span> <span class='ocrx_word' id='word_1_372' title='bbox 1798 3177 1915 3232; x_wconf 90' lang='lat' dir='ltr'><strong>viro</strong></span> 
     </span>
    </p>
   </div>
   <div class='ocr_carea' id='block_1_47' title="bbox 335 3269 1918 3347">
    <p class='ocr_par' dir='ltr' id='par_1_47' title="bbox 335 3269 1918 3347">
     <span class='ocr_line' id='line_1_47' title="bbox 335 3269 1918 3347; baseline -0.014 -3"><span class='ocrx_word' id='word_1_373' title='bbox 335 3287 597 3344; x_wconf 89' lang='lat' dir='ltr'><strong>industrio</strong></span> <span class='ocrx_word' id='word_1_374' title='bbox 638 3295 691 3340; x_wconf 91' lang='lat' dir='ltr'><strong>et</strong></span> <span class='ocrx_word' id='word_1_375' title='bbox 737 3283 943 3337; x_wconf 91' lang='lat' dir='ltr'><strong>timenti</strong></span> <span class='ocrx_word' id='word_1_376' title='bbox 979 3282 1144 3335; x_wconf 91' lang='lat' dir='ltr'><strong>Deum</strong></span> <span class='ocrx_word' id='word_1_377' title='bbox 1174 3322 1185 3342; x_wconf 90' lang='lat'><strong>,</strong></span> <span class='ocrx_word' id='word_1_378' title='bbox 1215 3277 1306 3347; x_wconf 86' lang='lat' dir='ltr'><strong>qui</strong></span> <span class='ocrx_word' id='word_1_379' title='bbox 1333 3285 1386 3330; x_wconf 90' lang='lat' dir='ltr'><strong>et</strong></span> <span class='ocrx_word' id='word_1_380' title='bbox 1414 3282 1530 3329; x_wconf 89' lang='lat' dir='ltr'><strong>erat</strong></span> <span class='ocrx_word' id='word_1_381' title='bbox 1555 3273 1807 3327; x_wconf 90' lang='lat' dir='ltr'><strong>ordinans</strong></span> <span class='ocrx_word' id='word_1_382' title='bbox 1837 3269 1918 3324; x_wconf 87' lang='lat' dir='ltr'><strong>di-</strong></span> 
     </span>
    </p>
   </div>
   <div class='ocr_carea' id='block_1_48' title="bbox 336 3364 1920 3452">
    <p class='ocr_par' dir='ltr' id='par_1_48' title="bbox 336 3364 1920 3452">
     <span class='ocr_line' id='line_1_48' title="bbox 336 3364 1920 3452; baseline -0.013 -16"><span class='ocrx_word' id='word_1_383' title='bbox 336 3380 738 3452; x_wconf 86' lang='lat' dir='ltr'><strong>spensationem</strong></span> <span class='ocrx_word' id='word_1_384' title='bbox 796 3374 1148 3429; x_wconf 63' lang='lat' dir='ltr'><strong>sanctissima;</strong></span> <span class='ocrx_word' id='word_1_385' title='bbox 1201 3369 1443 3425; x_wconf 64' lang='lat' dir='ltr'><strong>ecclesiae</strong></span> <span class='ocrx_word' id='word_1_386' title='bbox 1503 3366 1602 3421; x_wconf 92' lang='lat' dir='ltr'><strong>sub</strong></span> <span class='ocrx_word' id='word_1_387' title='bbox 1653 3364 1817 3419; x_wconf 91' lang='lat' dir='ltr'><strong>nobili</strong></span> <span class='ocrx_word' id='word_1_388' title='bbox 1868 3373 1920 3417; x_wconf 92' lang='lat' dir='ltr'><strong>et</strong></span> 
     </span>
    </p>
   </div>
   <div class='ocr_carea' id='block_1_49' title="bbox 340 3454 1921 3533">
    <p class='ocr_par' dir='ltr' id='par_1_49' title="bbox 340 3454 1921 3533">
     <span class='ocr_line' id='line_1_49' title="bbox 340 3454 1921 3533; baseline -0.012 -7"><span class='ocrx_word' id='word_1_389' title='bbox 340 3470 649 3527; x_wconf 87' lang='lat' dir='ltr'><strong>beatissimo</strong></span> <span class='ocrx_word' id='word_1_390' title='bbox 675 3467 878 3521; x_wconf 83' lang='lat' dir='ltr'><strong>Joanne</strong></span> <span class='ocrx_word' id='word_1_391' title='bbox 920 3461 1238 3533; x_wconf 81' lang='lat' dir='ltr'><strong>patriarcha.</strong></span> <span class='ocrx_word' id='word_1_392' title='bbox 1275 3459 1376 3527; x_wconf 86' lang='lat' dir='ltr'><strong>Qui</strong></span> <span class='ocrx_word' id='word_1_393' title='bbox 1417 3473 1535 3512; x_wconf 89' lang='lat' dir='ltr'><strong>cum</strong></span> <span class='ocrx_word' id='word_1_394' title='bbox 1582 3471 1670 3510; x_wconf 91' lang='lat' dir='ltr'><strong>me</strong></span> <span class='ocrx_word' id='word_1_395' title='bbox 1702 3454 1921 3509; x_wconf 90' lang='lat' dir='ltr'><strong>intuitus</strong></span> 
     </span>
    </p>
   </div>
   <div class='ocr_carea' id='block_1_50' title="bbox 341 3548 1921 3621">
    <p class='ocr_par' dir='ltr' id='par_1_50' title="bbox 341 3548 1921 3621">
     <span class='ocr_line' id='line_1_50' title="bbox 341 3548 1921 3621; baseline -0.014 -1"><span class='ocrx_word' id='word_1_396' title='bbox 341 3573 487 3621; x_wconf 82' lang='lat' dir='ltr'><strong>esset</strong></span> <span class='ocrx_word' id='word_1_397' title='bbox 533 3560 879 3615; x_wconf 71' lang='lat' dir='ltr'><strong>admirantem</strong></span> <span class='ocrx_word' id='word_1_398' title='bbox 910 3566 962 3611; x_wconf 92' lang='lat' dir='ltr'><strong>et</strong></span> <span class='ocrx_word' id='word_1_399' title='bbox 991 3554 1291 3609; x_wconf 84' lang='lat' dir='ltr'><strong>laudantem</strong></span> <span class='ocrx_word' id='word_1_400' title='bbox 1335 3565 1456 3603; x_wconf 90' lang='lat' dir='ltr'><strong>eum</strong></span> <span class='ocrx_word' id='word_1_401' title='bbox 1487 3549 1575 3618; x_wconf 90' lang='lat' dir='ltr'><strong>qui</strong></span> <span class='ocrx_word' id='word_1_402' title='bbox 1620 3548 1921 3615; x_wconf 87' lang='lat' dir='ltr'><strong>eleemosy-</strong></span> 
     </span>
    </p>
   </div>
   <div class='ocr_carea' id='block_1_51' title="bbox 345 3637 1924 3714">
    <p class='ocr_par' dir='ltr' id='par_1_51' title="bbox 345 3637 1924 3714">
     <span class='ocr_line' id='line_1_51' title="bbox 345 3637 1924 3714; baseline -0.015 -3"><span class='ocrx_word' id='word_1_403' title='bbox 345 3671 468 3711; x_wconf 89' lang='lat' dir='ltr'><strong>nam</strong></span> <span class='ocrx_word' id='word_1_404' title='bbox 499 3651 716 3714; x_wconf 80' lang='lat' dir='ltr'><strong>fecerat,</strong></span> <span class='ocrx_word' id='word_1_405' title='bbox 752 3649 884 3703; x_wconf 86' lang='lat' dir='ltr'><strong>dixit</strong></span> <span class='ocrx_word' id='word_1_406' title='bbox 905 3645 1034 3701; x_wconf 90' lang='lat' dir='ltr'><strong>mihi</strong></span> <span class='ocrx_word' id='word_1_407' title='bbox 1063 3662 1076 3697; x_wconf 87' lang='lat'><strong>:</strong></span> <span class='ocrx_word' id='word_1_408' title='bbox 1102 3643 1177 3697; x_wconf 79' lang='lat' dir='ltr'><strong>Ne</strong></span> <span class='ocrx_word' id='word_1_409' title='bbox 1200 3642 1431 3706; x_wconf 87' lang='lat' dir='ltr'><strong>mireris,</strong></span> <span class='ocrx_word' id='word_1_410' title='bbox 1462 3653 1526 3693; x_wconf 88' lang='lat' dir='ltr'><strong>eo</strong></span> <span class='ocrx_word' id='word_1_411' title='bbox 1552 3637 1692 3708; x_wconf 89' lang='lat' dir='ltr'><strong>quod</strong></span> <span class='ocrx_word' id='word_1_412' title='bbox 1725 3653 1787 3691; x_wconf 89' lang='lat' dir='ltr'><strong>ex</strong></span> <span class='ocrx_word' id='word_1_413' title='bbox 1817 3647 1924 3690; x_wconf 88' lang='lat' dir='ltr'><strong>tra-</strong></span> 
     </span>
    </p>
   </div>
   <div class='ocr_carea' id='block_1_52' title="bbox 347 3728 1928 3807">
    <p class='ocr_par' dir='ltr' id='par_1_52' title="bbox 347 3728 1928 3807">
     <span class='ocr_line' id='line_1_52' title="bbox 347 3728 1928 3807; baseline -0.014 -3"><span class='ocrx_word' id='word_1_414' title='bbox 347 3748 550 3804; x_wconf 90' lang='lat' dir='ltr'><strong>ditione</strong></span> <span class='ocrx_word' id='word_1_415' title='bbox 572 3754 622 3800; x_wconf 91' lang='lat' dir='ltr'><strong>et</strong></span> <span class='ocrx_word' id='word_1_416' title='bbox 645 3742 888 3798; x_wconf 89' lang='lat' dir='ltr'><strong>doctrina</strong></span> <span class='ocrx_word' id='word_1_417' title='bbox 914 3735 1217 3807; x_wconf 74' lang='lat' dir='ltr'><strong>huiusmodi</strong></span> <span class='ocrx_word' id='word_1_418' title='bbox 1246 3735 1466 3789; x_wconf 88' lang='lat' dir='ltr'><strong>actionis</strong></span> <span class='ocrx_word' id='word_1_419' title='bbox 1493 3740 1742 3800; x_wconf 81' lang='lat' dir='ltr'><strong>operator</strong></span> <span class='ocrx_word' id='word_1_420' title='bbox 1763 3728 1928 3783; x_wconf 82' lang='lat' dir='ltr'><strong>exsti-</strong></span> 
     </span>
    </p>
   </div>
   <div class='ocr_carea' id='block_1_53' title="bbox 349 3822 1929 3894">
    <p class='ocr_par' dir='ltr' id='par_1_53' title="bbox 349 3822 1929 3894">
     <span class='ocr_line' id='line_1_53' title="bbox 349 3822 1929 3894; baseline -0.012 0"><span class='ocrx_word' id='word_1_421' title='bbox 349 3842 433 3894; x_wconf 91' lang='lat' dir='ltr'><strong>tit.</strong></span> <span class='ocrx_word' id='word_1_422' title='bbox 471 3840 536 3893; x_wconf 83' lang='lat' dir='ltr'><strong>Et</strong></span> <span class='ocrx_word' id='word_1_423' title='bbox 564 3837 775 3891; x_wconf 89' lang='lat' dir='ltr'><strong>dicente</strong></span> <span class='ocrx_word' id='word_1_424' title='bbox 804 3849 889 3888; x_wconf 91' lang='lat' dir='ltr'><strong>me</strong></span> <span class='ocrx_word' id='word_1_425' title='bbox 932 3831 996 3884; x_wconf 93' lang='lat' dir='ltr'><strong>d</strong></span> <span class='ocrx_word' id='word_1_426' title='bbox 1025 3845 1170 3892; x_wconf 88' lang='lat' dir='ltr'><strong>eum,</strong></span> <span class='ocrx_word' id='word_1_427' title='bbox 1199 3825 1513 3894; x_wconf 81' lang='lat' dir='ltr'><strong>Quomodo?</strong></span> <span class='ocrx_word' id='word_1_428' title='bbox 1542 3833 1760 3893; x_wconf 88' lang='lat' dir='ltr'><strong>propter</strong></span> <span class='ocrx_word' id='word_1_429' title='bbox 1802 3822 1929 3876; x_wconf 86' lang='lat' dir='ltr'><strong>cha-</strong></span> 
     </span>
    </p>
   </div>
   <div class='ocr_carea' id='block_1_54' title="bbox 351 3913 1930 4001">
    <p class='ocr_par' dir='ltr' id='par_1_54' title="bbox 351 3913 1930 4001">
     <span class='ocr_line' id='line_1_54' title="bbox 351 3913 1930 4001; baseline -0.013 -14"><span class='ocrx_word' id='word_1_430' title='bbox 351 3933 560 3987; x_wconf 89' lang='lat' dir='ltr'><strong>ritatem</strong></span> <span class='ocrx_word' id='word_1_431' title='bbox 591 3929 842 4001; x_wconf 89' lang='lat' dir='ltr'><strong>prodesto</strong></span> <span class='ocrx_word' id='word_1_432' title='bbox 872 3924 1026 3979; x_wconf 89' lang='lat' dir='ltr'><strong>mihi.</strong></span> <span class='ocrx_word' id='word_1_433' title='bbox 1050 3923 1166 3992; x_wconf 85' lang='lat' dir='ltr'><strong>Ipse</strong></span> <span class='ocrx_word' id='word_1_434' title='bbox 1196 3917 1527 3989; x_wconf 88' lang='lat' dir='ltr'><strong>respondens</strong></span> <span class='ocrx_word' id='word_1_435' title='bbox 1553 3917 1627 3970; x_wconf 91' lang='lat' dir='ltr'><strong>ait</strong></span> <span class='ocrx_word' id='word_1_436' title='bbox 1652 3933 1664 3968; x_wconf 91' lang='lat'><strong>:</strong></span> <span class='ocrx_word' id='word_1_437' title='bbox 1689 3913 1930 3969; x_wconf 87' lang='lat' dir='ltr'><strong>Sanctis-</strong></span> 
     </span>
    </p>
   </div>
   <div class='ocr_carea' id='block_1_55' title="bbox 351 4005 1930 4090">
    <p class='ocr_par' dir='ltr' id='par_1_55' title="bbox 351 4005 1930 4090">
     <span class='ocr_line' id='line_1_55' title="bbox 351 4005 1930 4090; baseline -0.013 -10"><span class='ocrx_word' id='word_1_438' title='bbox 351 4025 488 4080; x_wconf 85' lang='lat' dir='ltr'><strong>simo</strong></span> <span class='ocrx_word' id='word_1_439' title='bbox 503 4032 582 4078; x_wconf 90' lang='lat' dir='ltr'><strong>ter</strong></span> <span class='ocrx_word' id='word_1_440' title='bbox 599 4023 752 4076; x_wconf 90' lang='lat' dir='ltr'><strong>beato</strong></span> <span class='ocrx_word' id='word_1_441' title='bbox 774 4017 1089 4090; x_wconf 68' lang='lat' dir='ltr'><strong>patriarchae</strong></span> <span class='ocrx_word' id='word_1_442' title='bbox 1106 4024 1289 4068; x_wconf 90' lang='lat' dir='ltr'><strong>nostro</strong></span> <span class='ocrx_word' id='word_1_443' title='bbox 1314 4009 1621 4065; x_wconf 91' lang='lat' dir='ltr'><strong>ministrans</strong></span> <span class='ocrx_word' id='word_1_444' title='bbox 1637 4005 1930 4078; x_wconf 89' lang='lat' dir='ltr'><strong>permansit</strong></span> 
     </span>
    </p>
   </div>
   <div class='ocr_carea' id='block_1_56' title="bbox 2011 2805 3593 2879">
    <p class='ocr_par' dir='ltr' id='par_1_56' title="bbox 2011 2805 3593 2879">
     <span class='ocr_line' id='line_1_56' title="bbox 2011 2805 3593 2879; baseline -0.005 -15"><span class='ocrx_word' id='word_1_445' title='bbox 2011 2825 2138 2879; x_wconf 85' lang='lat' dir='ltr'><strong>ergo</strong></span> <span class='ocrx_word' id='word_1_446' title='bbox 2184 2809 2437 2878; x_wconf 76' lang='lat' dir='ltr'><strong>coepisset</strong></span> <span class='ocrx_word' id='word_1_447' title='bbox 2468 2809 2629 2864; x_wconf 90' lang='lat' dir='ltr'><strong>vitam</strong></span> <span class='ocrx_word' id='word_1_448' title='bbox 2659 2809 2830 2862; x_wconf 85' lang='lat' dir='ltr'><strong>saneti</strong></span> <span class='ocrx_word' id='word_1_449' title='bbox 2862 2808 2977 2862; x_wconf 91' lang='lat' dir='ltr'><strong>sine</strong></span> <span class='ocrx_word' id='word_1_450' title='bbox 3022 2807 3300 2872; x_wconf 87' lang='lat' dir='ltr'><strong>mendacio</strong></span> <span class='ocrx_word' id='word_1_451' title='bbox 3331 2805 3554 2860; x_wconf 88' lang='lat' dir='ltr'><strong>recitare</strong></span> <span class='ocrx_word' id='word_1_452' title='bbox 3579 2846 3593 2868; x_wconf 90' lang='lat'><strong>,</strong></span> 
     </span>
    </p>
   </div>
   <div class='ocr_carea' id='block_1_57' title="bbox 2015 2898 3597 2971">
    <p class='ocr_par' dir='ltr' id='par_1_57' title="bbox 2015 2898 3597 2971">
     <span class='ocr_line' id='line_1_57' title="bbox 2015 2898 3597 2971; baseline -0.003 -14"><span class='ocrx_word' id='word_1_453' title='bbox 2015 2902 2272 2967; x_wconf 89' lang='lat' dir='ltr'><strong>Primum,</strong></span> <span class='ocrx_word' id='word_1_454' title='bbox 2301 2899 2492 2971; x_wconf 90' lang='lat' dir='ltr'><strong>inquit,</strong></span> <span class='ocrx_word' id='word_1_455' title='bbox 2523 2910 2576 2955; x_wconf 92' lang='lat' dir='ltr'><strong>et</strong></span> <span class='ocrx_word' id='word_1_456' title='bbox 2607 2903 2934 2970; x_wconf 75' lang='lat' dir='ltr'><strong>prtncipuum</strong></span> <span class='ocrx_word' id='word_1_457' title='bbox 2966 2901 3158 2954; x_wconf 88' lang='lat' dir='ltr'><strong>bonum</strong></span> <span class='ocrx_word' id='word_1_458' title='bbox 3189 2900 3300 2968; x_wconf 89' lang='lat' dir='ltr'><strong>ejus</strong></span> <span class='ocrx_word' id='word_1_459' title='bbox 3326 2898 3597 2968; x_wconf 83' lang='lat' dir='ltr'><strong>fuit,qno-</strong></span> 
     </span>
    </p>
   </div>
   <div class='ocr_carea' id='block_1_58' title="bbox 2016 2991 3600 3062">
    <p class='ocr_par' dir='ltr' id='par_1_58' title="bbox 2016 2991 3600 3062">
     <span class='ocr_line' id='line_1_58' title="bbox 2016 2991 3600 3062; baseline -0.004 -14"><span class='ocrx_word' id='word_1_460' title='bbox 2016 2994 2158 3048; x_wconf 92' lang='lat' dir='ltr'><strong>niam</strong></span> <span class='ocrx_word' id='word_1_461' title='bbox 2183 2993 2506 3048; x_wconf 88' lang='lat' dir='ltr'><strong>omnimodis</strong></span> <span class='ocrx_word' id='word_1_462' title='bbox 2539 3008 2642 3046; x_wconf 93' lang='lat' dir='ltr'><strong>non</strong></span> <span class='ocrx_word' id='word_1_463' title='bbox 2670 2992 2887 3062; x_wconf 89' lang='lat' dir='ltr'><strong>juravit.</strong></span> <span class='ocrx_word' id='word_1_464' title='bbox 2923 2991 3056 3046; x_wconf 86' lang='lat' dir='ltr'><strong>Petii</strong></span> <span class='ocrx_word' id='word_1_465' title='bbox 3087 2991 3242 3060; x_wconf 79' lang='lat' dir='ltr'><strong>igitur</strong></span> <span class='ocrx_word' id='word_1_466' title='bbox 3272 2993 3511 3044; x_wconf 88' lang='lat' dir='ltr'><strong>chartam</strong></span> <span class='ocrx_word' id='word_1_467' title='bbox 3545 2997 3600 3042; x_wconf 89' lang='lat' dir='ltr'><strong>et</strong></span> 
     </span>
    </p>
   </div>
   <div class='ocr_carea' id='block_1_59' title="bbox 2017 3084 3595 3154">
    <p class='ocr_par' dir='ltr' id='par_1_59' title="bbox 2017 3084 3595 3154">
     <span class='ocr_line' id='line_1_59' title="bbox 2017 3084 3595 3154; baseline -0.003 -15"><span class='ocrx_word' id='word_1_468' title='bbox 2017 3086 2478 3154; x_wconf 88' lang='lat' dir='ltr'><strong>atramentarium,</strong></span> <span class='ocrx_word' id='word_1_469' title='bbox 2511 3093 2565 3140; x_wconf 90' lang='lat' dir='ltr'><strong>et</strong></span> <span class='ocrx_word' id='word_1_470' title='bbox 2589 3099 2708 3154; x_wconf 64' lang='lat' dir='ltr'><strong>quae</strong></span> <span class='ocrx_word' id='word_1_471' title='bbox 2735 3085 3073 3148; x_wconf 87' lang='lat' dir='ltr'><strong>dicebantur,</strong></span> <span class='ocrx_word' id='word_1_472' title='bbox 3109 3099 3201 3152; x_wconf 86' lang='lat' dir='ltr'><strong>per</strong></span> <span class='ocrx_word' id='word_1_473' title='bbox 3229 3084 3473 3137; x_wconf 90' lang='lat' dir='ltr'><strong>ordinem</strong></span> <span class='ocrx_word' id='word_1_474' title='bbox 3498 3097 3595 3134; x_wconf 89' lang='lat' dir='ltr'><strong>an-</strong></span> 
     </span>
    </p>
   </div>
   <div class='ocr_carea' id='block_1_60' title="bbox 2020 3176 2292 3231">
    <p class='ocr_par' dir='ltr' id='par_1_60' title="bbox 2020 3176 2292 3231">
     <span class='ocr_line' id='line_1_60' title="bbox 2020 3176 2292 3231; baseline -0.007 -1"><span class='ocrx_word' id='word_1_475' title='bbox 2020 3176 2292 3231; x_wconf 88' lang='lat' dir='ltr'><strong>notabam.</strong></span> 
     </span>
    </p>
   </div>
   <div class='ocr_carea' id='block_1_61' title="bbox 2091 3266 3604 3337">
    <p class='ocr_par' dir='ltr' id='par_1_61' title="bbox 2091 3266 3604 3337">
     <span class='ocr_line' id='line_1_61' title="bbox 2091 3266 3604 3337; baseline -0.003 -13"><span class='ocrx_word' id='word_1_476' title='bbox 2091 3268 2222 3325; x_wconf 70' lang='lat' dir='ltr'><strong>Cap.</strong></span> <span class='ocrx_word' id='word_1_477' title='bbox 2256 3268 2319 3324; x_wconf 91' lang='grc'>11.</span> <span class='ocrx_word' id='word_1_478' title='bbox 2342 3267 2719 3323; x_wconf 82' lang='lat' dir='ltr'><strong>—Promotus</strong></span> <span class='ocrx_word' id='word_1_479' title='bbox 2749 3281 2898 3337; x_wconf 76' lang='lat' dir='ltr'><strong>ergo,</strong></span> <span class='ocrx_word' id='word_1_480' title='bbox 2930 3277 2981 3321; x_wconf 91' lang='lat' dir='ltr'><strong>et</strong></span> <span class='ocrx_word' id='word_1_481' title='bbox 3033 3269 3084 3321; x_wconf 91' lang='lat' dir='ltr'><strong>in</strong></span> <span class='ocrx_word' id='word_1_482' title='bbox 3134 3267 3329 3322; x_wconf 91' lang='lat' dir='ltr'><strong>throno</strong></span> <span class='ocrx_word' id='word_1_483' title='bbox 3366 3266 3604 3321; x_wconf 87' lang='lat' dir='ltr'><strong>residens</strong></span> 
     </span>
    </p>
   </div>
   <div class='ocr_carea' id='block_1_62' title="bbox 2023 3359 3606 3429">
    <p class='ocr_par' dir='ltr' id='par_1_62' title="bbox 2023 3359 3606 3429">
     <span class='ocr_line' id='line_1_62' title="bbox 2023 3359 3606 3429; baseline -0.004 -13"><span class='ocrx_word' id='word_1_484' title='bbox 2023 3364 2076 3416; x_wconf 93' lang='lat' dir='ltr'><strong>in</strong></span> <span class='ocrx_word' id='word_1_485' title='bbox 2101 3362 2267 3416; x_wconf 89' lang='lat' dir='ltr'><strong>amica</strong></span> <span class='ocrx_word' id='word_1_486' title='bbox 2299 3360 2496 3416; x_wconf 89' lang='lat' dir='ltr'><strong>Christi</strong></span> <span class='ocrx_word' id='word_1_487' title='bbox 2529 3374 2717 3429; x_wconf 83' lang='lat' dir='ltr'><strong>magna</strong></span> <span class='ocrx_word' id='word_1_488' title='bbox 2751 3360 2964 3414; x_wconf 83' lang='lat' dir='ltr'><strong>civitate</strong></span> <span class='ocrx_word' id='word_1_489' title='bbox 3010 3359 3353 3422; x_wconf 76' lang='lat' dir='ltr'><strong>Alexandria,</strong></span> <span class='ocrx_word' id='word_1_490' title='bbox 3387 3359 3606 3412; x_wconf 80' lang='lat' dir='ltr'><strong>decreto</strong></span> 
     </span>
    </p>
   </div>
   <div class='ocr_carea' id='block_1_63' title="bbox 2026 3451 3608 3520">
    <p class='ocr_par' dir='ltr' id='par_1_63' title="bbox 2026 3451 3608 3520">
     <span class='ocr_line' id='line_1_63' title="bbox 2026 3451 3608 3520; baseline -0.004 -12"><span class='ocrx_word' id='word_1_491' title='bbox 2026 3454 2204 3508; x_wconf 91' lang='lat' dir='ltr'><strong>divino</strong></span> <span class='ocrx_word' id='word_1_492' title='bbox 2250 3453 2532 3514; x_wconf 82' lang='lat' dir='ltr'><strong>veraciter,</strong></span> <span class='ocrx_word' id='word_1_493' title='bbox 2565 3461 2618 3506; x_wconf 91' lang='lat' dir='ltr'><strong>et</strong></span> <span class='ocrx_word' id='word_1_494' title='bbox 2665 3467 2770 3505; x_wconf 89' lang='lat' dir='ltr'><strong>non</strong></span> <span class='ocrx_word' id='word_1_495' title='bbox 2815 3468 2876 3504; x_wconf 69' lang='lat' dir='ltr'><strong>ex</strong></span> <span class='ocrx_word' id='word_1_496' title='bbox 2933 3451 3260 3517; x_wconf 90' lang='lat' dir='ltr'><strong>hominibus,</strong></span> <span class='ocrx_word' id='word_1_497' title='bbox 3297 3466 3466 3520; x_wconf 87' lang='lat' dir='ltr'><strong>neque</strong></span> <span class='ocrx_word' id='word_1_498' title='bbox 3519 3467 3608 3515; x_wconf 76' lang='lat' dir='ltr'><strong>per</strong></span> 
     </span>
    </p>
   </div>
   <div class='ocr_carea' id='block_1_64' title="bbox 2028 3543 3609 3614">
    <p class='ocr_par' dir='ltr' id='par_1_64' title="bbox 2028 3543 3609 3614">
     <span class='ocr_line' id='line_1_64' title="bbox 2028 3543 3609 3614; baseline -0.003 -16"><span class='ocrx_word' id='word_1_499' title='bbox 2028 3547 2292 3611; x_wconf 86' lang='lat' dir='ltr'><strong>homines,</strong></span> <span class='ocrx_word' id='word_1_500' title='bbox 2323 3547 2422 3599; x_wconf 86' lang='lat' dir='ltr'><strong>hoc</strong></span> <span class='ocrx_word' id='word_1_501' title='bbox 2452 3545 2678 3613; x_wconf 89' lang='lat' dir='ltr'><strong>primum</strong></span> <span class='ocrx_word' id='word_1_502' title='bbox 2714 3544 2852 3598; x_wconf 77' lang='lat' dir='ltr'><strong>forte</strong></span> <span class='ocrx_word' id='word_1_503' title='bbox 2882 3543 3076 3597; x_wconf 83' lang='lat' dir='ltr'><strong>iactum</strong></span> <span class='ocrx_word' id='word_1_504' title='bbox 3107 3552 3154 3598; x_wconf 90' lang='lat' dir='ltr'><strong>et</strong></span> <span class='ocrx_word' id='word_1_505' title='bbox 3188 3544 3466 3614; x_wconf 69' lang='lat' dir='ltr'><strong>praemium</strong></span> <span class='ocrx_word' id='word_1_506' title='bbox 3498 3559 3609 3597; x_wconf 72' lang='grc' dir='ltr'><strong>οιιμ</strong></span> 
     </span>
    </p>
   </div>
   <div class='ocr_carea' id='block_1_65' title="bbox 2028 3637 3611 3707">
    <p class='ocr_par' dir='ltr' id='par_1_65' title="bbox 2028 3637 3611 3707">
     <span class='ocr_line' id='line_1_65' title="bbox 2028 3637 3611 3707; baseline -0.004 -12"><span class='ocrx_word' id='word_1_507' title='bbox 2028 3643 2182 3697; x_wconf 89' lang='lat' dir='ltr'><strong>nibus</strong></span> <span class='ocrx_word' id='word_1_508' title='bbox 2207 3640 2614 3696; x_wconf 87' lang='lat' dir='ltr'><strong>demonstravit.</strong></span> <span class='ocrx_word' id='word_1_509' title='bbox 2639 3639 2854 3693; x_wconf 84' lang='lat' dir='ltr'><strong>Mittens</strong></span> <span class='ocrx_word' id='word_1_510' title='bbox 2877 3637 3017 3692; x_wconf 90' lang='lat' dir='ltr'><strong>enim</strong></span> <span class='ocrx_word' id='word_1_511' title='bbox 3044 3654 3162 3691; x_wconf 85' lang='lat' dir='ltr'><strong>mox</strong></span> <span class='ocrx_word' id='word_1_512' title='bbox 3189 3637 3611 3707; x_wconf 85' lang='lat' dir='ltr'><strong>dispensatores,</strong></span> 
     </span>
    </p>
   </div>
   <div class='ocr_carea' id='block_1_66' title="bbox 2029 3733 3612 3805">
    <p class='ocr_par' dir='ltr' id='par_1_66' title="bbox 2029 3733 3612 3805">
     <span class='ocr_line' id='line_1_66' title="bbox 2029 3733 3612 3805; baseline -0.004 -12"><span class='ocrx_word' id='word_1_513' title='bbox 2029 3746 2083 3793; x_wconf 88' lang='lat' dir='ltr'><strong>et</strong></span> <span class='ocrx_word' id='word_1_514' title='bbox 2111 3752 2232 3791; x_wconf 90' lang='lat' dir='ltr'><strong>eum</strong></span> <span class='ocrx_word' id='word_1_515' title='bbox 2275 3735 2363 3805; x_wconf 90' lang='lat' dir='ltr'><strong>qui</strong></span> <span class='ocrx_word' id='word_1_516' title='bbox 2393 3734 2671 3788; x_wconf 85' lang='lat' dir='ltr'><strong>dicebatur</strong></span> <span class='ocrx_word' id='word_1_517' title='bbox 2713 3749 2873 3801; x_wconf 90' lang='lat' dir='ltr'><strong>super</strong></span> <span class='ocrx_word' id='word_1_518' title='bbox 2899 3747 3083 3803; x_wconf 89' lang='lat' dir='ltr'><strong>pacem</strong></span> <span class='ocrx_word' id='word_1_519' title='bbox 3119 3733 3256 3804; x_wconf 85' lang='lat' dir='ltr'><strong>(l6),</strong></span> <span class='ocrx_word' id='word_1_520' title='bbox 3285 3733 3412 3787; x_wconf 88' lang='lat' dir='ltr'><strong>dicit</strong></span> <span class='ocrx_word' id='word_1_521' title='bbox 3433 3747 3612 3787; x_wconf 74' lang='lat' dir='ltr'><strong>coram</strong></span> 
     </span>
    </p>
   </div>
   <div class='ocr_carea' id='block_1_67' title="bbox 2031 3823 3616 3895">
    <p class='ocr_par' dir='ltr' id='par_1_67' title="bbox 2031 3823 3616 3895">
     <span class='ocr_line' id='line_1_67' title="bbox 2031 3823 3616 3895; baseline -0.005 -12"><span class='ocrx_word' id='word_1_522' title='bbox 2031 3831 2279 3886; x_wconf 83' lang='lat' dir='ltr'><strong>omnibus</strong></span> <span class='ocrx_word' id='word_1_523' title='bbox 2307 3828 2372 3883; x_wconf 88' lang='lat' dir='ltr'><strong>ad</strong></span> <span class='ocrx_word' id='word_1_524' title='bbox 2405 3844 2498 3882; x_wconf 88' lang='lat' dir='ltr'><strong>eos</strong></span> <span class='ocrx_word' id='word_1_525' title='bbox 2527 3828 2580 3882; x_wconf 91' lang='lat' dir='ltr'><strong>in</strong></span> <span class='ocrx_word' id='word_1_526' title='bbox 2627 3826 2926 3881; x_wconf 86' lang='lat' dir='ltr'><strong>honorabili</strong></span> <span class='ocrx_word' id='word_1_527' title='bbox 2969 3836 3177 3881; x_wconf 87' lang='lat' dir='ltr'><strong>secreto</strong></span> <span class='ocrx_word' id='word_1_528' title='bbox 3205 3825 3317 3895; x_wconf 87' lang='lat' dir='ltr'><strong>(l7)</strong></span> <span class='ocrx_word' id='word_1_529' title='bbox 3346 3823 3496 3877; x_wconf 87' lang='lat' dir='ltr'><strong>:Non</strong></span> <span class='ocrx_word' id='word_1_530' title='bbox 3525 3823 3616 3892; x_wconf 87' lang='lat' dir='ltr'><strong>ju-</strong></span> 
     </span>
    </p>
   </div>
   <div class='ocr_carea' id='block_1_68' title="bbox 2031 3917 3610 3987">
    <p class='ocr_par' dir='ltr' id='par_1_68' title="bbox 2031 3917 3610 3987">
     <span class='ocr_line' id='line_1_68' title="bbox 2031 3917 3610 3987; baseline -0.006 -10"><span class='ocrx_word' id='word_1_531' title='bbox 2031 3934 2171 3978; x_wconf 90' lang='lat' dir='ltr'><strong>stum</strong></span> <span class='ocrx_word' id='word_1_532' title='bbox 2204 3931 2304 3987; x_wconf 91' lang='lat' dir='ltr'><strong>est,</strong></span> <span class='ocrx_word' id='word_1_533' title='bbox 2330 3921 2542 3983; x_wconf 84' lang='lat' dir='ltr'><strong>fratres,</strong></span> <span class='ocrx_word' id='word_1_534' title='bbox 2573 3933 2670 3974; x_wconf 90' lang='lat' dir='ltr'><strong>nos</strong></span> <span class='ocrx_word' id='word_1_535' title='bbox 2697 3925 2820 3973; x_wconf 90' lang='lat' dir='ltr'><strong>ante</strong></span> <span class='ocrx_word' id='word_1_536' title='bbox 2845 3917 3063 3972; x_wconf 89' lang='lat' dir='ltr'><strong>alterius</strong></span> <span class='ocrx_word' id='word_1_537' title='bbox 3085 3919 3398 3986; x_wconf 89' lang='lat' dir='ltr'><strong>cujusquam</strong></span> <span class='ocrx_word' id='word_1_538' title='bbox 3427 3930 3610 3969; x_wconf 87' lang='lat' dir='ltr'><strong>curam</strong></span> 
     </span>
    </p>
   </div>
   <div class='ocr_carea' id='block_1_69' title="bbox 2036 4010 3616 4084">
    <p class='ocr_par' dir='ltr' id='par_1_69' title="bbox 2036 4010 3616 4084">
     <span class='ocr_line' id='line_1_69' title="bbox 2036 4010 3616 4084; baseline -0.004 -16"><span class='ocrx_word' id='word_1_539' title='bbox 2036 4017 2231 4071; x_wconf 89' lang='lat' dir='ltr'><strong>habere</strong></span> <span class='ocrx_word' id='word_1_540' title='bbox 2276 4030 2433 4084; x_wconf 89' lang='lat' dir='ltr'><strong>quam</strong></span> <span class='ocrx_word' id='word_1_541' title='bbox 2481 4012 2703 4068; x_wconf 88' lang='lat' dir='ltr'><strong>Christi.</strong></span> <span class='ocrx_word' id='word_1_542' title='bbox 2752 4011 2909 4066; x_wconf 92' lang='lat' dir='ltr'><strong>Omni</strong></span> <span class='ocrx_word' id='word_1_543' title='bbox 2953 4025 3080 4065; x_wconf 89' lang='lat' dir='ltr'><strong>vero</strong></span> <span class='ocrx_word' id='word_1_544' title='bbox 3130 4010 3469 4065; x_wconf 90' lang='lat' dir='ltr'><strong>multitudine</strong></span> <span class='ocrx_word' id='word_1_545' title='bbox 3499 4024 3616 4078; x_wconf 64' lang='lat' dir='ltr'><strong>qua:</strong></span> 
     </span>
    </p>
   </div>
   <div class='ocr_carea' id='block_1_70' title="bbox 353 4100 3610 4181">
    <p class='ocr_par' dir='ltr' id='par_1_70' title="bbox 353 4100 3610 4181">
     <span class='ocr_line' id='line_1_70' title="bbox 353 4100 3610 4181; baseline -0.008 0"><span class='ocrx_word' id='word_1_546' title='bbox 353 4114 566 4179; x_wconf 58' lang='lat' dir='ltr'><strong>Nam“.</strong></span> <span class='ocrx_word' id='word_1_547' title='bbox 597 4123 651 4168; x_wconf 65' lang='lat' dir='ltr'><strong>ei</strong></span> <span class='ocrx_word' id='word_1_548' title='bbox 678 4122 930 4181; x_wconf 66' lang='grc' dir='ltr'><strong>ιθηίιιιειηι</strong></span> <span class='ocrx_word' id='word_1_549' title='bbox 962 4108 1100 4162; x_wconf 66' lang='lat'><strong>“&quot;05</strong></span> <span class='ocrx_word' id='word_1_550' title='bbox 1128 4104 1380 4176; x_wconf 69' lang='grc' dir='ltr'><strong>Ρτοῗπίυδ</strong></span> <span class='ocrx_word' id='word_1_551' title='bbox 1425 4103 1588 4170; x_wconf 64' lang='grc' dir='ltr'><strong>Ρδῑτίε</strong></span> <span class='ocrx_word' id='word_1_552' title='bbox 1614 4100 1930 4155; x_wconf 70' lang='grc' dir='ltr'><strong>ίηάυεῑτίεῐῐι</strong></span> <span class='ocrx_word' id='word_1_553' title='bbox 1966 4110 2015 4178; x_wconf 82' lang='lat' dir='ltr'><strong>C</strong></span> <span class='ocrx_word' id='word_1_554' title='bbox 2044 4118 2385 4172; x_wconf 87' lang='lat' dir='ltr'><strong>convenerat,</strong></span> <span class='ocrx_word' id='word_1_555' title='bbox 2414 4105 2594 4161; x_wconf 88' lang='lat' dir='ltr'><strong>audito</strong></span> <span class='ocrx_word' id='word_1_556' title='bbox 2640 4105 2804 4160; x_wconf 85' lang='lat' dir='ltr'><strong>verbo</strong></span> <span class='ocrx_word' id='word_1_557' title='bbox 2846 4115 3161 4174; x_wconf 91' lang='lat' dir='ltr'><strong>compuncta</strong></span> <span class='ocrx_word' id='word_1_558' title='bbox 3203 4119 3263 4156; x_wconf 91' lang='lat' dir='ltr'><strong>ac</strong></span> <span class='ocrx_word' id='word_1_559' title='bbox 3293 4104 3610 4165; x_wconf 84' lang='lat' dir='ltr'><strong>sustinente,</strong></span> 
     </span>
    </p>
   </div>
   <div class='ocr_carea' id='block_1_71' title="bbox 357 4190 1932 4278">
    <p class='ocr_par' dir='ltr' id='par_1_71' title="bbox 357 4190 1932 4278">
     <span class='ocr_line' id='line_1_71' title="bbox 357 4190 1932 4278; baseline -0.013 -14"><span class='ocrx_word' id='word_1_560' title='bbox 357 4208 612 4278; x_wconf 89' lang='lat' dir='ltr'><strong>suscepit,</strong></span> <span class='ocrx_word' id='word_1_561' title='bbox 643 4205 856 4260; x_wconf 89' lang='lat' dir='ltr'><strong>dicente</strong></span> <span class='ocrx_word' id='word_1_562' title='bbox 886 4210 1072 4257; x_wconf 90' lang='lat' dir='ltr'><strong>sancto</strong></span> <span class='ocrx_word' id='word_1_563' title='bbox 1101 4199 1168 4253; x_wconf 90' lang='lat' dir='ltr'><strong>ad</strong></span> <span class='ocrx_word' id='word_1_564' title='bbox 1197 4211 1314 4252; x_wconf 88' lang='lat' dir='ltr'><strong>eum</strong></span> <span class='ocrx_word' id='word_1_565' title='bbox 1340 4213 1353 4252; x_wconf 88' lang='lat'>:</span> <span class='ocrx_word' id='word_1_566' title='bbox 1382 4195 1610 4250; x_wconf 84' lang='lat' dir='ltr'><strong>Humilis</strong></span> <span class='ocrx_word' id='word_1_567' title='bbox 1652 4190 1932 4256; x_wconf 82' lang='lat' dir='ltr'><strong>Zacharia,</strong></span> 
     </span>
    </p>
   </div>
   <div class='ocr_carea' id='block_1_72' title="bbox 358 4286 1941 4363">
    <p class='ocr_par' dir='ltr' id='par_1_72' title="bbox 358 4286 1941 4363">
     <span class='ocr_line' id='line_1_72' title="bbox 358 4286 1941 4363; baseline -0.013 -5"><span class='ocrx_word' id='word_1_568' title='bbox 358 4311 474 4357; x_wconf 86' lang='lat' dir='ltr'><strong>esto</strong></span> <span class='ocrx_word' id='word_1_569' title='bbox 503 4299 843 4363; x_wconf 87' lang='lat' dir='ltr'><strong>misericors;</strong></span> <span class='ocrx_word' id='word_1_570' title='bbox 869 4305 922 4351; x_wconf 92' lang='lat' dir='ltr'><strong>et</strong></span> <span class='ocrx_word' id='word_1_571' title='bbox 947 4296 1168 4349; x_wconf 87' lang='lat' dir='ltr'><strong>verbum</strong></span> <span class='ocrx_word' id='word_1_572' title='bbox 1196 4293 1362 4346; x_wconf 88' lang='lat' dir='ltr'><strong>habes</strong></span> <span class='ocrx_word' id='word_1_573' title='bbox 1387 4306 1455 4345; x_wconf 88' lang='lat' dir='ltr'><strong>ex</strong></span> <span class='ocrx_word' id='word_1_574' title='bbox 1499 4290 1609 4344; x_wconf 89' lang='lat' dir='ltr'><strong>Deo</strong></span> <span class='ocrx_word' id='word_1_575' title='bbox 1639 4303 1732 4358; x_wconf 89' lang='lat' dir='ltr'><strong>per</strong></span> <span class='ocrx_word' id='word_1_576' title='bbox 1759 4286 1941 4342; x_wconf 81' lang='lat' dir='ltr'><strong>infeli-</strong></span> 
     </span>
    </p>
   </div>
   <div class='ocr_carea' id='block_1_73' title="bbox 360 4384 1942 4458">
    <p class='ocr_par' dir='ltr' id='par_1_73' title="bbox 360 4384 1942 4458">
     <span class='ocr_line' id='line_1_73' title="bbox 360 4384 1942 4458; baseline -0.01 -9"><span class='ocrx_word' id='word_1_577' title='bbox 360 4398 576 4450; x_wconf 87' lang='lat' dir='ltr'><strong>citatem</strong></span> <span class='ocrx_word' id='word_1_578' title='bbox 609 4405 805 4458; x_wconf 88' lang='lat' dir='ltr'><strong>meam,</strong></span> <span class='ocrx_word' id='word_1_579' title='bbox 841 4389 964 4458; x_wconf 88' lang='lat' dir='ltr'><strong>quia</strong></span> <span class='ocrx_word' id='word_1_580' title='bbox 995 4400 1166 4456; x_wconf 89' lang='lat' dir='ltr'><strong>neque</strong></span> <span class='ocrx_word' id='word_1_581' title='bbox 1206 4384 1258 4437; x_wconf 90' lang='lat' dir='ltr'><strong>in</strong></span> <span class='ocrx_word' id='word_1_582' title='bbox 1299 4384 1406 4437; x_wconf 88' lang='lat' dir='ltr'><strong>vita</strong></span> <span class='ocrx_word' id='word_1_583' title='bbox 1439 4397 1554 4436; x_wconf 89' lang='lat' dir='ltr'><strong>mea</strong></span> <span class='ocrx_word' id='word_1_584' title='bbox 1602 4395 1774 4451; x_wconf 89' lang='lat' dir='ltr'><strong>neque</strong></span> <span class='ocrx_word' id='word_1_585' title='bbox 1821 4387 1942 4448; x_wconf 89' lang='lat' dir='ltr'><strong>post</strong></span> 
     </span>
    </p>
   </div>
   <div class='ocr_carea' id='block_1_74' title="bbox 364 4463 1938 4546">
    <p class='ocr_par' dir='ltr' id='par_1_74' title="bbox 364 4463 1938 4546">
     <span class='ocr_line' id='line_1_74' title="bbox 364 4463 1938 4546; baseline -0.011 -5"><span class='ocrx_word' id='word_1_586' title='bbox 364 4495 589 4541; x_wconf 89' lang='lat' dir='ltr'><strong>mortem</strong></span> <span class='ocrx_word' id='word_1_587' title='bbox 614 4483 788 4540; x_wconf 87' lang='lat' dir='ltr'><strong>deerit</strong></span> <span class='ocrx_word' id='word_1_588' title='bbox 815 4496 844 4534; x_wconf 90' lang='lat' dir='ltr'><strong>a</strong></span> <span class='ocrx_word' id='word_1_589' title='bbox 873 4463 924 4534; x_wconf 85' lang='lat' dir='ltr'><strong>te</strong></span> <span class='ocrx_word' id='word_1_590' title='bbox 972 4480 1142 4537; x_wconf 83' lang='lat' dir='ltr'><strong>Deus;</strong></span> <span class='ocrx_word' id='word_1_591' title='bbox 1174 4475 1316 4546; x_wconf 89' lang='lat' dir='ltr'><strong>quod</strong></span> <span class='ocrx_word' id='word_1_592' title='bbox 1342 4485 1520 4530; x_wconf 89' lang='lat' dir='ltr'><strong>servat</strong></span> <span class='ocrx_word' id='word_1_593' title='bbox 1549 4487 1717 4542; x_wconf 87' lang='lat' dir='ltr'><strong>usque</strong></span> <span class='ocrx_word' id='word_1_594' title='bbox 1757 4471 1938 4527; x_wconf 90' lang='lat' dir='ltr'><strong>hodie.</strong></span> 
     </span>
    </p>
   </div>
   <div class='ocr_carea' id='block_1_75' title="bbox 365 4564 1944 4634">
    <p class='ocr_par' dir='ltr' id='par_1_75' title="bbox 365 4564 1944 4634">
     <span class='ocr_line' id='line_1_75' title="bbox 365 4564 1944 4634; baseline -0.011 0"><span class='ocrx_word' id='word_1_595' title='bbox 365 4579 554 4634; x_wconf 82' lang='lat' dir='ltr'><strong>Multas</strong></span> <span class='ocrx_word' id='word_1_596' title='bbox 583 4577 725 4632; x_wconf 87' lang='lat' dir='ltr'><strong>enim</strong></span> <span class='ocrx_word' id='word_1_597' title='bbox 769 4572 1168 4630; x_wconf 85' lang='lat' dir='ltr'><strong>benedictiones</strong></span> <span class='ocrx_word' id='word_1_598' title='bbox 1203 4567 1366 4623; x_wconf 91' lang='lat' dir='ltr'><strong>mittit</strong></span> <span class='ocrx_word' id='word_1_599' title='bbox 1408 4568 1456 4621; x_wconf 90' lang='lat' dir='ltr'><strong>ei</strong></span> <span class='ocrx_word' id='word_1_600' title='bbox 1507 4567 1669 4630; x_wconf 90' lang='lat' dir='ltr'><strong>Deus,</strong></span> <span class='ocrx_word' id='word_1_601' title='bbox 1698 4564 1793 4619; x_wconf 88' lang='lat' dir='ltr'><strong>sed</strong></span> <span class='ocrx_word' id='word_1_602' title='bbox 1838 4579 1944 4617; x_wconf 90' lang='lat' dir='ltr'><strong>non</strong></span> 
     </span>
    </p>
   </div>
   <div class='ocr_carea' id='block_1_76' title="bbox 367 4657 1939 4740">
    <p class='ocr_par' dir='ltr' id='par_1_76' title="bbox 367 4657 1939 4740">
     <span class='ocr_line' id='line_1_76' title="bbox 367 4657 1939 4740; baseline -0.014 -11"><span class='ocrx_word' id='word_1_603' title='bbox 367 4674 588 4729; x_wconf 91' lang='lat' dir='ltr'><strong>dimittit</strong></span> <span class='ocrx_word' id='word_1_604' title='bbox 615 4670 923 4740; x_wconf 79' lang='lat' dir='ltr'><strong>quidquam,</strong></span> <span class='ocrx_word' id='word_1_605' title='bbox 955 4664 1096 4734; x_wconf 90' lang='lat' dir='ltr'><strong>quod</strong></span> <span class='ocrx_word' id='word_1_606' title='bbox 1128 4677 1233 4717; x_wconf 90' lang='lat' dir='ltr'><strong>non</strong></span> <span class='ocrx_word' id='word_1_607' title='bbox 1264 4662 1442 4716; x_wconf 86' lang='lat' dir='ltr'><strong>statim</strong></span> <span class='ocrx_word' id='word_1_608' title='bbox 1475 4659 1567 4713; x_wconf 88' lang='lat' dir='ltr'><strong>det</strong></span> <span class='ocrx_word' id='word_1_609' title='bbox 1597 4657 1939 4727; x_wconf 89' lang='lat' dir='ltr'><strong>pauperibus,</strong></span> 
     </span>
    </p>
   </div>
   <div class='ocr_carea' id='block_1_77' title="bbox 369 4747 1946 4834">
    <p class='ocr_par' dir='ltr' id='par_1_77' title="bbox 369 4747 1946 4834">
     <span class='ocr_line' id='line_1_77' title="bbox 369 4747 1946 4834; baseline -0.014 -13"><span class='ocrx_word' id='word_1_610' title='bbox 369 4762 753 4834; x_wconf 85' lang='lat' dir='ltr'><strong>propemodum</strong></span> <span class='ocrx_word' id='word_1_611' title='bbox 801 4757 1180 4824; x_wconf 74' lang='lat' dir='ltr'><strong>constringens</strong></span> <span class='ocrx_word' id='word_1_612' title='bbox 1236 4760 1291 4806; x_wconf 91' lang='lat' dir='ltr'><strong>et</strong></span> <span class='ocrx_word' id='word_1_613' title='bbox 1336 4751 1388 4804; x_wconf 92' lang='lat' dir='ltr'><strong>in</strong></span> <span class='ocrx_word' id='word_1_614' title='bbox 1435 4749 1658 4804; x_wconf 88' lang='lat' dir='ltr'><strong>nihilum</strong></span> <span class='ocrx_word' id='word_1_615' title='bbox 1696 4747 1946 4816; x_wconf 74' lang='lat' dir='ltr'><strong>redigens</strong></span> 
     </span>
    </p>
   </div>
   <div class='ocr_carea' id='block_1_78' title="bbox 369 4837 1944 4913">
    <p class='ocr_par' dir='ltr' id='par_1_78' title="bbox 369 4837 1944 4913">
     <span class='ocr_line' id='line_1_78' title="bbox 369 4837 1944 4913; baseline -0.015 -1"><span class='ocrx_word' id='word_1_616' title='bbox 369 4857 583 4913; x_wconf 88' lang='lat' dir='ltr'><strong>domum</strong></span> <span class='ocrx_word' id='word_1_617' title='bbox 617 4867 785 4908; x_wconf 88' lang='lat' dir='ltr'><strong>suam.</strong></span> <span class='ocrx_word' id='word_1_618' title='bbox 816 4847 1086 4904; x_wconf 81' lang='lat' dir='ltr'><strong>Multoties</strong></span> <span class='ocrx_word' id='word_1_619' title='bbox 1113 4852 1291 4898; x_wconf 86' lang='lat' dir='ltr'><strong>autem</strong></span> <span class='ocrx_word' id='word_1_620' title='bbox 1325 4842 1377 4895; x_wconf 92' lang='lat' dir='ltr'><strong>in</strong></span> <span class='ocrx_word' id='word_1_621' title='bbox 1404 4839 1761 4904; x_wconf 80' lang='lat' dir='ltr'><strong>exsultatione</strong></span> <span class='ocrx_word' id='word_1_622' title='bbox 1795 4837 1944 4891; x_wconf 91' lang='lat' dir='ltr'><strong>inve-</strong></span> 
     </span>
    </p>
   </div>
   <div class='ocr_carea' id='block_1_79' title="bbox 370 4929 1952 5013">
    <p class='ocr_par' dir='ltr' id='par_1_79' title="bbox 370 4929 1952 5013">
     <span class='ocr_line' id='line_1_79' title="bbox 370 4929 1952 5013; baseline -0.016 -8"><span class='ocrx_word' id='word_1_623' title='bbox 370 4957 567 5005; x_wconf 88' lang='lat' dir='ltr'><strong>nerunt</strong></span> <span class='ocrx_word' id='word_1_624' title='bbox 596 4960 716 5002; x_wconf 89' lang='lat' dir='ltr'><strong>eum</strong></span> <span class='ocrx_word' id='word_1_625' title='bbox 759 4941 998 5013; x_wconf 89' lang='lat' dir='ltr'><strong>quidam,</strong></span> <span class='ocrx_word' id='word_1_626' title='bbox 1027 4936 1294 4991; x_wconf 88' lang='lat' dir='ltr'><strong>dicentem</strong></span> <span class='ocrx_word' id='word_1_627' title='bbox 1345 4933 1454 4987; x_wconf 89' lang='lat' dir='ltr'><strong>Deo</strong></span> <span class='ocrx_word' id='word_1_628' title='bbox 1482 4947 1494 4984; x_wconf 95' lang='lat'>:</span> <span class='ocrx_word' id='word_1_629' title='bbox 1519 4930 1610 4985; x_wconf 85' lang='lat' dir='ltr'><strong>Sic</strong></span> <span class='ocrx_word' id='word_1_630' title='bbox 1647 4929 1746 4996; x_wconf 84' lang='lat' dir='ltr'><strong>sic,</strong></span> <span class='ocrx_word' id='word_1_631' title='bbox 1778 4936 1868 4981; x_wconf 91' lang='lat' dir='ltr'><strong>aut</strong></span> <span class='ocrx_word' id='word_1_632' title='bbox 1894 4935 1952 4981; x_wconf 94' lang='lat' dir='ltr'><strong>tu</strong></span> 
     </span>
    </p>
   </div>
   <div class='ocr_carea' id='block_1_80' title="bbox 371 5018 1950 5102">
    <p class='ocr_par' dir='ltr' id='par_1_80' title="bbox 371 5018 1950 5102">
     <span class='ocr_line' id='line_1_80' title="bbox 371 5018 1950 5102; baseline -0.017 -6"><span class='ocrx_word' id='word_1_633' title='bbox 371 5037 654 5102; x_wconf 87' lang='lat' dir='ltr'><strong>mittendo,</strong></span> <span class='ocrx_word' id='word_1_634' title='bbox 683 5041 776 5089; x_wconf 86' lang='lat' dir='ltr'><strong>aut</strong></span> <span class='ocrx_word' id='word_1_635' title='bbox 801 5045 900 5100; x_wconf 73' lang='lat' dir='ltr'><strong>ego</strong></span> <span class='ocrx_word' id='word_1_636' title='bbox 929 5025 1318 5097; x_wconf 77' lang='lat' dir='ltr'><strong>dispergendo;</strong></span> <span class='ocrx_word' id='word_1_637' title='bbox 1351 5021 1655 5077; x_wconf 87' lang='lat' dir='ltr'><strong>videbimus</strong></span> <span class='ocrx_word' id='word_1_638' title='bbox 1680 5032 1809 5072; x_wconf 89' lang='lat' dir='ltr'><strong>vero</strong></span> <span class='ocrx_word' id='word_1_639' title='bbox 1831 5018 1950 5084; x_wconf 84' lang='lat' dir='ltr'><strong>quis</strong></span> 
     </span>
    </p>
   </div>
   <div class='ocr_carea' id='block_1_81' title="bbox 372 5108 1956 5196">
    <p class='ocr_par' dir='ltr' id='par_1_81' title="bbox 372 5108 1956 5196">
     <span class='ocr_line' id='line_1_81' title="bbox 372 5108 1956 5196; baseline -0.013 -10"><span class='ocrx_word' id='word_1_640' title='bbox 372 5135 569 5186; x_wconf 87' lang='lat' dir='ltr'><strong>vincat.</strong></span> <span class='ocrx_word' id='word_1_641' title='bbox 620 5130 812 5196; x_wconf 85' lang='lat' dir='ltr'><strong>Liquet</strong></span> <span class='ocrx_word' id='word_1_642' title='bbox 853 5123 994 5178; x_wconf 85' lang='lat' dir='ltr'><strong>enim</strong></span> <span class='ocrx_word' id='word_1_643' title='bbox 1027 5133 1280 5189; x_wconf 79' lang='lat' dir='ltr'><strong>quoniam</strong></span> <span class='ocrx_word' id='word_1_644' title='bbox 1323 5126 1377 5171; x_wconf 95' lang='lat' dir='ltr'><strong>tu</strong></span> <span class='ocrx_word' id='word_1_645' title='bbox 1403 5108 1592 5180; x_wconf 85' lang='lat' dir='ltr'><strong>dives,</strong></span> <span class='ocrx_word' id='word_1_646' title='bbox 1625 5113 1869 5175; x_wconf 91' lang='lat' dir='ltr'><strong>Domine,</strong></span> <span class='ocrx_word' id='word_1_647' title='bbox 1899 5119 1956 5166; x_wconf 89' lang='lat' dir='ltr'><strong>et</strong></span> 
     </span>
    </p>
   </div>
   <div class='ocr_carea' id='block_1_82' title="bbox 375 5203 1954 5278">
    <p class='ocr_par' dir='ltr' id='par_1_82' title="bbox 375 5203 1954 5278">
     <span class='ocr_line' id='line_1_82' title="bbox 375 5203 1954 5278; baseline -0.011 -3"><span class='ocrx_word' id='word_1_648' title='bbox 375 5225 496 5278; x_wconf 65' lang='lat' dir='ltr'><strong>vitm</strong></span> <span class='ocrx_word' id='word_1_649' title='bbox 523 5229 720 5275; x_wconf 69' lang='lat' dir='ltr'><strong>nostrae</strong></span> <span class='ocrx_word' id='word_1_650' title='bbox 749 5214 1080 5271; x_wconf 88' lang='lat' dir='ltr'><strong>ministrator</strong></span> <span class='ocrx_word' id='word_1_651' title='bbox 1105 5225 1182 5266; x_wconf 90' lang='lat' dir='ltr'><strong>es.</strong></span> <span class='ocrx_word' id='word_1_652' title='bbox 1228 5210 1394 5264; x_wconf 84' lang='lat' dir='ltr'><strong>Porro</strong></span> <span class='ocrx_word' id='word_1_653' title='bbox 1424 5216 1505 5262; x_wconf 91' lang='lat' dir='ltr'><strong>est</strong></span> <span class='ocrx_word' id='word_1_654' title='bbox 1548 5205 1762 5276; x_wconf 89' lang='lat' dir='ltr'><strong>quando</strong></span> <span class='ocrx_word' id='word_1_655' title='bbox 1803 5203 1954 5272; x_wconf 82' lang='lat' dir='ltr'><strong>juxta</strong></span> 
     </span>
    </p>
   </div>
   <div class='ocr_carea' id='block_1_83' title="bbox 377 5297 1953 5373">
    <p class='ocr_par' dir='ltr' id='par_1_83' title="bbox 377 5297 1953 5373">
     <span class='ocr_line' id='line_1_83' title="bbox 377 5297 1953 5373; baseline -0.015 0"><span class='ocrx_word' id='word_1_656' title='bbox 377 5322 626 5373; x_wconf 87' lang='lat' dir='ltr'><strong>eventum</strong></span> <span class='ocrx_word' id='word_1_657' title='bbox 656 5325 763 5366; x_wconf 88' lang='lat' dir='ltr'><strong>non</strong></span> <span class='ocrx_word' id='word_1_658' title='bbox 804 5309 962 5362; x_wconf 91' lang='lat' dir='ltr'><strong>habet</strong></span> <span class='ocrx_word' id='word_1_659' title='bbox 1017 5305 1082 5359; x_wconf 90' lang='lat' dir='ltr'><strong>ad</strong></span> <span class='ocrx_word' id='word_1_660' title='bbox 1139 5305 1323 5358; x_wconf 88' lang='lat' dir='ltr'><strong>horam</strong></span> <span class='ocrx_word' id='word_1_661' title='bbox 1380 5299 1577 5371; x_wconf 88' lang='lat' dir='ltr'><strong>aliquid</strong></span> <span class='ocrx_word' id='word_1_662' title='bbox 1620 5298 1762 5369; x_wconf 92' lang='lat' dir='ltr'><strong>quod</strong></span> <span class='ocrx_word' id='word_1_663' title='bbox 1791 5297 1882 5352; x_wconf 90' lang='lat' dir='ltr'><strong>det</strong></span> <span class='ocrx_word' id='word_1_664' title='bbox 1924 5311 1953 5350; x_wconf 91' lang='lat' dir='ltr'><strong>a</strong></span> 
     </span>
    </p>
   </div>
   <div class='ocr_carea' id='block_1_84' title="bbox 377 5387 1958 5475">
    <p class='ocr_par' dir='ltr' id='par_1_84' title="bbox 377 5387 1958 5475">
     <span class='ocr_line' id='line_1_84' title="bbox 377 5387 1958 5475; baseline -0.013 -13"><span class='ocrx_word' id='word_1_665' title='bbox 377 5421 438 5462; x_wconf 84' lang='lat' dir='ltr'><strong>se</strong></span> <span class='ocrx_word' id='word_1_666' title='bbox 469 5403 698 5475; x_wconf 90' lang='lat' dir='ltr'><strong>petenti;</strong></span> <span class='ocrx_word' id='word_1_667' title='bbox 729 5409 784 5456; x_wconf 90' lang='lat' dir='ltr'><strong>et</strong></span> <span class='ocrx_word' id='word_1_668' title='bbox 821 5400 1060 5453; x_wconf 88' lang='lat' dir='ltr'><strong>tristatus</strong></span> <span class='ocrx_word' id='word_1_669' title='bbox 1097 5395 1226 5449; x_wconf 90' lang='lat' dir='ltr'><strong>dicit</strong></span> <span class='ocrx_word' id='word_1_670' title='bbox 1261 5392 1330 5446; x_wconf 91' lang='lat' dir='ltr'><strong>ad</strong></span> <span class='ocrx_word' id='word_1_671' title='bbox 1371 5391 1730 5446; x_wconf 89' lang='lat' dir='ltr'><strong>tabernarium</strong></span> <span class='ocrx_word' id='word_1_672' title='bbox 1772 5397 1864 5443; x_wconf 87' lang='lat' dir='ltr'><strong>aut</strong></span> <span class='ocrx_word' id='word_1_673' title='bbox 1891 5387 1958 5442; x_wconf 87' lang='lat' dir='ltr'><strong>ad</strong></span> 
     </span>
    </p>
   </div>
   <div class='ocr_carea' id='block_1_85' title="bbox 2041 4193 3618 4266">
    <p class='ocr_par' dir='ltr' id='par_1_85' title="bbox 2041 4193 3618 4266">
     <span class='ocr_line' id='line_1_85' title="bbox 2041 4193 3618 4266; baseline -0.005 -11"><span class='ocrx_word' id='word_1_674' title='bbox 2041 4201 2172 4256; x_wconf 90' lang='lat' dir='ltr'><strong>dicit</strong></span> <span class='ocrx_word' id='word_1_675' title='bbox 2202 4201 2394 4255; x_wconf 90' lang='lat' dir='ltr'><strong>iterum</strong></span> <span class='ocrx_word' id='word_1_676' title='bbox 2421 4200 2512 4254; x_wconf 93' lang='lat' dir='ltr'><strong>ille</strong></span> <span class='ocrx_word' id='word_1_677' title='bbox 2537 4198 2722 4254; x_wconf 88' lang='lat' dir='ltr'><strong>beatus</strong></span> <span class='ocrx_word' id='word_1_678' title='bbox 2750 4199 2985 4253; x_wconf 85' lang='lat' dir='ltr'><strong>:Euntes</strong></span> <span class='ocrx_word' id='word_1_679' title='bbox 3014 4211 3142 4266; x_wconf 72' lang='lat' dir='ltr'><strong>ergo</strong></span> <span class='ocrx_word' id='word_1_680' title='bbox 3171 4201 3265 4266; x_wconf 83' lang='lat' dir='ltr'><strong>per</strong></span> <span class='ocrx_word' id='word_1_681' title='bbox 3293 4204 3454 4250; x_wconf 88' lang='lat' dir='ltr'><strong>totam</strong></span> <span class='ocrx_word' id='word_1_682' title='bbox 3486 4193 3618 4248; x_wconf 89' lang='lat' dir='ltr'><strong>civi-</strong></span> 
     </span>
    </p>
   </div>
   <div class='ocr_carea' id='block_1_86' title="bbox 2041 4288 3614 4362">
    <p class='ocr_par' dir='ltr' id='par_1_86' title="bbox 2041 4288 3614 4362">
     <span class='ocr_line' id='line_1_86' title="bbox 2041 4288 3614 4362; baseline -0.004 -14"><span class='ocrx_word' id='word_1_683' title='bbox 2041 4303 2226 4359; x_wconf 88' lang='lat' dir='ltr'><strong>tatem,</strong></span> <span class='ocrx_word' id='word_1_684' title='bbox 2257 4292 2578 4347; x_wconf 88' lang='lat' dir='ltr'><strong>conscribite</strong></span> <span class='ocrx_word' id='word_1_685' title='bbox 2612 4293 2765 4362; x_wconf 70' lang='lat'><strong>181</strong></span> <span class='ocrx_word' id='word_1_686' title='bbox 2796 4291 2921 4345; x_wconf 88' lang='lat' dir='ltr'><strong>mihi</strong></span> <span class='ocrx_word' id='word_1_687' title='bbox 2948 4305 3116 4359; x_wconf 91' lang='lat' dir='ltr'><strong>usque</strong></span> <span class='ocrx_word' id='word_1_688' title='bbox 3146 4288 3209 4342; x_wconf 90' lang='lat' dir='ltr'><strong>ad</strong></span> <span class='ocrx_word' id='word_1_689' title='bbox 3235 4303 3394 4342; x_wconf 90' lang='lat' dir='ltr'><strong>unum</strong></span> <span class='ocrx_word' id='word_1_690' title='bbox 3425 4301 3614 4341; x_wconf 91' lang='lat' dir='ltr'><strong>omnes</strong></span> 
     </span>
    </p>
   </div>
   <div class='ocr_carea' id='block_1_87' title="bbox 2043 4378 3619 4460">
    <p class='ocr_par' dir='ltr' id='par_1_87' title="bbox 2043 4378 3619 4460">
     <span class='ocr_line' id='line_1_87' title="bbox 2043 4378 3619 4460; baseline -0.006 -20"><span class='ocrx_word' id='word_1_691' title='bbox 2043 4385 2288 4440; x_wconf 87' lang='lat' dir='ltr'><strong>dominos</strong></span> <span class='ocrx_word' id='word_1_692' title='bbox 2334 4398 2502 4460; x_wconf 57' lang='lat' dir='ltr'><strong>meos,</strong></span> <span class='ocrx_word' id='word_1_693' title='bbox 2535 4383 2642 4436; x_wconf 83' lang='lat' dir='ltr'><strong>illis</strong></span> <span class='ocrx_word' id='word_1_694' title='bbox 2689 4392 2866 4436; x_wconf 89' lang='lat' dir='ltr'><strong>autem</strong></span> <span class='ocrx_word' id='word_1_695' title='bbox 2909 4392 3012 4436; x_wconf 86' lang='lat' dir='ltr'><strong>non</strong></span> <span class='ocrx_word' id='word_1_696' title='bbox 3057 4379 3499 4448; x_wconf 83' lang='lat' dir='ltr'><strong>intelligentibus,</strong></span> <span class='ocrx_word' id='word_1_697' title='bbox 3529 4378 3619 4447; x_wconf 91' lang='lat' dir='ltr'><strong>qui</strong></span> 
     </span>
    </p>
   </div>
   <div class='ocr_carea' id='block_1_88' title="bbox 2047 4469 3621 4542">
    <p class='ocr_par' dir='ltr' id='par_1_88' title="bbox 2047 4469 3621 4542">
     <span class='ocr_line' id='line_1_88' title="bbox 2047 4469 3621 4542; baseline -0.005 -14"><span class='ocrx_word' id='word_1_698' title='bbox 2047 4477 2096 4530; x_wconf 90' lang='lat' dir='ltr'><strong>hi</strong></span> <span class='ocrx_word' id='word_1_699' title='bbox 2125 4483 2326 4542; x_wconf 88' lang='lat' dir='ltr'><strong>essent,</strong></span> <span class='ocrx_word' id='word_1_700' title='bbox 2356 4474 2449 4527; x_wconf 89' lang='lat' dir='ltr'><strong>sed</strong></span> <span class='ocrx_word' id='word_1_701' title='bbox 2488 4471 2795 4542; x_wconf 83' lang='lat' dir='ltr'><strong>rogantibus</strong></span> <span class='ocrx_word' id='word_1_702' title='bbox 2842 4470 3053 4536; x_wconf 89' lang='lat' dir='ltr'><strong>dicere,</strong></span> <span class='ocrx_word' id='word_1_703' title='bbox 3082 4479 3135 4524; x_wconf 91' lang='lat' dir='ltr'><strong>et</strong></span> <span class='ocrx_word' id='word_1_704' title='bbox 3161 4469 3474 4522; x_wconf 89' lang='lat' dir='ltr'><strong>mirantibus</strong></span> <span class='ocrx_word' id='word_1_705' title='bbox 3505 4469 3621 4538; x_wconf 92' lang='lat' dir='ltr'><strong>qui-</strong></span> 
     </span>
    </p>
   </div>
   <div class='ocr_carea' id='block_1_89' title="bbox 2045 4560 3621 4635">
    <p class='ocr_par' dir='ltr' id='par_1_89' title="bbox 2045 4560 3621 4635">
     <span class='ocr_line' id='line_1_89' title="bbox 2045 4560 3621 4635; baseline -0.006 -13"><span class='ocrx_word' id='word_1_706' title='bbox 2045 4581 2168 4622; x_wconf 86' lang='lat' dir='ltr'><strong>nam</strong></span> <span class='ocrx_word' id='word_1_707' title='bbox 2214 4565 2526 4635; x_wconf 85' lang='lat' dir='ltr'><strong>patriarchae</strong></span> <span class='ocrx_word' id='word_1_708' title='bbox 2554 4562 2757 4617; x_wconf 92' lang='lat' dir='ltr'><strong>domini</strong></span> <span class='ocrx_word' id='word_1_709' title='bbox 2785 4564 3097 4625; x_wconf 90' lang='lat' dir='ltr'><strong>existerent,</strong></span> <span class='ocrx_word' id='word_1_710' title='bbox 3127 4560 3408 4629; x_wconf 89' lang='lat' dir='ltr'><strong>respondit</strong></span> <span class='ocrx_word' id='word_1_711' title='bbox 3437 4575 3621 4614; x_wconf 86' lang='lat' dir='ltr'><strong>rursus</strong></span> 
     </span>
    </p>
   </div>
   <div class='ocr_carea' id='block_1_90' title="bbox 2047 4655 3622 4732">
    <p class='ocr_par' dir='ltr' id='par_1_90' title="bbox 2047 4655 3622 4732">
     <span class='ocr_line' id='line_1_90' title="bbox 2047 4655 3622 4732; baseline -0.004 -18"><span class='ocrx_word' id='word_1_712' title='bbox 2047 4660 2342 4732; x_wconf 80' lang='lat' dir='ltr'><strong>angelicum</strong></span> <span class='ocrx_word' id='word_1_713' title='bbox 2374 4657 2501 4713; x_wconf 94' lang='lat' dir='ltr'><strong>illud</strong></span> <span class='ocrx_word' id='word_1_714' title='bbox 2533 4672 2616 4722; x_wconf 81' lang='lat' dir='ltr'><strong>os,</strong></span> <span class='ocrx_word' id='word_1_715' title='bbox 2646 4665 2698 4711; x_wconf 88' lang='lat' dir='ltr'><strong>et</strong></span> <span class='ocrx_word' id='word_1_716' title='bbox 2727 4657 2838 4710; x_wconf 88' lang='lat' dir='ltr'><strong>ait:</strong></span> <span class='ocrx_word' id='word_1_717' title='bbox 2862 4655 3013 4723; x_wconf 86' lang='lat' dir='ltr'><strong>Quod</strong></span> <span class='ocrx_word' id='word_1_718' title='bbox 3046 4668 3140 4709; x_wconf 88' lang='lat' dir='ltr'><strong>vos</strong></span> <span class='ocrx_word' id='word_1_719' title='bbox 3167 4668 3363 4724; x_wconf 81' lang='lat' dir='ltr'><strong>egenos</strong></span> <span class='ocrx_word' id='word_1_720' title='bbox 3392 4663 3446 4709; x_wconf 93' lang='lat' dir='ltr'><strong>et</strong></span> <span class='ocrx_word' id='word_1_721' title='bbox 3474 4669 3622 4708; x_wconf 89' lang='lat' dir='ltr'><strong>men-</strong></span> 
     </span>
    </p>
   </div>
   <div class='ocr_carea' id='block_1_91' title="bbox 2050 4744 3624 4817">
    <p class='ocr_par' dir='ltr' id='par_1_91' title="bbox 2050 4744 3624 4817">
     <span class='ocr_line' id='line_1_91' title="bbox 2050 4744 3624 4817; baseline -0.008 -10"><span class='ocrx_word' id='word_1_722' title='bbox 2050 4753 2196 4807; x_wconf 88' lang='lat' dir='ltr'><strong>dicos</strong></span> <span class='ocrx_word' id='word_1_723' title='bbox 2222 4750 2443 4814; x_wconf 85' lang='lat' dir='ltr'><strong>vocatis,</strong></span> <span class='ocrx_word' id='word_1_724' title='bbox 2476 4747 2595 4801; x_wconf 90' lang='lat' dir='ltr'><strong>illos</strong></span> <span class='ocrx_word' id='word_1_725' title='bbox 2630 4761 2728 4817; x_wconf 76' lang='lat' dir='ltr'><strong>ego</strong></span> <span class='ocrx_word' id='word_1_726' title='bbox 2754 4744 3002 4802; x_wconf 90' lang='lat' dir='ltr'><strong>dominos</strong></span> <span class='ocrx_word' id='word_1_727' title='bbox 3032 4752 3088 4800; x_wconf 88' lang='lat' dir='ltr'><strong>et</strong></span> <span class='ocrx_word' id='word_1_728' title='bbox 3116 4744 3464 4798; x_wconf 85' lang='lat' dir='ltr'><strong>auxiliatores</strong></span> <span class='ocrx_word' id='word_1_729' title='bbox 3487 4758 3624 4810; x_wconf 69' lang='lat' dir='ltr'><strong>pra:-</strong></span> 
     </span>
    </p>
   </div>
   <div class='ocr_carea' id='block_1_92' title="bbox 2052 4835 3622 4910">
    <p class='ocr_par' dir='ltr' id='par_1_92' title="bbox 2052 4835 3622 4910">
     <span class='ocr_line' id='line_1_92' title="bbox 2052 4835 3622 4910; baseline -0.007 -13"><span class='ocrx_word' id='word_1_730' title='bbox 2052 4843 2192 4898; x_wconf 90' lang='lat' dir='ltr'><strong>dico.</strong></span> <span class='ocrx_word' id='word_1_731' title='bbox 2229 4842 2327 4910; x_wconf 87' lang='lat' dir='ltr'><strong>ipsi</strong></span> <span class='ocrx_word' id='word_1_732' title='bbox 2368 4840 2508 4896; x_wconf 91' lang='lat' dir='ltr'><strong>enim</strong></span> <span class='ocrx_word' id='word_1_733' title='bbox 2553 4837 2705 4894; x_wconf 88' lang='lat' dir='ltr'><strong>nobis</strong></span> <span class='ocrx_word' id='word_1_734' title='bbox 2746 4853 2873 4894; x_wconf 81' lang='lat' dir='ltr'><strong>vere</strong></span> <span class='ocrx_word' id='word_1_735' title='bbox 2898 4847 2953 4892; x_wconf 91' lang='lat' dir='ltr'><strong>et</strong></span> <span class='ocrx_word' id='word_1_736' title='bbox 2978 4836 3241 4903; x_wconf 83' lang='lat' dir='ltr'><strong>auxiliari,</strong></span> <span class='ocrx_word' id='word_1_737' title='bbox 3279 4844 3332 4890; x_wconf 90' lang='lat' dir='ltr'><strong>et</strong></span> <span class='ocrx_word' id='word_1_738' title='bbox 3366 4835 3622 4890; x_wconf 75' lang='lat' dir='ltr'><strong>cmlorum</strong></span> 
     </span>
    </p>
   </div>
   <div class='ocr_carea' id='block_1_93' title="bbox 2054 4923 3628 5002">
    <p class='ocr_par' dir='ltr' id='par_1_93' title="bbox 2054 4923 3628 5002">
     <span class='ocr_line' id='line_1_93' title="bbox 2054 4923 3628 5002; baseline -0.007 -14"><span class='ocrx_word' id='word_1_739' title='bbox 2054 4948 2271 5002; x_wconf 77' lang='lat' dir='ltr'><strong>regnum</strong></span> <span class='ocrx_word' id='word_1_740' title='bbox 2304 4932 2504 4986; x_wconf 91' lang='lat' dir='ltr'><strong>donare</strong></span> <span class='ocrx_word' id='word_1_741' title='bbox 2540 4940 2810 5001; x_wconf 89' lang='lat' dir='ltr'><strong>poterunt.</strong></span> <span class='ocrx_word' id='word_1_742' title='bbox 2841 4930 2907 4984; x_wconf 90' lang='lat' dir='ltr'><strong>Et</strong></span> <span class='ocrx_word' id='word_1_743' title='bbox 2935 4945 3055 4984; x_wconf 91' lang='lat' dir='ltr'><strong>cum</strong></span> <span class='ocrx_word' id='word_1_744' title='bbox 3102 4929 3204 4982; x_wconf 92' lang='lat' dir='ltr'><strong>hoc</strong></span> <span class='ocrx_word' id='word_1_745' title='bbox 3233 4926 3396 4980; x_wconf 88' lang='lat' dir='ltr'><strong>multa</strong></span> <span class='ocrx_word' id='word_1_746' title='bbox 3427 4923 3628 4978; x_wconf 83' lang='lat' dir='ltr'><strong>veloci-</strong></span> 
     </span>
    </p>
   </div>
   <div class='ocr_carea' id='block_1_94' title="bbox 2053 5013 3628 5085">
    <p class='ocr_par' dir='ltr' id='par_1_94' title="bbox 2053 5013 3628 5085">
     <span class='ocr_line' id='line_1_94' title="bbox 2053 5013 3628 5085; baseline -0.006 -7"><span class='ocrx_word' id='word_1_747' title='bbox 2053 5033 2166 5079; x_wconf 87' lang='lat' dir='ltr'><strong>tate</strong></span> <span class='ocrx_word' id='word_1_748' title='bbox 2211 5023 2432 5078; x_wconf 86' lang='lat' dir='ltr'><strong>vidisset</strong></span> <span class='ocrx_word' id='word_1_749' title='bbox 2477 5021 2673 5076; x_wconf 83' lang='lat' dir='ltr'><strong>factum</strong></span> <span class='ocrx_word' id='word_1_750' title='bbox 2703 5020 2904 5076; x_wconf 88' lang='lat' dir='ltr'><strong>Christi</strong></span> <span class='ocrx_word' id='word_1_751' title='bbox 2956 5022 3208 5083; x_wconf 90' lang='lat' dir='ltr'><strong>imitator,</strong></span> <span class='ocrx_word' id='word_1_752' title='bbox 3250 5015 3498 5085; x_wconf 63' lang='lat' dir='ltr'><strong>prmeepit</strong></span> <span class='ocrx_word' id='word_1_753' title='bbox 3549 5013 3628 5068; x_wconf 90' lang='lat' dir='ltr'><strong>eis</strong></span> 
     </span>
    </p>
   </div>
   <div class='ocr_carea' id='block_1_95' title="bbox 2059 5104 3629 5185">
    <p class='ocr_par' dir='ltr' id='par_1_95' title="bbox 2059 5104 3629 5185">
     <span class='ocr_line' id='line_1_95' title="bbox 2059 5104 3629 5185; baseline -0.009 -13"><span class='ocrx_word' id='word_1_754' title='bbox 2059 5131 2153 5185; x_wconf 88' lang='lat' dir='ltr'><strong>per</strong></span> <span class='ocrx_word' id='word_1_755' title='bbox 2195 5115 2432 5184; x_wconf 76' lang='lat' dir='ltr'><strong>singulos</strong></span> <span class='ocrx_word' id='word_1_756' title='bbox 2458 5114 2574 5168; x_wconf 91' lang='lat' dir='ltr'><strong>dies</strong></span> <span class='ocrx_word' id='word_1_757' title='bbox 2604 5113 2871 5182; x_wconf 89' lang='lat' dir='ltr'><strong>stipendia</strong></span> <span class='ocrx_word' id='word_1_758' title='bbox 2917 5112 3095 5169; x_wconf 79' lang='lat' dir='ltr'><strong>tribui.</strong></span> <span class='ocrx_word' id='word_1_759' title='bbox 3130 5119 3183 5164; x_wconf 91' lang='lat' dir='ltr'><strong>et</strong></span> <span class='ocrx_word' id='word_1_760' title='bbox 3225 5124 3316 5176; x_wconf 90' lang='lat' dir='ltr'><strong>per</strong></span> <span class='ocrx_word' id='word_1_761' title='bbox 3357 5104 3629 5175; x_wconf 75' lang='lat' dir='ltr'><strong>prolirium</strong></span> 
     </span>
    </p>
   </div>
   <div class='ocr_carea' id='block_1_96' title="bbox 2059 5197 3628 5276">
    <p class='ocr_par' dir='ltr' id='par_1_96' title="bbox 2059 5197 3628 5276">
     <span class='ocr_line' id='line_1_96' title="bbox 2059 5197 3628 5276; baseline -0.008 -15"><span class='ocrx_word' id='word_1_762' title='bbox 2059 5208 2479 5276; x_wconf 85' lang='lat' dir='ltr'><strong>dispensatorem</strong></span> <span class='ocrx_word' id='word_1_763' title='bbox 2497 5207 2741 5273; x_wconf 62' lang='lat' dir='ltr'><strong>prabens</strong></span> <span class='ocrx_word' id='word_1_764' title='bbox 2761 5205 2838 5259; x_wconf 88' lang='lat' dir='ltr'><strong>eis</strong></span> <span class='ocrx_word' id='word_1_765' title='bbox 2858 5200 3210 5258; x_wconf 80' lang='lat' dir='ltr'><strong>sufﬁcientem</strong></span> <span class='ocrx_word' id='word_1_766' title='bbox 3235 5197 3628 5252; x_wconf 88' lang='lat' dir='ltr'><strong>necessitatem:</strong></span> 
     </span>
    </p>
   </div>
   <div class='ocr_carea' id='block_1_97' title="bbox 2062 5289 3630 5369">
    <p class='ocr_par' dir='ltr' id='par_1_97' title="bbox 2062 5289 3630 5369">
     <span class='ocr_line' id='line_1_97' title="bbox 2062 5289 3630 5369; baseline -0.008 -14"><span class='ocrx_word' id='word_1_767' title='bbox 2062 5301 2179 5369; x_wconf 89' lang='lat' dir='ltr'><strong>plus</strong></span> <span class='ocrx_word' id='word_1_768' title='bbox 2223 5309 2398 5354; x_wconf 90' lang='lat' dir='ltr'><strong>autem</strong></span> <span class='ocrx_word' id='word_1_769' title='bbox 2453 5308 2606 5353; x_wconf 86' lang='lat' dir='ltr'><strong>erant</strong></span> <span class='ocrx_word' id='word_1_770' title='bbox 2663 5312 2821 5366; x_wconf 87' lang='lat' dir='ltr'><strong>quam</strong></span> <span class='ocrx_word' id='word_1_771' title='bbox 2870 5303 3070 5361; x_wconf 89' lang='lat' dir='ltr'><strong>septem</strong></span> <span class='ocrx_word' id='word_1_772' title='bbox 3121 5292 3280 5346; x_wconf 84' lang='lat' dir='ltr'><strong>millia</strong></span> <span class='ocrx_word' id='word_1_773' title='bbox 3331 5289 3630 5360; x_wconf 77' lang='lat' dir='ltr'><strong>quingenti.</strong></span> 
     </span>
    </p>
   </div>
   <div class='ocr_carea' id='block_1_98' title="bbox 2061 5385 3631 5463">
    <p class='ocr_par' dir='ltr' id='par_1_98' title="bbox 2061 5385 3631 5463">
     <span class='ocr_line' id='line_1_98' title="bbox 2061 5385 3631 5463; baseline -0.008 -14"><span class='ocrx_word' id='word_1_774' title='bbox 2061 5394 2212 5449; x_wconf 84' lang='lat' dir='ltr'><strong>Tunc</strong></span> <span class='ocrx_word' id='word_1_775' title='bbox 2255 5393 2404 5463; x_wconf 88' lang='lat' dir='ltr'><strong>quasi</strong></span> <span class='ocrx_word' id='word_1_776' title='bbox 2440 5400 2624 5462; x_wconf 88' lang='lat' dir='ltr'><strong>pastor</strong></span> <span class='ocrx_word' id='word_1_777' title='bbox 2664 5404 2823 5445; x_wconf 86' lang='lat' dir='ltr'><strong>verus</strong></span> <span class='ocrx_word' id='word_1_778' title='bbox 2852 5395 2904 5442; x_wconf 90' lang='lat' dir='ltr'><strong>et</strong></span> <span class='ocrx_word' id='word_1_779' title='bbox 2932 5399 3038 5439; x_wconf 90' lang='lat' dir='ltr'><strong>non</strong></span> <span class='ocrx_word' id='word_1_780' title='bbox 3083 5385 3475 5448; x_wconf 86' lang='lat' dir='ltr'><strong>mercenarius,</strong></span> <span class='ocrx_word' id='word_1_781' title='bbox 3509 5397 3631 5438; x_wconf 89' lang='lat' dir='ltr'><strong>cum</strong></span> 
     </span>
    </p>
   </div>
   <div class='ocr_carea' id='block_1_99' title="bbox 380 5475 3633 5568">
    <p class='ocr_par' dir='ltr' id='par_1_99' title="bbox 380 5475 3633 5568">
     <span class='ocr_line' id='line_1_99' title="bbox 380 5475 3633 5568; baseline -0.009 -14"><span class='ocrx_word' id='word_1_782' title='bbox 380 5498 766 5568; x_wconf 76' lang='lat' dir='ltr'><strong>negotiatorem</strong></span> <span class='ocrx_word' id='word_1_783' title='bbox 790 5508 806 5547; x_wconf 87' lang='lat'><strong>:</strong></span> <span class='ocrx_word' id='word_1_784' title='bbox 834 5492 909 5546; x_wconf 90' lang='lat' dir='ltr'><strong>Da</strong></span> <span class='ocrx_word' id='word_1_785' title='bbox 937 5489 1067 5545; x_wconf 86' lang='lat' dir='ltr'><strong>mihi</strong></span> <span class='ocrx_word' id='word_1_786' title='bbox 1092 5503 1252 5543; x_wconf 89' lang='lat' dir='ltr'><strong>unum</strong></span> <span class='ocrx_word' id='word_1_787' title='bbox 1281 5489 1580 5541; x_wconf 89' lang='lat' dir='ltr'><strong>tremissem</strong></span> <span class='ocrx_word' id='word_1_788' title='bbox 1605 5483 1739 5556; x_wconf 78' lang='grc'>(15),</span> <span class='ocrx_word' id='word_1_789' title='bbox 1762 5493 1816 5540; x_wconf 91' lang='lat' dir='ltr'><strong>et</strong></span> <span class='ocrx_word' id='word_1_790' title='bbox 1837 5499 1958 5540; x_wconf 87' lang='lat' dir='ltr'><strong>ser-</strong></span> <span class='ocrx_word' id='word_1_791' title='bbox 1985 5499 2040 5560; x_wconf 83' lang='grc' dir='ltr'>Ῑ)</span> <span class='ocrx_word' id='word_1_792' title='bbox 2061 5500 2216 5543; x_wconf 89' lang='lat' dir='ltr'><strong>sacro</strong></span> <span class='ocrx_word' id='word_1_793' title='bbox 2247 5500 2345 5540; x_wconf 90' lang='lat' dir='ltr'><strong>suo</strong></span> <span class='ocrx_word' id='word_1_794' title='bbox 2389 5485 2513 5538; x_wconf 89' lang='lat' dir='ltr'><strong>ovili</strong></span> <span class='ocrx_word' id='word_1_795' title='bbox 2555 5491 2609 5538; x_wconf 93' lang='lat' dir='ltr'><strong>et</strong></span> <span class='ocrx_word' id='word_1_796' title='bbox 2655 5496 2775 5537; x_wconf 90' lang='lat' dir='ltr'><strong>cum</strong></span> <span class='ocrx_word' id='word_1_797' title='bbox 2816 5477 3253 5533; x_wconf 87' lang='lat' dir='ltr'><strong>convenientibus</strong></span> <span class='ocrx_word' id='word_1_798' title='bbox 3280 5477 3475 5532; x_wconf 82' lang='lat' dir='ltr'><strong>sanctis</strong></span> <span class='ocrx_word' id='word_1_799' title='bbox 3503 5475 3633 5529; x_wconf 89' lang='lat' dir='ltr'><strong>viris</strong></span> 
     </span>
    </p>
   </div>
   <div class='ocr_carea' id='block_1_100' title="bbox 381 5578 1955 5647">
    <p class='ocr_par' dir='ltr' id='par_1_100' title="bbox 381 5578 1955 5647">
     <span class='ocr_line' id='line_1_100' title="bbox 381 5578 1955 5647; baseline -0.01 0"><span class='ocrx_word' id='word_1_800' title='bbox 381 5593 521 5647; x_wconf 86' lang='lat' dir='ltr'><strong>viam</strong></span> <span class='ocrx_word' id='word_1_801' title='bbox 552 5589 643 5645; x_wconf 89' lang='lat' dir='ltr'><strong>tibi</strong></span> <span class='ocrx_word' id='word_1_802' title='bbox 676 5602 781 5642; x_wconf 90' lang='lat' dir='ltr'><strong>uno</strong></span> <span class='ocrx_word' id='word_1_803' title='bbox 810 5598 993 5640; x_wconf 87' lang='lat' dir='ltr'><strong>mense</strong></span> <span class='ocrx_word' id='word_1_804' title='bbox 1035 5581 1117 5637; x_wconf 89' lang='lat' dir='ltr'><strong>vel</strong></span> <span class='ocrx_word' id='word_1_805' title='bbox 1164 5580 1400 5645; x_wconf 88' lang='lat' dir='ltr'><strong>duobus,</strong></span> <span class='ocrx_word' id='word_1_806' title='bbox 1431 5590 1490 5634; x_wconf 92' lang='lat' dir='ltr'><strong>ut</strong></span> <span class='ocrx_word' id='word_1_807' title='bbox 1533 5580 1611 5634; x_wconf 86' lang='lat' dir='ltr'><strong>vis</strong></span> <span class='ocrx_word' id='word_1_808' title='bbox 1642 5587 1692 5635; x_wconf 90' lang='lat' dir='ltr'><strong>et</strong></span> <span class='ocrx_word' id='word_1_809' title='bbox 1726 5579 1812 5632; x_wconf 90' lang='lat' dir='ltr'><strong>ubi</strong></span> <span class='ocrx_word' id='word_1_810' title='bbox 1856 5578 1955 5644; x_wconf 87' lang='lat' dir='ltr'><strong>vis,</strong></span> 
     </span>
    </p>
   </div>
   <div class='ocr_carea' id='block_1_101' title="bbox 382 5671 1960 5753">
    <p class='ocr_par' dir='ltr' id='par_1_101' title="bbox 382 5671 1960 5753">
     <span class='ocr_line' id='line_1_101' title="bbox 382 5671 1960 5753; baseline -0.008 -16"><span class='ocrx_word' id='word_1_811' title='bbox 382 5683 635 5753; x_wconf 87' lang='lat' dir='ltr'><strong>quoniam</strong></span> <span class='ocrx_word' id='word_1_812' title='bbox 684 5677 926 5734; x_wconf 83' lang='lat' dir='ltr'><strong>esuriunt</strong></span> <span class='ocrx_word' id='word_1_813' title='bbox 959 5675 1112 5731; x_wconf 87' lang='lat' dir='ltr'><strong>valde</strong></span> <span class='ocrx_word' id='word_1_814' title='bbox 1155 5677 1242 5746; x_wconf 89' lang='lat' dir='ltr'><strong>qui</strong></span> <span class='ocrx_word' id='word_1_815' title='bbox 1273 5674 1326 5728; x_wconf 91' lang='lat' dir='ltr'><strong>in</strong></span> <span class='ocrx_word' id='word_1_816' title='bbox 1367 5674 1528 5728; x_wconf 89' lang='lat' dir='ltr'><strong>domo</strong></span> <span class='ocrx_word' id='word_1_817' title='bbox 1566 5687 1682 5727; x_wconf 89' lang='lat' dir='ltr'><strong>mea</strong></span> <span class='ocrx_word' id='word_1_818' title='bbox 1721 5680 1863 5726; x_wconf 91' lang='lat' dir='ltr'><strong>sunt.</strong></span> <span class='ocrx_word' id='word_1_819' title='bbox 1891 5671 1960 5726; x_wconf 84' lang='lat' dir='ltr'><strong>Et</strong></span> 
     </span>
    </p>
   </div>
   <div class='ocr_carea' id='block_1_102' title="bbox 386 5765 1958 5842">
    <p class='ocr_par' dir='ltr' id='par_1_102' title="bbox 386 5765 1958 5842">
     <span class='ocr_line' id='line_1_102' title="bbox 386 5765 1958 5842; baseline -0.008 -12"><span class='ocrx_word' id='word_1_820' title='bbox 386 5788 602 5830; x_wconf 91' lang='lat' dir='ltr'><strong>sumens</strong></span> <span class='ocrx_word' id='word_1_821' title='bbox 624 5773 714 5828; x_wconf 85' lang='lat' dir='ltr'><strong>dat</strong></span> <span class='ocrx_word' id='word_1_822' title='bbox 733 5784 920 5842; x_wconf 67' lang='lat' dir='ltr'><strong>egeno,</strong></span> <span class='ocrx_word' id='word_1_823' title='bbox 949 5784 1140 5838; x_wconf 76' lang='lat' dir='ltr'><strong>rogans</strong></span> <span class='ocrx_word' id='word_1_824' title='bbox 1166 5785 1231 5823; x_wconf 91' lang='lat' dir='ltr'><strong>un</strong></span> <span class='ocrx_word' id='word_1_825' title='bbox 1262 5767 1457 5822; x_wconf 81' lang='lat' dir='ltr'><strong>neiini</strong></span> <span class='ocrx_word' id='word_1_826' title='bbox 1479 5767 1640 5822; x_wconf 88' lang='lat' dir='ltr'><strong>dicat.</strong></span> <span class='ocrx_word' id='word_1_827' title='bbox 1670 5765 1802 5820; x_wconf 87' lang='lat' dir='ltr'><strong>Cum</strong></span> <span class='ocrx_word' id='word_1_828' title='bbox 1829 5779 1958 5832; x_wconf 82' lang='lat' dir='ltr'><strong>ergo</strong></span> 
     </span>
    </p>
   </div>
   <div class='ocr_carea' id='block_1_103' title="bbox 385 5856 1959 5930">
    <p class='ocr_par' dir='ltr' id='par_1_103' title="bbox 385 5856 1959 5930">
     <span class='ocr_line' id='line_1_103' title="bbox 385 5856 1959 5930; baseline -0.007 -9"><span class='ocrx_word' id='word_1_829' title='bbox 385 5866 644 5922; x_wconf 75' lang='lat' dir='ltr'><strong>sensisset</strong></span> <span class='ocrx_word' id='word_1_830' title='bbox 670 5877 756 5920; x_wconf 86' lang='lat' dir='ltr'><strong>me</strong></span> <span class='ocrx_word' id='word_1_831' title='bbox 785 5862 923 5918; x_wconf 90' lang='lat' dir='ltr'><strong>idem</strong></span> <span class='ocrx_word' id='word_1_832' title='bbox 957 5860 1048 5916; x_wconf 89' lang='lat' dir='ltr'><strong>Dei</strong></span> <span class='ocrx_word' id='word_1_833' title='bbox 1074 5856 1253 5916; x_wconf 75' lang='lat' dir='ltr'><strong>cultor&#39;</strong></span> <span class='ocrx_word' id='word_1_834' title='bbox 1271 5858 1490 5917; x_wconf 80' lang='lat' dir='ltr'><strong>Mennas</strong></span> <span class='ocrx_word' id='word_1_835' title='bbox 1519 5858 1635 5930; x_wconf 78' lang='lat' dir='ltr'><strong>(M)</strong></span> <span class='ocrx_word' id='word_1_836' title='bbox 1662 5898 1675 5924; x_wconf 93' lang='lat'><strong>,</strong></span> <span class='ocrx_word' id='word_1_837' title='bbox 1709 5866 1959 5926; x_wconf 87' lang='lat' dir='ltr'><strong>tanquam</strong></span> 
     </span>
    </p>
   </div>
   <div class='ocr_carea' id='block_1_104' title="bbox 2065 5575 3634 5648">
    <p class='ocr_par' dir='ltr' id='par_1_104' title="bbox 2065 5575 3634 5648">
     <span class='ocr_line' id='line_1_104' title="bbox 2065 5575 3634 5648; baseline -0.009 -15"><span class='ocrx_word' id='word_1_838' title='bbox 2065 5579 2332 5648; x_wconf 87' lang='lat' dir='ltr'><strong>episcopis</strong></span> <span class='ocrx_word' id='word_1_839' title='bbox 2359 5575 2423 5630; x_wconf 91' lang='lat' dir='ltr'><strong>ad</strong></span> <span class='ocrx_word' id='word_1_840' title='bbox 2454 5575 2732 5630; x_wconf 87' lang='lat' dir='ltr'><strong>ecclesiam</strong></span> <span class='ocrx_word' id='word_1_841' title='bbox 2762 5577 2997 5627; x_wconf 87' lang='lat' dir='ltr'><strong>sanctam</strong></span> <span class='ocrx_word' id='word_1_842' title='bbox 3021 5585 3264 5641; x_wconf 77' lang='lat' dir='ltr'><strong>pergens,</strong></span> <span class='ocrx_word' id='word_1_843' title='bbox 3288 5577 3634 5625; x_wconf 87' lang='lat' dir='ltr'><strong>consecratus</strong></span> 
     </span>
    </p>
   </div>
   <div class='ocr_carea' id='block_1_105' title="bbox 2064 5663 2727 5736">
    <p class='ocr_par' dir='ltr' id='par_1_105' title="bbox 2064 5663 2727 5736">
     <span class='ocr_line' id='line_1_105' title="bbox 2064 5663 2727 5736; baseline -0.014 -11"><span class='ocrx_word' id='word_1_844' title='bbox 2064 5680 2148 5725; x_wconf 88' lang='lat' dir='ltr'><strong>est</strong></span> <span class='ocrx_word' id='word_1_845' title='bbox 2167 5671 2345 5724; x_wconf 87' lang='lat' dir='ltr'><strong>divino</strong></span> <span class='ocrx_word' id='word_1_846' title='bbox 2365 5667 2564 5736; x_wconf 75' lang='lat' dir='ltr'><strong>judicio</strong></span> <span class='ocrx_word' id='word_1_847' title='bbox 2594 5663 2727 5734; x_wconf 83' lang='lat' dir='ltr'><strong>(l8).</strong></span> 
     </span>
    </p>
   </div>
   <div class='ocr_carea' id='block_1_106' title="bbox 2137 5752 3635 5823">
    <p class='ocr_par' dir='ltr' id='par_1_106' title="bbox 2137 5752 3635 5823">
     <span class='ocr_line' id='line_1_106' title="bbox 2137 5752 3635 5823; baseline -0.009 -8"><span class='ocrx_word' id='word_1_848' title='bbox 2137 5763 2264 5815; x_wconf 64' lang='lat' dir='ltr'><strong>Car.</strong></span> <span class='ocrx_word' id='word_1_849' title='bbox 2299 5758 2383 5812; x_wconf 91' lang='lat' dir='ltr'><strong>Ill.</strong></span> <span class='ocrx_word' id='word_1_850' title='bbox 2414 5787 2483 5797; x_wconf 94' lang='lat'><strong>—</strong></span> <span class='ocrx_word' id='word_1_851' title='bbox 2508 5757 2714 5811; x_wconf 85' lang='lat' dir='ltr'><strong>Justum</strong></span> <span class='ocrx_word' id='word_1_852' title='bbox 2745 5769 2870 5810; x_wconf 91' lang='lat' dir='ltr'><strong>vero</strong></span> <span class='ocrx_word' id='word_1_853' title='bbox 2895 5763 2976 5810; x_wconf 90' lang='lat' dir='ltr'><strong>est</strong></span> <span class='ocrx_word' id='word_1_854' title='bbox 3002 5764 3055 5809; x_wconf 90' lang='lat' dir='ltr'><strong>et</strong></span> <span class='ocrx_word' id='word_1_855' title='bbox 3090 5755 3190 5808; x_wconf 88' lang='lat' dir='ltr'><strong>hoc</strong></span> <span class='ocrx_word' id='word_1_856' title='bbox 3220 5762 3489 5823; x_wconf 78' lang='lat' dir='ltr'><strong>gestorum</strong></span> <span class='ocrx_word' id='word_1_857' title='bbox 3520 5752 3635 5816; x_wconf 86' lang='lat' dir='ltr'><strong>ejus</strong></span> 
     </span>
    </p>
   </div>
   <div class='ocr_carea' id='block_1_107' title="bbox 2066 5843 3638 5918">
    <p class='ocr_par' dir='ltr' id='par_1_107' title="bbox 2066 5843 3638 5918">
     <span class='ocr_line' id='line_1_107' title="bbox 2066 5843 3638 5918; baseline -0.008 -12"><span class='ocrx_word' id='word_1_858' title='bbox 2066 5867 2169 5906; x_wconf 88' lang='lat' dir='ltr'><strong>non</strong></span> <span class='ocrx_word' id='word_1_859' title='bbox 2222 5856 2538 5918; x_wconf 87' lang='lat' dir='ltr'><strong>postponere</strong></span> <span class='ocrx_word' id='word_1_860' title='bbox 2577 5847 2794 5902; x_wconf 87' lang='lat' dir='ltr'><strong>bonum.</strong></span> <span class='ocrx_word' id='word_1_861' title='bbox 2827 5846 2880 5903; x_wconf 90' lang='lat' dir='ltr'><strong>In</strong></span> <span class='ocrx_word' id='word_1_862' title='bbox 2923 5847 3213 5902; x_wconf 88' lang='lat' dir='ltr'><strong>crastinum</strong></span> <span class='ocrx_word' id='word_1_863' title='bbox 3253 5846 3396 5901; x_wconf 89' lang='lat' dir='ltr'><strong>enim</strong></span> <span class='ocrx_word' id='word_1_864' title='bbox 3445 5843 3638 5900; x_wconf 88' lang='lat' dir='ltr'><strong>iterum</strong></span> 
     </span>
    </p>
   </div>
  </div>
