4142 6350
518 311 623 371 543

1546 310 1635 367 DE
1678 307 1858 363 VITIS
1898 305 2183 365 PATRUM
2221 305 2427 362 LIBER
2466 307 2741 366 PRIMUS.

3685 310 3789 367 544

517 433 734 490 mittens
784 443 879 501 per
925 434 1091 484 totam
1136 425 1402 482 civitatem
1449 423 1666 480 eosdem
1723 423 1815 478 Dei
1867 422 2097 488 amicos,
2128 427 2180 487 Α
2208 437 2352 489 eum,
2381 439 2449 479 ne
2476 425 2674 499 tardet,
2701 427 2797 483 sed
2825 427 2954 485 illud
2983 428 3271 500 Propheta
3298 432 3501 490 dictum
3544 434 3788 503 protinus

517 540 833 585 aconomos
875 534 928 581 et
973 521 1322 578 cancellarios
1353 517 1507 589 (l9),
1539 529 1594 573 et
1640 517 1875 587 reliquos
1904 518 2096 586 quibus

516 630 635 680 erat
664 618 944 689 dispositio
967 614 1200 671 civitatis
1228 612 1451 677 credita,
1478 626 1584 666 non
1616 610 1859 681 permisit
1884 623 2098 664 mensu-

516 728 634 768 ram
663 710 1106 781 qualemcunque,
1137 704 1221 760 vel
1246 704 1455 775 pondus
1486 716 1704 774 parvum
1735 703 1818 759 vel
1847 716 2098 772 magnum

516 806 569 860 in
598 814 706 859 tota
744 803 985 866 civitate;
1020 798 1117 854 sed
1163 797 1343 852 omnia
1374 797 1431 852 in
1475 812 1578 851 una
1623 798 1893 865 Campana
1936 803 2099 849 state-

515 912 574 951 ra
606 896 746 967 (‘20),
774 893 950 948 modio
975 900 1026 947 et
1055 890 1239 946 artabe
1264 889 1402 962 (21),
1428 888 1659 944 vendere
1689 895 1743 942 et
1772 901 1951 942 emere
1976 900 2100 940 con-

515 987 830 1051 testabatur,
858 984 1102 1041 scribens
1123 984 1176 1038 in
1203 980 1598 1051 subscriptione
1620 994 1717 1037 sua
1736 980 2097 1035 conditionem

513 1094 612 1149 per
660 1092 873 1133 omnem
930 1077 1246 1147 regionem,
1300 1073 1590 1130 habentem
1641 1074 1867 1127 formam
1917 1071 2096 1127 hanc:

516 1189 541 1226 ‹
576 1172 809 1229 Joannes
840 1170 1061 1225 humilis
1098 1178 1152 1225 et
1196 1169 1419 1239 exiguus
1460 1182 1646 1224 servus
1688 1182 1964 1223 servorum
1994 1166 2100 1221 Do-

513 1264 646 1319 mini
690 1264 857 1319 nostri
907 1261 1033 1317 Jesu
1080 1256 1298 1325 Christi,
1344 1260 1592 1313 omnibus
1635 1259 1734 1314 sub
1785 1265 2100 1328 paupertate

514 1364 697 1411 nostra
729 1353 1068 1423 degentibus,
1112 1349 1306 1420 quique
1331 1349 1399 1404 ab
1439 1350 1629 1404 eodem
1660 1349 1885 1403 Domino
1912 1356 1966 1405 et
1990 1348 2100 1403 Deo

513 1457 696 1502 nostro
726 1445 995 1514 regimini,
1030 1443 1144 1497 hac
1168 1461 1180 1495 :
1209 1444 1438 1513 Egregie
1461 1443 1617 1497 beato
1641 1443 1831 1507 Paulo,
1861 1456 1954 1511 per
1974 1456 2096 1496 eum

513 1540 602 1609 qui
632 1539 682 1593 in
713 1553 778 1593 eo
809 1537 1147 1607 loquebatur,
1173 1536 1445 1590 Christum
1472 1536 1696 1605 jubente
1719 1576 1733 1600 ,
1761 1544 1818 1591 et
1849 1535 2099 1591 omnibus

512 1630 683 1701 legem
736 1638 987 1700 ponente,
1023 1628 1247 1685 Obedite
1278 1628 1578 1699 praepositis
1606 1627 1798 1683 veStris
1828 1635 1880 1681 et
1919 1627 2099 1697 subje-

511 1731 630 1778 cete
650 1723 760 1789 eis;
788 1724 887 1792 ipsi
918 1721 1062 1777 enim
1095 1720 1448 1790 pervigilant,
1495 1720 1649 1789 quasi
1698 1719 1959 1773 rationem
2001 1733 2098 1789 pro

2200 514 2741 575 exclamamus:Cito
2785 522 3046 591 anticipet
3090 539 3188 579 nos
3242 525 3610 582 misericordia
3660 536 3786 595 tua,

2201 604 2424 662 Domine
2451 607 2624 678 (Psal.
2663 612 2924 681 Lxxvm);
2959 615 3231 683 quomodo
3252 659 3266 684 ,
3312 625 3500 687 putas,
3533 632 3630 673 nos
3656 632 3791 675 con-

2200 711 2477 756 servorum
2495 713 2802 761 nostrorum
2825 706 3110 777 petitiones
3132 723 3254 764 cum
3276 710 3426 765 omni
3448 710 3791 769 festinatione

2201 792 2459 851 debemus
2479 812 2761 868 peragere,
2786 816 3053 857 memores
3069 802 3281 859 Domini
3300 803 3528 861 dicentis
3556 822 3569 860 :
3603 808 3657 861 In
3684 820 3788 875 qua

2202 903 2453 946 mensura
2480 894 2650 947 mensi
2672 894 2900 961 fueritis,
2927 897 3241 952 remetietur
3260 897 3411 954 vobis
3432 897 3646 969 (Matth.
3663 900 3786 969 vn).

2203 979 2272 1034 Et
2332 981 2615 1052 Propheta
2657 984 2850 1040 iterum
2902 986 3230 1055 perhibentis
3266 1004 3281 1042 :
3324 988 3792 1057 Quemadmodum

2201 1071 2495 1142 perfecisti,
2527 1072 2635 1129 erit
2667 1076 2802 1132 tibi?
2828 1077 2939 1133 Una
2963 1094 3092 1149 ergo
3115 1081 3323 1135 dierum
3340 1082 3499 1135 simili
3528 1082 3689 1137 modo
3705 1082 3792 1137 hic

2205 1164 2470 1221 mirabilis
2499 1168 2819 1237 procedens,
2839 1179 2897 1227 et
2918 1172 2968 1227 in
2992 1173 3152 1228 solito
3170 1173 3288 1229 loco
3312 1175 3600 1241 prasidens
3621 1191 3795 1246 usque

2203 1255 2270 1311 ad
2300 1256 2487 1312 horam
2533 1261 2770 1329 quintam
2797 1306 2811 1330 ,
2862 1274 2916 1319 et
2960 1267 3178 1322 nemine
3208 1266 3499 1322 accedente
3521 1310 3534 1332 ,
3567 1277 3796 1324 moestus

2203 1354 2258 1401 et
2286 1348 2680 1421 collacrymans
2712 1353 2963 1420 recessit;
2998 1356 3147 1411 nullo
3194 1365 3371 1411 autem
3415 1357 3644 1413 audente
3669 1374 3793 1415 eum

2206 1438 2546 1512 interrogare
2568 1457 2783 1499 causam
2813 1428 3085 1517 maeroris,
3113 1456 3331 1503 sanctus
3362 1448 3697 1518 Sophronius
3721 1451 3797 1505 ait

2203 1530 2269 1585 ad
2297 1547 2419 1587 eum
2449 1543 2658 1590 secreto
2688 1536 2819 1607 (illic
2841 1539 2983 1593 enim
3010 1540 3333 1612 erattunc):
3360 1541 3487 1609 Qua
3506 1557 3663 1597 causa
3686 1552 3794 1610 est,

2205 1622 2301 1678 Dei
2331 1634 2568 1694 curator,
2596 1629 2875 1684 retinentis
2902 1631 3139 1687 animum
3170 1640 3318 1688 tuum
3348 1643 3594 1690 sanctum
3627 1637 3799 1691 tristi-

2204 1716 2327 1771 tia?
2347 1732 2533 1775 omnes
2555 1721 2750 1791 quippe
2773 1737 2870 1777 nos
2896 1735 3122 1793 repente
3140 1727 3501 1783 conturbavit.
3528 1728 3630 1795 Qui
3656 1728 3797 1784 dixit

511 1814 792 1868 animabus
821 1812 1017 1868 vestris
1064 1812 1325 1867 reddituri
1356 1811 1545 1882 (Hebr.
1576 1811 1690 1881 xm)
1725 1829 1736 1863 :
1768 1810 1939 1866 credit
1976 1818 2098 1865 tan-
2130 1818 2179 1879 Β
2206 1811 2256 1867 ei
2289 1821 2565 1868 mansueta
2598 1829 2765 1871 voce:
2804 1817 2970 1873 Hodie
3001 1819 3117 1891 (25)
3150 1820 3370 1877 humilis
3397 1821 3637 1877 Joannes
3661 1838 3797 1892 qua-

514 1905 703 1962 tillitas
735 1921 876 1972 mea,
908 1906 1072 1960 verbo
1110 1905 1292 1960 divino
1331 1904 1645 1961 obedientes
1675 1920 1802 1971 vos,
1830 1905 2103 1975 suscipere

512 2004 800 2075 petitiones
828 2012 1043 2057 nostras
1067 2011 1124 2057 ut
1152 2017 1219 2059 ex
1248 2002 1380 2067 Deo,
1400 2012 1455 2057 et
1475 2017 1579 2056 non
1603 2018 1665 2057 ex
1686 2000 1936 2067 homine;
1960 2002 2101 2056 unde

513 2094 619 2151 hoc
648 2095 824 2151 sciens
848 2137 865 2164 ,
896 2109 1090 2150 moneo
1119 2094 1437 2151 cbaritatem
1469 2105 1699 2151 vestram
1726 2140 1742 2165 ,
1792 2103 1849 2149 ut
1896 2108 2102 2164 nequa-

515 2200 676 2256 quam
725 2187 779 2240 in
828 2187 1079 2256 quopiam
1134 2196 1371 2241 vestrum
1423 2194 1680 2254 appareat
1731 2185 2103 2254 hujuscemodi

512 2280 908 2351 pravaricatio.
941 2280 1211 2351 Denique,
1244 2289 1301 2335 ut
1330 2281 1406 2335 ait
1434 2280 1615 2335 divina
1640 2280 1913 2349 Scriptura
1939 2323 1954 2348 ,
1984 2281 2102 2337 Sta-

515 2383 683 2432 teram
708 2392 952 2448 magnam
976 2385 1263 2447 etparvam
1292 2377 1415 2432 odio
1444 2377 1602 2433 habet
1628 2376 1766 2432 Deus
1794 2374 1977 2447 (Prov.
2001 2374 2101 2446 χι).
2138 2360 2145 2367 ’

515 2471 573 2529 Si
608 2488 735 2529 vero
764 2474 883 2542 quis
916 2472 1225 2543 apparuerit
1252 2483 1375 2543 post
1401 2480 1723 2543 prasentem
1751 2471 2106 2539 subscriptio-

516 2567 603 2623 nis
625 2573 823 2620 nostra
847 2565 1237 2632 conditionem,
1270 2564 1574 2620 istiusmodi
1601 2566 1810 2621 crimen
1837 2564 2101 2631 incidens,

517 2660 796 2717 universas
826 2658 1105 2714 facultates
1143 2673 1268 2714 suas
1313 2660 1673 2729 indigentibus
1694 2701 1710 2725 ,
1742 2674 1847 2713 non
1877 2659 2064 2714 volens
2088 2702 2102 2728 ,

518 2754 635 2807 sine
662 2752 931 2816 mercede,
960 2759 1212 2819 apponet.
1248 2770 1267 2803 ι
1297 2752 1460 2819 Ergo,
1489 2764 1547 2806 ut
1574 2752 1789 2820 dignum
1818 2753 2102 2820 memoria,

518 2851 575 2899 et
605 2842 707 2897 hoc
737 2842 907 2911 ipsum
941 2842 1212 2912 publicum
1243 2852 1570 2913 praceptum
1605 2844 1690 2897 hic
1720 2859 1921 2912 ponere
1958 2845 2107 2899 festi-

519 2948 782 2990 nawmus.

593 3024 723 3081 Car.
754 3024 843 3079 IV.
872 3052 945 3067 -—
973 3023 1217 3081 Relatum
1247 3033 1332 3081 est
1355 3033 1534 3081 autem
1567 3027 1851 3097 aliquando
1876 3027 1998 3082 huic
2025 3028 2107 3082 di-

521 3117 723 3173 vinitus
750 3117 1067 3186 sapientiam
1096 3125 1408 3184 consecuta,
1444 3118 1584 3186 quod
1618 3134 1711 3188 per
1741 3119 1895 3174 xenia
1926 3119 2104 3175 eccle-

2206 1903 2525 1975 lemcunque
2554 1908 2856 1963 mercedem
2893 1924 2923 1963 a
2955 1925 3204 1979 quopiam
3241 1926 3345 1965 non
3379 1913 3590 1979 habuit,
3620 1928 3797 1984 neque

2206 1996 2417 2051 Christo
2446 2013 2544 2068 pro
2578 1999 2874 2055 innumeris
2900 2005 3136 2072 peccatis
3166 2004 3283 2073 ejus
3316 2004 3516 2073 aliquid
3548 2006 3785 2073 obtulit,

2213 2090 2352 2144 sicut
2387 2106 2486 2147 nec
2513 2092 2819 2164 aliquando.
2855 2096 2951 2150 Cui
2978 2106 3197 2153 sanctus
3229 2099 3564 2169 Saphronius
3604 2101 3799 2157 divini-

2208 2194 2293 2240 tus
2320 2187 2608 2257 inspiratus
2630 2232 2645 2256 ,
2682 2190 2961 2259 respondit
2992 2192 3141 2265 (mox
3184 2194 3326 2248 enim
3356 2194 3620 2250 intellexit
3670 2210 3799 2251 cau-

2207 2293 2322 2334 sam
2367 2280 2435 2334 ob
2482 2295 2639 2349 quam
2690 2281 2830 2337 idem
2882 2282 3192 2338 tristabatur
3233 2284 3596 2354 patriarcha):
3628 2286 3800 2341 Hodie

2209 2371 2422 2443 quidem
2446 2371 2679 2441 gaudere
2709 2381 2764 2428 et
2791 2374 2957 2428 latari
2993 2376 3147 2446 182
3178 2385 3419 2444 oportet,
3453 2376 3797 2442 beatissime;

2209 2465 2472 2520 veraciter
2503 2466 2645 2520 enim
2672 2465 3016 2524 beatissimus
3042 2482 3101 2523 es
3126 2512 3140 2538 ,
3173 2468 3244 2523 ita
3276 2468 3563 2537 pacificans
3589 2484 3617 2522 a
3642 2470 3801 2524 Chri-

2209 2564 2294 2611 sto
2320 2557 2582 2612 creditum
2615 2558 2709 2613 tibi
2738 2574 2990 2631 gregem,
3039 2570 3098 2615 ut
3138 2561 3336 2615 nullam
3384 2562 3582 2618 habeat
3610 2572 3802 2619 contra

2208 2648 2515 2718 proximum
2561 2665 2719 2705 suum
2766 2651 2915 2706 litem
2970 2660 3062 2707 aut
3106 2653 3461 2719 dubietatem,
3516 2654 3612 2710 sed
3650 2654 3804 2711 velut

2209 2745 2430 2816 angelos
2458 2745 2576 2802 sine
2602 2746 2775 2818 litigio
2796 2756 2851 2803 et
2878 2748 2996 2804 sine
3020 2749 3225 2819 judicio
3257 2749 3502 2808 homines
3549 2767 3669 2807 esse
3713 2752 3798 2807 fe-

2208 2836 2353 2891 cisti.
2391 2836 2485 2893 Ille
2530 2846 2710 2894 autem
2754 2854 2883 2897 vere
2923 2842 3071 2899 mitis
3116 2852 3320 2912 pastor,
3377 2846 3607 2901 credens
3655 2844 3804 2912 quod

2211 2929 2413 2986 dictum
2445 2941 2559 2987 erat
2586 2948 2773 2989 verum
2803 2950 2946 3007 esse,
2968 2937 3153 2993 oculos
3179 2939 3233 2993 in
3260 2939 3455 2994 calum
3482 2940 3803 3008 extendens,

2214 3021 2423 3077 dicebat
2452 3040 2467 3078 :
2497 3022 2709 3081 Gratias
2737 3040 2838 3096 ago
2867 3028 2997 3096 tibi,
3028 3029 3165 3085 Deus
3186 3069 3203 3097 ,
3247 3030 3370 3101 quia
3395 3041 3451 3086 et
3481 3032 3803 3088 immeritam

2213 3115 2706 3184 pusillanimitatem
2738 3134 2914 3176 meam
2944 3122 3247 3178 sacerdotio
3280 3122 3424 3194 fungi
3450 3167 3464 3190 ,
3493 3133 3547 3178 ct
3568 3140 3654 3178 me
3683 3126 3806 3179 exi—

521 3211 618 3267 sia
640 3220 880 3266 rectores
903 3212 1065 3279 empti
1093 3224 1350 3280 personas
1378 3212 1686 3280 acciperent
1712 3212 1855 3266 circa
1880 3213 2109 3281 disposi-
2135 3197 2184 3262 C
2217 3222 2376 3279 guum
2407 3217 2461 3263 et
2492 3220 2829 3278 peccatorum
2851 3253 2867 3279 ,
2915 3214 3249 3270 sacerdotem
3298 3223 3447 3269 tuum
3500 3217 3709 3280 vocari,
3748 3224 3807 3271 et

523 3303 701 3359 tiones
726 3305 1079 3373 captivorum.
1106 3302 1250 3369 Quos
1275 3302 1407 3357 nihil
1433 3304 1723 3373 negligens,
1755 3307 2107 3373 convocavit;

523 3402 577 3450 et
602 3398 870 3451 neminem
902 3396 1114 3465 penitus
1136 3409 1480 3465 exasperans,
1509 3398 2113 3465 superauxitmercedes

524 3502 645 3558 qua
692 3489 771 3543 eis
819 3487 965 3557 prius
993 3487 1273 3556 dabantur,
1322 3502 1526 3557 ponens
1554 3488 1809 3557 verbum,
1852 3498 2113 3557 quatenus

524 3596 749 3640 munera
777 3599 805 3638 a
833 3584 1074 3653 quolibet
1095 3584 1419 3640 omnimodis
1448 3599 1555 3639 non
1582 3585 1896 3654 acciperent
1921 3602 1934 3639 :
1969 3583 2112 3651 Quo-

525 3678 698 3745 niam,
731 3678 935 3749 inquit,
967 3678 1106 3750 ignis
1136 3688 1419 3735 consumet
1458 3678 1650 3733 domos
1695 3693 1919 3734 munera
1967 3680 2112 3734 acci-

524 3772 808 3843 pientium.
834 3773 912 3828 Ex
941 3782 1070 3830 tunc
1106 3772 1267 3844 igitur
1296 3787 1391 3843 per
1416 3773 1642 3843 gratiam
1675 3774 1769 3828 Dei
1806 3773 2115 3830 abundave-

526 3875 656 3920 runt
684 3866 877 3923 domus
903 3881 1110 3934 eorum,
1142 3868 1215 3922 ita
1247 3874 1304 3921 ut
1332 3866 1548 3938 quidam
1579 3882 1650 3923 ex
1679 3869 1757 3923 eis
1787 3867 1982 3922 addita
2012 3866 2115 3923 sibi

527 3959 796 4015 mercedis
823 3961 1173 4028 quantitatem
1203 3959 1552 4015 dimitterent.

599 4048 730 4103 Car.
765 4049 829 4107 V.
856 4080 929 4091 —
952 4051 1173 4107 Discens
1197 4065 1323 4105 vero
1349 4050 1638 4121 aliquando
1675 4050 1874 4105 iterum
1912 4050 2003 4104 ille
2034 4057 2115 4105 ter

529 4139 702 4209 dives,
732 4141 873 4211 quod
902 4141 1115 4213 quidam
1148 4142 1396 4210 injuriam
1430 4150 1741 4211 paterentur
1768 4144 1836 4196 ab
1865 4141 2118 4197 adversa-

532 4231 629 4287 riis
653 4234 785 4301 suis,
810 4240 865 4289 et
891 4235 1134 4290 volentes
1176 4233 1327 4290 adire
1354 4249 1474 4290 eum
1492 4277 1506 4301 ,
1541 4234 1735 4290 timore
1762 4235 2114 4292 cancellario-

531 4348 650 4389 rum
683 4341 738 4389 et
756 4332 1000 4388 ecclesia
1019 4330 1363 4388 defensorum
1400 4331 1515 4403 (ἓὲ)
1559 4341 1720 4403 atque
1745 4334 1796 4388 ei
1828 4333 2115 4389 astantium

530 4425 967 4496 prohiberentur,
995 4423 1356 4480 consideravit
1382 4425 1492 4481 tale
1529 4425 1655 4496 quid
1687 4425 1798 4481 Deo
1837 4436 2116 4497 acceptum

529 4520 837 4589 negotium;
868 4529 923 4573 et
970 4526 1154 4588 quarta
1195 4526 1251 4572 et
1296 4526 1447 4573 sexta
1481 4516 1612 4572 feria
1659 4516 1871 4588 publice
1910 4532 2117 4587 ponens

2217 3316 2439 3371 pascere
2468 3305 2843 3360 rationabilem
2872 3321 3090 3377 gregem
3123 3318 3272 3363 tuum
3301 3308 3549 3379 dignatus
3581 3324 3662 3364 es.
3682 3310 3808 3365 Mox

2218 3408 2346 3463 ergo
2373 3395 2809 3464 pusillanimitate
2839 3398 2984 3453 omni
3014 3399 3258 3469 deposita
3278 3442 3293 3467 ,
3338 3401 3588 3471 gaudium
3620 3400 3669 3454 in
3704 3400 3809 3455 hu-

2218 3486 2444 3543 militate
2485 3490 2708 3544 multum
2758 3489 2835 3544 illi
2876 3489 3066 3546 adfuit.
3104 3492 3251 3548 Hunc
3302 3508 3429 3548 vero
3475 3494 3559 3563 (ut
3585 3494 3805 3563 quidam

2219 3577 2390 3649 aiunt)
2433 3579 2487 3634 in
2519 3580 2622 3636 hoc
2666 3581 2909 3636 imitatus
2952 3590 3036 3638 est
3075 3583 3498 3651 Constantinus,
3547 3584 3634 3655 qui
3683 3593 3808 3655 post

2219 3669 2521 3727 ﬂeraclium
2553 3673 2929 3742 imperatorem
2954 3677 3198 3745 exstitit,
3232 3678 3385 3749 cujus
3417 3687 3472 3734 et
3494 3678 3633 3733 filius
3664 3688 3809 3735 erat.

2289 3762 2418 3819 Car.
2446 3762 2538 3820 Vl.
2564 3791 2635 3806 -
2664 3763 2832 3835 Hujus
2876 3768 3051 3822 sancti
3098 3769 3420 3837 patriarcha
3475 3771 3810 3839 temporibus

2219 3856 2572 3913 ascendentes
2607 3857 2787 3914 Persa
2822 3859 2937 3932 (24)
2961 3859 3364 3931 captivaverunt
3409 3870 3465 3917 et
3510 3863 3809 3933 depradati

2219 3958 2345 4004 sunt
2387 3949 2622 4021 Syriam.
2670 3951 2859 4022 Itaque
2911 3968 3051 4023 pene
3103 3969 3292 4011 omnes
3343 3957 3430 4026 qui
3485 3955 3807 4026 effugiebant

2219 4056 2410 4097 manus
2438 4043 2745 4113 Persarum,
2769 4044 2838 4101 ad
2859 4061 3054 4102 nomen
3077 4047 3235 4118 hujus
3259 4059 3338 4103 ter
3359 4049 3524 4115 beati,
3555 4058 3808 4120 tanquam

2220 4136 2285 4190 ad
2313 4146 2524 4207 portum
2580 4139 2700 4195 sine
2746 4139 2909 4195 ﬂuctu
2936 4141 3321 4207 accurrebant,
3367 4142 3434 4197 ab
3483 4156 3550 4197 eo
3598 4153 3653 4197 et
3704 4144 3806 4213 ipsi

2220 4230 2471 4303 suffragio
2521 4239 2576 4288 et
2621 4235 2959 4304 susceptione
3008 4235 3211 4306 perfrui
3262 4237 3619 4306 postulantes.
3660 4236 3810 4305 Quos

2219 4323 2410 4381 beatus
2440 4326 2543 4381 iste
2582 4326 2818 4398 hospitio
2848 4330 3168 4400 recipiebat,
3203 4339 3258 4387 et
3288 4330 3669 4388 consolabatur
3698 4346 3806 4385 non

2222 4422 2472 4485 tanquam
2501 4417 2760 4486 captivos,
2784 4418 2882 4473 sed
2904 4420 3057 4490 quasi
3082 4431 3270 4477 natura
3292 4422 3555 4478 veraciter
3585 4421 3802 4479 fratres.

2220 4506 2484 4561 Continuo
2511 4522 2639 4577 ergo
2668 4508 2910 4580 plagatos
2937 4512 3154 4582 quidem
3180 4520 3235 4567 et
3264 4512 3510 4569 infirmos
3552 4513 3603 4567 in
3636 4526 3807 4568 xeno-

529 4614 720 4667 seuam
752 4622 807 4667 ει
844 4613 951 4667 duo
974 4626 1214 4678 scamna,
1246 4612 1470 4667 sedebat
1512 4620 1636 4666 ante
1665 4612 1972 4679 ecclesiam,
1998 4614 2112 4669 col-
2142 4599 2196 4660 D
2220 4600 2427 4657 docbiis
2468 4612 2521 4656 et
2562 4603 2885 4657 nosocomiis
2915 4604 3041 4660 fecit
3069 4607 3389 4663 recumbere
3413 4648 3427 4675 ,
3480 4607 3809 4678 praecipiens

528 4706 759 4773 loquens
786 4704 1099 4775 quibusdam
1127 4706 1358 4761 strenuis
1380 4706 1532 4773 viris,
1560 4715 1649 4759 ant
1670 4713 1850 4762 sancta
1876 4706 2115 4776 Evange-

526 4794 599 4849 lia
631 4810 738 4864 pra
753 4796 999 4852 manibus
1022 4804 1236 4861 tenens,
1264 4797 1467 4851 nullum
1494 4797 1625 4850 tanti
1649 4797 1890 4867 obsequii
1918 4811 2112 4868 appro-

527 4888 790 4957 pinquare
833 4886 935 4941 sibi
988 4886 1342 4955 permittens,
1395 4896 1619 4956 excepto
1669 4905 1777 4944 uno
1829 4889 2110 4946 defensore

523 4979 791 5047 ecclesia,
821 4979 1093 5035 licentiam
1124 4989 1177 5034 et
1206 4982 1584 5037 confidentiam
1612 4982 1740 5039 dare
1772 4985 2033 5040 festinans
2054 5000 2113 5039 se

521 5071 671 5127 adire
694 5072 1026 5139 volentibus;
1064 5073 1255 5143 quibus
1284 5083 1338 5128 et
1376 5075 1659 5131 confestim
1703 5077 1845 5146 quod
1888 5077 2103 5147 dignum

520 5171 660 5228 erat,
694 5179 788 5235 per
816 5165 1057 5221 ecclesia
1087 5166 1399 5223 defensores
1430 5165 1696 5235 faciebat;
1730 5178 1785 5224 et
1828 5170 2106 5241 pracipie-

518 5254 615 5310 bat
641 5263 701 5309 ut
730 5272 889 5315 nemo
919 5272 1101 5313 eorum
1129 5267 1388 5327 gustaret,
1421 5260 1770 5331 quoadusque
1785 5262 2112 5317 'ordinarent

520 5348 835 5418 capitulum.
860 5349 929 5405 Et
964 5350 1308 5407 audientibus
1352 5351 1563 5408 dicebat
1587 5368 1602 5407 :
1626 5353 1681 5409 Si
1721 5366 1819 5408 nos
1849 5354 2104 5427 homines

518 5439 852 5506 existentes,
899 5432 1307 5510 permissionem
1358 5458 1573 5513 semper
1612 5460 1711 5514 pro
1757 5445 2104 5515 petitionibus

519 5532 721 5587 nostris
752 5532 1012 5587 habemus
1042 5534 1371 5605 ingrediendi
1402 5538 1621 5592 domum
1652 5536 1769 5607 Dei,
1807 5546 1862 5593 et
1889 5539 2104 5607 petitio-

466 5625 476 5654 ί
522 5637 620 5678 nes
649 5630 863 5677 nostras
894 5632 1045 5679 notas
1074 5624 1250 5683 facere
1280 5628 1327 5683 ci
1350 5670 1363 5693 ,
1394 5628 1644 5685 videlicet
1677 5629 1999 5685 intractabili
2042 5646 2104 5686 ac

521 5713 669 5767 omni
695 5721 955 5767 creatura
980 5718 1400 5785 supereminenti
1418 5760 1433 5785 ,
1464 5728 1624 5791 atque
1652 5734 1870 5791 operam
1910 5719 2099 5776 damus

520 5823 625 5875 quo
666 5821 851 5874 preces
883 5816 1076 5865 nostra
1124 5809 1466 5879 impleantur,
1490 5825 1589 5867 nec
1629 5827 1736 5869 non
1760 5822 1813 5870 et
1852 5827 2107 5885 rogamus

2219 4704 2403 4747 curam
2451 4691 2530 4747 eis
2571 4701 2626 4748 et
2670 4693 2987 4749 medicinam
3031 4698 3203 4766 gratis
3256 4698 3526 4767 impendi;
3576 4706 3630 4754 et
3675 4707 3812 4755 tunc

2218 4783 2494 4849 recedere,
2528 4786 2740 4855 quando
2770 4788 3137 4858 unusquisque
3165 4802 3353 4843 eorum
3378 4788 3591 4859 propria
3615 4788 3811 4844 volun-

2219 4885 2327 4934 tate
2350 4878 2533 4934 vellet.
2567 4877 2767 4933 Eorum
2795 4892 2945 4945 vero,
2978 4879 3067 4947 qui
3097 4893 3219 4934 cum
3252 4879 3367 4934 sani
3395 4886 3578 4935 essent
3598 4886 3654 4932 et
3673 4893 3807 4949 ege-

2218 4970 2297 5034 ni,
2328 4970 2612 5024 veniebant
2636 4969 2704 5024 ad
2730 4984 2913 5040 rogam
2943 4968 3083 5042 (25),
3109 4971 3367 5026 masculis
3388 4971 3602 5039 quidem
3617 4972 3808 5042 singu-

2218 5061 2297 5117 las
2340 5061 2560 5132 siliquas
2616 5062 2810 5130 dabat;
2869 5064 3180 5120 mulieribus
3231 5074 3408 5121 autem
3461 5074 3517 5120 et
3570 5064 3805 5135 puellis,

2218 5160 2468 5221 tanquam
2498 5153 2882 5208 infirmioribus
2914 5154 3168 5210 membris
3191 5195 3207 5221 ,
3238 5153 3413 5211 binas.
3445 5154 3807 5211 Venientibus

2217 5260 2395 5307 autem
2425 5252 2740 5322 quibusdam
2770 5254 2968 5308 indutis
2999 5253 3332 5309 ornamentis
3369 5252 3547 5309 aureis
3583 5259 3640 5309 et
3666 5250 3806 5307 dex-

2218 5343 2459 5410 tralibus,
2492 5355 2546 5400 et
2573 5344 2935 5415 quaerentibus
2966 5344 3714 5415 eleemosynam,referebant
3736 5344 3807 5400 de

2217 5436 2297 5491 eis
2323 5436 2641 5505 patriarcha
2682 5436 2733 5491 hi
2769 5436 2963 5507 quibus
2993 5446 3109 5492 erat
3139 5451 3268 5508 roga
3297 5436 3525 5494 credita.
3550 5436 3632 5493 Ad
3668 5450 3804 5494 auos

2215 5531 2403 5588 beatus
2428 5530 2522 5586 ille
2556 5541 2706 5588 torvo
2730 5530 2887 5586 oculo
2933 5544 2995 5586 ac
3036 5544 3224 5586 severa
3261 5545 3393 5587 voce
3424 5545 3581 5597 usus,
3624 5545 3802 5601 quan-

2214 5640 2370 5696 quam
2402 5626 2547 5681 mitis
2576 5634 2719 5682 esset
2748 5633 2802 5681 et
2830 5625 2976 5682 visus
3008 5624 3194 5681 hilaris
3214 5670 3227 5691 ,
3275 5626 3451 5680 dixit:
3482 5623 3537 5681 Si
3579 5623 3799 5687 quidem

2215 5717 2430 5772 humilis
2469 5719 2726 5781 Joannis.
2783 5718 2891 5773 imo
2933 5716 3131 5773 Christi
3178 5718 3578 5788 dispensatores
3638 5714 3801 5769 vultis

2214 5827 2354 5877 esse,
2387 5811 2568 5869 divino
2600 5812 3035 5885 pracepto'sine
3084 5810 3377 5873 calliditate
3427 5807 3645 5865 obedite
3666 5849 3684 5872 ,
3713 5807 3798 5863 di-
