4142 6350
240 332 343 391 345

1169 332 1325 390 νιτΑ
1362 332 1609 392 SANCTI
1647 330 1928 388 JOANNIS
1964 332 2549 393 ELEEMOSYNARII.

3413 340 3521 401 546

233 448 377 510 centi
404 467 418 506 :
442 447 601 505 Omni
632 448 834 518 petenti
879 456 932 504 te
956 448 1022 504 da
1051 448 1229 521 (Luam
1258 452 1361 519 v1).
1403 450 1461 507 Si
1504 460 1679 507 autem
1724 464 1821 504 ve-
1848 450 1900 509 Α
1930 448 2083 503 dines
2115 448 2346 505 habente
2376 465 2441 505 ex
2491 450 2597 504 Deo
2628 449 2811 505 humili
2861 450 3017 524 183
3062 451 3238 508 anima
3269 467 3387 509 mea
3416 499 3430 523 ,
3464 455 3520 511 hi

232 546 442 602 nientes
490 542 701 598 curiose
753 543 1230 613 investigaveritis,
1291 543 1430 598 Deus
1483 543 1817 597 curiosorum

232 636 596 693 ministrorum
630 649 735 690 non
766 634 988 705 indiget,
1021 651 1194 705 neque
1225 637 1444 691 humilis
1476 636 1730 691 Joannes.
1765 637 1822 693 Si

232 730 375 784 enim
422 741 542 797 quze
590 726 789 780 dantur
819 732 951 781 ‘mea
1002 726 1328 793 existerent,
1374 736 1429 782 et
1458 742 1665 783 mecum
1698 737 1822 782 nata

232 827 436 885 essent,
464 818 690 873 fortasse
722 817 859 874 bene
912 818 964 872 in
1008 818 1142 873 meis
1192 828 1350 874 tenax
1400 817 1715 874 existerem.
1766 817 1823 874 Si

234 927 361 969 vero
393 926 512 982 quae
540 911 735 966 dantur
760 910 852 966 Dei
882 920 1025 975 sunt,
1060 911 1244 981 utique
1271 910 1324 966 in
1354 912 1465 965 suis
1491 920 1816 982 praeceptum

230 1020 385 1061 suum
417 1004 672 1061 custodiri
701 1006 834 1061 vult.
883 1004 939 1061 Si
990 1014 1170 1060 autem
1215 1020 1281 1060 ex
1330 1004 1706 1060 incredulitate
1734 1014 1825 1059 aut

230 1097 441 1153 modica
470 1096 575 1153 ﬁde
600 1097 728 1153 illud
761 1098 961 1152 timetis
984 1137 999 1163 ,
1034 1112 1100 1151 ne
1141 1096 1281 1152 forte
1314 1097 1597 1152 multitudo
1636 1112 1822 1152 eorum

229 1189 424 1261 quibus
451 1189 669 1256 dantur,
718 1198 937 1260 superet
987 1188 1266 1244 introitum
1303 1191 1682 1260 pecuniarum,
1725 1206 1824 1260 ego

227 1293 425 1341 vesmc
457 1281 659 1351 pusillae
689 1282 811 1337 fidei
844 1283 1232 1337 communicari
1258 1298 1360 1337 non
1388 1283 1583 1353 patior.
1611 1283 1822 1337 Etenim

226 1376 273 1430 si
323 1374 660 1443 beneplacito
692 1375 784 1430 Dei
817 1385 996 1429 actum
1029 1383 1114 1429 est
1140 1382 1201 1429 ut
1229 1388 1405 1429 essem
1440 1389 1541 1445 ego
1570 1375 1824 1445 indignus

228 1466 566 1537 dispensator
593 1466 709 1535 ejus
735 1479 1039 1532 munerum,
1072 1464 1115 1518 si
1147 1472 1290 1519 totus
1330 1465 1565 1519 mundus
1594 1479 1851 1535 congrer

226 1568 446 1628 geretur
466 1557 806 1613 Alexandriae
835 1558 1197 1628 eleemosynm
1224 1556 1490 1626 indigens,
1527 1558 1823 1612 immensos

227 1648 513 1705 thesauros
538 1649 632 1704 Dei
655 1664 757 1704 non
779 1647 1161 1719 angustabunt,
1186 1663 1361 1718 neque
1384 1656 1630 1705 sanctam
1655 1649 1827 1705 eccle-

227 1756 387 1797 5M").

1925 542 2183 597 increduli
2216 542 2438 599 fortasse
2469 543 2627 599 hodie
2654 553 2916 599 venerunt
2939 587 2952 609 ,
2976 554 3138 600 etme
3180 545 3232 601 in
3264 546 3513 603 diffideu-
3540 560 3543 565 ‘

1925 635 2051 691 tiam
2083 650 2264 691 secum
2294 637 2488 693 cadere
2512 638 2881 693 hortabantur.

1996 727 2124 784 CAP.
2156 728 2379 783 VllI.-—
2406 729 2593 784 Adhuc
2641 730 2756 801 (28)
2801 731 3063 785 existente
3102 731 3289 785 eadem
3328 732 3511 802 populi

1926 820 2266 876 multitudine
2294 820 2345 875 in
2377 822 2611 888 civitate,
2643 822 2856 890 quidam
2889 823 3289 891 peregrinorum
3320 823 3509 878 videns

1928 922 2131 969 tantam
2178 914 2294 985 ejus
2324 917 2755 985 compassionem
2776 958 2790 981 ,
2821 916 2987 971 voluit
3033 925 3238 971 tentare
3276 932 3431 983 eum;
3463 926 3519 973 et

1929 1003 2145 1059 indutus
2167 1007 2487 1061 veStimenta
2517 1014 2724 1073 vetera,
2749 1006 2877 1061 adiit
2906 1022 3058 1076 cum,
3092 1018 3304 1063 euntem
3338 1010 3403 1063 ad
3436 1010 3519 1065 vi-

1927 1097 2170 1153 sitandos
2198 1099 2288 1166 qui
2340 1100 2392 1153 in
2430 1100 2736 1155 nosocomio
2774 1099 3044 1168 jacebant.
3098 1101 3186 1154 Bis
3232 1103 3371 1155 enim
3425 1118 3519 1170 per

1928 1189 2321 1245 hebdomadam
2349 1191 2433 1245 vel
2467 1200 2547 1246 ter
2577 1191 2686 1245 ibat
2719 1191 2864 1245 illuc.
2898 1192 2961 1245 Et
2991 1192 3120 1246 dicit
3143 1193 3205 1245 ad
3234 1207 3392 1246 eum:
3430 1193 3519 1247 Mi-

1928 1296 2109 1337 serere
2139 1283 2272 1348 mei,
2303 1283 2556 1354 quoniam
2586 1284 2831 1352 captivus
2871 1298 3011 1338 sum.
3036 1284 3174 1338 Dicit
3196 1284 3366 1339 datori
3396 1303 3406 1336 :
3443 1286 3515 1339 Da

1929 1373 1979 1427 ei
2008 1389 2098 1427 scx
2133 1374 2468 1428 numismata.
2496 1375 2697 1432 Deinde
2719 1390 2839 1430 cum
2873 1377 2987 1430 haec
3013 1375 3342 1445 accepisset,
3375 1376 3520 1432 vadit

1930 1474 1984 1521 et
2015 1475 2183 1521 mutat
2223 1467 2461 1522 habitum
2484 1508 2499 1531 ,
2534 1473 2588 1522 et
2618 1467 2797 1521 obviat.
2840 1469 2889 1523 ei
2933 1468 3166 1536 aliunde,
3207 1478 3258 1523 et
3291 1470 3521 1539 procidit

1929 1557 2008 1624 ei,
2038 1558 2221 1613 dicens
2247 1574 2262 1613 :
2294 1558 2547 1613 Miserere
2575 1561 2712 1630 mei,
2739 1560 2863 1627 quia
2889 1571 3151 1614 coarctor.
3183 1560 3313 1615 Dicit
3346 1566 3521 1616 denu.)

1930 1651 2231 1719 patriarcha
2264 1653 2433 1707 datori
2464 1671 2475 1704 :
2510 1652 2585 1705 Da
2616 1653 2666 1707 ei
2705 1667 2801 1707 sex
2847 1668 3094 1709 nummos
3139 1669 3350 1709 aureos.
3386 1655 3517 1710 Cum
3576 1666 3581 1669 '

1926 1760 2058 1816 ergo
2092 1746 2256 1812 isset,
2285 1746 2417 1801 dicit
2456 1746 2546 1801 ille
2582 1746 2904 1801 distributor
2934 1748 2999 1802 ad
3029 1763 3213 1803 aurem
3246 1749 3386 1803 illius
3430 1765 3521 1819 pa-

296 1833 431 1888 Cxp.
468 1831 576 1886 νη.
601 1863 672 1875 --
697 1831 939 1903 Cumque
968 1831 1101 1887 istos
1138 1832 1474 1900 dimisisset,
1508 1832 1815 1888 universam
1848 1837 1895 1899 Β
1925 1838 2171 1892 triarchre
2205 1857 2217 1892 :
2262 1839 2361 1893 Per
2406 1838 2677 1895 orationes
2730 1848 2869 1903 tuas,
2924 1840 3159 1906 domine,
3214 1840 3353 1895 idem
3406 1856 3521 1911 ipse

223 1941 345 1995 qua:
393 1924 823 1981 circumdederat
874 1924 998 1979 illos
1037 1923 1394 1981 defectionem
1451 1932 1505 1978 et
1553 1925 1818 1980 modicam

225 2015 387 2069 fidem
417 2015 668 2069 scindens
696 2056 710 2078 ,
746 2014 1063 2084 loquebatur
1096 2016 1179 2069 his
1212 2017 1304 2086 qui
1334 2016 1382 2069 ei
1415 2015 1779 2070 consedebant
1803 2059 1818 2082 ,

221 2118 276 2164 et
304 2108 713 2163 admirabantur
742 2106 809 2162 de
832 2122 859 2161 a
886 2107 996 2162 Deo
1022 2108 1145 2162 data
1168 2108 1216 2163 ei
1244 2108 1616 2177 compassione
1641 2125 1656 2162 :
1685 2108 1817 2164 Cum

222 2216 422 2266 essent,
451 2200 718 2270 inquiens,
746 2200 798 2253 in
820 2197 998 2270 Cypro
1030 2198 1205 2254 adhuc
1234 2199 1448 2269 juvenis
1472 2200 1620 2268 quasi
1649 2214 1821 2254 anno-

220 2310 342 2350 rum
375 2290 711 2360 quindecim,
744 2291 901 2347 video
933 2305 1033 2345 una
1066 2292 1301 2345 noctium
1335 2292 1385 2345 in
1416 2293 1624 2346 somnis
1670 2293 1820 2360 puel-

220 2385 327 2441 lam
363 2386 670 2455 quamdam,
690 2384 842 2454 cujus
872 2385 1080 2453 species
1101 2399 1263 2454 supra
1285 2385 1454 2439 solem
1479 2384 1819 2454 Splendebat,

218 2486 467 2533 ornatam
501 2490 664 2546 supra
690 2490 905 2530 omnem
931 2475 1223 2530 humanum
1254 2489 1499 2540 sensum,
1530 2489 1649 2545 quae
1674 2477 1823 2530 venit

218 2583 273 2629 et
303 2572 459 2627 stetit
485 2579 609 2627 ante
638 2570 832 2625 lectum
863 2584 1061 2635 meum,
1085 2578 1141 2624 et
1170 2570 1400 2638 pulsavit
1431 2584 1517 2624 me
1544 2570 1594 2621 in
1629 2570 1816 2624 latere.

219 2665 653 2737 Expergefactus
681 2679 832 2732 vero,
864 2664 1023 2719 video
1050 2678 1166 2717 eam
1202 2663 1255 2717 in
1288 2663 1515 2717 veritate
1543 2670 1780 2717 stantem
1803 2704 1819 2729 ,

217 2768 273 2818 et
298 2759 564 2815 aastimavi
593 2774 711 2814 eam
741 2772 862 2814 esse
885 2757 1199 2823 mulierem;
1233 2758 1400 2827 figura
1435 2757 1597 2825 igitur
1643 2756 1822 2811 crucis

218 2856 486 2925 signatus,
514 2852 622 2907 dixi
649 2853 698 2907 ei
729 2852 899 2919 τουπ
927 2866 987 2911 es
1038 2850 1128 2905 tu?
1181 2858 1236 2905 et
1275 2850 1546 2919 quomodo
1594 2864 1722 2905 ausa
1762 2864 1822 2906 es

216 2947 429 3004 intrare
455 2959 618 3015 super
646 2957 733 2999 me
763 2942 887 2997 dum
912 2941 1241 2997 dormirem?
1274 2940 1516 2998 Habebat
1559 2951 1616 2995 et
1664 2956 1822 2997 coro-

220 3054 351 3096 nam
380 3037 448 3094 de
473 3036 739 3091 olivarum
771 3034 939 3090 ramis
967 3048 1130 3102 super
1155 3041 1314 3102 caput
1337 3048 1518 3089 suum.
1548 3032 1701 3087 Tunc
1727 3033 1818 3088 illa

217 3134 385 3191 hilari
407 3133 554 3187 vultu
580 3142 633 3186 et
656 3129 984 3186 subridendo
1006 3128 1168 3186 labiis
1195 3128 1327 3185 dicit
1356 3129 1485 3184 mihi
1517 3146 1529 3183 :
1563 3130 1674 3198 Ego
1697 3144 1815 3184 sum

1925 1930 2134 1998 accepit
2165 1930 2423 1986 secundo.
2459 1930 2607 1985 Fecit
2646 1944 2773 1984 vero
2805 1933 3039 2000 seipsum
3073 1932 3371 1998 patriarcha
3408 1944 3521 1987 tan-

1925 2040 2081 2097 quam
2112 2025 2358 2080 nesciret.
2394 2025 2551 2081 Venit
2588 2026 2763 2094 itaque
2797 2026 2951 2080 tertio
2999 2027 3190 2079 iterum
3222 2027 3516 2097 accipere.

1925 2092 1977 2174 et
2006 2120 2177 2187 tetigit
2201 2119 2355 2173 dator
2384 2092 2736 2188 patriarcham
2763 2119 2851 2187 qui
2879 2134 3064 2173 aurum
3093 2092 3521 2186 ferebat,'sigoi-

1926 2214 2093 2269 licans
2116 2214 2255 2283 quod
2282 2214 2399 2281 ipse
2423 2222 2588 2268 esset.
2619 2212 2766 2266 Tunc
2792 2211 3067 2279 respondit
3091 2211 3141 2265 ei
3170 2211 3261 2265 Dei
3290 2215 3518 2275 amicus,

1926 2303 2019 2357 ille
2046 2304 2308 2358 veraciter
2328 2304 2671 2357 misericors:
2700 2303 2775 2355 Da
2800 2302 2848 2355 ei
2871 2302 3149 2356 duodecim
3175 2303 3519 2371 nomismata,

1925 2410 1995 2449 ne
2024 2395 2163 2449 forte
2189 2395 2434 2449 Christus
2464 2409 2613 2448 meus
2639 2393 2735 2459 sit,
2761 2403 2813 2447 et
2845 2401 3007 2448 tentet
3040 2408 3146 2448 me.

1999 2485 2127 2539 Car.
2156 2484 2246 2540 IX.
2273 2514 2344 2527 -—
2374 2484 2664 2539 Nauclerus
2711 2484 2925 2555 quidam
2980 2484 3289 2553 peregrinus
3321 2484 3515 2539 damna

1926 2577 2178 2647 pertulit;
2211 2587 2265 2632 et
2307 2577 2568 2633 accedens
2611 2576 2752 2632 hunc
2798 2577 3009 2631 beatum
3052 2577 3256 2641 virum,
3296 2577 3516 2647 rogabat

1926 2684 2046 2725 eum
2100 2670 2280 2724 multis
2334 2669 2603 2740 lacrymis,
2634 2678 2693 2723 ut
2736 2676 3130 2739 compateretnr
3172 2670 3251 2735 ei,
3283 2668 3419 2722 sicut
3465 2677 3520 2723 et

1927 2760 2173 2816 omnibus
2220 2761 2358 2815 aliis.
2412 2760 2779 2830 Praecepitque
2824 2776 2943 2815 eum
2994 2760 3240 2827 accipere
3287 2761 3520 2829 quinque

1926 2852 2091 2909 libras
2121 2856 2259 2909 auri.
2292 2854 2532 2923 Cumque
2566 2852 2860 2922 accepisset
2889 2852 3007 2917 has,
3038 2851 3224 2905 abiens
3265 2853 3395 2906 emit
3426 2865 3522 2904 en-

1928 2946 2135 3001 thecam
2169 2945 2309 3017 (‘23)),
2337 2955 2390 3000 et
2420 2944 2564 2999 misit
2593 2945 2643 2998 in
2678 2945 2877 2997 navim.
2909 2942 3028 2996 Mox
3059 2942 3250 2997 accidit
3276 2951 3334 2995 ut
3363 2947 3519 2996 extra

1924 3040 2150 3109 pharum
2198 3034 2331 3109 (50)
2382 3036 2717 3108 naufragium
2765 3034 3110 3105 pertulisset;
3162 3034 3338 3088 navim
3387 3047 3518 3088 vero

1924 3144 2031 3185 non
2065 3129 2314 3200 perdidit.
2347 3129 2588 3184 Accessit
2621 3128 2813 3182 iterum
2847 3126 2913 3180 ad
2947 3140 3099 3192 eum,
3134 3124 3200 3179 de
3230 3125 3369 3179 bona
3398 3124 3517 3191 ejus

218 3226 400 3296 prima
437 3223 662 3280 filiarum
696 3222 856 3292 regis.
888 3220 1132 3292 Cumque
1163 3222 1279 3277 haec
1309 3222 1612 3289 audissem,
1636 3224 1817 3277 statim
1849 3215 1897 3280 C
1929 3222 2208 3278 voluntate
2259 3235 2610 3291 praesumens,
2657 3226 2713 3273 et
2762 3217 2896 3273 dixit
2930 3234 2944 3271 :
2985 3216 3237 3272 Miserere
3284 3216 3419 3282 mei,
3461 3223 3521 3272 ut

216 3319 444 3377 adoravi
498 3333 636 3375 eam.
692 3316 842 3372 Tunc
890 3316 1022 3371 dicit
1060 3316 1230 3371 mihi:
1265 3315 1323 3373 Si
1373 3331 1461 3371 me
1512 3317 1819 3386 possederis

215 3414 453 3485 amicam
484 3453 500 3479 ,
561 3425 661 3483 ego
715 3418 767 3466 te
823 3409 1013 3464 ducam
1071 3409 1125 3463 in
1179 3416 1469 3477 conspectu
1531 3409 1820 3476 imperato.

216 3508 314 3563 ris.
372 3505 584 3561 Etenim
634 3517 795 3559 nemo
858 3501 1020 3558 habet
1079 3508 1397 3570 potestatem
1455 3500 1595 3571 apud
1650 3515 1816 3569 eum,

215 3600 361 3656 sicut
407 3611 527 3669 ego.
570 3595 681 3663 Ego
728 3595 925 3664 quippe
972 3590 1076 3649 feci
1106 3608 1227 3648 eum
1259 3592 1314 3647 in
1345 3595 1502 3647 terris
1546 3593 1817 3649 hominem

216 3689 338 3746 fieri
377 3697 430 3744 et
460 3687 668 3743 salvare
704 3686 974 3740 homines.
1008 3685 1078 3740 Et
1116 3683 1233 3739 haec
1274 3684 1494 3752 dicens,
1528 3685 1817 3755 disparuit.

214 3782 336 3853 Ego
368 3796 498 3837 vero
525 3780 580 3835 in
608 3778 987 3847 memetipsum
1037 3790 1316 3842 reversus,
1370 3775 1609 3831 intellexi
1652 3776 1821 3832 visio-

214 3892 368 3943 nem,
400 3884 457 3932 et
482 3873 592 3929 dixi
620 3891 634 3928 :
664 3871 864 3937 Credo,
885 3869 1204 3939 Compassio
1229 3883 1292 3924 ac
1318 3867 1680 3940 Eleemosyna
1710 3878 1816 3937 est,

217 3985 273 4031 et
302 3974 433 4031 ideo
458 3971 619 4026 habet
648 3970 701 4024 in
728 3969 902 4038 capite
948 3982 1016 4021 ex
1055 3965 1212 4021 olivae
1244 3964 1386 4020 foliis
1413 3979 1695 4020 coronam.
1724 3965 1819 4020 Et-

215 4071 368 4127 enim
396 4065 659 4122 veraciter
685 4061 990 4132 compassio
1008 4068 1066 4116 et
1089 4059 1393 4129 benignitas
1415 4072 1544 4127 erga
1571 4058 1820 4115 homines

216 4162 395 4218 Deum
424 4171 587 4215 carne
617 4154 798 4211 vestiri
830 4152 976 4209 fecit.
1006 4151 1204 4207 Statim
1230 4164 1360 4219 ergo
1389 4148 1581 4204 vestiri
1610 4163 1697 4204 me
1718 4190 1734 4215 ,
1767 4159 1821 4202 et

217 4255 430 4311 nullum
464 4251 656 4306 domus
681 4262 815 4303 mea:
836 4245 1100 4311 excitans,
1131 4242 1186 4298 in
1217 4242 1506 4299 ecclesiam
1534 4240 1661 4296 abii.
1689 4240 1822 4295 Erat

214 4348 366 4405 enim
393 4346 505 4415 jam
535 4358 747 4399 aurora.
779 4342 994 4397 Etcum
1028 4339 1162 4394 irem
1191 4337 1403 4391 obviam
1436 4334 1589 4391 fratri
1620 4334 1819 4404 frigore

216 4440 444 4497 vexanti
482 4436 618 4508 (26),
650 4434 918 4506 expoliavi
964 4445 1052 4487 me
1098 4429 1417 4484 indumento
1464 4427 1725 4496 caprino,
1767 4435 1821 4481 et

215 4534 344 4592 dedi
374 4531 447 4598 ei,
470 4528 685 4599 dixique
708 4529 849 4582 intra
873 4535 1003 4580 me:
1037 4522 1177 4577 Ecce
1206 4521 1264 4575 in
1293 4520 1396 4575 hoc
1426 4520 1597 4573 sciam
1630 4516 1677 4572 si
1711 4515 1819 4570 uti-

1928 3314 2075 3369 Deus
2108 3312 2289 3369 mundi
2322 3312 2572 3367 misertus
2600 3318 2703 3365 est.
2735 3310 2827 3364 Cui
2872 3308 2964 3363 ille
3010 3306 3308 3377 patriarcha
3337 3305 3471 3360 dixit
3501 3323 3516 3361 :

1926 3404 2119 3471 Crede,
2152 3404 2338 3472 frater,
2371 3404 2470 3458 nisi
2503 3402 2812 3457 miscuisses
2853 3402 3093 3471 pecuniae
3124 3400 3369 3453 ecclesiae
3399 3397 3518 3453 illas

1926 3499 2181 3571 pecunias
2212 3511 2329 3566 qua:
2376 3496 2471 3550 tibi
2512 3500 2918 3556 remanserant,
2951 3494 3254 3547 nullatenus
3302 3488 3519 3545 naufra-

1924 3595 2070 3666 gium
2114 3590 2446 3662 pertulisses.
2497 3589 2575 3645 De
2622 3588 2777 3643 malis
2827 3587 2970 3642 enim
3020 3584 3424 3651 habuisti‘eas,
3466 3592 3519 3641 et

1927 3686 2146 3757 perdita:
2176 3694 2451 3740 suntcum
2497 3683 2575 3738 eis
2609 3689 2666 3737 et
2709 3696 2831 3751 quae
2858 3679 3078 3736 fuerunt
3108 3693 3174 3733 ex
3211 3677 3385 3732 bonis.
3418 3678 3520 3733 γε.

1924 3792 2044 3832 rum
2077 3773 2334 3846 praecepit
2373 3774 2548 3827 denuo
2593 3770 2707 3824 dari
2739 3771 2790 3824 ei
2820 3770 3005 3824 decem
3047 3768 3209 3821 libras
3240 3764 3391 3830 auri,
3426 3765 3520 3821 de-

1924 3873 2175 3929 nuntians
2201 3872 2249 3927 ei
2274 3885 2341 3925 ne
2362 3868 2737 3923 commisceret
2762 3864 2840 3919 eis
2867 3865 2999 3918 alias
3022 3861 3295 3931 pecunias.
3317 3860 3518 3917 Emens

1923 3974 2184 4036 praeterea
2230 3960 2545 4024 enthecam,
2578 3966 2631 4013 et
2673 3955 2929 4025 navigans
2958 3967 3065 4008 uno
3096 3951 3203 4019 die,
3232 3960 3393 4006 vento
3423 3966 3515 4005 va-

1924 4058 2033 4112 lido
2062 4055 2245 4119 ﬂante,
2279 4051 2550 4123 proiectus
2588 4056 2670 4103 est
2717 4048 2769 4101 in
2814 4056 3047 4111 terram;
3082 4054 3136 4101 et
3173 4044 3355 4099 omnia
3397 4058 3518 4112 per.

1926 4150 2091 4216 didit,
2125 4158 2177 4204 et
2228 4148 2397 4217 ipsam
2449 4157 2673 4207 navem,
2722 4150 2775 4196 et
2826 4154 2932 4194 non
2977 4145 3104 4193 sunt
3150 4136 3364 4191 salvatae
3414 4135 3519 4191 nisi

1924 4245 2117 4299 animae
2160 4248 2391 4295 tantum.
2421 4236 2600 4292 Voluit
2643 4248 2770 4305 ergo
2818 4247 2929 4301 pra:
2958 4230 3279 4286 confusione
3319 4238 3373 4283 et
3421 4244 3519 4283 an-

1923 4334 2097 4406 gustia
2122 4332 2263 4387 idem
2291 4328 2577 4385 nauclerus
2610 4340 2803 4381 necare
2828 4324 3096 4392 seipsum;
3133 4321 3228 4377 sed
3258 4321 3397 4375 Deus
3425 4322 3516 4389 qui

1925 4441 2142 4496 semper
2163 4423 2317 4479 saluti
2345 4420 2619 4475 hominum
2649 4415 2934 4487 providet,
2962 4412 3215 4469 revetavit
3240 4413 3341 4464 hoc
3364 4411 3517 4464 beate

1926 4516 2267 4588 patriarchae.
2298 4514 2507 4566 Etcum
2539 4508 2777 4562 audisset
2802 4503 2943 4573 quod
2970 4501 3241 4557 acciderat
3265 4500 3348 4567 ei,
3380 4514 3518 4553 nun-

217 4644 327 4696 que
356 4594 487 4681 vera
516 4594 615 4678 εει-
631 4619 765 4674 visio
788 4632 948 4687 quam
979 4614 1123 4679 vidi,
1151 4629 1219 4668 an
1244 4611 1604 4669 daemoniaca.
1636 4611 1702 4665 Et
1733 4625 1820 4663 ve-
1845 4601 1897 4666 D
1927 4614 2021 4668 tiat
2064 4610 2115 4664 ei
2159 4607 2345 4663 venire
2384 4604 2449 4657 ad
2496 4618 2555 4656 se
2605 4600 2743 4696 nihil
2789 4598 3010 4696 omnino
3033 4595 3323 4696 dubitans.
3365 4594 3517 4647 Tunc

214 4720 385 4775 ritate
414 4720 663 4781 testante,
680 4724 779 4766 nec
808 4710 935 4764 dum
958 4705 1245 4763 ecclesiam
1267 4703 1815 4774 comprehenderam,
1832 4722 1845 4735 -

213 4822 273 4868 et
300 4809 488 4866 subito
517 4806 749 4861 obvians
781 4801 913 4857 mihi
939 4799 1157 4872 quidam
1177 4838 1194 4865 ,
1226 4796 1363 4852 albis
1396 4796 1617 4852 indutus
1650 4794 1817 4849 vesti-

215 4903 342 4968 bus,
380 4900 470 4956 dat
498 4898 626 4954 mihi
658 4896 941 4966 ligaturam
984 4892 1101 4964 (27)
1146 4898 1362 4946 centum
1397 4889 1814 4953 numismatum,

212 4998 410 5053 dicens
436 5011 448 5047 :
477 4992 673 5061 Accipe
706 4992 841 5054 haec,
893 4989 1079 5052 frater,
1107 4993 1163 5040 et
1200 4985 1455 5053 dispensa
1485 4992 1542 5036 ut
1574 4983 1675 5037 vis.
1703 4981 1815 5053 Ego

215 5100 406 5144 autem
449 5099 561 5155 pra:
585 5081 781 5152 gaudio
806 5080 985 5134 statim
1018 5078 1132 5131 haec
1177 5075 1475 5145 suscipiens
1499 5114 1514 5139 ,
1564 5087 1816 5128 reversus

212 5198 363 5245 sum,
399 5177 588 5233 volens
625 5173 853 5230 reddere
882 5172 930 5227 ei
962 5171 1237 5241 ligaturam
1286 5168 1453 5231 illam,
1494 5166 1647 5236 quasi
1681 5164 1816 5220 nihil

212 5272 498 5342 indigens,
547 5275 603 5322 et
650 5264 883 5334 amplius
933 5278 1039 5318 non
1087 5260 1195 5315 vidi
1239 5259 1495 5329 aliquem.
1528 5257 1677 5312 Tunc
1705 5255 1816 5312 dixi

211 5364 403 5421 mihi:
436 5362 713 5418 Veraciter
762 5371 867 5413 non
916 5365 1032 5414 erat
1084 5355 1386 5425 phantasia.
1422 5354 1494 5407 Ex
1547 5352 1635 5407 illa
1686 5365 1817 5420 ergo

212 5456 355 5511 hora
401 5466 547 5521 szepe
593 5450 787 5506 dabam
838 5448 1039 5519 aliquid
1090 5446 1369 5511 fratribus,
1423 5452 1481 5499 et
1526 5444 1816 5522 dicebam;

214 5544 435 5603 Videbo
474 5543 520 5599 si
567 5543 745 5598 mittat
789 5540 930 5598 Deus
959 5538 1113 5607 mihi,
1141 5546 1200 5594 ut
1228 5535 1383 5604 dixit,
1430 5536 1709 5602 centupla.
1752 5534 1821 5589 Et

213 5654 349 5696 cum
376 5644 669 5694 tentassern
697 5634 1007 5701 Dominum,
1036 5631 1404 5697 malefaciens,
1430 5638 1487 5686 et
1514 5626 1820 5684 satisfactus

209 5745 403 5790 essem
432 5730 661 5786 diversis
690 5728 866 5784 modis
889 5741 984 5798 per
1011 5741 1106 5784 eas
1134 5741 1220 5781 res
1240 5768 1253 5793 ,
1288 5724 1397 5780 dixi
1425 5740 1439 5779 :
1469 5724 1637 5779 Cessa
1658 5763 1673 5789 ,
1720 5721 1821 5776 mi-

210 5838 345 5883 sera
370 5824 571 5891 anima,
598 5821 852 5880 tentando
878 5819 1267 5877 intentabilem.
1285 5818 1385 5874 Tot
1418 5817 1577 5889 igitur
1603 5816 1820 5872 certitu-

1924 4701 2151 4774 aSpersit
2182 4714 2241 4753 se
2270 4695 2515 4767 pulvere,
2550 4703 2599 4747 et
2633 4692 2866 4746 tunicam
2896 4688 3173 4756 scindens,
3207 4686 3518 4742 indecenter

1925 4792 2131 4850 accedit
2160 4791 2225 4844 ad
2258 4803 2401 4843 eum.
2428 4786 2669 4852 Cumque
2697 4781 2918 4836 vidisset
2948 4794 3069 4837 eum
3110 4780 3166 4835 in
3196 4780 3289 4834 tali
3334 4781 3515 4834 habitu

1923 4887 2013 4944 ille
2043 4893 2280 4947 sanctus,
2312 4879 2581 4948 redarguit
2621 4891 2775 4944 eum,
2805 4883 2861 4932 et
2887 4874 3021 4930 dixit
3048 4891 3064 4931 :
3095 4873 3408 4929 Misereatur
3439 4871 3513 4923 tui

1925 4981 2183 5036 Dominus
2205 4974 2514 5030 benedictus
2538 4972 2702 5027 Deus.
2724 4970 2901 5025 Credo
2922 4970 2971 5025 ei
2996 4968 3139 5039 quod
3163 4968 3230 5022 ab
3256 4965 3514 5020 hodierna

1923 5075 2009 5130 die
2049 5084 2382 5142 nequaquam
2425 5065 2760 5134 naufragium
2813 5063 3038 5127 incidas,
3070 5072 3344 5129 usquequo
3392 5070 3505 5109 mo~

1922 5169 2098 5225 riaris.
2130 5164 2241 5221 Hoc
2271 5178 2395 5219 vero
2426 5160 2519 5216 tibi
2550 5159 2843 5229 contingit,
2870 5172 2936 5212 eo
2962 5153 3103 5226 quod
3132 5161 3189 5206 et
3216 5151 3330 5219 ipsa
3364 5148 3513 5202 navis

1924 5271 2011 5317 tua
2039 5250 2115 5317 ex
2135 5256 2390 5329 iniustitia
2416 5264 2558 5311 esset
2588 5267 2856 5325 possessa.
2886 5251 3003 5308 Mox
3026 5263 3155 5318 ergo
3179 5244 3342 5315 jussit
3374 5243 3511 5299 tradi

1924 5356 1973 5412 ei
2006 5369 2167 5411 unam
2213 5366 2458 5421 magnam
2504 5349 2713 5413 navim,
2763 5345 2972 5413 plenam
3020 5340 3286 5393 frumento
3326 5337 3513 5408 viginti

1924 5448 2151 5503 millium
2177 5445 2474 5500 modiorum
2494 5483 2510 5509 ,
2542 5441 2610 5495 de
2641 5438 2745 5493 illis
2772 5434 2996 5489 navibus
3019 5445 3137 5500 quae
3162 5429 3512 5485 sanctissima

1924 5539 2167 5595 ecclesiae
2220 5537 2479 5605 subjectae
2534 5526 2935 5583 ministrabant.
2988 5523 3156 5592 Quam
3211 5522 3511 5592 recipiens,

1925 5631 2060 5687 exiit
2086 5627 2441 5690 Alexandria;
2468 5631 2522 5678 et
2550 5618 2848 5674 affirmabat
2878 5617 2992 5685 ipse
3024 5615 3328 5682 nauclerus,
3361 5629 3511 5668 assc-

1926 5734 2119 5778 verans
2146 5736 2159 5773 :
2194 5716 2393 5788 Viginti
2424 5713 2615 5769 diebus
2645 5726 2708 5765 ac
2736 5709 2984 5764 noctibus
3012 5706 3321 5764 vehementi
3349 5713 3510 5760 vento

1926 5812 2312 5886 navigavimus.
2336 5823 2442 5866 non
2465 5805 2705 5863 valentes
2724 5806 2944 5861 omnino
2969 5805 3106 5859 scire
3124 5818 3232 5874 quo
3252 5802 3504 5863 issemus,
