4104 6356
222 425 332 487 549

1157 425 1319 482 νιΤΑ
1358 420 1606 481 SANC'I‘I
1643 419 1927 478 JOANNIS
1968 422 2545 480 ELEEMOSYNARII.

3404 426 3508 485 550

225 565 357 622 ergo
399 546 733 605 descendens
781 543 1040 614 patricius
1085 542 1287 613 legeret
1333 540 1817 612 superscriptiones
1844 536 2081 598 Asitate
2110 554 2419 610 compresso
2463 553 2648 594 eorum
2680 537 2770 610 qui
2811 536 2879 592 ab
2922 552 2986 593 eo
3033 535 3336 610 alebantur,
3367 550 3421 597 et
3454 543 3508 598 in

221 643 568 710 lagenarum,
612 639 843 691 insinuat
889 635 1204 706 patriarchae
1244 644 1300 689 ut
1341 633 1439 689 sibi
1484 633 1724 687 mitteret
1753 629 1820 690 de

226 733 322 788 tali
358 731 536 796 melle,
563 744 670 800 quo
697 727 763 782 ad
788 741 924 797 opus
946 742 1100 782 suum
1123 734 1382 782 uteretur.
1415 723 1646 779 Noverat
1675 722 1817 778 enim

221 842 348 880 eum
390 824 513 878 mali
555 836 672 878 esse
717 821 1108 874 immemorem.
1140 815 1481 872 Ascendente
1533 814 1692 886 igitur
1727 812 1816 883 qui

224 919 542 990 laguncnlas
578 915 810 970 habebat
847 913 1102 978 creditas,
1143 921 1196 966 et
1240 923 1498 981 responsa
1532 907 1812 976 reddente,

220 1024 281 1069 et
313 1013 580 1068 indicante
611 1007 866 1080 pecunias
894 1021 1015 1063 esse
1043 1021 1138 1076 pro
1167 1003 1329 1060 melle
1360 1006 1412 1058 in
1445 1005 1610 1069 vasis,
1639 1002 1818 1058 statim

224 1121 356 1160 vere
407 1103 550 1158 mitis
607 1113 789 1172 pastor
833 1098 977 1154 misit
1021 1099 1070 1155 ei
1109 1113 1268 1153 unam
1316 1096 1680 1166 lagunculam,
1723 1108 1817 1149 su-

223 1197 579 1268 perscriptam
623 1211 728 1250 um.
772 1208 1041 1258 oertnun,
1083 1191 1287 1248 faciens
1327 1192 1376 1246 ei
1415 1200 1470 1245 et
1506 1190 1814 1260 pittacium,

222 1291 512 1345 continens
538 1289 607 1344 ita
637 1305 650 1343 :
689 1306 708 1339 (
742 1287 996 1341 Dominus
1020 1286 1111 1356 qui
1140 1285 1273 1341 dixit
1298 1304 1312 1339 :
1339 1284 1456 1341 Non
1489 1294 1541 1339 te
1571 1284 1815 1340 deseram

222 1397 404 1453 neque
441 1379 806 1449 derelinquam
854 1377 1044 1449 (Hebr.
1067 1393 1198 1446 xtlt;
1228 1376 1345 1433 Jas.
1378 1379 1446 1446 t),
1493 1378 1611 1433 sine
1663 1392 1816 1432 men-

219 1479 383 1534 dacio
409 1487 524 1543 est;
554 1487 605 1532 et
642 1477 783 1531 Deus
823 1491 1013 1539 verus;
1047 1475 1246 1530 idcirco
1278 1474 1444 1529 Deum
1467 1513 1481 1539 ,
1525 1473 1613 1544 qui
1645 1470 1820 1527 omni-

221 1571 330 1627 bus
359 1584 537 1624 escam
568 1575 623 1623 et
650 1569 812 1622 vitam
842 1567 1074 1637 praebet,
1106 1567 1267 1620 homo
1296 1564 1658 1634 corruptibilis
1685 1578 1817 1618 con-

221 1664 493 1732 stringere
525 1677 630 1715 non
664 1671 856 1730 potest.
890 1659 1041 1715 Vale.
1067 1678 1085 1711 ι
1117 1659 1377 1729 Praecepit
1400 1666 1578 1713 autem
1610 1657 1816 1712 abeun-

223 1754 372 1809 tibus
413 1761 467 1808 et
508 1752 844 1822 portantibus
880 1751 1249 1821 lagunculam,
1295 1762 1351 1806 ut
1395 1749 1636 1806 dicerent
1665 1753 1713 1806 ei
1762 1760 1820 1804 ut

223 1853 354 1900 ante
380 1859 439 1899 se
467 1842 666 1898 faceret
694 1859 810 1898 eam
842 1844 1070 1911 aperiri,
1103 1852 1156 1898 et
1187 1842 1426 1898 dicerent
1455 1843 1504 1897 ei
1532 1844 1671 1913 quod
1702 1859 1820 1898 om-

1925 635 2090 689 multa
2134 649 2264 690 cura
2309 642 2363 690 et
2399 634 2641 689 oratione
2691 631 2848 688 beato
2879 643 3281 702 perseverante,
3336 635 3509 691 sensit

1923 728 2140 797 quidam
2179 727 2414 783 civitatis
2466 726 2734 782 habitator
2773 740 2889 780 eam
2922 741 3043 795 quae
3073 726 3506 785 circumdederat

1921 819 2321 875 sanctissimum
2354 818 2502 874 illutn
2542 818 2845 873 ariditatem
2891 828 2944 873 et
2979 818 3340 874 omnimodam
3376 836 3505 891 ege-

1922 919 2113 965 statem
2142 929 2154 962 :
2184 909 2425 979 bigamus
2466 911 2723 974 existens,
2776 909 3045 965 desiderat
3073 909 3332 966 diaconus
3377 926 3503 966 san-

1922 1014 2020 1061 cta:
2051 1007 2290 1061 ecclesia:
2316 1005 2452 1061 fieri.
2482 1006 2547 1059 Et
2580 1020 2675 1075 per
2714 1003 3087 1060 necessitatem
3111 1021 3231 1075 quae
3263 1014 3500 1063 sanctum

1924 1100 2154 1170 undique
2184 1097 2652 1162 circumdederat,
2685 1098 2896 1153 volebat
2939 1098 3164 1153 suadere
3213 1098 3342 1152 eiut
3384 1113 3523 1153 eutr.

1921 1199 2294 1257 consecraret;
2331 1189 2560 1258 fecitque
2582 1191 2628 1244 ei
2653 1187 3106 1259 deprecationem,
3138 1189 3512 1245 continentem

1921 1285 1990 1340 ita
2021 1285 2097 1355 (in
2121 1283 2260 1340 facie
2306 1282 2502 1354 quippe
2543 1283 2593 1339 ei
2636 1297 2745 1338 non
2785 1281 3015 1336 audebat
3057 1281 3163 1336 tale
3189 1282 3385 1348 aliquid
3425 1281 3493 1337 di-

1922 1377 2069 1450 cere)
2096 1394 2109 1432 :
2140 1395 2159 1430 ί
2189 1376 2542 1434 Sanctissimo
2559 1385 2614 1432 et
2637 1386 2716 1431 ter
2739 1376 2896 1431 beato
2921 1374 3064 1430 Patri
3083 1384 3292 1444 patrum
3317 1373 3511 1429 Joanni

1923 1471 2123 1526 vicario
2146 1470 2371 1536 Christi,
2405 1469 2712 1539 deprecatio
2733 1477 2786 1523 et
2818 1467 3108 1534 postulatio
3129 1483 3158 1521 a
3181 1465 3371 1520 Cosma
3393 1465 3509 1538 (40)

1924 1562 2144 1632 indigno
2172 1577 2330 1618 servo
2352 1576 2631 1616 servorum
2653 1560 2955 1616 sanctitatis
2982 1570 3194 1616 vestrm.
3233 1559 3507 1624 Ediscens,

1924 1655 2266 1712 sanctiSsime
2297 1655 2533 1722 domine,
2566 1668 2684 1725 qua:
2715 1654 2923 1708 obtinet
2950 1652 3318 1707 honorandum
3354 1658 3513 1722 caput

1925 1757 2072 1805 tuum
2104 1748 2397 1804 secundum
2428 1747 2840 1817 permissionem
2869 1746 2984 1810 Dei,
3018 1745 3124 1800 imo
3156 1761 3251 1814 pro
3283 1744 3514 1814 peccatis

1925 1842 2145 1910 nostris,
2195 1857 2439 1897 escarum
2474 1840 2775 1910 penuriam,
2821 1855 2925 1894 non
2954 1840 3154 1908 justum
3206 1837 3514 1894 existimavi

225 1952 331 1992 nes
359 1950 490 2006 quas
525 1935 734 1990 viderat
760 1933 961 1990 deferri
999 1935 1310 2004 lagunculas
1368 1936 1606 2006 pecuniis
1637 1944 1820 1990 essent
1851 1929 1903 1992 Β
1929 1950 2114 1991 servus
2145 1947 2287 2004 tuus,
2337 1937 2392 1989 in
2426 1932 2721 1988 refectione
2761 1934 3096 1999 conversari,
3127 1931 3344 1986 domino
3394 1945 3515 1986 meo

225 2043 329 2100 pro
358 2029 516 2084 melle
542 2028 778 2098 repletas.
802 2027 1034 2099 Contigit
1069 2028 1224 2100 185
1250 2042 1380 2098 ergo
1407 2029 1635 2085 sedente
1665 2045 1729 2084 eo
1757 2029 1823 2084 ad

226 2137 507 2191 mensam,
537 2134 593 2177 ut
632 2123 967 2178 nuntiaretur
1009 2123 1197 2178 adesse
1236 2138 1331 2179 eos
1365 2124 1457 2195 qui
1488 2123 1823 2195 lagunculam

226 2214 544 2284 portabant,
591 2222 644 2270 et
689 2215 962 2284 pittacium
1010 2216 1349 2286 patriarchas.
1391 2216 1825 2272 Ascendentibus

226 2303 409 2372 itaque
455 2304 555 2368 eis,
586 2319 705 2359 cum
758 2305 978 2360 vidisset
1018 2321 1174 2360 unam
1208 2316 1412 2362 tantum
1449 2307 1820 2377 lagunculam,

221 2395 369 2450 dixit
408 2397 485 2450 eis
535 2397 790 2466 patricius
824 2416 834 2450 :
869 2397 1036 2453 Dicite
1078 2399 1127 2453 ei
1157 2415 1172 2453 :
1211 2397 1407 2466 Credo,
1439 2399 1678 2465 domine,
1712 2417 1826 2456 ma-

219 2505 387 2560 gnam
431 2489 758 2545 iracundiam
807 2491 1091 2547 adversum
1124 2507 1210 2548 me
1252 2494 1473 2558 retines,
1508 2509 1628 2548 nam
1664 2509 1824 2549 unam

222 2584 404 2639 solam
459 2600 565 2640 non
616 2587 855 2642 mitteres
906 2586 1058 2641 mihi.
1108 2587 1324 2642 Tradito
1370 2597 1547 2644 autem
1609 2589 1826 2657 pittacio

223 2676 453 2743 eodem,
487 2686 540 2731 et
580 2676 774 2732 bullam
808 2678 919 2749 (59)
952 2679 1384 2746 dissolventibns,
1421 2689 1473 2734 et
1512 2681 1826 2735 evacuanti-

225 2765 334 2822 bus
365 2784 544 2822 coram
591 2771 838 2825 omnibus
889 2774 1198 2838 pecuniam,
1232 2771 1446 2843 agnovit
1492 2782 1546 2828 et
1592 2773 1824 2842 reliquas

227 2859 561 2932 lagunculas,
602 2878 734 2933 quas
779 2865 938 2932 vidit,
987 2868 1232 2920 s:mttiter
1281 2865 1464 2935 plenas
1511 2881 1651 2922 esse.
1688 2867 1824 2924 Cum

229 2966 361 3021 ergo
391 2953 608 3020 legisset
633 2952 774 3022 quod
802 2954 960 3008 homo
983 2956 1343 3025 corruptibilis
1367 2956 1534 3011 Deum
1559 2968 1827 3013 constrtn—

227 3058 358 3114 gere
390 3059 494 3099 non
527 3056 704 3114 posset
727 3092 740 3115 ,
770 3061 1122 3118 compunctus
1150 3049 1218 3104 de
1248 3065 1519 3112 sermone,
1551 3051 1684 3106 dixit
1711 3070 1722 3104 :
1760 3051 1828 3106 Et

231 3136 361 3191 vivit
393 3137 669 3207 Dominus,
705 3155 876 3207 neque
907 3142 1088 3197 Niceta
1113 3143 1446 3214 constringet
1468 3160 1590 3199 eum
1613 3183 1628 3210 ,
1665 3146 1826 3198 homo

229 3233 430 3285 ctenim
457 3244 508 3287 et
539 3231 652 3301 ipse
685 3243 931 3301 peccator
958 3244 1012 3291 et
1042 3235 1403 3306 corruptibilis
1435 3245 1537 3292 est.
1573 3237 1639 3292 Et
1667 3237 1826 3291 relin-

1929 2031 1981 2087 in
2010 2028 2299 2083 subtilitate
2330 2027 2448 2099 (41)
2476 2026 2738 2082 manenti.
2773 2026 2906 2081 Sttnt
2935 2027 3098 2096 igitur
3123 2025 3337 2095 indigno
3358 2037 3514 2078 servo

1929 2130 2020 2176 tuo
2053 2120 2306 2176 frumenti
2340 2119 2568 2174 ducenta
2599 2120 2761 2174 tnillia
2795 2118 3118 2186 modiorum,
3148 2127 3201 2172 et
3231 2117 3342 2172 auri
3370 2117 3517 2173 libra:

1926 2225 2142 2272 centum
2199 2215 2490 2284 octoginta,
2541 2230 2671 2284 quas
2723 2229 2852 2283 rogo
2898 2214 3012 2267 dari
3063 2212 3278 2266 Christo
3324 2227 3417 2280 per
3465 2220 3517 2267 te

1929 2307 2204 2363 dominum
2245 2323 2456 2366 meum:
2487 2317 2690 2362 tantum
2718 2321 2818 2376 ego
2847 2304 3091 2375 indiguus
3125 2304 3175 2357 in
3223 2304 3516 2358 ministerio

1929 2401 2095 2456 vestri
2139 2401 2426 2455 diaconatu
2481 2398 2584 2453 frui
2617 2413 2850 2465 merear,
2899 2407 2954 2452 ut
2997 2413 3090 2468 per
3126 2398 3283 2452 talem
3315 2413 3434 2452 cum
3467 2406 3518 2453 te

1929 2493 2146 2548 domino
2199 2493 2366 2547 sancti
2422 2492 2606 2547 altaris
2653 2492 3123 2556 ministrationetu,
3175 2491 3432 2545 emundet
3487 2505 3517 2545 a

1933 2595 2275 2655 peccatorum
2327 2600 2566 2639 meorum
2623 2585 2849 2638 luxuria.
2900 2583 3035 2637 Dicit
3073 2583 3216 2637 enitn
3263 2597 3390 2637 vere
3425 2581 3518 2638 Dei

1933 2677 2253 2747 praedicatur
2297 2685 2514 2730 sanctus
2543 2674 2851 2743 Apostolus,
2885 2674 3137 2744 quoniam
3171 2690 3234 2729 cx
3279 2673 3518 2728 necessi-

1933 2779 2041 2825 tate
2083 2779 2137 2825 et
2179 2771 2308 2839 legis
2355 2767 2634 2821 translatio
2677 2768 2733 2820 fit
2761 2766 2950 2838 (Hebr.
2986 2768 3098 2839 vn).
3130 2786 3147 2818 ι
3186 2767 3307 2822 llaec
3348 2766 3519 2821 susci~

1934 2863 2086 2932 piens
2112 2860 2371 2915 divinitus
2420 2861 2658 2929 sapiens,
2693 2868 2745 2914 et
2774 2861 2946 2912 virum
2999 2861 3287 2923 a'lVOCtllIS,
3341 2859 3411 2910 ait
3452 2856 3519 2912 ad

1931 2973 2054 3012 eum
2083 2955 2195 3009 :Tu
2237 2971 2294 3010 es
2335 2954 2425 3024 qui
2466 2969 2652 3025 preces
2683 2953 2839 3008 nobis
2867 2969 2961 3022 per
2991 2956 3254 3007 notarium
3286 2959 3432 3006 tuum
3465 2957 3520 3007 ct

1934 3045 2102 3104 ﬁlium
2140 3048 2374 3102 misisti?
2404 3049 2521 3114 Quo
2561 3047 2812 3102 dicente:
2846 3046 3038 3111 Etiam,
3084 3046 3318 3111 domine,
3377 3044 3522 3098 mi~it

1935 3158 2126 3198 omnes
2169 3143 2312 3196 foras
2365 3141 2552 3194 beatus
2601 3146 2657 3193 et
2713 3138 3274 3205 misericordissimus,
3332 3134 3519 3188 nolens

1932 3248 2116 3289 coram
2146 3233 2392 3288 omnibus
2423 3234 2566 3286 hunc
2591 3230 2941 3297 confundere,
2968 3238 3024 3284 et
3052 3229 3216 3297 coepit
3243 3227 3421 3282 dicere
3452 3225 3520 3281 ad

228 3338 402 3399 quens
449 3340 570 3384 mox
619 3326 1021 3402 prandium,et
1063 3341 1283 3388 sumens
1329 3343 1512 3386 secum
1558 3329 1902 3403 quotquotC
1934 3341 2056 3383 eum
2089 3324 2336 3379 :Oblatio
2382 3322 2596 3392 quidem
2657 3332 2744 3376 tua
2798 3320 2953 3376 valde
2995 3319 3140 3390 justa
3193 3328 3247 3374 et
3296 3317 3523 3387 tempori

230 3422 488 3491 pecunias
528 3423 596 3477 ab
627 3424 939 3480 honorando
983 3425 1140 3480 Patre
1183 3426 1510 3494 abstulerat,
1541 3435 1595 3482 et
1631 3427 1822 3497 lagun-

228 3517 406 3570 culam
439 3531 559 3588 qua!
589 3517 657 3572 ab
684 3534 749 3571 eo
801 3519 1111 3573 transmissa
1155 3517 1358 3585 fuerat,
1394 3528 1449 3574 et
1475 3518 1542 3575 de
1571 3535 1668 3574 suo
1697 3533 1827 3575 cen-

229 3609 440 3664 tenaria
484 3611 617 3674 tria,
663 3611 1018 3680 apprehendit
1067 3611 1375 3666 honoranda
1416 3611 1534 3682 ejus
1580 3615 1824 3683 vestigia,

231 3700 385 3755 nullo
415 3701 465 3754 in
499 3701 815 3771 obsequium
858 3703 1130 3772 proprium
1161 3713 1402 3772 sumpto;
1437 3703 1530 3758 sed
1563 3703 1615 3758 in
1648 3704 1821 3759 humi-

235 3795 390 3850 litate
419 3794 580 3849 multa
610 3795 929 3862 ascendens,
961 3796 1181 3866 rogabat
1207 3811 1361 3863 eum,
1392 3797 1546 3865 quasi
1580 3799 1702 3853 alits
1730 3813 1824 3854 ac-

229 3888 545 3944 cusantibus
584 3897 818 3954 motum,
857 3885 1239 3960 indulgentiam
1269 3904 1299 3944 a
1332 3891 1442 3944 Deo
1472 3902 1823 3960 exposceret,

226 3981 572 4037 satisfaciens
625 3982 673 4036 ei
732 3982 874 4052 quod
932 3983 1031 4038 etsi
1101 3983 1468 4054 paenitentiam
1526 3984 1574 4039 ei
1637 3983 1824 4052 daret,

228 4082 482 4144 prompte
509 4073 644 4128 hanc
673 4074 967 4144 susciperet
993 4085 1046 4129 et
1073 4075 1385 4130 custodiret.
1414 4076 1704 4133 Admirans
1733 4093 1828 4133 au-

229 4176 342 4222 tem
369 4166 800 4238 archiepiscopus
826 4168 1065 4223 velocem
1089 4169 1190 4224 viri
1220 4170 1664 4238 conversionem,
1694 4172 1828 4227 nihil

228 4259 302 4315 de
335 4261 623 4315 commisso
653 4271 977 4334 conquestus
1004 4272 1113 4326 est,
1141 4261 1236 4318 sed
1277 4272 1332 4317 et
1361 4264 1532 4333 magis
1570 4264 1828 4320 consola-

229 4353 392 4408 batur
420 4368 541 4406 eurn
577 4351 754 4408 verbis
799 4354 1193 4410 consolatOriis.
1226 4355 1374 4409 Talis
1415 4363 1597 4412 autem
1639 4356 1824 4411 ambo-

230 4459 356 4498 rutu
397 4442 713 4497 confirmata
747 4454 828 4499 est
858 4459 922 4499 ex
955 4454 1079 4499 tunc
1109 4461 1138 4498 a
1170 4445 1280 4500 Deo
1305 4445 1564 4515 cbaritas,
1593 4455 1648 4504 ut
1675 4461 1826 4502 com-

232 4547 387 4608 pater
417 4536 705 4606 supradicti
739 4536 889 4591 fieret
917 4536 1149 4614 patricii.

308 4627 438 4682 Cn.
464 4626 578 4683 Xll.
603 4658 672 4668 -—
695 4627 797 4696 Qui
827 4628 1096 4682 Abraham
1121 4628 1172 4681 in
1212 4629 1314 4682 hoc
1337 4627 1479 4698 quod
1508 4629 1827 4698 expediebat

1935 3417 2260 3486 necessaria,
2290 3415 2387 3476 sed
2419 3415 2688 3474 maculosa
2727 3424 2840 3485 est;
2866 3423 2920 3472 et
2961 3413 3098 3468 nosti
3125 3412 3263 3483 quod
3300 3412 3350 3465 in
3379 3411 3523 3482 Lege

1933 3522 2049 3576 ovis
2067 3521 2178 3575 sive
2211 3533 2393 3588 parva,
2425 3519 2542 3574 sive
2582 3532 2792 3586 magna,
2829 3516 2927 3570 nisi
2961 3513 3300 3570 immaculata
3348 3521 3518 3578 esset,

1935 3630 2040 3669 non
2076 3615 2134 3668 in
2180 3611 2502 3668 sacrificium
2547 3609 2874 3666 offerebatur
2899 3607 3088 3679 (Lavit.
3119 3605 3250 3677 xxn)
3277 3622 3293 3673 ;
3323 3612 3378 3661 et
3405 3604 3525 3660 ideo

1937 3709 2004 3763 ad
2058 3708 2381 3762 sacrificium
2419 3706 2550 3762 Cain
2606 3719 2711 3760 non
2771 3705 3005 3772 respexit
3043 3701 3185 3756 Deus
3227 3699 3386 3772 (Gen.
3418 3697 3522 3769 tv).

1916 3800 2196 3871 'Quoniam
2225 3813 2355 3855 vero
2384 3799 2588 3866 dixisti,
2622 3796 2806 3864 frater,
2842 3795 2985 3865 quod
3016 3810 3079 3850 ex
3108 3794 3428 3848 necessitate
3465 3800 3522 3849 et

1933 3894 2068 3964 legis
2099 3893 2378 3948 translatio
2407 3893 2518 3959 fiat,
2544 3891 2612 3948 de
2642 3893 2760 3962 lege
2786 3891 2955 3947 veteri
2997 3891 3096 3945 hoc
3124 3889 3252 3944 dicit
3288 3890 3522 3957 Aposto-

1933 3989 2054 4055 lus;
2085 4003 2206 4044 nam
2237 3986 2506 4058 quomodo
2553 3988 2627 4042 ait
2657 3986 2822 4042 frater
2854 3985 3062 4040 Domini
3095 3984 3346 4049 Jacobus,
3378 3983 3522 4053 quod

1934 4083 2238 4156 quicunque
2268 4080 2636 4136 observaverit
2672 4089 2833 4134 totam
2864 4079 3057 4150 legem,
3091 4075 3522 4132 oflendatautetn

1935 4176 1988 4230 in
2017 4189 2146 4240 uno,
2171 4173 2343 4229 factus
2364 4182 2447 4228 est
2473 4173 2709 4230 omnium
2737 4188 2860 4230 reus
2883 4172 3021 4244 (Jac.
3053 4169 3152 4242 tt)?
3181 4170 3254 4225 De
3271 4170 3526 4225 fratribus

1936 4283 2064 4323 vero
2096 4267 2232 4322 meis
2259 4265 2444 4337 egenis
2470 4274 2525 4321 et
2554 4265 2622 4321 de
2643 4273 2829 4322 sancta
2862 4265 3120 4328 Ecclesia,
3149 4265 3287 4318 Deus
3317 4265 3406 4334 qui
3429 4278 3526 4319 eos

1909 4362 2157 4443 .nutrivit
2206 4368 2334 4416 ante
2361 4375 2521 4430 quam
2570 4374 2670 4430 ego
2711 4369 2766 4414 et
2805 4367 2861 4412 tu
2903 4373 3270 4421 nasceremur,
3313 4359 3428 4426 ipse
3474 4367 3526 4412 et

1934 4470 2078 4512 nunc
2115 4453 2318 4510 nutriet
2346 4467 2475 4514 eos;
2513 4460 2737 4516 tantum,
2763 4451 2806 4504 si
2858 4463 3134 4505 sermones
3175 4448 3292 4518 ejus
3322 4448 3524 4503 illaesos

1934 4543 2367 4601 custodiet-imus.
2420 4541 2516 4596 llle
2563 4541 2705 4596 enim
2761 4539 2853 4608 qui
2905 4549 3030 4593 tunc
3075 4537 3311 4608 quinque
3360 4551 3526 4606 panes

1935 4637 2311 4706 multiplicavit
2352 4632 2532 4705 (Joan.
2567 4633 2666 4700 vr),
2703 4638 2877 4698 potest
2905 4637 2959 4684 et
2983 4629 3167 4684 decem
3198 4628 3375 4683 horrei
3409 4629 3521 4686 inci

232 4724 486 4793 lelllaVil,
512 4731 568 4776 ιιι
597 4721 716 4793 eius
748 4721 908 4776 ﬁdem
955 4721 1059 4776 501i
1091 4721 1203 4776 Deo
1241 4723 1509 4794 cognitam
1545 4723 1828 4779 universus
1853 4726 1908 4787 D
1935 4729 2131 4786 modiis
2163 4726 2504 4782 benedicere.
2535 4723 2873 4792 Quapmpter
2892 4721 3019 4777 illud
3050 4721 3170 4776 dico
3211 4721 3276 4776 ad
3319 4733 3390 4788 te,
3425 4721 3521 4787 fili,

231 4816 469 4871 mundus
510 4816 726 4871 discens
775 4812 1254 4886 imitaretur(Gen.
1297 4814 1453 4883 xxu),
1505 4815 1733 4869 tentavit
1773 4825 1828 4871 et

234 4908 644 4966 memorabilem
692 4908 852 4963 istum
893 4907 1179 4964 Joannem.
1229 4907 1416 4962 Modus
1467 4917 1648 4962 autem
1685 4908 1830 4963 illius

235 4999 549 5057 tentationis
619 5000 793 5058 forma
854 5001 1096 5056 utilitatis
1145 5001 1346 5056 sanctis
1413 5000 1531 5071 ejus
1586 5001 1830 5057 ecclesiis

234 5094 468 5150 exstitit.
508 5092 600 5150 Est
645 5102 822 5148 autem
851 5092 1020 5148 forma
1061 5093 1216 5147 haec:
1252 5091 1614 5149 lnzestimahili
1651 5092 1831 5148 multi-

238 5185 427 5240 tudine
461 5185 777 5255 fugientium
824 5199 854 5240 a
904 5185 1111 5252 Persis,
1152 5187 1290 5242 sicut
1314 5186 1424 5258 jam
1464 5187 1665 5242 dictum
1698 5187 1833 5257 (Su-

239 5297 334 5351 pra
359 5295 406 5333 c.
441 5278 518 5352 6),
562 5288 617 5334 et
657 5278 976 5334 adveniente
1014 5279 1412 5348 Alexandriam,
1465 5290 1517 5337 et
1547 5280 1831 5338 sterilitate

238 5375 408 5430 multa
440 5373 686 5429 ciborum
735 5372 892 5438 facta,
941 5388 1006 5429 eo
1053 5375 1198 5444 quod
1247 5390 1350 5430 non
1393 5375 1600 5430 subiret
1637 5375 1832 5433 ﬂuvius

239 5468 393 5522 Nilus
421 5467 719 5522 secundum
750 5465 1218 5532 consuetudinem,
1248 5476 1302 5522 et
1323 5482 1455 5523 auro
1487 5478 1681 5525 cuncto
1708 5486 1833 5525 ero-

238 5572 365 5632 gato
411 5561 553 5630 quod
598 5559 912 5629 possederat
959 5558 1288 5628 patriarcha,
1340 5561 1506 5626 misit,
1549 5570 1604 5616 et
1644 5573 1830 5618 mutuo

241 5654 451 5726 accepit
479 5670 508 5708 a
539 5655 722 5709 multis
753 5651 1122 5723 philochristis
1162 5653 1303 5707 circa
1347 5652 1535 5709 decem
1574 5665 1830 5711 centena-

244 5747 344 5802 ria.
380 5747 450 5802 Et
482 5747 564 5800 bis
592 5745 784 5800 iterum
827 5745 1186 5814 consumptis,
1235 5754 1288 5800 et
1325 5745 1498 5802 adhuc
1526 5748 1666 5804 fame
1711 5765 1830 5804 ma-

247 5855 432 5910 nente,
468 5854 522 5898 et
562 5843 628 5898 de
671 5854 868 5898 caetero
901 5854 1141 5896 mutuum
1171 5843 1299 5898 dare
1328 5847 1376 5898 ei
1408 5844 1552 5898 nullo
1596 5846 1829 5909 volente,

247 5942 339 5998 sed
370 5939 619 5994 otnnibus
648 5937 998 6009 pertinaciam
1025 5937 1183 5994 famis
1212 5939 1544 6004 timentibus,
1574 5948 1625 5995 et
1654 5954 1835 5994 neces-

1936 4822 2081 4892 quod
2125 4820 2176 4874 in
2219 4818 2450 4874 Actibus
2490 4817 2855 4886 apostolorum
2907 4815 3106 4872 dictum
3135 4827 3218 4872 est
3248 4835 3259 4870 :
3287 4816 3402 4872 Non
3444 4824 3527 4870 est

1934 4914 2031 4971 tibi
2063 4914 2238 4982 portio
2269 4924 2444 4981 neque
2477 4907 2764 4965 haereditas
2793 4910 2844 4962 in
2888 4909 2986 4965 hac
3020 4920 3171 4978 parte
3208 4910 3346 4980 (Act.
3378 4907 3518 4975 VIII).

1933 5006 2174 5077 Cumque
2202 5006 2342 5060 hunc
2369 5005 2578 5059 tristem
2610 5013 2664 5058 et
2689 5003 2807 5060 sine
2836 5003 3026 5060 effecm
3050 5002 3362 5066 dimisisset,
3386 5015 3526 5054 nun-

1935 5099 2100 5156 tiatur
2118 5098 2166 5154 ei
2193 5097 2324 5154 duas
2355 5097 2612 5151 Ecclesiae
2642 5110 2955 5165 magnarum
2989 5096 3199 5149 navium
3232 5093 3298 5148 ad
3323 5103 3524 5148 terram

1937 5205 2060 5248 esse
2106 5190 2419 5254 submissas,
2467 5203 2600 5258 quas
2655 5188 2873 5244 miserat
2919 5187 2970 5240 in
3023 5184 3258 5242 Siciliam
3306 5195 3526 5254 propter

1937 5285 2288 5340 frumentum.
2322 5281 2434 5336 Hoc
2474 5292 2650 5342 autem
2697 5282 2920 5334 audiens
2951 5278 3042 5333 ille
3070 5279 3279 5343 beatus,
3323 5277 3526 5334 cadens

1940 5378 1997 5431 in
2045 5386 2267 5440 terram,
2322 5374 2522 5444 gratias
2573 5373 2678 5443 egit
2720 5369 3070 5439 omnipotenti
3130 5369 3258 5436 Deo,
3295 5369 3522 5427 dicens:

1938 5469 2152 5528 Gratias
2180 5466 2357 5524 refero
2389 5468 2506 5534 tibi,
2543 5465 2785 5532 Domine,
2809 5462 3060 5534 quoniam
3093 5479 3200 5520 non
3226 5466 3520 5535 permisisti

1939 5577 2097 5619 servo
2129 5572 2220 5616 tuo
2248 5560 2486 5630 pecuniis
2517 5557 2747 5612 vendere
2792 5555 3021 5625 gratiam
3054 5565 3218 5612 tuam.
3254 5557 3392 5614 Vere
3436 5559 3522 5615 in-

1934 5657 2208 5726 quirentes
2254 5664 2324 5718 te,
2358 5651 2602 5712 Domine,
2645 5658 2698 5702 ct
2741 5655 2940 5703 sanctae
2981 5648 3240 5705 Ecclesia;
3283 5660 3388 5708 tua:
3428 5667 3522 5709 re-

1933 5751 2085 5822 gulas
2115 5746 2504 5811 custodientes,
2541 5743 2698 5816 186
2730 5758 2834 5798 non
2887 5743 3133 5800 deficient
3185 5747 3330 5801 omni
3370 5747 3512 5803 bono

1938 5842 2110 5911 (l’sal.
2145 5846 2357 5910 xum).

2007 5935 2136 5990 CAP.
2171 5931 2308 5987 thl.
2336 5961 2398 5974 -—
2423 5932 2749 6000 Quibusdam
2800 5933 3007 5989 duobus
3051 5932 3258 5991 clericis
3309 5931 3366 5988 in
3405 5930 3518 5989 cul~
