4142 6350
560 366 658 425 ’551

1604 355 1691 412 DE
1730 353 1911 410 VITIS
1950 348 2232 407 PATRUM
2273 348 2478 404 LIBER
2516 347 2795 407 PRIMUS.

3738 350 3839 409 352

563 501 684 557 pam
712 480 1048 545 cadentibus,
1080 479 1181 533 hoc
1208 482 1310 542 est,
1343 488 1562 530 manum
1595 473 1648 527 in
1678 473 1991 527 alterutrum
2024 467 2147 537 inji-
2176 472 2223 530 Α
2323 463 2452 519 Car.
2503 465 2642 520 XIV.
2668 464 2954 520 —-Deiferi
2998 464 3209 534 quidam
3260 477 3568 522 sanctorum
3620 468 3837 525 Patrum

562 578 847 643 cientibus,
882 578 980 630 hos
1007 569 1491 629 excommunicavit
1536 568 1793 623 canonice
1824 581 1917 636 per
1945 562 2146 631 aliquot

562 671 701 725 dies.
737 668 938 722 florum
968 665 1185 735 quidem
1221 677 1357 715 unus
1386 660 1614 715 libenter
1646 656 1880 726 suscepit
1903 656 2147 720 increpa-

563 763 786 826 tionem,
817 767 872 814 et
901 756 1149 827 cognovit
1192 755 1402 822 culpam
1432 766 1581 805 suam
1610 765 1625 815 ;
1654 750 1789 803 alter
1834 761 1961 800 vero
1998 744 2149 798 mali-

564 857 733 910 tiosus
760 852 1019 915 existens,
1050 846 1289 917 gaudens
1318 852 1645 915 praeceptum
1675 838 1933 908 suscepit.
1982 836 2150 889 Occa-

561 950 769 1004 sionem
800 946 939 1000 enim
966 942 1243 1013 quaerebat
1268 941 1455 1001 miser,
1486 952 1553 991 ne
1582 933 1953 1004 ingrederetur
1977 929 2152 983 eccle-

563 1042 717 1107 siam,
752 1039 845 1092 sed
869 1035 1138 1091 licentiam
1166 1034 1385 1087 haberet
1414 1027 1801 1100 perseverandi
1825 1027 1875 1080 in
1906 1022 2148 1079 nefandis

564 1132 768 1185 actibus
803 1130 936 1181 suis.
983 1124 1316 1178 Irascebatur
1339 1131 1517 1176 autem
1566 1127 1753 1173 contra
1786 1126 2026 1171 sanctum
2060 1127 2153 1182 pa-

569 1220 879 1283 triarcham,
939 1228 992 1271 et
1047 1223 1304 1285 quantum
1360 1213 1411 1265 in
1473 1225 1531 1265 se
1562 1219 1700 1276 erat,
1750 1206 2055 1260 minabatur
2103 1202 2155 1258 ei

567 1321 784 1362 nocere.
832 1304 1059 1371 Quidam
1100 1316 1228 1355 vero
1272 1300 1543 1361 dicebant,
1594 1306 1648 1349 et
1690 1297 1860 1361 ipsum
1903 1308 2023 1347 esse
2064 1288 2157 1359 qui

567 1399 879 1471 prodiderat
920 1395 1170 1466 pecunias
1204 1393 1457 1447 Ecclesire
1486 1388 1552 1443 ad
1593 1388 1871 1457 patricium
1915 1384 2154 1439 Nicetam

570 1495 755 1563 (Sup.,
790 1509 835 1545 ε.
870 1489 982 1560 Η),
1018 1504 1151 1559 quas
1180 1500 1232 1542 et
1276 1488 1451 1556 rapuit
1480 1500 1664 1548 manu,
1697 1494 1755 1537 ut
1784 1479 2155 1551 prtescriptum

568 1597 673 1643 est.
698 1586 1009 1641 Nuntiatum
1035 1593 1115 1639 est
1143 1585 1301 1653 igitur
1326 1580 1471 1651 quod
1494 1580 1583 1634 ille
1616 1578 1740 1633 mali
1771 1591 1980 1644 memor
2004 1575 2160 1629 mali-

569 1680 695 1734 tiam
744 1686 1066 1743 reservaret,
1096 1685 1150 1730 et
1202 1691 1306 1729 non
1349 1682 1554 1729 rectam
1586 1685 1712 1741 erga
1754 1670 1970 1724 beatum
2016 1667 2160 1721 hunc

569 1775 898 1826 voluntatem
934 1768 1176 1822 haberet.
1208 1768 1300 1821 llic
1331 1776 1515 1821 autem
1546 1780 1671 1818 vere
1700 1771 1899 1830 pastor,
1948 1773 2157 1815 memor

2249 558 2365 629 (47)
2396 559 2646 613 dixerunt
2672 577 2683 613 :
2712 559 3037 630 Angelorum
3078 562 3294 630 quidem
3320 571 3404 616 est
3438 563 3745 617 nullatenus
3774 564 3840 617 li-

2251 653 2438 719 tigare,
2470 652 2563 706 sed
2590 653 2642 706 in
2669 652 2976 706 omnimoda
2995 662 3049 707 et
3072 662 3329 721 perpetua
3352 669 3485 724 pace
3506 655 3839 723 consistere;

2252 741 2531 797 hominum
2564 758 2698 798 vero
2725 754 2809 798 est
2857 744 3107 799 altercari
3132 744 3372 814 quidem,
3404 746 3500 800 sed
3546 747 3728 801 statim
3758 763 3843 803 re-

2251 834 2573 900 conciliari;
2623 836 2927 891 daemonum
2977 846 3156 893 autem
3196 849 3276 893 est
3307 838 3538 908 litigare,
3576 849 3628 894 et
3672 849 3841 897 totum

2252 924 2395 980 diem
2426 927 2655 981 transire
2683 926 3141 983 iureconciliatos.
3177 928 3291 985 Hoc
3321 940 3601 1000 propterea
3633 934 3843 1001 praefati

2251 1031 2456 1085 sumus,
2489 1032 2756 1076 amatores
2784 1019 3006 1087 Christi,
3038 1033 3257 1093 propter
3298 1037 3620 1094 praesentem
3658 1043 3845 1083 narra-

2262 1111 2488 1167 tionem.
2540 1112 2748 1168 Placuit
2798 1114 2919 1168 huic
2959 1115 3249 1186 aliquando
3313 1118 3512 1183 nobili,
3562 1134 3665 1174 una
3722 1137 3843 1175 cum

2255 1214 2675 1261 commemorato
2702 1205 2886 1262 Niceta
2918 1209 3163 1277 patricio,
3202 1209 3271 1264 de
3290 1211 3518 1280 quadam
3548 1212 3759 1281 publica
3790 1228 3849 1269 re

2259 1300 2530 1356 altercari.
2576 1300 2765 1357 Modus
2806 1311 2984 1357 autem
3026 1303 3182 1374 litigii
3230 1314 3347 1358 erat
3395 1306 3547 1371 talis;
3604 1321 3853 1361 necessa-

2258 1394 2400 1449 rium
2442 1404 2526 1449 est
2555 1395 2697 1449 enim
2730 1395 2930 1461 dicere,
2982 1411 3103 1451 cum
3136 1397 3205 1450 sit
3234 1398 3430 1451 animae
3460 1398 3646 1453 utilis:
3676 1400 3853 1453 Patri-

2260 1492 2375 1544 cius
2405 1490 2619 1562 quidem
2652 1490 2941 1558 disponere
2990 1490 3207 1546 volebat
3236 1490 3408 1546 forum
3451 1502 3671 1563 propter
3701 1492 3852 1549 lucra

2262 1582 2511 1653 publica;
2548 1583 2851 1652 patriarcha
2880 1592 3062 1638 autem
3087 1583 3139 1638 id
3163 1599 3268 1639 non
3300 1585 3622 1652 patiebatur,
3648 1601 3853 1655 paupe-

2262 1690 2381 1729 rum
2414 1676 2467 1729 in
2514 1676 2614 1730 hoc
2642 1690 2936 1745 procurans
2960 1677 3231 1741 salutem.
3261 1678 3481 1732 Multum
3508 1694 3638 1747 ergo
3666 1690 3857 1734 contra

2263 1778 2324 1820 se
2352 1775 2560 1820 secreto
2601 1766 2993 1821 contendentes
3018 1766 3163 1840 (48),
3195 1777 3250 1823 et
3288 1768 3608 1823 inﬂexibilcs
3638 1785 3859 1824 manen-

573 1864 700 1928 dicti
768 1864 909 1917 illius
939 1880 951 1915 :
979 1862 1108 1926 Quis
1150 1862 1474 1925 infirmatur,
1524 1869 1577 1913 et
1628 1873 1726 1927 ego
1769 1872 1875 1911 non
1915 1856 2159 1910 infirmor
2189 1851 2237 1913 B
2268 1865 2366 1923 tes,
2403 1866 2748 1912 recesserunt
2786 1858 2947 1913 ambo
2976 1858 3044 1913 ab
3073 1859 3298 1913 invicem
3328 1860 3448 1914 irati
3485 1869 3539 1913 et
3564 1860 3856 1915 irrcconci-

575 1959 661 2032 (II
698 1960 815 2014 Cor.
856 1962 970 2027 XI)?
1019 1966 1073 2013 et
1124 1958 1313 2011 iterum
1346 1974 1356 2007 :
1388 1955 1491 2009 Vos
1550 1954 1640 2023 qui
1687 1960 1933 2022 potentes
1984 1951 2154 2017 estis,

571 2058 781 2113 debetis
830 2056 1171 2110 infirmitates
1214 2054 1590 2123 impotentium
1640 2064 1859 2123 portare
1890 2049 2036 2122 (Gal.
2070 2064 2159 2114 vt;

575 2152 728 2205 ﬂatu.
764 2152 874 2219 xv),
909 2150 1076 2203 voluit
1109 2148 1250 2201 hunc
1272 2147 1559 2212 accersirc,
1593 2156 1646 2201 et
1688 2146 1945 2200 decenter
1972 2143 2160 2197 admo-

573 2257 723 2305 nere,
757 2250 810 2295 et
836 2241 1047 2296 solvere
1076 2255 1195 2293 eum
1225 2240 1292 2292 ab
1333 2238 1920 2301 excommunicatione;
1954 2235 2167 2290 videbat

574 2336 717 2389 enim
752 2332 933 2402 lupum
966 2340 1250 2385 conantem
1297 2345 1488 2398 rapere
1529 2344 1705 2383 ovem.
1755 2327 2167 2396 Dispensatiune

574 2440 706 2481 vero
740 2425 829 2478 Dei
860 2434 1034 2477 actum
1063 2432 1143 2477 est
1170 2432 1225 2476 ut
1257 2421 1622 2477 innotesceret
1649 2419 1899 2475 omnibus
1932 2418 2166 2487 patriar-

579 2516 694 2571 cha:
746 2516 1027 2569 immemor
1070 2514 1195 2569 mali
1236 2515 1470 2568 animus.
1517 2511 1731 2567 Oblitus
1777 2519 1860 2565 est
1902 2510 2169 2566 accersire

579 2624 725 2674 eum,
759 2616 812 2662 et
839 2608 1047 2662 solvere
1073 2607 1140 2660 ab
1172 2606 1755 2661 excommunicatione.
1789 2604 1924 2658 Cum
1950 2618 2077 2672 ergo
2100 2602 2168 2657 ad

581 2712 823 2758 sanctum
860 2703 1190 2755 Dominicum
1221 2701 1360 2755 diem
1387 2700 1741 2768 pervenisset,
1790 2709 1841 2752 et
1871 2708 2057 2750 sancto
2086 2696 2169 2751 al-

577 2796 675 2849 tari
702 2794 958 2849 astitisset
979 2793 1115 2866 (49),
1141 2803 1197 2846 ut
1223 2793 1563 2847 incruentum
1587 2790 1909 2846 sacrificium
1926 2789 2166 2856 offerret,

576 2888 683 2958 jam
741 2887 968 2941 diacono
1015 2886 1316 2955 generalem
1376 2884 1672 2939 orationem
1730 2899 1866 2953 pene
1916 2897 2169 2938 consum-

578 2988 780 3043 mante,
814 2987 1055 3032 sanctum
1112 2979 1285 3032 velum
1318 2979 1620 3032 cxaltaturo
1650 2976 1790 3048 (43),
1835 2977 1889 3032 in
1933 2985 2167 3032 mentem

582 3070 797 3147 malitia:
829 3069 1160 3126 immemoris
1191 3072 1371 3135 venit;
1403 3083 1456 3124 et
1483 3071 1663 3125 statim
1707 3071 1871 3125 divini
1916 3070 2170 3138 praecepti

578 3165 892 3231 recordans,
920 3163 1209 3217 asserentis
1237 3181 1249 3218 :
1275 3162 1332 3218 Si
1362 3163 1525 3218 offers
1570 3178 1764 3218 munus
1796 3172 1942 3218 tuum
1984 3164 2049 3218 ad
2088 3164 2199 3217 al-'

2265 1948 2398 2003 liati.
2432 1948 2563 2002 Erat
2601 1959 2778 2004 autem
2809 1949 2939 2005 hora
2968 1951 3176 2021 quinta,
3219 1953 3507 2020 etquidem
3538 1955 3859 2021 patriarchte

2266 2052 2384 2096 erat
2428 2042 2722 2111 refragatio
2765 2050 2821 2097 et
2850 2042 3152 2097 amaritudo
3178 2059 3274 2113 pro
3313 2046 3565 2097 mandato
3597 2046 3716 2111 Dei,
3766 2062 3863 2117 pa-

2269 2134 2405 2189 tricii
2476 2144 2652 2189 autem
2698 2145 2913 2204 propter
2955 2136 3264 2206 pecuniaria
3297 2136 3443 2190 lucra
3473 2146 3609 2192 erat.
3653 2138 3864 2194 Tamen

2269 2226 2345 2281 ait
2369 2227 2653 2297 illejusuts
2680 2244 2692 2280 :
2723 2242 2897 2298 neque
2934 2244 3029 2297 pro
3078 2229 3410 2295 rationabili,
3450 2246 3623 2300 neque
3655 2247 3753 2301 pro
3788 2232 3865 2285 ir-

2270 2318 2577 2374 rationabili
2626 2320 2910 2374 occasione
2934 2320 3092 2375 debet
3124 2322 3284 2376 homo
3312 2322 3487 2377 irasci.
3529 2324 3868 2379 Adveniente

2271 2428 2403 2483 ergo
2433 2412 2567 2467 hora
2598 2412 2905 2477 undecima,
2949 2414 3168 2468 mandat
3209 2430 3304 2485 per
3334 2415 3865 2487 archipresbyterum

2272 2521 2377 2560 una
2416 2521 2537 2560 cum
2568 2506 3041 2576 clerofpatriarcha
3070 2508 3298 2577 patricio
3338 2510 3438 2564 hoc
3478 2510 3696 2579 dignum
3749 2526 3869 2567 me-

2274 2601 2446 2654 tnoria
2491 2599 2753 2653 verbum:
2780 2600 3027 2668 Domine,
3080 2603 3160 2656 sol
3199 2602 3265 2657 ad
3308 2618 3555 2657 occasum
3587 2614 3689 2658 est.
3731 2606 3869 2660 Cum

2275 2703 2460 2749 autem
2489 2694 2591 2749 hoc
2620 2694 2843 2750 verbum
2868 2696 2959 2750 ille
2985 2697 3248 2765 audisset,
3282 2714 3387 2751 non
3412 2697 3647 2752 tolerans
3680 2700 3871 2754 cordis

2246 2789 2356 2842 ‘sui
2380 2789 2652 2858 ardorem,
2677 2790 2772 2844 sed
2816 2798 3065 2860 tanquam
3106 2791 3291 2847 divino
3324 2792 3446 2863 igne
3476 2792 3867 2861 inflammatus,

2276 2882 2446 2936 sancti
2493 2896 2742 2937 sermone
2767 2894 3128 2955 compunctus
3164 2896 3267 2953 est,
3313 2886 3644 2957 infectusque
3685 2888 3872 2963 lacry-

2275 2973 2376 3027 mis
2398 2974 2576 3028 statim
2599 2983 2741 3028 totus
2774 2975 2941 3031 factas
2963 2987 3083 3043 est;
3113 2988 3167 3033 et
3189 2993 3433 3049 surgens,
3462 2980 3606 3034 venit
3631 2979 3696 3033 ad
3730 2981 3871 3034 bea-

2280 3076 2389 3120 tum
2424 3066 2585 3120 hunc.
2612 3068 2780 3133 Quem
2814 3083 2935 3122 cum
2963 3069 3205 3135 vidisset,
3238 3070 3350 3124 ait:
3378 3071 3520 3125 Bene
3543 3071 3758 3136 venisti,
3791 3071 3873 3127 fili

2277 3157 2556 3223 Ecclesiae,
2586 3158 2848 3213 obediens
2874 3159 2989 3213 voci
3017 3160 3133 3229 ejus
3156 3160 3376 3229 (Ep/tes.
3410 3160 3508 3231 tv).
3536 3160 3878 3219 Mittentibus

579 3268 713 3323 tare,
744 3268 797 3314 et
823 3258 892 3312 ibi
924 3257 1234 3314 recordatus
1266 3257 1452 3323 fueris,
1502 3260 1625 3328 quia
1654 3258 1818 3314 frater
1852 3268 1974 3313 tuus
2004 3259 2167 3313 habet
2195 3236 2241 3298 ο
2278 3250 2443 3319 igitur
2487 3250 2749 3306 ambobus
2797 3261 3122 3307 melanoeatn
3149 3253 3291 3325 (49),
3337 3264 3391 3309 et
3438 3254 3877 3325 amplexantibus

580 3348 779 3419 aliquid
833 3348 1113 3403 adversum
1188 3357 1281 3417 te,
1341 3350 1583 3418 relinque
1634 3349 1705 3403 ibi
1772 3366 1965 3405 munus
2018 3352 2196 3403 tuum“

586 3440 803 3512 (Matth.
838 3441 918 3511 v),
951 3450 1079 3507 etc.,
1105 3442 1315 3496 intimat
1342 3441 1572 3495 diacono
1601 3439 1814 3496 facienti
1846 3444 2166 3508 orationem,

585 3547 744 3601 quam
774 3532 1032 3587 diaconus
1074 3534 1264 3587 solitus
1295 3533 1470 3587 facere
1500 3542 1635 3600 erat,
1669 3543 1726 3587 ut
1773 3533 2094 3601 reiuciperet
2140 3549 2170 3588 a

583 3630 759 3699 sapite
801 3627 950 3698 (44);
994 3636 1047 3682 et
1095 3628 1138 3683 si
1170 3628 1498 3698 impleretur,
1542 3628 1733 3682 iterum
1770 3630 2171 3698 recapitularet,

587 3736 760 3791 usque
800 3721 925 3776 dum
972 3721 1383 3792 rerveniatejus
1411 3721 1785 3778 sanctificatio.
1822 3722 1997 3777 Finxit
2027 3725 2172 3779 enim

589 3830 669 3880 se,
703 3822 954 3883 tanquam
988 3815 1031 3868 si
1071 3830 1192 3869 eum
1224 3815 1429 3870 ventris
1479 3816 1771 3871 necessitas
1801 3816 2170 3881 compulisset.

586 3907 653 3963 Et
682 3909 903 3965 veniens
947 3907 1000 3962 in
1044 3910 1362 3963 honorabile
1406 3908 1819 3965 eimiliarchium
1847 3910 1988 3980 (45),
2031 3909 2177 3964 misit

585 4001 764 4056 statim
812 4000 921 4055 fere
964 4001 1145 4070 viginti
1199 4002 1671 4068 hebdomadarios,
1724 4011 2026 4072 qumrentes
2063 4004 2175 4071 jam

588 4092 788 4146 dictum
829 4092 953 4145 mali
986 4093 1128 4146 modi
1179 4095 1430 4148 clericum
1463 4094 1602 4166 (46).
1634 4095 1867 4150 intentio
1896 4094 2038 4149 enim
2082 4110 2174 4164 pa-

592 4184 755 4239 storis
778 4183 891 4240 hazc
914 4193 1052 4250 erat,
1077 4194 1135 4239 ut
1152 4185 1406 4241 educeret
1426 4185 1493 4240 de
1516 4202 1612 4241 ore
1637 4188 1810 4241 leonis
1832 4200 2011 4242 ovem.
2040 4187 2181 4241 Deus

591 4291 743 4343 vero,
779 4276 869 4345 qni
902 4276 1230 4331 voluntatem
1264 4278 1563 4332 timentium
1608 4293 1668 4333 se
1696 4276 1844 4343 facit,
1894 4278 2020 4333 fecit
2066 4292 2179 4349 prae

594 4370 843 4423 manibus
869 4368 1095 4422 inveniri
1125 4382 1250 4421 mox
1288 4368 1566 4423 clericum.
1601 4369 1665 4423 Et
1706 4370 1959 4425 veniente
2004 4384 2092 4437 eo,
2126 4378 2181 4425 ct

593 4462 808 4517 veritati
856 4461 1217 4517 teSIimonium
1266 4463 1625 4531 perhibente,
1677 4461 1827 4533 prior
1876 4464 2177 4533 patriarcha

596 4569 731 4625 genu
779 4554 947 4619 flexit,
999 4554 1221 4609 dicens:
1254 4553 1471 4625 indulge
1515 4554 1666 4623 mihi,
1722 4554 1907 4609 frater.
1969 4555 2182 4610 Veritus

2276 3342 2621 3409 alterutrum,
2650 3343 2926 3398 sederunt.
2975 3344 3040 3399 Et
3071 3347 3317 3415 aperiens
3349 3360 3409 3401 os
3452 3360 3605 3401 sumn
3638 3349 3879 3417 patriar-

2278 3435 2400 3504 cha,
2451 3436 2823 3492 dixit:Crede
2872 3438 3027 3504 mihi,
3075 3439 3313 3507 domine,
3362 3442 3463 3496 nisi
3497 3443 3621 3510 quia
3670 3444 3775 3496 vidi
3825 3452 3880 3500 te

2278 3530 2436 3586 valde
2485 3530 2799 3585 tribulatum
2844 3531 2912 3587 de
2952 3532 3073 3597 hoc,
3116 3533 3227 3604 jam
3271 3549 3377 3589 non
3432 3537 3724 3606 pigritarer
3770 3551 3879 3607 ego

2280 3625 2466 3680 venire
2495 3626 2562 3680 ad
2584 3626 2885 3682 claritatem
2923 3636 3088 3682 tuam.
3118 3629 3327 3683 Etenim
3365 3630 3625 3684 Dominus
3651 3642 3705 3685 et
3730 3630 3881 3687 Deus

2282 3727 2466 3773 noster
2497 3720 2609 3788 ipse
2660 3719 2921 3774 circuibat
2950 3719 3191 3775 civitates
3239 3728 3294 3775 et
3319 3720 3539 3775 castella
3567 3730 3619 3776 et
3660 3724 3878 3788 domos,

2278 3809 2547 3863 visitando
2572 3808 2837 3865 homines.
2863 3812 3126 3866 Omnibus
3149 3821 3327 3866 autem
3354 3812 3655 3870 humilitate
3677 3818 3883 3871 summi

2279 3905 2580 3959 sacerdotis
2608 3904 2902 3973 tedificatis,
2939 3916 2993 3960 et
3020 3905 3377 3960 admiratione
3408 3907 3612 3976 plenis,
3654 3923 3884 3979 respon-

2280 3996 2358 4050 dit
2380 3997 2532 4068 187
2549 3996 2614 4050 ad
2634 4011 2756 4051 eum
2776 3996 3028 4067 patricius
3054 4014 3068 4051 :
3091 3997 3284 4067 Crede,
3309 3999 3486 4064 Pater,
3508 4000 3628 4068 quia
3654 4001 3885 4057 ulterius

2284 4102 2393 4144 non
2424 4088 2639 4159 capient
2684 4104 2841 4145 aures
2884 4106 3019 4145 mea:
3059 4105 3243 4146 eorum
3274 4092 3455 4157 verba,
3490 4094 3577 4162 qui
3620 4091 3887 4163 litigiosas

2285 4181 2416 4236 mihi
2459 4192 2752 4252 suggerunt
2790 4196 2898 4238 res.
2941 4182 3093 4238 Tunc
3132 4184 3346 4254 sapiens
3382 4184 3572 4239 doctor
3614 4185 3747 4240 dixit
3784 4189 3884 4242 ei:

2286 4270 2481 4343 Crede,
2515 4273 2589 4327 fili
2616 4283 2673 4328 et
2697 4272 2885 4341 frater,
2919 4275 2965 4329 si
3004 4275 3254 4330 omnibus
3301 4276 3385 4331 bis
3412 4276 3739 4349 voluerimus
3763 4294 3887 4334 cre-

2286 4366 2438 4432 dere,
2465 4369 2756 4423 multorum
2783 4353 3124 4438 peccatorum
3159 4369 3365 4425 erimus
3387 4370 3614 4437 domini,
3651 4373 3888 4428 maxime

2284 4461 2339 4516 in
2384 4472 2627 4531 tempore
2658 4461 2781 4526 hoc,
2832 4463 3046 4531 quando
3078 4461 3205 4516 facti
3236 4470 3363 4517 sunt
3397 4462 3551 4517 multi
3604 4465 3885 4519 hominum

2289 4554 2517 4609 invicem
2548 4553 2811 4609 odientes.
2856 4554 3123 4610 Multoties
3171 4557 3316 4610 enim
3367 4566 3421 4611 et
3471 4555 3603 4609 mihi
3648 4556 3885 4613 suadere

596 4662 724 4717 ergo
746 4647 887 4701 illius
918 4647 1232 4701 honorabile
1257 4648 1609 4716 pontificium.
1642 4658 1695 4702 et
1734 4663 1921 4702 eorum
1948 4649 2037 4717 qui
2062 4648 2184 4703 ade-
2210 4634 2265 4696 D
2291 4653 2628 4703 tentaverunt
2675 4647 2727 4705 hi
2779 4646 2871 4717 qui
2918 4646 3278 4719 suggerebant
3326 4646 3459 4702 mihi
3499 4647 3889 4715 diSpositiones

596 4748 721 4795 rant
745 4740 1104 4810 praesentiam,
1132 4741 1298 4811 magis
1323 4756 1454 4797 vero
1480 4742 1675 4796 timens
1692 4740 1954 4809 judicium
1988 4740 2100 4808 Dei,
2128 4750 2182 4796 et

600 4835 826 4890 horrens
858 4850 926 4891 ne
962 4836 1097 4889 forte
1141 4836 1495 4893 descenderet
1541 4838 1678 4904 ignis
1708 4838 1775 4891 de
1813 4838 1953 4892 coelo
1992 4836 2180 4893 eadem

602 4929 733 4983 hora
790 4936 845 4983 et
895 4938 1234 4983 consumeret
1285 4943 1433 4995 cum,
1492 4930 1759 4984 videntem
1815 4930 2182 4984 honorandam

598 5023 745 5079 illam
788 5021 1038 5076 canitiem
1090 5022 1233 5075 humi
1271 5022 1559 5091 jacentem,
1608 5037 1748 5093 genu
1781 5022 1930 5079 flexit
1969 5032 2024 5077 et
2048 5023 2182 5093 ipse,

599 5125 789 5187 petens
820 5114 1031 5171 veniam
1062 5123 1117 5170 et
1144 5115 1589 5171 misericordiam.
1626 5116 1695 5171 Et
1722 5115 1933 5171 dicente
1960 5116 2186 5188 patriar-

599 5208 739 5263 cha:
772 5207 911 5262 Deus
943 5206 1100 5263 nobis
1148 5206 1398 5264 omnibus
1427 5207 1721 5279 indulgeat,
1754 5216 2108 5265 surrexerunt
2135 5217 2189 5264 et

600 5299 826 5369 ingressi
877 5308 1001 5354 sunt
1030 5300 1190 5356 ambo
1235 5302 1548 5361 ecclesiam:
1588 5313 1640 5358 et
1680 5312 1806 5358 tunc
1852 5318 1973 5359 cum
2016 5302 2189 5358 multo

606 5394 800 5463 gaudio
830 5404 880 5450 et
912 5395 1091 5451 Iaztitia
1150 5396 1319 5452 astitit
1367 5406 1557 5453 sancto
1591 5398 1767 5467 aitari,
1822 5410 1943 5452 cum
1993 5397 2190 5451 munda

603 5486 933 5541 conscientia
963 5489 1146 5543 valens
1175 5488 1355 5545 dicere
1381 5489 1522 5545 Deo:
1552 5489 1771 5545 Dimitte
1815 5489 1971 5544 nobis
2010 5488 2189 5545 debita

602 5587 809 5644 nostra,
850 5579 986 5633 sicut
1017 5590 1072 5634 et
1098 5594 1196 5634 nos
1244 5581 1564 5637 dimittimus
1605 5579 1938 5638 debitoribus
1986 5581 2189 5640 nostris

606 5672 822 5735 (Matth.
854 5673 951 5731 vt).
982 5674 1055 5729 Ita
1099 5685 1274 5731 autem
1329 5692 1458 5733 sana
1502 5692 1567 5733 ex
1606 5688 1729 5733 tunc
1776 5684 1832 5732 et
1869 5684 2189 5746 compuncta

602 5774 785 5821 mente
812 5768 985 5821 lactus
1013 5774 1097 5820 est
1121 5765 1286 5822 lector
1316 5769 1424 5833 ille.
1466 5778 1525 5825 ut
1555 5769 1874 5840 presbyterii
1903 5781 2190 5825 consecra-

605 5859 752 5917 tione
773 5858 931 5931 potiri
957 5868 1275 5915 mereretur.

2291 4754 2509 4804 rerum;
2555 4749 2609 4794 et
2655 4755 2776 4795 cum
2826 4740 3061 4797 facerem
3110 4756 3256 4813 saepe
3305 4750 3488 4814 tinem,
3539 4752 3599 4801 ut
3632 4743 3890 4801 seductus

2292 4830 2518 4897 fueram,
2552 4831 2894 4903 postmodum
2932 4834 3023 4889 alii
3055 4835 3271 4904 quidam
3317 4837 3675 4909 suggerebant
3727 4838 3887 4905 mihi,

2293 4928 2437 4998 quod
2464 4926 2657 4985 fuerim
2686 4929 2942 4998 deceptus
2970 4931 3021 4985 in
3055 4931 3311 5002 capitulo;
3344 4948 3464 4989 cum
3497 4948 3625 5004 ergo
3648 4935 3891 4990 secundo

2294 5029 2349 5076 et
2378 5021 2535 5075 tertio
2558 5022 2660 5077 hoc
2682 5020 2902 5078 fuissem
2946 5036 3254 5093 perpessus,
3286 5022 3410 5082 dedi
3453 5026 3742 5082 terminum
3786 5027 3891 5085 mi-

2295 5111 2568 5183 himetipsi
2604 5113 2810 5185 absque
2836 5119 3187 5187 utrorumque
3216 5126 3389 5189 parte,
3442 5131 3511 5174 ne
3540 5117 3722 5175 darem
3757 5118 3893 5175 defl-

2295 5208 2554 5264 nitionem
2600 5208 2704 5264 alio
2748 5210 2801 5266 in
2832 5209 3088 5281 capitulo.
3122 5210 3275 5281 Quod
3321 5211 3487 5283 siqui
3529 5212 3893 5285 suggerebant

2294 5302 2449 5369 mihi,
2492 5304 2878 5373 mentirentur,
2929 5304 3033 5374 ipsi
3088 5319 3299 5374 poenam
3357 5304 3674 5370 solverent,
3722 5318 3889 5374 quam

2295 5402 2576 5450 accusatus
2605 5391 2794 5463 ferret,
2828 5394 2875 5451 si
2923 5404 3112 5451 contra
3153 5410 3273 5452 eum
3305 5394 3571 5476 calumnia
3620 5397 3891 5451 veraciter

2296 5488 2487 5543 fuisset
2514 5488 2729 5559 injecta.
2760 5489 2830 5544 Et
2853 5503 2917 5545 ex
2942 5488 3129 5545 eadem
3162 5490 3248 5547 die
3281 5490 3583 5561 improvide
3602 5502 3890 5561 suggerere

2296 5578 2429 5635 mihi
2456 5588 2642 5634 contra
2670 5579 2903 5648 aliquem
2934 5580 3155 5636 omnino
3195 5580 3396 5651 aliquid
3428 5580 3610 5636 nullus
3635 5580 3745 5649 jam
3789 5593 3892 5633 au-

2295 5688 2415 5728 sum
2446 5684 2629 5739 habet,
2655 5676 2796 5744 quod
2837 5674 3075 5745 deposco
3105 5685 3158 5731 et
3204 5688 3399 5729 moneo
3446 5688 3697 5745 magnum
3728 5673 3890 5725 deco-

2295 5783 2410 5825 rem
2441 5776 2609 5835 tuum,
2639 5768 2733 5836 fili,
2784 5769 3035 5825 similiter
3061 5771 3258 5827 facere.
3284 5772 3438 5841 Stcpe
3460 5770 3604 5827 enim
3635 5778 3689 5823 et
3709 5764 3893 5822 cades

2298 5861 2527 5935 injustas
2558 5859 2783 5929 faciunt,
2814 5862 2905 5934 qui
2949 5861 3331 5921 sublimitatem
3363 5864 3623 5920 creditam
3670 5861 3893 5923 habent.
