4142 6350
296 382 403 446 533

1240 378 1400 439 VITA
1436 371 1685 438 SANC'I'I
1721 371 2006 434 .IOANNIS
2047 371 2634 431 ELEEMOSYNARII.

3480 363 3585 424 554

296 505 342 559 si
376 497 576 557 fuerint
603 498 784 558 verbis
826 495 1088 554 suasoriis
1130 495 1409 562 commoti,
1443 503 1497 551 et
1525 494 1570 549 si
1612 494 1730 548 sine
1770 505 1893 547 cru-
1923 490 1975 549 Δ
2002 488 2278 544 tummodo
2304 485 2730 543 controversiam
2752 483 2963 540 astabat
2985 491 3111 540 tunc
3135 482 3374 554 pontifex
3401 490 3590 536 sancto

297 597 439 652 ciatu
499 594 798 651 reciderint
848 608 970 662 qua:
1017 591 1084 646 ad
1113 605 1207 648 eos
1258 590 1478 645 veniunt
1520 586 1775 659 capitula.
1827 584 1892 640 Et

296 690 559 760 patricius
615 698 867 759 tanquam
923 702 952 740 a
1004 686 1114 742 Deo
1162 689 1365 755 jussus,
1412 694 1601 754 pactus
1643 689 1728 738 est
1773 681 1891 751 ejus

295 781 612 837 mandatum
641 793 703 837 se
730 778 1005 836 custodire
1028 777 1175 833 omni
1207 786 1444 847 tempore
1466 776 1717 831 illaesum.

370 870 504 928 CAP.
534 870 652 926 XV.
692 900 765 910 ——
794 869 901 925 Iste
926 868 1293 925 memorabilis
1338 866 1568 922 habebat
1608 863 1894 935 quemdam

295 974 578 1034 nepotem,
601 961 819 1017 nomine
849 962 1138 1032 Georgium
1172 960 1307 1032 (5'0).
1342 961 1456 1018 Una
1488 960 1666 1027 itaque
1687 957 1896 1012 dierum

296 1057 502 1112 faciens
567 1057 670 1112 iste
722 1071 845 1111 cum
898 1055 1128 1126 quodam
1179 1053 1414 1110 civitatis
1472 1051 1896 1109 tabernariorum

297 1152 495 1219 rixam,
520 1150 779 1207 conviciis
806 1150 874 1206 ab
898 1166 961 1204 eo
988 1165 1177 1205 severe
1198 1149 1426 1205 allectus
1446 1156 1530 1204 est
1556 1166 1569 1202 ε
1596 1147 1686 1217 qui
1713 1159 1897 1200 amare

297 1244 511 1311 dolens,
544 1258 652 1299 non
683 1242 858 1297 solum
890 1242 1012 1313 quia
1046 1241 1259 1311 publice
1285 1284 1299 1308 ,
1350 1255 1536 1295 verum
1569 1239 1731 1294 etiam
1772 1237 1896 1307 quia

297 1353 329 1391 a
360 1336 534 1391 viliori
584 1335 943 1392 inhonoratus
987 1343 1151 1402 esset,
1192 1334 1427 1403 maxime
1454 1347 1602 1398 vero,
1630 1331 1752 1402 quia
1781 1338 1900 1386 erat

297 1447 469 1500 nepos
494 1431 848 1500 patriarchae,
894 1429 1059 1486 subiit
1099 1430 1167 1485 ad
1198 1445 1320 1485 eum
1353 1430 1405 1482 in
1436 1426 1710 1492 conclavi,
1739 1440 1804 1480 eo
1845 1426 1899 1479 in

296 1534 507 1580 secreto
530 1533 792 1591 morante,
825 1522 959 1578 flens
986 1526 1358 1578 vehementer.
1388 1520 1524 1576 Cum
1548 1528 1726 1574 autem
1754 1519 1899 1572 hunc

294 1615 372 1673 ita
420 1626 743 1673 aestuantem
778 1628 832 1673 et
878 1617 1262 1688 lacrymantem
1311 1614 1535 1669 vidisset
1582 1611 1898 1668 mitissimus

296 1712 625 1783 patriarcha,
655 1711 952 1782 interrogat
972 1725 1187 1766 causam
1210 1708 1500 1764 detinentis
1516 1722 1637 1761 eum
1661 1704 1901 1759 anxieta-

297 1804 399 1871 tis,
447 1804 588 1860 scire
614 1802 753 1860 hanc
777 1803 988 1860 volens.
1031 1802 1274 1873 Cumque
1319 1801 1411 1855 ille
1438 1815 1545 1855 non
1579 1806 1759 1868 posset
1788 1810 1899 1865 prae

1997 583 2190 649 altari;
2231 581 2357 652 quid
2388 596 2516 636 vero
2550 579 2711 636 vellet
2743 579 2950 643 facere,
3005 577 3135 632 nulli
3164 575 3425 631 credidit.
3447 572 3581 629 Cum

1996 692 2127 748 ergo
2155 678 2395 733 venisset
2436 676 2695 731 diaconus
2725 673 3031 735 Damianus,
3085 678 3145 725 ut
3194 668 3492 737 susciperet
3523 666 3592 722 ab

1996 788 2063 830 eo
2093 779 2332 828 sanctam
2358 769 2791 825 communionem
2823 765 3114 821 secundum
3156 763 3432 832 praprium
3462 775 3588 829 gra-

1997 865 2147 931 dum,
2173 863 2340 919 tenuit
2368 876 2582 916 manum
2605 860 2745 916 illius
2773 860 2863 914 ille
2889 870 3121 924 sanctus,
3151 865 3206 911 et
3242 855 3377 910 dixit
3404 872 3415 906 2
3447 852 3590 908 Vade

2000 958 2149 1027 prius
2180 955 2512 1012 reconciliari
2561 953 2711 1009 fratri
2743 962 2869 1019 tuo;
2900 962 2955 1007 et
3004 961 3131 1005 tunc
3158 950 3403 1011 veniens,
3432 946 3592 1015 digne

2001 1050 2216 1120 suscipe
2247 1048 2612 1112 immaculata,
2664 1048 2944 1101 immemor
2975 1042 3213 1109 malitiae,
3248 1039 3447 1095 Christi
3478 1053 3595 1111 my-

2001 1144 2188 1201 steria.
2222 1143 2507 1198 Iteveritus
2533 1157 2662 1213 ergo
2704 1155 2884 1196 coram
2927 1147 3072 1193 tanta
3102 1134 3441 1192 multitudine
3481 1133 3595 1188 cic—

2002 1238 2239 1293 ricorum
2290 1235 2665 1291 contradicere
2696 1233 2801 1300 illi,
2834 1233 3066 1287 maxime
3097 1231 3148 1284 in
3194 1228 3285 1283 tali
3316 1228 3435 1281 loco
3461 1234 3515 1280 et
3544 1225 3596 1279 in

2006 1330 2095 1384 tali
2128 1329 2394 1385 horrenda
2429 1330 2579 1396 hora,
2613 1326 2904 1398 spopondit
2932 1325 3033 1378 hoc
3062 1324 3254 1388 facere,
3292 1328 3348 1376 et
3373 1330 3497 1373 tunc
3528 1317 3597 1372 de

2005 1420 2205 1475 sanctis
2234 1420 2503 1490 mysteriis
2531 1418 2680 1474 dedit
2716 1418 2785 1474 ei.
2818 1417 2980 1487 Igitur
3009 1431 3073 1469 ex
3105 1424 3233 1468 tunc
3255 1424 3442 1466 omnes
3485 1410 3599 1464 cle-

2003 1512 2102 1567 rici
2130 1521 2186 1568 et
2217 1512 2335 1566 laici
2368 1511 2742 1566 custodiebant
2771 1525 2853 1574 se,
2883 1523 2951 1563 ne
2975 1508 3114 1562 inter
3143 1520 3200 1559 se
3230 1503 3486 1558 malitiam
3516 1513 3600 1554 re-

2004 1602 2261 1669 tinerent,
2290 1601 2538 1657 timentes
2561 1616 2627 1655 ne
2647 1608 2702 1655 et
2724 1600 2868 1668 ipsos
2890 1596 3262 1665 confunderet,
3304 1591 3599 1662 triumpha-

2004 1703 2195 1762 retque
2225 1692 2676 1764 quemadmodum
2708 1701 2763 1747 et
2788 1691 2936 1745 illum
2968 1689 3273 1744 diaconum.

2076 1784 2206 1840 CAP.
2241 1784 2403 1838 XVII.
2431 1814 2503 1826 —
2548 1784 2790 1838 Habebat
2834 1781 3047 1851 quidem
3096 1777 3467 1835 sanctissimus
3513 1774 3599 1830 hic

296 1898 689 1965 amaritudine,
738 1914 859 1969 quae
907 1896 1338 1954 circumdederat
1381 1910 1542 1960 eum,
1592 1891 1895 1962 exprimere
1922 1880 1973 1943 Β
2010 1878 2097 1933 Vir
2124 1878 2404 1933 SCiellliam
2435 1876 2737 1932 diVinal‘Uln
2784 1874 3213 1944 δοτίριυτατιιηις
3264 1884 3370 1924 ιιου
3419 1874 3598 1969 ante“!

294 2006 629 2057 sermonem,
655 1991 709 2047 hi
742 1993 833 2061 qui
860 1999 1059 2062 praesto
1093 1991 1308 2047 fuerunt
1336 1988 1550 2060 quando
1580 2003 1703 2043 eum
1732 1986 1899 2041 exho-

294 2083 478 2138 norari
505 2098 537 2137 a
586 2083 920 2154 negotiatore
960 2084 1300 2153 contigerat,
1344 2089 1625 2151 coeperunt
1668 2079 1899 2135 recitare

294 2176 702 2248 archiepiscopo
740 2192 955 2233 causam
992 2195 1005 2230 :
1047 2178 1111 2232 Et
1150 2180 1274 2247 quia
1322 2190 1427 2231 non
1475 2174 1761 2240 debuerat,
1814 2172 1897 2225 in-

294 2268 521 2337 quiunt,
570 2268 641 2321 ita
672 2267 932 2324 sanctitas
974 2277 1152 2323 vestra
1195 2266 1503 2333 contemni,
1553 2275 1612 2320 ut
1654 2262 1899 2333 proprios

296 2374 426 2414 suos
456 2374 519 2414 ac
549 2362 878 2432 propinquos
910 2376 941 2414 a
960 2360 1231 2430 despectis
1270 2359 1593 2415 exhonorari
1624 2364 1900 2427 pateretur

294 2449 624 2507 hominibus.
659 2453 751 2507 Ille
800 2464 979 2509 autem
1009 2468 1170 2508 verus
1200 2452 1473 2518 medicus,
1509 2451 1693 2505 volens
1726 2449 1898 2517 primo

295 2544 461 2599 veluti
491 2545 786 2617 emplastro
833 2545 1065 2616 quodam
1106 2560 1296 2600 curare
1327 2542 1534 2614 nepotis
1565 2542 1647 2597 sui
1677 2540 1895 2608 furiam,

294 2650 349 2695 et
380 2650 559 2695 tamen
600 2650 854 2710 tanquam
886 2640 1030 2696 ferro
1076 2639 1393 2694 incisionem
1424 2648 1478 2692 et
1522 2635 1896 2691 liberationem

293 2733 590 2803 passionis,
623 2747 718 2802 per
765 2731 1220 2802 sapientissimum
1253 2746 1314 2787 os
1343 2745 1497 2785 suum
1529 2728 1654 2783 buic
1679 2726 1894 2793 aﬂ'erre,

296 2823 493 2879 talibus
533 2824 716 2880 verbis
746 2826 915 2893 coepit
935 2825 1280 2896 exstinguere
1303 2822 1569 2888 morbum,
1593 2832 1648 2876 et
1672 2821 1852 2876 dicere
1880 2837 1894 2874 :

295 2913 599 2973 Etemnino
620 2931 786 2972 ausus
803 2925 889 2973 est
907 2917 1098 2986 aliquis
1117 2932 1178 2972 os
1199 2916 1430 2987 aperire,
1453 2924 1506 2971 et
1528 2915 1897 2970 contradicere

296 3010 431 3067 tibi?
459 3010 659 3076 Crede,
693 3010 766 3064 ﬁli
796 3012 889 3076 mi,
920 3010 1057 3079 patri
1073 3020 1201 3080 ⁸ιυο,
1229 3010 1482 3081 quoniam
1526 3007 1718 3064 faciam
1748 3008 1801 3063 in
1830 3023 1897 3063 eo

295 3103 462 3162 hodie
492 3119 632 3171 rem,
660 3110 717 3158 ut
746 3110 856 3158 tota
891 3103 1224 3160 'Alexandria
1266 3102 1509 3158 miretur.
1542 3101 1783 3170 Cumque
1812 3100 1894 3156 vi-

298 3199 605 3254 disseteum
627 3197 927 3254 remedium
953 3196 1246 3267 recepisse,
1271 3204 1327 3251 et
1348 3195 1618 3271 tristitiam
1648 3205 1895 3250 cunctam

2011 1970 2172 2042 188
2201 1969 2254 2024 in
2285 1968 2546 2038 sapientia
2595 1968 2880 2033 sermonis,
2934 1965 3031 2020 has
3077 1974 3325 2033 tanquam
3357 1976 3420 2016 ex
3456 1958 3601 2014 inani

2005 2063 2175 2134 gloria
2207 2062 2519 2118 memoriter
2540 2061 2746 2128 dicens,
2774 2060 2866 2118 sed
2894 2074 2985 2127 per
3013 2057 3256 2113 eamdem
3280 2056 3448 2124 ipsam
3472 2066 3601 2122 ope-

2004 2172 2124 2211 rum
2153 2158 2442 2225 actionem,
2476 2167 2530 2210 et
2558 2155 2935 2210 mandatorum
2965 2151 3429 2212 observationem;
3462 2155 3517 2201 et
3545 2146 3597 2200 in

2005 2259 2217 2305 secreto
2265 2250 2562 2319 quotidiani
2592 2248 2802 2303 consilii
2853 2246 2936 2300 sui
2968 2244 3145 2299 nullus
3184 2255 3363 2296 sermo
3392 2238 3598 2293 otiosus

2008 2342 2361 2407 audiebatur,
2396 2342 2499 2395 nisi
2531 2342 2667 2395 forte
2712 2338 2979 2393 ordinatio
3030 2336 3107 2390 rei
3137 2332 3308 2388 civilis
3335 2329 3596 2398 exigeret,

2004 2433 2100 2488 sed
2123 2443 2215 2487 aut
2238 2433 2526 2488 relationes
2549 2440 2853 2485 sanctorum
2877 2429 3118 2493 Patrum,
3144 2432 3235 2480 aut
3255 2419 3600 2491 scripturales

2004 2527 2349 2598 quaestiones,
2384 2534 2479 2595 aut
2502 2525 2800 2595 dogmatica
2832 2521 3183 2593 problemata,
3213 2524 3435 2589 pr0pter
3462 2513 3599 2568 mul-

2005 2623 2289 2679 titudinem
2341 2636 2438 2676 nec
2470 2618 2922 2674 nominandorum
2970 2612 3344 2669 haereticorum
3392 2607 3483 2678 qui
3513 2619 3597 2662 re-

2002 2718 2216 2787 gionem
2267 2712 2750 2769 circumdederant.
2802 2710 2858 2766 Si
2906 2722 3033 2762 vero
3062 2704 3222 2761 alicui
3267 2700 3462 2772 aliquis
3501 2698 3596 2754 de-

2004 2808 2220 2865 trahere
2250 2808 2540 2876 inciperet,
2593 2804 2733 2859 hunc
2765 2799 3063 2872 patriarcha
3104 2812 3197 2866 per
3227 2794 3451 2849 alteram
3483 2804 3599 2847 ser-

2004 2903 2419 2960 mocinationem
2441 2942 2454 2967 ,
2491 2912 2547 2954 ut
2577 2898 2809 2969 sapiens,
2845 2893 3121 2965 ingeniose
3151 2888 3501 2948 removebat;
3542 2893 3599 2942 et

2001 2998 2049 3055 si
2081 2998 2272 3053 iterum
2305 3003 2674 3065 permaneret,
2724 2989 2853 3045 nihil
2885 2988 3102 3058 quidem
3133 2983 3183 3038 ei
3212 2981 3453 3044 dicebat;
3506 2976 3601 3033 sed

2005 3090 2148 3146 hunc
2169 3098 2454 3155 annotans,
2489 3083 2830 3155 praecipiebat
2857 3076 3275 3135 hebdomadario
3300 3089 3367 3128 ne
3395 3072 3600 3126 sineret

2006 3183 2233 3237 ulterius
2258 3195 2379 3236 eum
2424 3179 2624 3231 intrare
2655 3188 2775 3229 cum
2806 3155 3006 3239 his'qui
3037 3166 3438 3230 nuntiabantur,
3469 3175 3597 3231 qua-

298 3291 626 3362 projecisse,
671 3299 944 3360 putantem
989 3252 1245 3345 vidélicel’
1282 3288 1425 3359 quod
1483 3264 1665 3358 ageret
1710 3296 1896 3343 contra
1922 3270 1972 3334 C
2006 3281 2164 3328 tenus
2189 3286 2283 3341 per
2311 3284 2433 3324 eum
2466 3276 2690 3322 caeteros
2726 3268 3049 3330 temperaret
3078 3267 3237 3327 atque
3266 3252 3527 3362 erudiret.

299 3400 421 3441 eum
451 3383 542 3455 qui
569 3398 629 3440 se
658 3382 1002 3439 contumeliis
1026 3380 1304 3448 affecerat,
1339 3390 1393 3436 et
1423 3380 1622 3436 faceret
1652 3395 1774 3435 eum
1805 3380 1902 3437 tia-

299 3475 487 3547 gellari
517 3490 611 3545 per
641 3490 763 3530 eum
795 3473 889 3545 qui
925 3488 1088 3544 super
1128 3473 1302 3529 forum
1330 3480 1449 3529 erat
1472 3471 1817 3541 conatitutus,
1849 3482 1904 3527 et

300 3569 467 3625 variis
490 3567 701 3639 pompis
726 3567 1092 3637 dehonestari,
1122 3566 1252 3622 dicit
1279 3565 1352 3632 ei,
1370 3563 1693 3621 deosculans
1717 3574 1904 3633 pectus

300 3664 473 3735 ipsius
505 3681 518 3718 :
548 3661 650 3717 Fili
673 3660 769 3729 mi,
801 3664 845 3718 si
876 3677 944 3717 ex
976 3660 1198 3718 veritate
1227 3659 1546 3715 humilitatis
1574 3674 1709 3714 mea:
1737 3672 1907 3727 nepos

302 3757 513 3823 existis,
540 3770 778 3826 praepara
800 3754 1030 3825 teipsum
1062 3761 1116 3809 et
1140 3751 1422 3823 flagellari,
1450 3762 1505 3807 et
1533 3751 1772 3808 convicia
1797 3749 1907 3821 pati

302 3851 372 3906 ab
402 3850 551 3905 omni
600 3847 841 3905 homine.
876 3847 1013 3904 Vera
1056 3847 1200 3903 enim
1233 3846 1479 3918 cognatio
1511 3860 1618 3901 non
1669 3860 1737 3900 ex
1783 3858 1907 3899 san-

304 3942 469 4013 guine
513 3949 567 3998 et
611 3956 805 4007 carne,
855 3939 953 3997 sed
990 3954 1055 3995 ex
1088 3940 1287 3995 virtute
1328 3938 1527 3995 mentis
1573 3936 1904 4009 agnoscitur.

304 4033 606 4090 Confestim
640 4033 803 4104 Igitur
831 4032 1119 4089 accersivit
1145 4048 1268 4088 eum
1306 4032 1397 4102 qui
1427 4045 1589 4101 super
1637 4044 1908 4101 caupones

304 4132 427 4193 erat
465 4124 789 4181 constitutus
812 4166 826 4190 ,
860 4132 916 4179 et
945 4124 1203 4195 prmeepit
1246 4122 1297 4179 ei
1322 4138 1389 4178 ne
1434 4122 1503 4179 ab
1541 4122 1635 4179 illo
1664 4137 1911 4193 caupone

304 4220 581 4290 acciperet
624 4232 799 4286 neque
824 4225 1079 4273 consueta
1109 4230 1227 4282 sua,
1265 4231 1440 4287 neque
1471 4215 1709 4286 publica,
1739 4228 1913 4285 neque

308 4315 627 4386 pensionem
675 4311 958 4384 ergasterii
989 4312 1128 4381 ejus.
1164 4310 1232 4366 Et
1251 4310 1368 4382 ipse
1392 4311 1537 4367 enim
1561 4310 1915 4368 sanctissima:

311 4404 576 4461 Ecclesia:
621 4412 759 4461 erat.
795 4405 863 4459 Et
892 4416 1083 4459 omnes
1112 4412 1543 4473 expavescentes
1582 4402 1913 4459 immobilem

311 4499 775 4570 longanimitatem
822 4498 970 4569 ejus,
1024 4497 1411 4555 intellexerunt
1455 4510 1580 4553 esse
1628 4498 1731 4552 hoc
1774 4493 1917 4565 quod

311 4592 491 4649 dixit:
519 4592 786 4661 Quoniam
836 4590 1031 4648 faciam
1058 4591 1112 4647 in
1136 4606 1258 4647 eum
1287 4606 1425 4658 rem,
1468 4599 1528 4645 ut
1554 4589 1783 4645 miretur
1807 4596 1917 4643 tota

2079 3364 2210 3418 CAP.
2244 3359 2432 3416 XVIII.
2458 3388 2526 3400 —
2548 3356 2921 3413 Delinitionem
2950 3360 3126 3407 autem
3153 3356 3207 3404 et
3235 3348 3413 3413 aliam,
3443 3357 3603 3415 quam

2010 3457 2282 3514 aﬂ'ectavit
2328 3454 2417 3509 hic
2447 3461 2699 3516 sanctus,
2747 3463 2856 3505 non
2905 3454 2988 3502 est
3031 3445 3233 3515 justum
3265 3448 3608 3511 postponere.

2011 3550 2249 3607 Audiens
2271 3547 2410 3618 quod
2439 3553 2719 3615 postquam
2738 3548 3024 3597 coronatus
3044 3544 3127 3592 est
3148 3535 3444 3604 imperator
3465 3525 3604 3602 (5i),

2012 3644 2192 3700 nullus
2222 3639 2458 3697 universi
2492 3646 2709 3692 senatus
2738 3643 2793 3689 et
2821 3629 3111 3688 astantium
3141 3624 3474 3682 exercituum
3514 3633 3612 3675 al-

2014 3739 2222 3809 tiquum
2253 3732 2564 3790 memoriale
2608 3726 2824 3799 aliquod
2875 3723 3106 3790 nuntiet,
3141 3723 3235 3776 sed
3264 3732 3390 3773 mox
3418 3715 3470 3770 hi
3519 3712 3613 3783 qui

2015 3831 2271 3887 dicuntur
2313 3832 2782 3881 monumentorum
2829 3817 3181 3873 ardilicatores
3226 3817 3440 3866 sumant
3478 3818 3614 3874 qua-

2018 3932 2141 3980 tuor
2167 3922 2249 3978 vel
2278 3921 2516 3991 quinque
2546 3915 2795 3972 minutias
2829 3922 3153 3965 marmorum
3183 3902 3411 3976 pusillas
3438 3899 3507 3955 de
3532 3898 3617 3954 di-

2020 4018 2191 4075 versis
2217 4015 2518 4079 coloribus,
2565 4019 2619 4067 et
2650 4005 3017 4077 ingrediantur
3043 4000 3109 4057 ad
3140 4013 3285 4065 eum,
3312 4005 3367 4053 et
3391 3992 3574 4050 dicant
3598 4007 3616 4047 :

2021 4112 2284 4176 Domine,
2337 4106 2483 4179 quali
2530 4102 2748 4159 metallo
2794 4097 3077 4168 imperium
3128 4105 3274 4149 tuum
3304 4087 3457 4160 jubet
3499 4084 3617 4179 ﬁeri

2022 4178 2431 4263 monumentum
2474 4209 2662 4261 tuum;
2719 4194 3053 4250 insinuantes
3102 4184 3355 4242 videlicet
3396 4183 3446 4235 ei
3494 4178 3621 4249 quia

2025 4305 2279 4367 tanquam
2331 4297 2494 4348 homo
2540 4283 2908 4354 corruptibilis
2950 4290 3006 4338 et
3050 4275 3390 4334 transitorius
3434 4284 3621 4327 curam

2026 4364 2227 4442 habiato
2271 4390 2377 4439 tuae
2417 4380 2582 4451 ipsius
2625 4378 2851 4441 animae,
2885 4383 2940 4431 et
2966 4373 3053 4442 pie
3094 4382 3318 4439 regnum
3363 4364 3625 4433 dispone;

2026 4478 2336 4536 imitabatur
2356 4485 2406 4532 et
2439 4474 2540 4531 iste
2562 4474 2751 4529 beatus
2781 4466 3050 4524 veraciter
3071 4464 3208 4518 hanc
3228 4461 3441 4529 dignam
3470 4454 3630 4510 laude

2030 4572 2396 4635 traditionem,
2430 4577 2481 4623 et
2506 4565 2757 4637 praecepit
2779 4561 2883 4617 sibi
2907 4561 3315 4613 monumentum
3346 4545 3621 4609 aediﬁcari,

312 4643 665 4754 Alexandria,
703 4683 957 4741 videlicet
980 4684 1104 4754 quia
1137 4698 1245 4740 non
1276 4643 1451 4739 solum
1482 4681 1916 4739 vicissitudinem
1946 4662 2001 4723 D
2032 4673 2119 4727 ubi
2151 4678 2206 4726 Cl
2251 4664 2447 4736 τθιίίιυὶ
2488 4661 2917 4733 Ρτεεάθοθεδοτθδ
2960 4654 3075 4722 eius
3124 4643 3633 4754 patriam}?

314 4794 427 4835 non
456 4779 727 4849 reddidit,
777 4795 964 4837 verum
994 4780 1157 4835 etiam
1195 4792 1294 4850 pro
1338 4776 1545 4834 ultione
1595 4776 1919 4847 adiutorium

316 4872 598 4942 impendit.

391 4965 524 5025 CAP.
555 4966 696 5023 XVI.
730 4998 798 5009 —
823 4968 1134 5024 Nuntiatum
1164 4974 1248 5023 est
1276 4965 1565 5038 aliquando
1593 4964 1716 5021 huic
1740 4963 1920 5031 beato,

318 5061 465 5133 quod
494 5060 711 5131 quidam
740 5061 1060 5116 clericorum
1092 5059 1349 5114 malitiam
1377 5060 1433 5113 in
1463 5057 1628 5114 corde
1661 5057 1920 5113 adversus

322 5152 613 5224 quemdam
643 5161 972 5218 reservaret,
1020 5161 1077 5208 et
1104 5151 1530 5207 irreconciliatus
1560 5150 1609 5205 ei
1636 5164 1922 5219 permane-

320 5252 427 5301 ret.
476 5243 572 5300 llle
626 5260 757 5301 vero
807 5243 1085 5315 quaerebat
1134 5245 1293 5315 hujus
1346 5258 1542 5298 nomen
1587 5252 1643 5298 et
1698 5241 1923 5311 gradum

323 5352 507 5391 nosse.
536 5334 596 5390 In
626 5338 918 5391 crastinum
950 5349 1080 5407 ergo
1108 5334 1196 5392 die
1224 5336 1503 5391 Dominico
1544 5333 1730 5390 didicit
1758 5335 1923 5399 hunc,

326 5430 644 5483 Damianum
674 5427 890 5497 quidem
938 5428 1177 5496 nomine,
1209 5427 1491 5484 diaconem
1523 5442 1653 5483 vero
1694 5440 1815 5482 esse
1844 5423 1927 5480 of-

326 5520 473 5575 ficio.
508 5519 773 5590 Praecepit
810 5519 992 5590 itaque
1039 5520 1420 5577 archidiacono
1451 5528 1509 5575 ut
1546 5519 1679 5588 sibi,
1711 5518 1928 5589 quando

326 5612 471 5667 idem
503 5612 796 5668 Damianus
825 5612 892 5668 ad
921 5613 1205 5669 ecclesiam
1248 5614 1475 5680 veniret,
1508 5612 1926 5668 demonstraret.

328 5703 495 5775 Igitur
524 5720 647 5761 cum
693 5706 747 5761 in
777 5706 1070 5762 crastinum
1101 5707 1263 5763 statio
1291 5706 1571 5761 Dominico
1605 5706 1693 5762 die
1740 5705 1928 5773 fieret,

328 5804 480 5856 venit
506 5810 562 5857 et
603 5800 861 5857 diaconus
905 5800 974 5857 ad
1001 5802 1323 5866 stationem;
1352 5808 1407 5855 et
1449 5799 1636 5855 videns
1663 5797 1933 5854 archidia-

332 5908 540 5965 conus,
567 5892 803 5952 ostendit
828 5909 951 5953 eum
978 5893 1317 5965 patriarchae.
1359 5892 1439 5949 0b
1467 5907 1587 5949 eam
1629 5891 1770 5948 enim
1819 5900 1938 5948 tan-

2030 4767 2192 4829 bant;
2224 4756 2596 4831 imperfectum
2646 4766 2775 4807 vero
2824 4761 3042 4803 manere
3084 4756 3260 4814 usque
3305 4740 3372 4795 ad
3425 4736 3630 4792 obitum

2033 4827 2213 4921 suum,
2244 4827 2645 4922 ut'imperfecto
2690 4843 2976 4912 existente,
3009 4854 3104 4912 per
3133 4836 3401 4895 celebrem
3434 4827 3636 4886 festivi-

2038 4960 2237 5015 tatem,
2280 4945 2566 5004 assistente
2594 4941 2759 5005 clero,
2794 4934 3156 5009 ingredientes
3195 4929 3284 4999 qui
3314 4922 3637 4981 dicebantur

2038 5043 2269 5103 studiosi
2298 5039 2438 5115 (52),
2470 5039 2713 5094 dicerent
2740 5032 2808 5088 ad
2839 5044 3000 5087 eum:
3038 5024 3280 5085 Domine,
3318 5026 3638 5073 monumen-

2040 5147 2157 5195 tum
2175 5145 2322 5191 tuum
2340 5129 2711 5201 imperfectum
2724 5134 2827 5190 est,
2844 5121 3073 5193 praecipe
3085 5128 3213 5184 ergo
3228 5119 3286 5201 ut
3292 5117 3639 5201 consumme-

2043 5240 2152 5295 tur,
2173 5244 2237 5283 eo
2254 5224 2396 5297 quod
2416 5198 2637 5279 nescias
2657 5234 2759 5289 qua
2776 5218 2908 5271 hora
2926 5213 3010 5268 fur
3028 5205 3209 5264 veniat
3228 5198 3422 5297 (μαιιὴ
3463 5198 3638 5297 xxiv).

2042 5291 2164 5381 Hoc
2192 5291 2369 5378 autem
2419 5318 2650 5375 faciebat
2679 5314 2767 5370 ille
2795 5317 3010 5367 sanctus
3055 5311 3115 5357 ut
3144 5300 3214 5355 ita
3244 5295 3424 5359 fieret,
3456 5291 3645 5346 volens

2045 5415 2399 5475 imitationem
2431 5413 2626 5469 bonam
2658 5417 2711 5464 et
2739 5412 2859 5461 post
2887 5416 2946 5457 se
2973 5393 3167 5452 futuris
3216 5387 3520 5458 relinquere
3552 5399 3645 5452 pa-

2046 5511 2441 5661 "13:13am.
2472 5624 2542 5639 --
2586 5591 2813 5650 Domino
2862 5586 2931 5644 ob
2960 5582 3355 5643 multitudinem
3401 5578 3650 5647 peccato-

2049 5715 2170 5757 rum
2223 5679 2527 5752 nostrorum
2579 5684 2951 5757 permittente,
3002 5680 3215 5750 propria
3268 5670 3470 5740 templa
3526 5676 3654 5735 qua

2053 5798 2211 5850 erant
2238 5779 2617 5853 Jerosolymis,
2651 5792 2680 5833 a
2711 5773 3076 5847 percutiendis
3106 5788 3136 5825 a
3166 5769 3275 5827 Deo
3304 5763 3484 5821 Persis
3530 5770 3652 5853 cre-

2056 5848 2216 5944 mari.
2264 5848 2479 5936 discens
2506 5871 2592 5930 hic
2643 5869 3015 5931 sanctissimus
3054 5860 3355 5935 patriarcha
3404 5855 3459 5912 in
3485 5848 3653 5909 multa

1966 5968 2037 6009 ’ἐκ
2058 5994 2064 6001 .
