4142 6350
591 338 700 401 355

1629 331 1718 392 DE
1760 328 1940 391 VITIS
1978 322 2263 393 PATRU“
2302 324 2507 391 LIBER
2548 322 2823 384 PRIMUS.

3771 330 3870 391 556

591 463 833 529 egestate
870 469 993 514 esse
1036 462 1280 513 sanetum
1308 452 1605 510 Modestum
1640 451 1998 523 patriarcham
2036 450 2188 506 Jero-
2213 452 2264 515 Α
2290 444 2610 501 rachanellae
2636 444 2752 515 (58)
2780 442 3099 498 unmismate
3123 454 3252 499 uno.
3278 440 3400 499 Mox
3421 456 3549 515 ergo
3576 446 3871 503 transmisit

597 549 922 621 wlytitorum
956 547 1098 619 (55),
1130 547 1195 602 ad
1227 546 1418 601 horum
1448 545 1827 601 relevationem
1873 552 1928 601 et
1955 544 2181 601 remdifi-

604 643 856 697 :atiouem
890 641 1054 696 mittit
1078 640 1126 695 ei
1173 640 1494 694 nomismata
1535 639 1701 706 mille,
1730 647 1785 693 et
1814 638 1959 695 mille
1996 654 2182 695 saccos

595 735 782 803 plenos
801 733 1089 799 frumento,
1114 740 1168 786 et
1189 731 1333 786 mille
1362 730 1645 800 legumina,
1678 730 1824 787 mille
1846 730 2005 787 libras
2033 731 2178 797 ferri,

590 827 731 879 mille
759 832 929 881 restes
956 824 1274 879 siccatornm
1306 822 1554 892 piscium,
1581 821 1671 892 qui
1701 837 2035 878 menomente
2063 824 2177 897 (51)

586 917 860 982 dicuntur,
892 916 1038 970 mille
1066 914 1278 970 vascula
1310 915 1439 979 vini,
1471 923 1524 970 et
1554 915 1701 969 mille
1730 913 2010 986 Egyptios
2049 930 2180 985 ope-

587 1009 795 1074 rarios,
846 1009 1063 1063 mittens
1089 1008 1137 1062 ei
1168 1021 1264 1077 per
1308 1007 1513 1061 litteras
1544 1024 1555 1059 :
1592 1025 1611 1059 t
1651 1004 1725 1061 Da
1754 1008 1884 1062 mihi
1932 1006 2139 1063 veniam
2164 1048 2179 1073 ,

587 1113 715 1153 vere
763 1098 959 1157 Christi
990 1107 1269 1170 eperator,
1303 1098 1436 1152 nihil
1478 1098 1695 1169 dignum
1743 1098 1954 1167 templis
1980 1099 2179 1155 Christi

585 1191 837 1245 mittenti.
889 1191 1090 1248 Vellem
1119 1191 1283 1255 enim,
1326 1190 1486 1245 crede
1534 1190 1691 1257 mihi,
1726 1190 1771 1245 si
1799 1200 1941 1246 esset
1989 1206 2181 1247 conve-

584 1284 762 1350 niens,
789 1293 844 1339 et
874 1284 988 1354 ipse
1014 1299 1080 1339 eo
1103 1284 1311 1353 venire,
1342 1290 1399 1339 et
1425 1283 1539 1354 ipse
1567 1284 1777 1352 operari
1801 1284 1851 1340 in
1878 1284 2038 1339 dumo
2066 1300 2180 1340 san-

585 1382 688 1429 ctae
733 1372 934 1430 Christi
967 1375 1399 1430 resurrectionis.
1450 1376 1828 1432 Verumtamen
1877 1377 2004 1432 illud
2050 1393 2179 1449 rogo

585 1464 958 1522 honorandum
989 1476 1150 1538 caput
1195 1477 1365 1536 tuum,
1400 1476 1455 1523 ut
1484 1467 1786 1525 nullatenus
1816 1469 1918 1524 hoc
1950 1470 2178 1539 imputes

588 1560 812 1615 minimo
835 1562 1035 1615 nomini
1058 1560 1362 1633 exiguitatis
1388 1575 1545 1630 meae,
1570 1561 1665 1617 sed
1696 1560 1800 1617 hoc
1827 1564 2000 1633 potius
2030 1572 2179 1633 petas

584 1663 614 1705 a
646 1650 885 1717 Christo,
918 1662 975 1707 ut
1004 1651 1077 1707 ibi
1104 1667 1189 1707 me
1214 1652 1519 1709 conscribat
1545 1652 1634 1709 ubi
1664 1657 1926 1711 veraciter
1946 1656 2181 1729 conscri-

584 1742 696 1814 ptio
729 1743 881 1799 beata
910 1742 1177 1798 consistit.
1213 1762 1231 1796 ι

2286 541 2415 597 illud
2446 541 2496 596 in
2524 541 2837 605 crastinum,
2873 549 2930 594 ut
2960 538 3380 596 venundaretur.
3406 538 3471 595 Et
3495 536 3684 595 videns
3714 533 3759 596 is
3784 543 3869 612 qui

2284 632 2570 698 obtulerat,
2604 630 2733 687 emit
2764 630 2890 685 illud
2940 631 3153 695 triginta
3183 646 3277 686 sex
3327 632 3743 687 ntimismatibus
3764 675 3778 699 ,
3822 643 3872 687 et

2285 738 2471 779 rursus
2518 721 2711 777 obtulit
2754 722 3095 794 patriarchae.
3144 721 3278 778 Cum
3318 738 3445 778 vero
3500 725 3551 778 in
3581 725 3871 780 crastinum

2286 814 2506 870 vidisset
2536 814 2688 885 illud,
2736 817 2867 872 emit
2897 816 2998 872 hoc
3047 814 3315 884 similiter,
3365 826 3418 873 et
3467 834 3653 872 rursus
3683 818 3873 873 obtulit

2288 904 2625 975 patriarchas,
2647 906 2945 976 deposcens
2968 916 3024 962 ut
3044 916 3316 979 tegeretur
3328 909 3397 963 ab
3420 924 3505 963 eo.
3535 910 3667 964 Cum
3692 916 3869 964 autem

2286 998 2446 1052 tertio
2498 997 2600 1052 hoc
2636 998 2892 1067 fecisset,
2944 999 3076 1054 dicit
3103 1000 3153 1056 ei
3183 1000 3601 1071 gratulabundus
3629 1001 3719 1056 ille
3752 1017 3873 1054 san-

2286 1099 2439 1144 ctus:
2475 1088 2783 1147 Videbimus
2813 1091 2931 1163 quis
2955 1091 3189 1161 deficiet,
3221 1107 3321 1163 ego
3363 1109 3431 1146 an
3462 1101 3538 1149 tu.
3573 1088 3704 1147 Erat
3731 1093 3872 1146 enim

2285 1183 2570 1254 epulentus
2597 1183 2751 1241 valde
2771 1226 2786 1253 ,
2820 1194 2877 1240 et
2902 1186 3141 1241 suaviter
3169 1184 3320 1257 quasi
3351 1183 3714 1239 viudemiahat
3752 1198 3873 1238 eum

2285 1258 2371 1333 ille
2401 1289 2636 1347 sanctus,
2668 1282 2918 1350 paulatim
2951 1279 3019 1335 ab
3047 1295 3114 1336 eo
3143 1279 3305 1335 multa
3334 1275 3616 1343 auferens;
3647 1284 3701 1332 et
3732 1278 3875 1332 dice-

2285 1369 2375 1426 bat
2397 1386 2610 1440 semper
2636 1371 2777 1441 quod
2804 1382 2985 1442 posset
3011 1372 3205 1442 aliquis
3231 1371 3534 1425 intentione
3558 1369 3721 1423 dandi
3748 1383 3874 1437 pau-

2284 1467 2501 1538 peribus
2544 1468 2851 1539 exspoliare
2898 1466 3121 1537 divites,
3150 1475 3208 1523 et
3235 1467 3406 1537 ipsum
3451 1467 3607 1521 etiam
3642 1463 3874 1536 hypoca-

2283 1560 2478 1614 tuisutn
2508 1557 2627 1631 (59)
2655 1558 2721 1615 ab
2751 1561 2828 1615 eis
2859 1561 3114 1616 benevole
3140 1557 3373 1625 auferre,
3401 1568 3453 1613 et
3486 1573 3589 1612 non
3619 1571 3869 1627 peccare,

2282 1661 2337 1707 et
2386 1653 2617 1708 maxime
2663 1656 2705 1706 si
2738 1662 2864 1708 sunt
2910 1653 3071 1725 aliqui
3122 1649 3580 1709 immisericordes
3609 1654 3662 1704 et
3703 1648 3869 1700 avari.

2288 1744 2398 1799 Duo
2429 1746 2571 1801 enim
2602 1746 2839 1803 Iucratur
2868 1748 2987 1803 talis
3013 1767 3024 1802 :
3051 1764 3213 1804 unum
3246 1747 3482 1819 quidem,
3516 1740 3637 1816 quia
3663 1743 3871 1798 animas

656 1833 783 1889 Car.
835 1834 954 1888 ΧΧ.
984 1863 1054 1874 -
1078 1834 1282 1905 Arripit
1324 1834 1415 1891 ille
1440 1844 1656 1893 sanctus
1699 1845 1753 1891 ct
1793 1835 1927 1904 hoc,
1981 1837 2175 1893 bonum
2208 1856 2256 1919 Β
2283 1840 2496 1897 illorum
2529 1850 2741 1908 servat;
2773 1840 3000 1895 alterum
3048 1849 3245 1904 autem,
3297 1838 3547 1910 quoniam
3580 1844 3634 1892 et
3663 1836 3778 1905 ipse
3804 1846 3873 1889 ex

584 1925 735 1992 dico,
782 1926 1031 1981 videlicet
1061 1926 1204 1997 quod
1250 1926 1431 1981 infimo
1484 1935 1656 1983 stratu
1705 1928 2073 1996 recumberet,
2122 1937 2176 1983 et

584 2020 780 2075 vilibus
807 2023 1152 2091 operimentis
1176 2021 1230 2078 in
1255 2022 1447 2087 cellula
1473 2037 1566 2079 sua
1598 2032 1852 2080 uteretur.
1878 2023 2027 2092 Quod
2054 2040 2174 2082 cum

582 2113 823 2170 audisset
850 2114 1068 2185 quidam
1100 2130 1466 2185 possessorum
1497 2117 1749 2184 civitatis,
1782 2118 2079 2174 ascendens
2108 2118 2176 2173 ad

582 2220 729 2272 eum,
760 2216 816 2263 et
842 2208 1030 2262 videns
1059 2209 1199 2279 quod
1226 2210 1495 2277 opertorio
1524 2211 1694 2265 scisso
1718 2222 1771 2265 et
1794 2212 1948 2265 laneo
1974 2224 2178 2281 tegere.

583 2306 691 2366 tur,
724 2302 1018 2356 transmisit
1047 2301 1097 2355 ei
1119 2302 1510 2370 coopertorium
1543 2304 1926 2359 numismatum
1961 2305 2176 2375 triginta

582 2410 701 2461 sex,
726 2410 923 2465 rogans
965 2395 1189 2451 multum
1221 2412 1342 2451 eum
1394 2406 1450 2451 ut
1479 2410 1543 2451 eo
1572 2397 1938 2466 cooperiretur
1966 2398 2033 2452 ad
2065 2413 2176 2455 tue-

583 2489 835 2558 moriam,
889 2487 1079 2558 inquit,
1116 2488 1395 2545 mittentis.
1426 2489 1520 2547 llle
1549 2505 1676 2547 vero
1709 2490 1810 2545 hoc
1849 2491 2171 2562 suscipiens,

582 2593 801 2652 propter
831 2583 1051 2639 multam
1085 2583 1184 2640 viri
1207 2584 1616 2654 postulationem
1650 2595 1935 2654 coopertus
1965 2594 2048 2642 est
2074 2586 2176 2642 hoc

582 2690 685 2732 una
720 2686 894 2743 nocte,
929 2693 1025 2745 per
1055 2686 1221 2732 totam
1252 2692 1390 2748 pene
1418 2687 1628 2732 noctem
1659 2678 1874 2734 dicebat
1911 2679 1977 2734 ad
2002 2694 2176 2735 seme-

583 2770 815 2841 tipsum,
870 2781 926 2825 ut
965 2770 1262 2827 recitabant
1289 2770 1597 2826 cubicularii
1646 2770 1799 2843 ejus:
1829 2772 1956 2840 Quis
1998 2772 2171 2841 dicet,

581 2860 724 2931 quod
754 2861 968 2917 humilis
994 2860 1229 2917 Joannes
1261 2861 1519 2931 (habebat
1543 2861 1684 2916 enim
1710 2876 1922 2933 semper
1951 2864 2174 2919 verbum

580 2952 722 3008 istud
755 2954 807 3007 in
832 2954 949 3022 ore)
983 2952 1142 3022 pallio
1171 2952 1381 3023 triginta
1407 2968 1501 3008 sex
1531 2955 1909 3011 numismatum
1942 2966 2171 3027 tegatur,

579 3044 641 3100 et’
659 3043 852 3102 fratres
874 3044 1073 3103 Christi
1103 3048 1300 3117 frigore
1326 3047 1618 3103 necentur?
1651 3047 1848 3115 Quanti
1870 3060 1992 3104 sunt
2015 3050 2174 3105 modo

579 3129 670 3209 qui
701 3138 950 3196 dentibus
988 3140 1216 3197 strident
1247 3155 1357 3210 pra:
1383 3141 1588 3212 glacie?
1619 3142 1802 3211 quanti
1836 3153 1961 3197 sunt
2013 3142 2173 3198 modo

2280 1933 2383 1988 hoc
2412 1932 2710 1989 mercedem
2741 1948 2846 1987 non
2877 1932 3138 1987 modicam
3169 1930 3351 1986 habet.
3381 1926 3570 1986 Attulit
3599 1932 3778 1982 autem
3804 1924 3872 1980 ad

2280 2025 2649 2081 credulitatem
2680 2026 2827 2081 verbi
2850 2035 2904 2081 et
2931 2026 3294 2080 testimonium
3327 2039 3512 2090 verax,
3543 2021 3684 2094 quod
3723 2020 3873 2075 circa

2280 2129 2523 2175 sanctum
2556 2118 2912 2191 Epiphanium
2944 2130 2998 2174 et
3024 2118 3283 2175 Joannem
3313 2116 3427 2188 (60)
3449 2118 3762 2187 episcopum
3782 2113 3876 2170 Je-

2280 2213 2676 2285 rosolymorum
2730 2212 2927 2268 factum
2958 2222 3061 2279 est,
3092 2209 3361 2282 quomodo
3388 2216 3602 2264 sanetus
3640 2205 3874 2276 Epipha-

2279 2306 2401 2359 nius
2433 2319 2529 2373 per
2570 2313 2738 2360 artem
2785 2305 2902 2359 tulit
2931 2316 3211 2376 argentum
3246 2302 3585 2373 patriarchae,
3619 2300 3876 2357 videlicet

2278 2390 2503 2449 Joannis
2531 2392 2794 2465 ejusdem,
2817 2406 2869 2450 et
2897 2396 3049 2451 dedit
3069 2396 3364 2467 egentibus.

2351 2486 2461 2542 Car
2500 2485 2641 2543 XXI.
2676 2519 2744 2529 —-
2778 2487 3004 2559 Dignum
3034 2497 3089 2543 et
3114 2505 3404 2561 congruum
3439 2488 3694 2559 praedicto
3725 2485 3876 2556 capi-

2278 2579 2390 2635 tulo
2414 2582 2682 2637 referebat
2710 2581 2875 2638 semel
2898 2598 3077 2638 coram
3108 2584 3355 2639 omnibus
3381 2583 3480 2639 iste
3509 2590 3757 2645 sanctus,
3786 2580 3875 2634 di-

2278 2687 2443 2729 cens:
2479 2673 2770 2742 Habebam,
2805 2676 2995 2746 inquit,
3027 2677 3309 2748 quemdam
3334 2670 3639 2731 ministrum
3664 2676 3715 2729 in
3743 2689 3879 2745 apo.

2281 2766 2433 2823 theca
2457 2782 2572 2822 mea
2593 2767 2643 2823 in
2674 2764 2874 2840 Cypro,
2902 2768 3113 2824 fidelem
3143 2770 3316 2836 valde,
3341 2779 3394 2825 et
3417 2770 3673 2839 virginem
3702 2780 3880 2838 usque

2278 2858 2344 2911 ad
2395 2858 2596 2913 obitum
2642 2876 2818 2916 suum.
2851 2860 2948 2916 Hic
2997 2876 3125 2935 ergo
3174 2862 3423 2918 narrabat
3474 2862 3603 2917 mihi
3648 2863 3772 2932 quia
3823 2863 3879 2919 in

2281 2943 2453 3006 Africa
2485 2951 2750 3008 existente
2797 2969 2884 3010 me
2914 2956 3056 3010 facta
3104 2965 3186 3012 est
3216 2970 3303 3012 res
3335 2954 3640 3026 hujusmodi
3676 2975 3691 3011 :
3744 2954 3881 3011 Per-

2280 3044 2562 3098 maneham
2593 3046 2758 3114 enim,
2790 3047 2884 3114 ait,
2919 3063 3038 3102 cum
3071 3048 3302 3119 quodam
3359 3048 3672 3113 teloneario,
3703 3049 3881 3105 divite

2280 3134 2631 3193 vehementer
2662 3148 2715 3193 et
2762 3140 3197 3197 immisericordi.
3246 3143 3421 3199 Semel
3465 3158 3590 3213 ergo
3624 3145 3883 3215 pauperi-

580 3206 669 3300 qui
693 3231 956 3301 psiathum
981 3231 1098 3305 (55)
1123 3206 1590 3291 habentes—subtus
1611 3206 1913 3301 dimidium,
1938 3241 1993 3289 et
2012 3248 2172 3304 supra
2197 3206 2245 3271 ο
2278 3225 2377 3282 bus
2408 3228 2459 3282 in
2491 3224 2667 3285 hieme
2697 3232 3006 3288 sedentibus
3034 3233 3099 3288 ad
3129 3233 3318 3302 solem,
3353 3206 3880 3307 sequevcalcfacien-

577 3319 882 3390 dimidium,
913 3331 968 3377 et
998 3338 1102 3378 non
1138 3331 1361 3393 possunt
1389 3323 1680 3379 extendere
1714 3324 1878 3394 pedes
1906 3339 2054 3391 suos,
2079 3325 2173 3380 sed

579 3411 854 3469 dormiunt
880 3422 939 3469 ut
962 3415 1173 3483 glomus
1195 3424 1487 3472 trementes
1513 3414 1663 3487 (56)?
1691 3416 1886 3483 Quanti
1912 3416 1967 3471 in
1993 3424 2175 3474 monte

578 3504 921 3562 dormierunt
949 3507 1223 3572 iuomnati,
1270 3517 1321 3562 et
1353 3507 1473 3565 sine
1503 3508 1744 3575 lucerna,
1779 3508 2038 3565 habentes
2078 3510 2175 3565 du—

580 3595 776 3666 plicem
826 3597 1123 3652 cruciatum
1171 3604 1277 3651 tam
1309 3612 1373 3653 ex
1407 3598 1605 3669 frigore
1633 3615 1790 3670 quam
1841 3616 1906 3656 cx
1935 3599 2173 3671 jejunio?

482 3682 488 3687 ”
578 3685 779 3753 Quanti
808 3686 1113 3742 desiderant
1132 3689 1360 3742 saturari
1387 3687 1455 3744 de
1478 3687 1622 3743 foliis
1645 3689 1872 3755 olerum,
1905 3705 2023 3761 qua:
2047 3706 2174 3761 pro-

577 3778 841 3850 jiciuntur
887 3780 956 3837 de
1001 3782 1226 3852 coquina
1278 3784 1432 3838 mea?
1480 3783 1672 3852 Quanti
1722 3784 1924 3841 vellent
1969 3787 2174 3857 tingere

577 3884 767 3943 panem
825 3888 980 3930 suum
1026 3875 1078 3929 in
1110 3884 1316 3931 zemate
1353 3874 1468 3947 (57)
1500 3875 1642 3947 quod
1692 3876 1978 3947 projiciunt
2017 3879 2171 3948 coqui

577 3966 719 4021 mei?
752 3966 948 4032 Quanti
977 3968 1197 4036 cupiunt
1244 3967 1330 4023 vel
1376 3966 1604 4024 odorare
1631 3969 1833 4036 vinum,
1863 3970 2003 4039 quod
2049 3969 2171 4023 fun-

574 4057 722 4113 ditur
754 4059 806 4114 in
836 4059 1055 4114 cellario
1084 4061 1238 4116 meo?
1268 4061 1466 4127 Quanti
1494 4073 1618 4118 sunt
1658 4061 1711 4117 in
1743 4063 1958 4118 civitate
1988 4062 2089 4118 ista
2117 4063 2172 4119 in

576 4145 678 4202 hac
707 4147 836 4202 hora
865 4150 1155 4219 peregrini,
1188 4167 1293 4205 non
1327 4152 1585 4209 habentes
1613 4153 1701 4209 ubi
1736 4155 2093 4223 hospitentur,
2119 4166 2169 4211 et

576 4236 633 4292 in
660 4237 778 4293 foro
803 4239 1009 4309 jaceat,
1040 4239 1268 4298 fortasse
1308 4252 1363 4299 et
1396 4244 1569 4314 pluvia
1602 4242 1919 4300 madefacti?
1950 4246 2167 4316 Quanti,

575 4336 760 4399 putas,
790 4330 991 4387 habent
1040 4341 1210 4387 totum
1240 4348 1512 4403 mensem,
1547 4335 1627 4391 vel
1661 4337 1818 4392 etiam
1859 4338 2012 4407 duos,
2062 4355 2169 4396 non

574 4431 857 4493 instantes
902 4425 1104 4482 oleum.
1136 4427 1329 4495 Quanti
1364 4438 1487 4483 sunt
1514 4429 1602 4498 qui
1633 4444 1737 4484 non
1782 4431 1979 4487 habent
2032 4432 2166 4489 alte-

573 4526 691 4569 rum
723 4514 1099 4573 vestimentum
1135 4519 1185 4573 iu
1217 4527 1425 4587 testate,
1458 4527 1513 4575 et
1539 4520 1763 4576 alterum
1804 4522 1857 4577 in
1889 4524 2085 4591 hieme,
2113 4535 2168 4580 et

2281 3321 2442 3391 tibus,
2478 3336 2755 3395 coeperunt
2782 3326 2974 3399 singuli
2996 3326 3188 3382 domos
3210 3328 3732 3399 eleemosyuatorum
3758 3329 3880 3384 col-

2278 3414 2519 3485 laudare,
2552 3428 2604 3473 et
2632 3434 2729 3491 pro
2758 3420 2836 3475 eis
2858 3435 3015 3476 orare
3045 3435 3141 3491 per
3170 3420 3408 3493 singulos
3436 3436 3647 3487 eorum,
3680 3421 3882 3477 simili-

2278 3519 2361 3567 ter
2381 3521 2436 3567 et
2453 3512 2642 3569 domos
2656 3514 3053 3587 eleemosynam
3081 3531 3186 3571 non
3210 3512 3518 3573 facientium
3540 3516 3879 3586 vitUperare.

2276 3598 2421 3659 Inter
2450 3619 2569 3675 qua:
2596 3606 2743 3660 venit
2774 3606 2827 3660 in
2859 3606 3095 3663 medium
3119 3624 3303 3665 eorum
3337 3621 3392 3665 et
3421 3625 3616 3667 nomen
3640 3610 3879 3668 senioris

2276 3696 2383 3750 mei
2440 3696 2762 3765 telonearii,
2822 3707 2876 3755 et
2943 3711 3225 3771 coeperunt
3284 3702 3477 3774 singuli
3540 3703 3880 3774 interrogare

2278 3791 2581 3862 proximum
2612 3810 2625 3846 :
2660 3792 2801 3849 Vere
2853 3803 2927 3859 tu,
2964 3794 3153 3863 frater,
3185 3796 3437 3867 accepisti
3469 3794 3759 3867 aliquando
3809 3798 3880 3855 de

2275 3883 2438 3939 domo
2469 3884 2558 3939 illa
2605 3885 3068 3962 benedictionem?
3100 3889 3165 3944 Et
3192 3888 3439 3945 omnibus
3492 3890 3877 3962 interroganti-

2275 3970 2374 4029 bus
2407 3975 2659 4045 invicem,
2690 3960 2871 4033 nullus
2900 3979 3151 4036 inventus
3171 3991 3252 4037 est
3280 3998 3552 4055 accepisse
3578 3982 3879 4055 aliquando

2274 4068 2344 4123 de
2372 4068 2532 4124 domo
2566 4070 2681 4141 ejus
2709 4072 2934 4143 aliquid.
2970 4073 3105 4130 Dicit
3148 4091 3275 4148 ergo
3305 4094 3441 4134 unus
3470 4092 3538 4134 ex
3565 4076 3642 4136 eis
3682 4097 3694 4132 :
3728 4080 3875 4147 Quid

2273 4160 2470 4216 dabitis
2498 4161 2650 4229 mihi,
2683 4173 2736 4219 et
2786 4180 2887 4238 ego
2942 4164 3201 4237 accipiam
3232 4169 3389 4225 hodie
3443 4186 3507 4226 ex
3540 4186 3605 4226 eo
3648 4170 3878 4227 benedi-

2272 4259 2541 4315 ctionem?
2583 4260 2650 4316 Et
2702 4256 3020 4319 facientibus
3066 4279 3190 4319 cum
3244 4281 3308 4321 eo
3354 4279 3587 4339 pactum,
3640 4268 3783 4325 venit
3818 4278 3876 4325 et

2271 4361 2378 4407 stat
2406 4351 2536 4409 foris
2566 4365 2770 4424 portam
2819 4355 3030 4423 domus,
3064 4370 3381 4431 exspectans
3410 4362 3625 4432 quando
3653 4362 3717 4421 ad
3772 4364 3874 4419 do-

2270 4462 2416 4503 mum
2446 4462 2598 4502 suam
2627 4458 3009 4507 reverteretur.
3057 4452 3132 4507 Ex
3182 4452 3580 4523 dispensatione
3605 4454 3698 4509 Dei
3743 4471 3873 4526 per-

2274 4554 2538 4599 venerunt
2567 4544 2748 4613 simul,
2783 4544 2897 4617 ipse
2941 4547 3247 4618 ingrediens
3294 4559 3521 4619 portam,
3572 4560 3626 4606 et
3668 4554 3874 4612 animal

574 4606 648 4663 ita
680 4608 909 4669 miseriis
957 4613 1300 4684 affliguntur?
1331 4613 1407 4669 Tu
1455 4629 1579 4669 vero
1628 4626 1957 4686 exspectans
2004 4618 2165 4676 etiam

2278 4646 2491 4708 portans
2519 4602 2757 4711 siligineis
2801 4602 2830 4697 3
2865 4602 3130 4714 mancipio
3161 4602 3311 4714 (6|):
3336 4602 3521 4700 causa,

573 4707 828 4757 aeternam
855 4702 1244 4769 jucunditatem
1298 4707 1530 4778 assequi,
1564 4716 1619 4764 et
1673 4709 1848 4764 vinum
1882 4709 2022 4768 bibis
2051 4754 2065 4781 ,
2117 4720 2172 4768 et

572 4792 749 4862 pisces
778 4793 1041 4851 immanes
1085 4796 1333 4865 devoras,
1364 4807 1419 4855 et
1448 4800 1500 4854 in
1544 4800 1806 4859 cubiculis
1840 4801 2168 4875 demoraris,

572 4883 735 4941 modo
765 4894 943 4941 autem
974 4902 1095 4943 cum
1150 4891 1399 4946 omnibus
1439 4894 1596 4949 malis
1652 4906 1707 4951 et
1737 4897 1788 4952 in
1837 4902 2174 4970 coopertorio

573 4976 793 5047 triginta
820 4992 917 5033 sex
946 4980 1329 5037 numismatum
1366 4992 1416 5039 te
1464 4984 1746 5042 calefacis?
1778 4989 2054 5048 Veraciter
2099 4993 2171 5049 ita

574 5072 766 5128 vivens
789 5083 845 5129 et
870 5072 924 5143 in
952 5074 1045 5131 tali
1077 5075 1344 5131 laxatione
1372 5093 1721 5148 conversaris,
1754 5101 1856 5139 non
1885 5098 2167 5157 exspecta-

575 5166 657 5223 bis
687 5168 797 5224 illie
848 5171 1161 5239 praeparatis
1190 5171 1398 5241 gaudiis
1457 5172 1588 5243 frui,
1621 5175 1714 5231 sed
1746 5178 1932 5233 audies
1987 5180 2169 5251 utique

494 5260 497 5261 ⁷
571 5260 714 5328 quod
768 5272 825 5318 et
878 5262 1030 5319 dives
1081 5264 1175 5320 ille
1223 5266 1424 5321 audivit
1457 5267 1636 5339 (Lucra
1690 5277 1803 5342 xvr)
1850 5290 1861 5327 :
1902 5273 2169 5345 Recepisti

577 5352 738 5423 189
765 5355 901 5415 bona
959 5357 1010 5411 in
1038 5358 1145 5413 vita
1178 5366 1265 5413 tua
1291 5398 1306 5426 ,
1359 5375 1619 5434 pauperes
1651 5378 1779 5419 vero
1807 5366 1975 5431 mala;
2026 5383 2169 5422 nunc

571 5457 700 5511 ergo
728 5445 1097 5513 consolantur,
1128 5459 1181 5504 tu
1206 5466 1333 5505 vero
1355 5454 1630 5510 cruciaris.
1658 5455 1975 5512 Benedictus
2002 5450 2167 5528 Deus,

572 5530 798 5589 bumilis
824 5534 1059 5593 Joannes
1100 5541 1200 5595 alia
1232 5552 1387 5597 nocte
1418 5559 1523 5598 non
1553 5552 1894 5614 cooperietur
1924 5547 2034 5603 illo.
2076 5548 2168 5605 Ju-

572 5637 714 5681 stum
744 5638 823 5684 est
858 5629 1036 5697 enim,
1082 5642 1136 5688 et
1164 5633 1301 5692 bene
1348 5648 1624 5709 acceptum
1659 5640 1788 5706 Deo,
1820 5651 1872 5694 ut
1925 5653 2167 5713 tegantur

571 5732 788 5777 centum
821 5726 998 5795 potius
1026 5728 1372 5802 quadraginta
1396 5743 1628 5801 quatuor
1656 5734 1850 5791 fratres
1879 5746 1934 5792 et
1960 5738 2162 5795 domini

572 5818 672 5888 tui,
707 5834 866 5891 quam
899 5830 950 5885 tu
999 5822 1207 5897 infelix.
1259 5824 1713 5886 Venundabantur
1743 5832 1886 5889 enim
1935 5843 2168 5911 quatuor

2277 4729 2407 4784 sius.
2440 4728 2639 4786 Videris
2664 4730 2824 4803 igitur
2852 4749 3113 4805 egenum,
3161 4751 3268 4792 non
3298 4736 3577 4795 inveniens
3605 4738 3868 4808 lapidem,

2275 4834 2373 4889 per
2403 4822 2635 4878 furorem
2682 4823 2869 4895 arripit
2895 4826 3159 4897 siliginem
3200 4826 3267 4883 de
3298 4828 3516 4896 clitella,
3564 4838 3619 4885 et
3643 4829 3870 4898 jactavit

2274 4912 2330 4968 in
2353 4913 2546 4971 faciem
2576 4916 2712 4987 ejus.
2745 4917 2838 4974 llle
2866 4936 2993 4975 vero
3021 4923 3257 4992 suscepit
3283 4938 3423 4991 eam,
3456 4934 3509 4978 et
3532 4923 3664 4979 abiit
3690 4933 3749 4979 ut
3780 4940 3872 4977 sa-

2276 5006 2551 5065 tisfaceret
2572 5010 2938 5069 confratribus
2962 5016 3096 5085 suis,
3127 5018 3267 5087 quod
3292 5032 3357 5073 ex
3386 5018 3589 5074 eisdem
3614 5019 3868 5075 manibus

2273 5103 2573 5172 accepisset
2602 5122 2745 5162 eam.
2799 5108 2981 5178 Itaque
3014 5121 3133 5181 post
3162 5112 3297 5169 duos
3341 5114 3453 5168 dies
3475 5117 3752 5185 mgrotavit
3782 5116 3869 5171 iu-

2275 5194 2527 5253 tirmitate
2545 5200 2611 5253 ad
2632 5210 2856 5258 mortem
2876 5204 3013 5261 idem
3042 5206 3385 5273 telonearius,
3406 5209 3612 5266 emittit
3638 5210 3688 5263 in
3718 5226 3869 5267 sum-

2274 5285 2358 5340 nis
2406 5289 2641 5360 seipsum
2694 5293 2956 5351 rationem
3004 5309 3327 5369 ponentem,
3374 5309 3427 5356 et
3470 5315 3659 5356 omnes
3709 5311 3864 5356 actus

2272 5394 2397 5434 suos
2442 5397 2602 5454 super
2648 5394 2905 5443 stateram
2952 5390 3258 5461 appendere
3305 5409 3317 5444 :
3376 5393 3428 5448 in
3481 5408 3585 5448 una
3641 5395 3863 5461 quidem

2272 5471 2386 5543 acie
2422 5475 2535 5547 (62)
2584 5482 3044 5550 congregabantur
3094 5483 3256 5539 Mauri
3288 5484 3501 5555 quidam
3548 5485 3861 5541 deformes.

2273 5562 2437 5618 altera
2468 5577 2645 5623 autem
2691 5572 2835 5625 acies
2866 5574 3090 5627 aliorum
3118 5576 3475 5646 quorumdam
3505 5584 3621 5632 erat
3668 5575 3862 5629 candi-

2272 5654 2516 5711 datorum
2550 5665 2603 5711 et
2627 5660 2947 5716 terribilium
2993 5664 3193 5734 specie.
3227 5665 3328 5733 Qui
3362 5664 3490 5719 nihil
3522 5664 3863 5719 invenientes

2270 5742 2393 5800 boni
2416 5790 2430 5814 ,
2457 5758 2512 5803 ut
2541 5759 2595 5804 et
2619 5750 2717 5820 ipsi
2751 5753 3118 5823 appenderent
3144 5766 3365 5813 econtra
3396 5757 3681 5813 adversum
3718 5754 3864 5810 mala

2270 5856 2434 5913 opera
2470 5860 2587 5915 qua:
2613 5846 2838 5905 collecta
2869 5860 3024 5908 erant
3058 5868 3089 5909 a
3120 5852 3316 5917 Mauris
3364 5854 3413 5911 in
3447 5851 3563 5919 acie
3595 5851 3862 5921 ipsorum.
