4142 6350
246 308 352 365 357

1187 294 1350 353 VITA
1390 293 1634 353 SANCTI
1677 291 1959 352 JOANNIS
1999 294 2576 361 ELEEMOSYNARII.

3433 319 3542 378 358

246 426 412 482 nimis
451 418 846 476 tribulabantur
893 421 948 472 et
975 410 1345 480 tristabantur,
1381 425 1434 471 et
1486 423 1666 470 mente
1712 429 1840 467 con-
1874 409 1923 470 A
1951 411 2273 482 genlarium,
2300 414 2598 482 quidamna
2624 417 2904 475 inciderat.
2935 421 3018 477 Ad
3050 424 3378 485 locutionem
3405 447 3536 488 vero

253 517 640 576 sternebantur
690 511 755 565 ad
798 510 1141 578 alterutrum,
1173 520 1221 562 et
1268 509 1517 564 dicebant
1559 507 1745 577 :Ergo
1782 521 1850 562 ne

251 610 388 666 nihil
439 607 702 662 habemus
746 606 871 660 hic?
908 605 1061 660 Tunc
1107 605 1238 660 dicit
1267 622 1404 660 unus
1453 621 1636 661 eorum
1669 622 1681 660 :
1713 604 1853 660 Vere

253 702 384 760 nihil
442 700 736 767 habemus,
792 697 894 754 nisi
943 712 1100 752 unam
1155 699 1442 769 siliginem,
1486 713 1646 767 quam
1701 697 1854 753 dedit

251 807 382 850 ante
412 795 549 850 duos
577 794 695 849 dies
725 791 958 858 (Ihristo,
995 803 1047 845 et
1074 791 1240 862 ipsam
1270 807 1372 845 non
1404 792 1730 845 voluntarie.
1789 790 1853 844 Et

249 888 588 945 mittentibus
615 885 695 942 eis
741 886 1035 956 siliginem,
1069 886 1347 954 mqualitas
1378 885 1514 941 facta
1543 894 1644 940 est.
1700 885 1852 940 Tunc

249 981 437 1035 dicunt
483 977 782 1033 teioneario
831 977 886 1032 hi
930 978 1019 1047 qui
1059 985 1420 1046 apparuerant
1450 977 1498 1032 ei
1531 976 1799 1032 candidati
1835 992 1849 1029 :

252 1073 425 1137 Vade,
457 1080 512 1128 et
537 1086 676 1139 auge
700 1069 766 1124 ad
820 1069 1088 1138 siliginem
1137 1068 1301 1135 hanc,
1347 1083 1468 1122 nam
1514 1083 1640 1123 vere
1685 1066 1852 1122 Mauri

252 1166 345 1221 isti
375 1176 424 1220 te
460 1166 882 1234 apprehendent.
916 1163 1135 1230 iljulans
1158 1178 1307 1232 ergo,
1332 1162 1551 1232 agnovit
1575 1178 1698 1232 qua:
1744 1164 1851 1218 visa

251 1269 381 1312 sunt
413 1258 480 1312 ab
511 1273 579 1312 eo
614 1272 723 1312 non
770 1272 890 1310 esse
923 1256 1216 1320 mendacia,
1252 1256 1346 1310 sed
1379 1257 1610 1310 veracia.
1663 1255 1854 1311 Omnia

254 1368 391 1407 vero
421 1366 540 1421 qua:
589 1367 618 1403 a
660 1350 948 1420 juventute
999 1363 1090 1402 sua
1139 1350 1502 1415 commiserat,
1536 1358 1589 1403 et
1629 1362 1853 1418 quorum

254 1445 373 1512 ipse
401 1453 514 1497 erat
541 1442 761 1506 oblitus,
795 1441 1010 1494 videbat
1041 1439 1328 1512 Etltiopes
1349 1441 1474 1496 illos
1503 1455 1853 1510 congregare,

254 1544 308 1589 et
352 1535 639 1602 deportare
669 1533 734 1587 ad
770 1534 979 1598 libram,
1012 1542 1066 1587 et
1112 1532 1366 1587 dicebat:
1425 1532 1570 1587 Vare
1621 1532 1760 1602 (65),
1807 1533 1853 1586 si

255 1641 360 1680 una
397 1626 553 1694 siligo
595 1639 753 1694 quam
799 1623 993 1692 jactavi
1028 1639 1122 1693 per
1157 1623 1394 1680 furorem
1441 1624 1513 1679 ita
1559 1624 1780 1693 proluit,
1824 1638 1853 1678 a

257 1720 471 1787 quantis
501 1719 655 1773 malis
696 1732 755 1772 se
785 1716 977 1772 liberat
1027 1717 1117 1786 qui
1146 1717 1238 1772 dat
1285 1718 1337 1772 in
1384 1717 1731 1786 implicitate
1757 1731 1853 1772 sua

1954 504 2290 561 venientibus
2336 508 2617 576 ambobus,
2667 511 2796 568 dicit
2835 513 2883 566 ei
2918 517 3156 572 netarius
3199 536 3212 572 :
3244 520 3381 577 Audi
3419 539 3538 590 me,

1955 596 2120 663 Zoile,
2154 607 2207 654 et
2237 615 2356 656 eme
2382 617 2597 658 servum
2623 619 2807 667 unum,
2835 608 2957 677 quia
2986 609 3158 665 habeo
3183 621 3289 667 tam
3320 614 3543 683 bonum,

1954 690 2171 744 utdicat
2208 690 2370 747 homo
2407 695 2550 763 quod
2596 701 2852 763 patricius
2881 701 2970 755 sit.
3007 702 3071 756 Et
3101 703 3322 760 audiens
3352 722 3546 777 argen-

1954 782 2120 835 tarius
2165 782 2304 851 quod
2329 798 2542 839 servum
2592 786 2832 857 haberet,
2866 792 3157 847 admiratus
3185 808 3287 860 est,
3324 810 3378 854 et
3417 801 3548 855 dicit

1955 871 2005 926 ei
2038 890 2048 924 :
2084 871 2256 927 Crede
2289 876 2441 940 mihi,
2469 877 2592 947 quia
2626 894 2730 933 non
2762 882 3010 949 possideo
3043 886 3187 940 unde
3215 901 3397 944 emere
3421 906 3547 959 pos-

1955 966 2078 1020 sim.
2114 966 2248 1022 Dicit
2287 969 2335 1023 ei
2370 984 2582 1025 rursum
2634 976 2874 1030 notarius
2903 992 2916 1030 :
2951 979 3145 1049 Accipe
3178 992 3447 1049 mutuum,
3496 993 3550 1039 et

1956 1071 2076 1110 etne
2109 1072 2255 1124 eum,
2289 1061 2510 1115 multum
2549 1065 2692 1118 enim
2721 1077 2802 1120 est
2833 1067 3026 1137 bonus,
3063 1081 3114 1125 et
3139 1073 3422 1129 benedicet
3455 1077 3547 1132 tibi

1958 1148 2099 1205 Deus
2133 1169 2225 1220 per
2253 1168 2395 1207 eum.
2431 1156 2714 1226 Acquievit
2741 1175 2868 1228 ergo
2898 1164 2968 1228 ei,
2993 1177 3047 1216 ct
3068 1166 3196 1220 emit
3222 1181 3343 1222 eum
3371 1167 3548 1222 sordi-

1957 1241 2038 1294 dis
2068 1243 2304 1299 vestibus
2334 1246 2598 1315 indutum,
2646 1253 3056 1308 numisnntibus
3089 1257 3320 1326 triginta.
3367 1259 3550 1314 lielin-

1957 1348 2127 1401 quens
2159 1345 2337 1390 autem
2369 1353 2489 1392 eum
2517 1343 2781 1409 notarius,
2822 1343 2951 1398 abiit
2997 1347 3546 1420 Constantinopolim,

1959 1427 2296 1483 satisfaciens
2326 1431 2467 1498 quod
2500 1432 2630 1487 nulli
2665 1433 2768 1488 hoc
2807 1437 3196 1506 manifestaret,
3227 1449 3282 1495 et
3321 1444 3460 1512 quod
3485 1444 3552 1498 de

1958 1517 2133 1585 pretio
2156 1533 2490 1589 nequaquam
2517 1525 2616 1578 sibi
2643 1527 2924 1582 retinendo
2947 1529 3145 1600 aliquid
3181 1533 3547 1601 defraudaret,

1956 1607 2054 1662 sed
2117 1609 2218 1664 hoc
2264 1619 2431 1665 totum
2469 1616 2792 1683 pauperibus
2851 1620 3024 1676 daret.
3079 1623 3220 1693 Ergo
3268 1626 3551 1695 aliquando

1962 1699 2107 1754 idem
2166 1700 2355 1756 Petrus
2401 1706 2684 1773 coquinam
2745 1709 2977 1767 faciebat
3027 1713 3244 1769 domino
3293 1734 3410 1783 suo,
3456 1720 3554 1773 ali-

259 1814 399 1870 bona
454 1812 858 1884 indigentibus?
910 1813 973 1866 Et
1005 1812 1071 1867 de
1101 1821 1302 1868 caetero
1354 1812 1424 1868 ita
1475 1813 1747 1868 modestus
1797 1820 1852 1868 et
1882 1792 2168 1864 B‘lu‘md0
2198 1805 2374 1850 θυῑθῐη
2424 1796 2635 1852 lavabat
2686 1814 2893 1868 Pannos
2944 1805 3093 1872 Ejus,
3146 1823 3416 1877 nunquam
3449 1810 3550 1864 ali-

258 1908 494 1978 prudens
525 1916 683 1976 atque
715 1922 956 1964 summus
980 1909 1411 1979 eleemosynator
1460 1907 1632 1964 factus
1662 1917 1762 1970 est,
1794 1917 1851 1963 ttt

255 2000 420 2054 etiam
452 1998 665 2069 corpori
693 2001 912 2070 proprio
936 2015 1042 2054 non
1073 2009 1338 2068 parceret.

329 2091 567 2162 Contigit
593 2093 736 2147 enim
771 2093 1057 2164 aliquando
1087 2096 1383 2150 secundum
1409 2092 1850 2150 consuetudinem

260 2186 556 2256 procedere
602 2201 723 2241 eum
777 2188 1010 2242 diluculo
1057 2189 1124 2242 ad
1156 2189 1452 2256 teloueum,
1495 2197 1548 2242 et
1583 2188 1757 2241 obviat
1802 2187 1851 2242 ei

259 2293 444 2350 nauta,
477 2285 564 2352 qui
593 2298 621 2337 a
654 2285 931 2354 naufragio
962 2286 1136 2339 nudus
1169 2295 1227 2339 ut
1266 2295 1421 2340 natus
1451 2295 1531 2341 est
1570 2295 1848 2350 evaserat;

257 2384 314 2428 et
343 2373 539 2427 cecidit
583 2386 706 2428 ante
755 2391 898 2441 eum,
939 2391 1138 2443 rogans
1167 2387 1225 2431 ut
1286 2379 1671 2448 protectionem
1713 2377 1852 2447 apud

259 2480 384 2520 eum
415 2466 744 2535 impetraret.
774 2467 866 2522 l-lle
893 2482 1022 2538 ergo
1055 2479 1246 2538 putans
1278 2469 1422 2539 quod
1453 2483 1654 2540 egenus
1679 2478 1844 2535 esset.

259 2557 584 2625 exspoliavit
629 2572 688 2612 se
737 2559 1082 2627 esOphorium
1115 2560 1228 2631 (64)
1275 2575 1472 2628 suum,
1524 2561 1665 2632 quod
1713 2563 1854 2618 illius

259 2649 456 2703 melius
487 2659 629 2716 erat,
669 2659 725 2706 et
770 2651 860 2705 dat
890 2653 962 2717 ei,
994 2654 1304 2723 rogavitque
1341 2667 1465 2708 eum
1497 2662 1554 2708 ut
1598 2655 1701 2709 hoc
1741 2655 1854 2723 ipse

260 2743 571 2798 vestiretur.
630 2743 863 2815 Pergens
911 2760 1041 2800 vero
1086 2747 1176 2802 ille
1204 2757 1259 2802 et
1287 2751 1614 2805 erubescens
1661 2750 1852 2804 vestiri

261 2835 394 2898 hoc,
424 2835 569 2889 dedit
601 2836 727 2891 illud
761 2837 1026 2892 venditori
1059 2847 1115 2893 ut
1146 2841 1579 2896 venumdaretur.
1612 2841 1678 2897 Et
1729 2857 1853 2898 cum

259 2929 540 2986 recederet
561 2931 908 2999 telonearius,
943 2934 1071 2988 vidit
1102 2933 1204 2988 hoc
1226 2948 1569 3004 suspensum,
1593 2945 1646 2991 et
1675 2937 1854 2991 trista-

262 3033 349 3080 tus
373 3035 453 3081 est
476 3026 852 3093 vehementer;
877 3035 934 3083 et
954 3029 1253 3084 ascendens
1278 3028 1495 3084 domum
1518 3045 1693 3095 suam,
1720 3029 1853 3084 nihil

262 3133 453 3191 passus
500 3129 581 3174 est
626 3129 874 3190 gustare;
920 3121 1012 3176 sed
1055 3121 1315 3178 claudens
1343 3121 1541 3176 ostium
1583 3122 1854 3177 conclavis

1956 1885 2170 1953 quando
2217 1886 2270 1939 in
2320 1888 2559 1956 quolibet
2608 1890 2796 1946 horum
2827 1905 3095 1950 assuetus.
3130 1897 3331 1953 Alﬂixit
3372 1908 3549 1956 autem

1954 1978 2196 2048 seipsum
2226 1988 2280 2034 et
2322 1978 2532 2050 jejunio
2556 1984 2740 2039 multo.
2772 1985 2902 2041 Cum
2935 2003 3063 2043 vero
3095 1990 3315 2047 vidisset
3360 2007 3419 2047 se
3461 1995 3552 2050 be-

1958 2071 2137 2127 nedici
2185 2072 2439 2129 dominus
2470 2076 2586 2144 ejus
2637 2094 2800 2148 super
2843 2096 3055 2138 omnem
3097 2086 3544 2157 benedictionem,

1953 2163 2086 2218 dicit
2118 2165 2192 2231 ei,
2229 2169 2623 2225 verecundatus
2654 2188 2929 2229 enormem
2960 2175 3080 2245 ejus
3107 2179 3360 2234 virtutem
3385 2191 3438 2236 et
3463 2183 3551 2238 hu-

1954 2260 2235 2316 militatem
2264 2279 2276 2315 :
2315 2263 2468 2329 Volo,
2505 2265 2722 2321 humilis
2751 2267 2928 2333 Petre,
2962 2269 3191 2326 liberare
3213 2281 3286 2339 te,
3315 2282 3370 2328 et
3393 2282 3448 2328 ut
3470 2276 3544 2332 sis

1954 2351 2022 2406 de
2054 2352 2258 2423 reliquo
2288 2355 2458 2410 frater
2485 2371 2657 2412 meus.
2690 2357 2784 2413 Ille
2815 2375 2943 2415 vero
2967 2363 3157 2417 noluit.
3204 2363 3420 2421 Viderat
3451 2382 3548 2422 au-

1957 2456 2064 2503 tem
2109 2463 2231 2502 eum
2263 2447 2575 2519 frequenter
2601 2454 2840 2508 convicia
2874 2455 3110 2523 perferre
3130 2497 3144 2524 ,
3179 2467 3231 2513 et
3263 2460 3470 2528 percuti
3517 2475 3548 2517 a

1955 2544 2231 2598 conservis
2259 2544 2393 2600 suis.
2422 2545 2700 2602 Habebant
2722 2559 2901 2604 autem
2929 2565 3051 2605 eum
3085 2560 3334 2623 tanquam
3357 2570 3547 2611 amen-

1957 2647 2083 2705 tem,
2113 2639 2184 2694 ita
2215 2649 2275 2694 ut
2310 2649 2364 2695 et
2394 2656 2592 2696 nomen
2641 2644 2689 2699 ei
2724 2645 3060 2714 imponerent
3086 2646 3353 2702 Amentis.
3403 2649 3550 2717 Quo-

1958 2732 2270 2802 tiescunque
2319 2748 2450 2804 ergo
2504 2736 3005 2805 tribulabant,eum
3037 2741 3284 2796 conservi
3331 2741 3446 2810 sui,
3493 2752 3549 2800 et

1957 2825 2263 2881 dormiebat
2285 2826 2340 2882 in
2374 2829 2739 2895 tribulatione,
2769 2832 3058 2901 apparebat
3086 2834 3134 2888 ei
3169 2835 3256 2904 qui
3284 2835 3333 2888 irt
3373 2835 3552 2893 At’rica

1958 2919 2038 2977 illi
2087 2933 2431 2989 apparuerat,
2483 2925 2709 2980 vestitus
2759 2927 3052 2996 esophorio
3082 2928 3222 2998 ejus,
3259 2937 3448 2984 tenens
3496 2938 3550 2985 et

1959 3010 2048 3065 illa
2078 3013 2290 3082 triginta
2338 3014 2657 3069 nomismata
2713 3016 2766 3069 in
2803 3031 2993 3084 manu,
3049 3019 3234 3076 diccus
3283 3021 3382 3076 ei:
3430 3020 3551 3076 Noli

1959 3113 2182 3159 moestus
2226 3119 2367 3175 esse,
2420 3107 2580 3161 frater
2612 3108 2789 3171 Petre,
2821 3123 2922 3180 ego
2962 3113 3171 3182 suscepi
3221 3122 3274 3168 et
3321 3112 3550 3183 pretium

262 3216 368 3276 sui,
406 3215 562 3285 19o
586 3216 807 3272 sedebat
830 3217 1046 3287 plorans
1073 3225 1128 3271 et
1153 3217 1440 3286 cogitans:
1480 3216 1612 3282 Quia
1649 3231 1755 3270 non
1781 3217 1853 3270 fui
1880 3195 1928 3260 C
1960 3196 2056 3262 ῑυῖν
2089 3196 2182 3250 δεά
2216 3205 2460 3251 ευδῑθιιιθ
2496 3213 2661 3268 usque
2690 3199 2815 3254 dum
2844 3205 3205 3271 cog'loscal‘ls-

263 3306 479 3376 dignus,
532 3309 720 3378 inquit,
756 3318 812 3364 ut
851 3308 958 3364 mei
1005 3311 1320 3364 memoriam
1364 3309 1591 3363 haberet
1627 3323 1852 3378 egenus.

263 3395 400 3450 Cum
447 3414 572 3468 ergo
619 3402 949 3467 anxiaretur,
1000 3399 1357 3464 obdormivit;
1416 3408 1472 3455 et
1518 3413 1646 3456 ecce
1720 3399 1859 3454 vidit

265 3490 551 3560 quemdam
607 3495 914 3561 speciosum
971 3501 1243 3562 tamquam
1321 3492 1533 3558 solem,
1596 3492 1856 3548 ferentem

265 3600 481 3641 crucem
517 3602 679 3657 super
703 3597 864 3658 caput
887 3601 1042 3644 suum
1067 3595 1121 3643 et
1146 3587 1516 3659 esophorium,
1537 3586 1678 3658 quod
1697 3587 1861 3642 dede-

268 3690 353 3735 rat
412 3688 625 3749 nautae,
689 3684 1033 3740 assistentem
1077 3684 1178 3742 sibi
1220 3694 1276 3740 et
1348 3685 1614 3741 dicentem
1668 3701 1680 3738 :
1723 3683 1859 3752 Quid

269 3773 473 3841 ploras,
499 3775 714 3831 domine
740 3775 946 3833 Petrei
977 3778 1089 3833 Hoc
1114 3778 1257 3833 enim
1291 3788 1408 3834 erat
1435 3780 1482 3834 ei
1516 3793 1732 3834 nomen.
1768 3779 1862 3834 ille

270 3880 402 3922 vero
433 3868 587 3933 dixit,
643 3877 700 3923 ttt
739 3870 804 3924 ad
849 3869 1012 3925 Deum
1045 3871 1326 3940 disputans
1367 3887 1382 3925 :
1413 3871 1572 3940 Quia,
1603 3870 1859 3939 Domine,

270 3971 336 4012 ex
369 3959 563 4027 quibus
613 3959 824 4029 largiris
854 3962 1031 4027 nobis,
1065 3962 1254 4017 damus
1284 3963 1464 4027 alicui,
1514 3970 1568 4016 et
1610 3961 1661 4015 in
1710 3973 1863 4032 turpe

270 4049 480 4105 lucrum
517 4061 728 4108 vertunt
754 4055 1096 4123 accipientes.
1125 4055 1275 4110 Tunc
1303 4054 1431 4111 dicit
1458 4057 1504 4111 ei
1533 4073 1544 4108 :
1572 4054 1863 4126 Cogttoscis

273 4143 414 4198 hoc?
447 4143 513 4197 Et
556 4146 789 4200 ostendit
819 4147 868 4202 ei
901 4149 1023 4217 quia
1058 4147 1271 4205 deintus
1303 4151 1533 4206 vestitus
1564 4161 1704 4208 esset
1749 4153 1864 4222 ejus

271 4235 580 4304 esophorio.
629 4237 766 4292 Dicit
817 4239 864 4293 ei
896 4257 908 4292 :
946 4241 1085 4296 Ecce
1136 4256 1235 4310 ego
1271 4242 1364 4298 illo
1407 4246 1625 4306 vestior,
1659 4260 1721 4300 ex
1759 4261 1866 4316 quo

271 4327 464 4383 dedisti
500 4328 631 4384 mihi
662 4331 791 4393 hoc;
822 4339 876 4386 et
905 4332 1104 4401 gratias
1133 4350 1232 4404 ago
1263 4337 1520 4391 voluntati
1553 4345 1653 4393 tua:
1680 4339 1864 4407 bonas,

273 4422 526 4490 quoniam
557 4421 758 4492 frigore
783 4424 1083 4496 atﬂigebar,
1113 4435 1165 4480 et
1196 4437 1248 4480 tu
1272 4429 1595 4497 coeperuisti
1638 4447 1743 4485 me.
1789 4431 1866 4486 Ad

273 4528 333 4570 se
363 4531 491 4586 ergo
529 4529 800 4585 reversus,
833 4518 1130 4574 admiratus
1160 4529 1261 4586 est,
1291 4529 1344 4576 et
1372 4522 1539 4590 C(Bpil
1560 4523 1867 4578 beatiiicare

2035 3310 2163 3366 Post
2191 3311 2404 3382 aliquod
2435 3325 2562 3366 vero
2609 3322 2843 3382 tempus,
2873 3324 3137 3371 venerunt
3163 3332 3191 3370 a
3238 3319 3404 3387 patria
3433 3321 3553 3392 ejus

1963 3403 2178 3474 quidam
2209 3407 2412 3474 argenti
2444 3406 2780 3475 venditores,
2814 3417 2869 3464 ut
2895 3421 3111 3466 orarent
3153 3411 3218 3466 ad
3271 3412 3385 3468 loca
3432 3430 3554 3470 san-

1964 3504 2047 3552 cta
2066 3514 2079 3562 ;
2101 3506 2152 3552 et
2181 3495 2424 3553 invitavit
2446 3514 2537 3554 eos
2563 3500 2628 3554 ad
2653 3501 2933 3569 prandium
2957 3503 3208 3560 dominus
3225 3505 3426 3561 domini
3457 3507 3555 3564 Pe-

1965 3589 2061 3654 tri;
2088 3600 2142 3645 et
2170 3605 2289 3646 cum
2320 3589 2667 3661 ministraret,
2697 3594 2873 3649 statim
2910 3596 2996 3651 ille
3026 3599 3274 3666 cognovit
3303 3614 3415 3655 eos.
3444 3600 3553 3672 Ipsi

1965 3692 2141 3737 autem
2188 3683 2311 3738 dum
2360 3684 2712 3751 prandcrcnt,
2749 3694 3027 3756 coeperunt
3072 3690 3353 3758 artigurare
3393 3706 3552 3758 eum,

1964 3784 2020 3830 et
2046 3776 2276 3830 invicem
2307 3775 2370 3830 ad
2399 3790 2556 3831 aures
2582 3776 2762 3831 dicere
2790 3795 2802 3831 :
2837 3779 3004 3846 Quam
3047 3779 3246 3835 similat
3276 3797 3407 3851 puer
3452 3782 3556 3838 iste

1965 3869 2182 3925 domino
2214 3870 2374 3925 Petro
2407 3869 2715 3925 teloneario.
2747 3870 2841 3926 Ille
2878 3887 3006 3928 vero
3029 3874 3348 3943 occultabat,
3381 3893 3554 3946 quan-

1967 3972 2078 4017 tum
2112 3970 2339 4033 poterat,
2367 3965 2570 4018 vultum
2615 3977 2793 4022 suum.
2830 3965 3027 4022 lterum
3059 3983 3188 4039 ergo
3218 3969 3552 4026 comedenti-

1967 4059 2066 4114 bus
2096 4059 2194 4125 eis,
2227 4069 2505 4129 coeperunt
2526 4058 2703 4115 dicere
2724 4059 2789 4114 ad
2816 4077 2935 4116 eum
2958 4061 3047 4132 qui
3078 4077 3169 4117 eos
3203 4063 3555 4120 invitaverat:

1968 4153 2108 4209 Vere
2138 4163 2406 4222 putamus,
2453 4168 2539 4210 res
2571 4153 2662 4210 tibi
2688 4169 2874 4226 magna
2907 4155 3105 4219 evenit,
3136 4155 3350 4212 domine
3377 4156 3556 4226 Zoile;

1969 4249 2190 4317 etenim,
2242 4249 2344 4303 nisi
2393 4263 2658 4314 erramus,
2692 4249 2956 4319 publicam
2987 4265 3269 4321 personam
3313 4251 3367 4307 in
3400 4253 3558 4310 mini-

1971 4342 2137 4396 sterio
2170 4349 2260 4395 tuo
2290 4339 2475 4397 habes.
2523 4342 2709 4409 Neque
2737 4342 2876 4397 enim
2912 4344 3155 4399 sciebant
3182 4345 3399 4413 certius,
3434 4362 3556 4415 quia

1970 4441 2087 4488 erat
2109 4431 2174 4486 de
2201 4433 2430 4502 coquina
2461 4443 2512 4486 et
2558 4431 2764 4502 jejunio
2793 4443 3152 4488 commutatus
3193 4435 3370 4489 vultus
3416 4437 3557 4504 ejus.

1971 4525 2069 4578 Diu
2105 4524 2265 4595 igitur
2297 4523 2760 4580 considerantibus
2806 4540 2949 4590 eum,
2998 4525 3126 4579 dicit
3154 4542 3288 4581 unus
3327 4542 3391 4582 ex
3433 4529 3556 4585 eis:

272 4623 474 4679 egenos
499 4619 554 4665 et
596 4610 817 4667 dicere:
852 4611 995 4666 Vivit
1025 4612 1301 4674 Dominus,
1332 4615 1375 4670 si
1405 4616 1592 4685 inepes
1624 4617 1866 4670 Christus
1893 4595 1948 4659 Ῐ)
1974 4615 2112 4671 Vere
2142 4615 2390 4670 dominus
2441 4615 2630 4669 Petrus
2672 4623 2772 4680 est,
2823 4629 3034 4686 surgam
3081 4625 3135 4670 et
3178 4617 3371 4672 tenebo
3412 4633 3557 4675 eum.

273 4717 430 4758 tueus
462 4711 608 4768 sunt,
661 4719 764 4759 non
791 4704 1018 4770 moriar,
1052 4713 1108 4760 et
1149 4706 1270 4759 [iam
1314 4715 1564 4776 tauquam
1613 4723 1752 4762 unus
1797 4724 1862 4762 ex

274 4795 377 4853 eis.

347 4885 627 4946 Accersi‘to
664 4905 793 4946 vero
825 4892 1034 4947 notario
1062 4905 1181 4958 suo,
1231 4907 1390 4962 quem
1420 4901 1474 4947 et
1505 4901 1742 4957 emerat,
1787 4893 1870 4946 tli-

275 4986 347 5038 cit
382 4986 432 5038 ei
464 5002 475 5036 :
503 4983 783 5040 Secretum
812 4987 935 5039 void
965 4987 1188 5040 credere
1221 4983 1353 5049 tibi;
1383 4994 1434 5039 et
1462 4984 1642 5047 crede,
1674 4985 1718 5038 si
1744 4997 1866 5054 pro-

277 5079 543 5148 pataveris
573 5095 680 5145 me,
711 5079 951 5135 barbaris
979 5080 1203 5136 vendam
1233 5089 1305 5145 te,
1326 5087 1413 5134 aut
1435 5081 1477 5134 si
1509 5077 1870 5150 nonlaudieris

277 5185 387 5224 tne.
418 5169 516 5224 Dat
538 5186 664 5226 vero
679 5167 926 5227 eidecem
956 5173 1113 5228 libras
1129 5173 1333 5240 auri,et
1362 5171 1487 5226 dicit
1508 5171 1555 5226 ei
1583 5187 1595 5225 :
1627 5171 1792 5238 Vade,
1819 5177 1874 5226 et

278 5277 399 5315 eme
433 5262 523 5317 tibi
549 5265 853 5334 negotium;
885 5271 938 5318 et
982 5275 1133 5319 sume
1163 5280 1265 5329 me,
1302 5271 1356 5318 ct
1397 5264 1502 5319 duc
1543 5266 1593 5318 in
1635 5273 1872 5318 sanctam

278 5355 575 5419 civitatem,
625 5361 674 5409 et
706 5355 880 5410 vende
915 5369 999 5410 me
1046 5355 1266 5411 cuilibet
1291 5355 1618 5422 Christiano,
1651 5366 1702 5412 et
1757 5372 1876 5427 pre-

280 5454 415 5507 tinnt
446 5455 509 5508 da
541 5453 881 5526 pauperibus.
913 5453 1132 5510 Notario
1162 5469 1340 5511 autem
1388 5465 1694 5519 recusante,
1742 5455 1873 5511 dicit

280 5548 332 5602 ei
368 5550 557 5603 iterum
589 5568 602 5604 :
633 5550 893 5617 Quoniam
927 5551 968 5605 si
1001 5566 1085 5606 me
1117 5565 1220 5604 non
1257 5551 1584 5618 vendideris,
1624 5567 1723 5622 ego
1747 5567 1875 5606 ven-

280 5638 408 5693 dam
460 5647 512 5695 te
546 5641 814 5708 barbaris,
846 5650 906 5697 ut
935 5644 1155 5713 prmdixi
1208 5646 1320 5699 tibi.
1363 5645 1611 5700 Obedivit
1654 5660 1783 5716 ergo
1824 5647 1874 5700 ei

282 5729 558 5800 notarius;
592 5742 644 5786 ct
672 5736 1106 5803 pervenientibus
1134 5735 1212 5792 eis
1244 5738 1308 5792 ad
1340 5747 1523 5791 sancta
1559 5737 1692 5802 loca,
1717 5741 1873 5796 inve-

283 5823 368 5878 nit
392 5821 532 5878 idem
560 5827 797 5883 notarlus
825 5830 1055 5883 amicum
1088 5843 1241 5884 suum
1273 5829 1513 5897 charum,
1546 5830 1753 5886 labrum
1790 5847 1875 5888 ar-

1977 4708 2143 4763 Valde
2172 4709 2313 4762 enim
2347 4709 2634 4776 imperator
2655 4705 2900 4778 audiens,
2948 4707 3188 4763 tristatur
3227 4709 3295 4766 de
3321 4726 3406 4778 eo,
3439 4713 3561 4781 quia

1977 4801 2175 4855 dudum
2234 4813 2338 4853 non
2391 4798 2708 4867 comparuit.
2748 4797 2897 4853 Foris
2948 4798 3127 4872 itaque
3170 4815 3320 4858 Stans
3362 4803 3562 4857 audivit

1977 4891 2120 4957 hrec;
2156 4901 2205 4946 et
2239 4899 2445 4959 pcnens
2475 4891 2705 4945 catinum
2737 4907 2764 4946 a
2797 4906 2876 4958 se,
2904 4908 3007 4947 non
3035 4902 3116 4948 est
3148 4895 3435 4964 ingressus,
3466 4893 3562 4948 sed

1979 4995 2127 5040 recto
2159 5001 2317 5039 cursu
2349 4987 2582 5039 cucurrit
2614 4984 2678 5039 ad
2711 4993 2938 5054 portam.
2989 4986 3119 5042 Erat
3162 4987 3338 5058 itaque
3379 4986 3428 5041 ei
3470 4989 3560 5056 qui

1980 5089 2100 5132 eum
2135 5087 2260 5133 tunc
2291 5079 2520 5133 habebat
2550 5079 2802 5133 ostiarius
2835 5089 3010 5134 mutus
3052 5087 3104 5133 et
3129 5080 3322 5132 surdus
3352 5091 3380 5130 a
3420 5078 3562 5132 nati-

1980 5173 2162 5237 vitate,
2195 5174 2282 5242 qui
2313 5188 2406 5243 per
2435 5182 2618 5228 nutum
2654 5182 2828 5229 tamen
2861 5173 3135 5245 aperiebat
3169 5182 3224 5227 et
3253 5173 3558 5229 claudebat.

1982 5267 2264 5323 Festinans
2280 5282 2408 5337 ergo
2437 5281 2626 5322 servus
2649 5267 2742 5322 Dei
2773 5267 2942 5331 exire,
2966 5265 3091 5319 dicit
3113 5263 3276 5318 surdo
3298 5271 3351 5318 et
3374 5273 3520 5319 muto
3546 5290 3558 5318 ι

1980 5359 2096 5414 Tibi
2130 5359 2251 5414 dico
2279 5360 2329 5413 in
2361 5360 2575 5414 nomine
2605 5357 2827 5412 Christi.
2861 5357 2950 5411 llle
2973 5369 3100 5409 vero
3128 5355 3329 5410 audivit
3358 5355 3558 5423 statim,

1980 5463 2033 5510 et
2059 5454 2197 5509 dixit
2224 5473 2234 5506 :
2265 5455 2455 5519 Etiam,
2488 5453 2723 5508 domine.
2777 5450 2967 5505 lterum
3003 5464 3129 5504 vero
3159 5449 3249 5505 ille
3290 5451 3354 5505 ad
3398 5464 3518 5506 eum
3545 5491 3562 5506 .

1980 5549 2163 5617 Aperi.
2198 5545 2491 5618 Respondit
2542 5553 2722 5599 mutus
2752 5551 2805 5597 et
2854 5541 3049 5597 surdus
3089 5543 3366 5599 secundo:
3412 5542 3561 5614 Ego,

1981 5643 2215 5699 domine.
2231 5641 2420 5698 Statim
2441 5655 2568 5707 ergo
2581 5636 2833 5701 surrexit,
2859 5647 2910 5692 et
2931 5639 3138 5708 aperuit
3158 5638 3226 5693 ei.
3247 5638 3309 5692 Et
3331 5645 3565 5692 exeunte

1981 5752 2066 5803 eo,
2093 5737 2252 5793 subiit
2278 5734 2550 5800 ostiarius,
2583 5739 2638 5786 et
2667 5731 2919 5785 clamavit
2947 5747 3126 5786 coram
3160 5731 3406 5787 oumibus
3428 5745 3561 5801 gau-

1983 5831 2114 5887 dens
2164 5838 2216 5884 et
2262 5829 2554 5892 exsultans;
2588 5826 2709 5895 quia
2751 5824 2952 5880 audivit
2996 5833 3050 5880 et
3077 5826 3284 5880 locutus
3313 5831 3416 5888 est,
3454 5821 3566 5875 Do-
