4142 6350
596 403 699 461 359

1628 391 1717 447 os
1759 387 1939 445 vms
1976 380 2260 442 PATRUM
2297 379 2501 435 LiBElt
2540 376 2814 435 PRIMUS.
2849 354 2853 358 ’

3752 369 3850 426 360

592 518 758 583 mine,
801 512 1042 569 Domine.
1095 509 1259 564 Porro
1284 504 1531 561 omnibus
1559 502 1650 573 qui
1695 504 1747 556 in
1776 500 1964 556 eadem
2006 496 2167 551 domo
2192 498 2247 554 Δ
2270 492 2392 561 quia
2425 506 2594 561 usque
2622 489 2781 544 hodie
2808 485 3058 557 putabam
3085 484 3225 554 quod
3256 483 3337 539 vel
3368 482 3568 583 aliquid
3599 482 3850 551 facerem,

591 615 746 662 erant
773 600 1090 673 perterritis,
1112 598 1361 667 quoniam
1384 593 1671 649 audiebant
1692 606 1814 647 eum
1836 590 2165 659 loquentem,

595 700 788 754 iterum
812 696 940 749 dicit
968 693 1055 747 ille
1080 690 1346 760 quondam
1377 696 1555 742 mutus
1593 705 1605 739 :
1639 686 1732 741 Ille
1755 684 1843 752 qui
1888 681 2168 752 coquinam

595 789 845 854 faciebat,
879 785 1270 848 exiitcurrens,
1304 781 1396 835 sed
1427 780 1603 835 videte
1629 793 1697 833 ne
1728 775 1868 831 forte
1895 775 2014 845 fuga
2059 774 2172 840 lap-

598 899 691 937 sus
722 882 809 947 sit,
841 894 1063 948 magnus
1091 878 1234 931 enim
1266 889 1451 930 servus
1478 873 1572 927 Dei
1604 881 1704 927 est.
1748 870 1972 936 Quando
2000 867 2162 920 disce

595 974 777 1039 debat,
811 969 943 1023 dixit
987 967 1115 1022 mihi
1166 983 1179 1020 :
1211 965 1328 1020 Tibi
1359 964 1477 1019 dico
1508 964 1559 1018 in
1591 962 1803 1017 nomine
1853 958 2090 1022 Domini;
2118 964 2175 1011 et

599 1082 724 1119 mox
753 1065 858 1119 vidi
885 1065 952 1119 de
978 1079 1071 1119 ore
1101 1064 1215 1133 ejus
1244 1067 1527 1117 exeuntem
1555 1058 1856 1124 flammam.)
1878 1062 1932 1109 et
1951 1060 2173 1121 tangen-

602 1168 707 1213 tem
735 1174 891 1212 aures
924 1172 1102 1222 meas;
1134 1165 1190 1211 et
1210 1155 1388 1209 statim
1413 1152 1612 1218 audivi,
1636 1159 1691 1206 et
1715 1150 1921 1204 locutus
1943 1162 2082 1200 sum.
2108 1144 2176 1198 Et

606 1254 759 1322 191
792 1252 1099 1307 exsilientes
1128 1258 1183 1305 et
1210 1258 1493 1319 sequentes
1521 1262 1641 1301 eum
1691 1244 1888 1311 cuncti,
1943 1241 2171 1295 ulterius

600 1357 707 1396 non
740 1341 985 1395 viderunt
1035 1355 1177 1395 eum.
1222 1338 1370 1393 Tunc
1417 1335 1785 1407 paenitentiam
1817 1346 2004 1387 omnes
2049 1345 2174 1398 age-

600 1431 744 1497 bant,
778 1432 866 1502 qni
898 1432 951 1484 in
979 1430 1138 1485 domo
1170 1430 1255 1483 illa
1300 1438 1471 1491 erant,
1522 1436 1577 1481 et
1606 1428 1720 1494 ipse
1769 1424 2018 1480 dominus
2058 1419 2177 1490 ejus

602 1527 690 1593 qui
715 1525 927 1579 Petrum
950 1514 1174 1590 eruerat,
1200 1522 1321 1592 quia
1352 1522 1404 1575 in
1434 1521 1524 1575 tali
1588 1517 1974 1574 cxltonorantia
2007 1506 2178 1569 humi-

607 1616 826 1670 liassent
852 1630 995 1682 eum,
1017 1624 1072 1670 et
1101 1613 1329 1668 maxime
1353 1613 1404 1666 hi
1429 1626 1516 1682 qut
1544 1611 1809 1666 vocabant
1830 1624 1949 1665 eum
1980 1608 2179 1662 Amen-

604 1714 732 1761 tem.

676 1797 768 1849 Ha:
799 1806 923 1849 sunt
978 1795 1264 1850 beatissimi
1298 1810 1326 1847 a
1382 1795 1492 1849 Deo
1534 1793 1779 1848 honorati
1822 1790 2043 1846 Joannis
2089 1803 2174 1857 pa-

2273 583 2407 639 datis
2432 598 2564 653 quas
2594 584 2795 638 habere
2841 594 3057 650 possum
3103 578 3379 647 pecuniis;
3423 576 3728 632 nesciebam
3771 590 3855 631 au-

2273 681 2379 728 tem
2412 674 2551 743 quod
2581 682 2634 729 et
2656 675 2863 743 seipsos
2890 670 3205 738 venderent,
3234 669 3463 740 quadam
3488 669 3859 740 compassione

2273 768 2535 837 superati.

2344 881 2472 935 Car.
2504 879 2692 934 XXIII.
2731 910 2791 922 -—
2824 878 3051 947 Semper
3090 876 3305 947 quidem
3349 874 3650 930 honorabat
3677 888 3861 928 mona-

2275 971 2487 1026 chicum
2518 972 2734 1026 schema
2764 979 2983 1025 sanctus
3015 969 3119 1035 hic,
3162 977 3216 1024 et
3244 966 3451 1021 colebat
3492 972 3549 1020 et
3576 965 3867 1034 compatie-

2276 1064 2451 1129 batur,
2482 1065 2569 1119 ubi
2601 1064 2832 1119 maxime
2861 1062 3156 1132 aspiciebat
3207 1058 3530 1113 monachum
3560 1057 3853 1125 corporali-

2275 1154 2375 1211 bus
2405 1156 2725 1211 utilitatibus
2758 1161 3121 1222 angustatum.
3172 1150 3414 1206 Habebat
3440 1159 3617 1204 autem
3665 1156 3722 1202 et
3767 1146 3867 1201 hoc

2275 1262 2440 1316 super
2470 1250 2666 1303 multos
2716 1246 3065 1317 praecipuum,
3120 1243 3241 1314 quia
3285 1240 3680 1297 accusationem
3733 1251 3868 1307 qua-

2278 1340 2639 1408 lemcumque,
2671 1338 2787 1393 sive
2816 1337 3151 1401 mendacem,
3184 1334 3299 1388 sive
3327 1346 3600 1397 veracem,
3634 1345 3742 1384 non
3784 1344 3873 1381 sua

2278 1431 2536 1501 scipiebat
2565 1437 2753 1484 contra
2796 1426 3029 1496 aliquem
3055 1424 3518 1480 circumamictum
3551 1419 3873 1476 monachico

2278 1523 2491 1577 habitu.
2519 1522 2697 1577 Semel
2725 1521 2867 1575 enim
2900 1519 3083 1575 evenit
3127 1533 3195 1573 ex
3240 1516 3569 1572 immissione
3614 1527 3875 1583 quorum-

2279 1616 2404 1671 dam
2468 1616 2896 1678 criminatorum,
2946 1610 3234 1682 pertulisse
3304 1623 3422 1664 eum
3472 1605 3673 1677 aliquid
3722 1604 3876 1659 tale:

2279 1705 2519 1774 Quodam
2552 1704 2814 1759 monacho
2833 1712 3055 1773 gyrante
3081 1701 3133 1755 in
3170 1699 3390 1755 civitate
3415 1712 3538 1753 cum
3567 1695 3743 1766 puella
3772 1707 3877 1748 una

2280 1797 2585 1867 juvencula,
2617 1806 2671 1852 et
2702 1804 2913 1866 petente
2943 1797 3341 1865 eleemosynam
3373 1807 3467 1863 per
3487 1791 3603 1847 dies
3623 1790 3832 1859 aliquot
3853 1829 3866 1851 ,

606 1887 852 1942 triarchae
900 1889 1251 1943 narrationes.
1283 1886 1399 1940 Non
1440 1887 1609 1940 solum
1658 1885 1799 1939 enim
1843 1884 1910 1938 de
1938 1882 2043 1936 vita
2086 1896 2182 1936 sua
2216 1876 2503 1961 Bquidam
2562 1889 2651 1960 qui
2701 1888 2802 1944 hoc
2850 1887 3136 1953 videram,
3190 1884 3572 1950 scandanzam
3615 1881 3878 1937 ειεςίειῑ.

607 1990 887 2035 contentus
917 1991 1030 2035 erat
1061 1982 1326 2034 volentem
1358 1980 1616 2048 proficere
1665 1978 1952 2041 aedificare,
1996 1966 2182 2030 verum

607 2074 765 2127 etiam
793 2073 858 2127 de
886 2072 995 2127 Deo
1022 2072 1252 2141 acceptis
1278 2082 1331 2126 et
1368 2071 1648 2126 veracibus
1674 2068 2021 2125 relationibus
2051 2070 2182 2132 suis,

606 2175 659 2220 et
689 2164 895 2220 dicebat
925 2179 1133 2232 semper
1160 2164 1273 2218 haec
1301 2161 1638 2218 audientibus
1669 2180 1682 2215 :
1716 2161 1771 2218 Si
1812 2160 2026 2230 proprio
2059 2175 2185 2214 san-

606 2257 751 2327 guini
780 2273 885 2312 non
928 2266 1281 2327 pepercerunt
1327 2256 1540 2325 quidam
1581 2255 1873 2320 hominum,
1918 2253 2009 2308 sed
2047 2253 2189 2305 hunc

609 2349 874 2403 dederunt
923 2350 973 2403 in
1020 2364 1209 2403 manus
1238 2346 1483 2413 fratrum,
1538 2349 1643 2401 imo
1669 2347 1893 2411 Christi,
1923 2342 2188 2414 quomodo

607 2450 763 2509 putas
796 2454 893 2494 nos
932 2455 1050 2494 cum
1081 2439 1355 2493 alacritate
1383 2448 1437 2494 et
1481 2438 1779 2493 humilitate
1822 2436 2077 2491 debemus
2123 2434 2190 2490 de

608 2530 945 2588 facultatibus
969 2533 1166 2586 nostris
1193 2531 1323 2585 dare
1345 2530 1558 2587 Christo
1583 2540 1637 2586 et
1662 2529 1844 2600 egenis
1871 2539 2033 2598 atque
2060 2543 2191 2596 pan-

611 2623 846 2693 perihus,
877 2634 934 2679 ut
960 2624 1505 2693 recompensationem
1537 2624 1858 2692 recipiamus
1896 2639 1925 2675 a
1962 2622 2107 2689 justo
2137 2630 2191 2675 et

610 2709 917 2769 mercedum
945 2714 1216 2771 redditore
1244 2716 1372 2781 Deo,
1397 2716 1447 2768 in
1472 2715 1557 2768 illa
1582 2713 1813 2768 timenda
1844 2723 1898 2767 et
1921 2712 2189 2767 horrenda

612 2806 971 2861 retributionis
1026 2807 1146 2863 die?
1189 2809 1289 2873 Qui
1346 2822 1487 2861 nunc
1530 2809 1757 2861 seminat
1804 2819 1985 2876 parce,
2034 2818 2191 2873 parce

613 2908 666 2953 et
706 2910 892 2965 metet;
922 2912 974 2956 et
1002 2902 1089 2971 qui
1120 2902 1346 2957 seminat
1376 2902 1427 2955 iu
1480 2899 1956 2963 benedictionibus,
2000 2899 2051 2953 id
2086 2908 2189 2965 est,

611 2989 760 3060 large
785 3000 839 3045 et
858 2992 1283 3062 magnanimiter,
1310 2992 1673 3061 multipliciter
1697 3001 1749 3047 et
1770 2998 1935 3047 metet
1959 2988 2040 3060 (Il
2071 2989 2188 3045 Cor.

609 3082 689 3149 ιι)
713 3098 727 3145 ;
762 3082 860 3137 hoc
887 3090 989 3149 est,
1020 3083 1158 3139 bona
1186 3083 1273 3138 illa
1303 3084 1639 3140 haereditabit
1661 3099 1778 3153 quae
1805 3098 2017 3139 omnem
2044 3097 2195 3138 men-

616 3182 719 3227 tem
746 3174 1143 3229 transcendunt.

2287 1993 2497 2036 mantes
2520 1981 2661 2052 quod
2691 1980 2882 2036 mulier
2904 1980 3022 2049 ejus
3052 1988 3217 2045 esset,
3240 1978 3533 2033 attulerunt
3556 1973 3881 2046 patriarcha:

2287 2084 2473 2129 contra
2505 2088 2627 2128 eum
2659 2073 2929 2142 querelas,
2962 2070 3241 2125 dicentes:
3273 2068 3498 2139 Propter
3526 2067 3675 2138 quid,
3708 2082 3737 2121 a
3770 2066 3881 2120 Deo

2290 2166 2572 2231 honorate,
2626 2164 2850 2233 derogat
2899 2162 3019 2218 talis
3074 2161 3328 2232 angelicae
3377 2159 3706 2214 monachicae
3758 2156 3882 2211 vitae

2290 2257 2572 2323 schemati,
2608 2255 2838 2325 puellam
2869 2253 3151 2324 quamdam
3179 2253 3385 2308 habens
3412 2250 3731 2307 mulierem?
3756 2248 3880 2304 Mox

2288 2364 2419 2420 ergo
2447 2349 2540 2404 Dei
2589 2348 2841 2413 famulus,
2894 2355 3087 2414 putans
3135 2344 3425 2414 prohibere
3473 2352 3662 2399 contra
3715 2340 3883 2396 Deum

2289 2440 2574 2497 commissa
2605 2446 2842 2507 peccata,
2870 2446 3122 2506 tanquam
3147 2436 3237 2505 qui
3266 2436 3333 2490 ad
3363 2434 3467 2489 hoc
3512 2434 3582 2489 ab
3622 2448 3689 2489 eo
3733 2443 3883 2488 esset

2293 2540 2602 2603 provectus,
2637 2531 2897 2601 praecepit
2925 2530 3205 2585 mulierem
3235 2528 3448 2599 quidem
3472 2526 3696 2598 ﬂagellis
3724 2526 3883 2589 caedi,

2292 2635 2347 2679 et
2373 2624 2610 2692 separari
2640 2623 2706 2678 ab
2732 2636 2831 2689 eo;
2863 2622 3037 2692 ipsum
3061 2630 3237 2677 autem
3259 2620 3557 2687 verberari,
3585 2628 3641 2675 et
3670 2620 3726 2674 in
3752 2634 3879 2673 car-

2292 2730 2418 2771 cere
2448 2724 2657 2771 secreto
2688 2712 2913 2770 recludi.
2948 2713 3085 2769 Dum
3117 2728 3244 2784 ergo
3272 2728 3394 2769 cum
3424 2712 3570 2768 omni
3597 2712 3883 2767 celeritate

2290 2812 2462 2884 jussio
2510 2813 2677 2867 sancti
2708 2811 2762 2866 in
2793 2826 2929 2881 opus
2976 2811 3311 2880 procederet,
3358 2809 3605 2880 apparuit
3647 2806 3698 2862 ei
3728 2816 3889 2862 nocte

2295 2922 2390 2977 per
2414 2907 2584 2960 visum
2607 2904 2923 2971 monachus,
2952 2905 3239 2960 ostendens
3261 2904 3311 2959 ei
3341 2902 3560 2958 dorsum
3590 2914 3748 2955 suum
3778 2915 3885 2969 pu-

2298 2998 2583 3053 trefactum
2612 2997 2743 3067 (non
2781 3004 3064 3066 parcentes
3105 2996 3249 3052 enim
3279 2994 3583 3052 ceciderant
3620 3008 3744 3047 eum
3783 2992 3889 3047 Ec-

2298 3089 2479 3144 clesiae
2504 3088 2839 3159 defensores)
2865 3087 3053 3142 dicens
3082 3086 3131 3142 ei
3166 3104 3179 3140 :
3211 3086 3286 3140 Ita
3325 3086 3497 3154 placet
3517 3084 3633 3150 tibi,
3663 3083 3893 3138 domine

2300 3181 2632 3250 patriarcha;
2670 3181 2773 3235 hac
2830 3194 2931 3235 una
2990 3179 3105 3235 vice
3166 3176 3356 3234 errasti
3387 3188 3444 3233 ut
3485 3177 3681 3242 homo;
3729 3174 3894 3231 crede

686 3265 812 3319 Car.
844 3265 1008 3321 XXII.
1040 3297 1109 3307 —
1136 3267 1391 3323 Omnibus
1417 3282 1543 3337 ergo
1594 3267 1755 3324 rectis
1802 3269 2039 3323 moribus
2092 3267 2194 3323 iste
2222 3259 2267 3323 C
2298 3273 2451 3341 mihi,
2481 3274 2601 3343 quia
2631 3273 2699 3327 de
2739 3273 2987 3342 proximo
3011 3280 3095 3327 est
3138 3272 3245 3325 vita
3272 3279 3326 3326 et
3355 3284 3520 3324 mors.
3568 3270 3636 3323 Et
3666 3268 3786 3322 hac
3818 3267 3893 3322 di-

615 3366 833 3410 sanctus
857 3356 1165 3424 adornatus,
1198 3373 1295 3413 nec
1336 3358 1437 3414 hoc
1465 3359 1711 3425 carebat;
1745 3359 1900 3415 valde
1934 3361 2078 3415 enim
2108 3358 2196 3414 di-

614 3448 812 3517 ligebat
854 3450 1029 3519 eloqui
1074 3451 1141 3505 de
1165 3451 1371 3506 actibus
1410 3463 1711 3508 sanctorum
1757 3453 1992 3519 Patrum,
2027 3462 2082 3509 et
2107 3469 2195 3508 θος

614 3557 734 3599 rum
784 3545 870 3613 qui
921 3545 1282 3617 eleemosynae
1330 3548 1565 3603 cultores
1598 3550 1829 3603 luerunt.
1882 3549 2032 3604 Unde
2077 3564 2198 3603 cum

616 3649 719 3688 una
745 3635 951 3691 dierum
983 3639 1233 3693 recitaret
1260 3638 1327 3694 de
1358 3640 1466 3694 vita
1511 3642 1681 3696 sancti
1729 3641 2056 3710 Serapionis,
2106 3642 2196 3709 qui

615 3729 903 3785 vocabatur
933 3729 1239 3795 Sindonius,
1291 3742 1345 3787 et
1383 3732 1647 3789 inveniret
1691 3750 1812 3789 cum
1872 3734 1954 3805 (ut
2008 3734 2197 3805 fertur)

616 3822 866 3891 amictum
896 3838 1058 3878 suum
1086 3824 1299 3879 dedisse
1326 3838 1497 3895 egeno
1525 3824 1786 3895 (Pallad.,
1819 3844 1932 3897 cap.
1983 3824 2102 3896 85),
2147 3835 2202 3881 et

615 3913 810 3969 iterum
834 3914 1105 3985 paululum
1130 3917 1457 3986 processisse
1493 3916 1659 3984 illinc,
1691 3928 1745 3975 et
1786 3919 1951 3989 frigus
1978 3921 2199 3990 patienti

618 4008 887 4068 obviasse.
936 4016 992 4063 ct
1038 4008 1114 4063 illi
1159 4010 1389 4065 tunicam
1432 4013 1740 4080 praebuisse,
1775 4023 1827 4068 et
1858 4014 1978 4082 quia
2030 4013 2201 4067 nudus

619 4101 857 4166 sedebat,
894 4110 1080 4155 tenens
1108 4114 1349 4157 sanctum
1396 4104 1773 4174 Evangelium;
1806 4117 1853 4160 et
1896 4106 2199 4176 interroga-

620 4201 706 4245 tus
738 4207 767 4244 ει
798 4192 1025 4261 quodam
1058 4210 1071 4247 :
1115 4194 1243 4262 Quis
1293 4203 1345 4251 te
1386 4198 1723 4266 exspoliavit,
1753 4197 1922 4253 abba?
1978 4198 2202 4254 demon-

621 4292 801 4339 strans
827 4294 1067 4340 sanctum
1100 4287 1467 4357 Evangelium,
1509 4293 1584 4343 ait
1614 4309 1625 4341 :
1668 4292 1809 4358 Iste;
1851 4300 1909 4347 et
1935 4292 2039 4346 alio
2068 4304 2203 4347 tem-

620 4392 752 4447 pore
775 4378 876 4433 hoc
926 4379 1100 4448 ipsum
1133 4379 1477 4451 Evangelium
1508 4383 1837 4453 vendidisse,
1884 4394 1939 4440 et
1982 4384 2198 4440 dedisse

621 4466 1040 4537 eleemosynam,
1070 4478 1124 4524 et
1152 4469 1414 4540 discipulo
1435 4487 1533 4526 suo
1554 4471 1766 4528 dicente
1791 4492 1804 4527 :
1832 4473 2001 4541 Abba,
2032 4475 2206 4530 Evan-

620 4557 815 4625 gelinm
843 4559 932 4613 ubi
956 4560 1074 4614 est?
1103 4570 1156 4615 et
1206 4560 1295 4616 illo
1324 4560 1534 4617 dicente
1575 4562 1641 4617 ad
1680 4579 1800 4619 eum
1837 4582 1847 4615 :
1882 4564 2076 4633 Crede,
2106 4566 2201 4634 ﬁli,

2299 3378 2447 3432 cens,
2479 3363 2730 3418 discessit
2755 3362 2823 3417 ab
2850 3377 2935 3417 eo.
2975 3361 3128 3417 Mane
3156 3372 3335 3416 autem
3371 3358 3535 3427 facto,
3572 3356 3891 3414 recordatus

2298 3468 2382 3515 est
2411 3459 2503 3514 ille
2537 3458 2725 3513 beatus
2782 3456 3005 3512 visionis
3035 3464 3330 3521 nocturnae,
3382 3461 3437 3511 et
3464 3452 3685 3510 sedebat
3730 3467 3895 3522 super

2299 3549 2495 3604 lectum
2525 3564 2680 3604 suum
2709 3556 2966 3614 maestus;
2998 3546 3269 3616 mittitque
3299 3545 3502 3611 statim,
3535 3553 3591 3600 et
3629 3551 3895 3598 convocat

2300 3657 2394 3712 per
2419 3641 2800 3696 cancellarium
2832 3654 2988 3695 suum
3018 3640 3338 3694 monachum
3389 3636 3458 3691 de
3511 3636 3630 3691 loco
3674 3634 3731 3689 in
3789 3647 3895 3704 quo

2300 3745 2418 3793 erat
2440 3735 2702 3801 reclusus,
2729 3734 2971 3805 cogitans
3002 3732 3140 3787 intra
3170 3746 3230 3786 se
3257 3731 3447 3786 beatus
3469 3729 3558 3785 ille
3587 3726 3894 3797 patriarcha

2300 3830 2347 3885 si
2375 3828 2564 3884 similis
2595 3836 2742 3883 esset
2775 3826 2853 3881 illi
2901 3825 2993 3896 qui
3023 3833 3179 3879 nocte
3222 3822 3324 3878 sibi
3369 3829 3711 3893 apparuerat.
3755 3819 3893 3875 Cum

2303 3936 2436 3990 ergo
2486 3918 2723 3975 venisset
2770 3932 2889 3972 cum
2942 3916 3123 3973 labore
3168 3913 3338 3969 multo
3375 3916 3573 3985 (neque
3597 3910 3740 3967 enim
3771 3926 3896 3981 pru-
3932 3956 3935 3961 ,

2302 4024 2423 4085 pter
2453 4014 2633 4083 plagas
2658 4013 2861 4068 moveri
2890 4010 3145 4081 poterat),
3174 4023 3402 4078 cumque
3430 4007 3631 4063 vultum
3652 4004 3778 4074 ejus
3814 4005 3892 4059 vi.

2303 4106 2473 4162 disset
2496 4106 2819 4177 patriarcha,
2851 4104 3110 4159 remansit
3138 4102 3257 4157 sine
3286 4115 3419 4159 vch
3464 4100 3746 4162 immotus,
3782 4110 3889 4151 non

2304 4196 2493 4252 valens
2519 4196 2660 4266 loqui
2693 4215 2704 4250 :
2735 4197 2848 4253 sola
2873 4203 3052 4250 autem
3074 4208 3234 4252 manu
3263 4207 3358 4247 sua
3390 4192 3561 4247 innuit
3591 4198 3648 4244 ut
3677 4189 3895 4245 sederet

2310 4305 2477 4360 prope
2503 4305 2561 4344 se
2589 4290 2641 4344 in
2667 4289 2863 4345 lectulo
2891 4304 3009 4345 suo.
3042 4288 3100 4343 In
3146 4286 3493 4355 semetipsum
3534 4298 3664 4338 vero
3710 4296 3896 4336 rever-

2308 4396 2400 4436 sus
2431 4390 2481 4435 et
2510 4382 2767 4450 signatus,
2802 4381 3007 4451 rogavit
3038 4378 3381 4443 monachum,
3418 4374 3769 4446 prtecinctum
3795 4373 3895 4428 lin-

2310 4486 2423 4543 teo,
2455 4487 2511 4533 ut
2536 4478 2654 4532 sine
2681 4475 3000 4532 verecundia
3030 4474 3353 4544 despoliaret
3390 4486 3474 4537 se,
3504 4478 3776 4540 quatenus
3817 4466 3894 4522 vi-

2319 4568 2473 4624 deret
2503 4567 2723 4623 dorsum
2762 4568 2900 4637 ejus,
2947 4568 2994 4623 si
3043 4565 3115 4621 ita
3163 4572 3306 4622 esset
3349 4563 3484 4619 sicut
3530 4562 3661 4617 etin
3692 4560 3900 4616 somnis

623 4652 710 4719 qui
739 4650 871 4704 dixit
910 4653 1038 4705 mihi
1074 4671 1086 4706 :
1118 4651 1302 4708 Vende
1347 4670 1465 4724 quae
1494 4655 1680 4724 habes,
1712 4665 1765 4711 et
1787 4656 1851 4711 da
1886 4659 2204 4727 pauperibus
2231 4654 2282 4715 D
2312 4662 2537 4716 viderat.
2573 4660 2671 4715 Vix
2702 4675 2830 4731 ergo
2852 4674 3039 4715 suasus
3063 4669 3121 4715 ut
3150 4658 3204 4715 id
3230 4667 3434 4729 ageret,
3462 4656 3787 4726 despoliavit
3813 4670 3893 4711 se.

626 4739 840 4813 (Matth.
866 4745 1005 4811 xm),
1038 4743 1208 4811 ipsum
1242 4746 1456 4800 vendidi
1484 4756 1539 4802 et
1582 4746 1703 4803 dedi
1729 4750 1827 4815 eis,
1852 4759 1909 4803 ut
1934 4749 1986 4803 in
2014 4749 2099 4804 die
2122 4750 2208 4819 ju-

624 4832 750 4887 dicii
779 4832 1068 4889 habeamus
1092 4835 1342 4890 ﬁduciam
1368 4837 1809 4894 abundantiorem
1837 4840 1976 4909 apud
2002 4840 2167 4895 Deum
2190 4858 2204 4907 ;

626 4937 679 4982 et
705 4928 825 4997 quia
854 4929 985 4982 alias
1018 4929 1208 4984 iterum
1239 4930 1395 4985 vidua
1423 4933 1615 4987 mulier
1656 4934 1873 5002 petisset
1911 4934 1977 4988 ab
2015 4932 2205 4988 eodem

624 5029 809 5075 sancto
851 5018 1144 5089 Serapione
1172 5021 1584 5093 elcemosynam,
1616 5025 1868 5093 quoniam
1899 5024 2208 5080 esuriebant

625 5113 718 5167 filii
752 5113 884 5182 ejus,
915 5120 969 5169 et
996 5128 1099 5167 non
1131 5113 1362 5170 habente
1391 5131 1455 5171 eo
1479 5117 1677 5187 aliquid
1705 5119 1944 5185 omnino,
1990 5118 2207 5173 tradidit

626 5217 688 5261 se
713 5206 782 5274 ei,
828 5214 882 5260 ut
929 5206 1185 5262 venderet
1211 5221 1332 5261 eum
1360 5207 1428 5262 ad
1479 5210 1672 5265 mimos
1703 5211 1943 5277 Graecos,
1974 5225 2107 5281 quos
2152 5218 2208 5266 et

629 5299 963 5356 Christianos
991 5302 1116 5357 fecit
1139 5301 1192 5357 in
1228 5302 1407 5373 paucis
1439 5304 1649 5360 diebus.
1846 5356 1853 5363 .

701 5393 824 5449 Ilzec
853 5396 1033 5466 legens
1073 5406 1289 5453 sanctus
1315 5396 1383 5454 de
1408 5408 1595 5454 sancto
1625 5400 1939 5469 Serapione,
1973 5401 2207 5469 stupefa-

629 5496 749 5540 ctus
779 5496 832 5542 et
860 5488 1079 5545 miratus
1102 5491 1267 5546 sancti
1298 5491 1634 5560 industriam,
1663 5502 1805 5547 totus
1836 5493 2083 5563 lacrymis
2124 5493 2207 5547 iu-

629 5577 799 5634 fectus
820 5581 1026 5636 vocavit
1050 5596 1237 5639 omnes
1262 5583 1659 5654 dispensatores
1687 5583 1954 5653 proprios,
2000 5585 2123 5653 legit
2157 5592 2213 5639 et

634 5672 715 5727 eis
740 5675 917 5727 omnia
947 5674 1012 5729 de
1057 5685 1242 5731 sancto
1296 5677 1614 5745 Serapione,
1668 5684 1722 5730 et
1769 5675 1897 5730 dicit
1945 5675 2011 5730 ad
2068 5689 2207 5729 eos:

634 5763 815 5831 Vavae,
849 5782 880 5818 υ
934 5767 1287 5834 philechristi,
1344 5768 1466 5837 quid
1529 5770 1741 5837 prodest
1797 5767 1997 5822 homini
2049 5767 2212 5821 collo-

632 5865 811 5933 qucnti
837 5865 903 5923 tle
929 5867 1135 5923 actibus
1163 5874 1467 5923 sanctorum
1509 5864 1766 5922 Patrum?
1803 5864 2018 5924 Credite
2054 5864 2207 5933 mihi,

2312 4753 2447 4809 Cum
2480 4767 2609 4807 vero
2631 4751 3021 4820 despoliaretur
3050 4759 3108 4806 ut
3136 4757 3460 4806 monstraret
3487 4747 3711 4803 dorsum
3740 4759 3893 4801 suum

2311 4847 2429 4901 viro
2459 4853 2667 4913 sancto,
2698 4859 2795 4915 per
2842 4843 3212 4899 admirandum
3265 4841 3361 4897 Dei
3397 4841 3553 4913 192
3607 4840 3895 4895 consilium

2311 4938 2516 4994 solutus
2544 4946 2625 4992 est
2650 4952 2756 5006 quo
2803 4944 2920 4991 erat
2947 4934 3162 4991 indutus
3215 4934 3465 5002 amictus,
3518 4941 3574 4989 et
3620 4931 3820 4987 cecidit
3846 4932 3899 4984 in

2314 5036 2534 5094 terram,
2567 5035 2622 5083 et
2676 5027 2929 5082 viderunt
2983 5040 3105 5080 eum
3155 5039 3345 5081 omnes
3395 5037 3514 5080 esse
3567 5021 3898 5078 eunuchum.

2313 5119 2419 5176 Sed
2455 5120 2577 5189 quia
2607 5134 2796 5174 recens
2834 5127 2971 5186 erat,
3031 5117 3163 5173 nulli
3213 5117 3317 5173 hoc
3359 5115 3631 5173 existebat
3673 5113 3900 5170 manife-

2310 5226 2472 5272 stum.
2504 5216 2818 5271 Videntibus
2845 5229 2973 5287 ergo
3001 5229 3122 5269 eum
3152 5213 3404 5268 omnibus
3446 5222 3501 5267 et
3539 5221 3730 5266 sancto
3764 5224 3900 5279 pon-

2312 5311 2477 5377 tifice,
2534 5319 2589 5366 et
2643 5311 2879 5366 maxime
2925 5309 3072 5365 dorsi
3137 5308 3254 5379 ejus
3300 5306 3599 5378 perniciosa
3646 5305 3899 5367 verbera,

2312 5384 2529 5456 mittens
2550 5415 2698 5465 mox,
2732 5398 3031 5469 segregavit
3060 5398 3179 5453 illos
3210 5398 3297 5466 qui
3325 5398 3468 5452 hunc
3498 5393 3899 5451 inconsiderate

2318 5503 2711 5549 tractaverunt.
2740 5491 3217 5547 Venerabilissimo
3248 5499 3427 5545 autem
3458 5488 3726 5544 monacho
3749 5499 3902 5540 corn-

2315 5586 2473 5656 plura
2524 5586 2915 5648 rationabatur,
2967 5584 3020 5638 in
3066 5583 3365 5653 ignorantia
3395 5580 3577 5636 dicens
3603 5594 3663 5634 se
3692 5577 3745 5632 in
3774 5590 3898 5630 eum

2316 5691 2593 5747 peccasse,
2620 5686 2671 5731 et
2702 5676 2754 5730 in
2785 5675 2953 5729 Deum
2980 5688 3189 5730 verum.
3224 5674 3291 5729 Et
3335 5674 3387 5727 in
3429 5673 3531 5727 hoc
3576 5666 3903 5725 admonebat

2316 5785 2438 5825 eum
2468 5770 2558 5824 ille
2586 5784 2802 5824 sanctus
2836 5785 2847 5820 :
2883 5770 3020 5833 Non,
3053 5766 3245 5837 inquit,
3291 5780 3325 5820 ο
3355 5764 3451 5830 fili,
3478 5766 3548 5819 ita
3578 5764 3693 5816 sine
3720 5768 3903 5814 custo-

2316 5862 2403 5920 dia
2430 5862 2487 5921 in
2520 5861 2824 5919 civitatibus
2872 5862 3184 5917 conversari
3214 5866 3428 5916 oportet
3476 5870 3569 5913 eos
3589 5853 3682 5926 qui
3709 5855 3904 5909 sancto
