4142 6350
276 342 381 400 561

1233 341 1393 400 VITA
1431 341 1678 401 SANCTI
1719 341 2001 400 JOANNIS
2042 341 2619 406 ELEEMOSYNARII.

3455 351 3561 407 562

279 457 530 530 angelico
552 466 733 514 vestro
776 454 1089 514 indumento
1136 457 1521 517 circumamicti
1565 470 1709 529 sunt,
1762 471 1874 519 ma-
1900 466 1954 527 Α
1979 467 2120 536 quod
2145 476 2386 524 mortuus
2412 484 2584 535 esses,
2621 477 2669 523 et
2694 466 3006 525 memoriam
3034 469 3108 525 tui
3129 465 3456 526 faciebamus
3479 480 3562 526 ter

283 553 430 609 xime
467 559 524 608 et
552 551 801 607 feminam
837 552 1236 608 circumducere
1286 553 1351 608 ad
1400 555 1709 610 scandalum
1740 555 1874 611 alio-

283 663 406 703 rum
429 646 747 703 videntium.
777 646 928 702 Tunc
979 647 1275 703 monachus
1319 663 1439 704 cum
1469 651 1615 705 omni
1662 651 1875 706 humili-
1908 646 1910 648 ’

283 746 397 794 tate
418 739 679 795 rationem
710 737 966 794 reddebat
995 749 1202 805 sancto,
1237 741 1421 796 dicens
1451 759 1462 793 :
1514 741 1712 808 Crede,
1767 743 1872 797 do-

285 832 455 898 mine,
486 847 594 886 non
647 832 894 887 mentiar.
927 831 1084 887 Gaza
1131 848 1278 887 eram
1333 843 1458 890 ante
1489 849 1688 904 paucos
1718 835 1869 903 dies;

285 935 343 981 et
373 935 602 981 exeunte
630 940 717 979 me
747 927 814 979 de
839 926 1078 991 civitate,
1128 936 1188 981 ut
1214 928 1453 983 venirem
1500 938 1555 983 et
1584 929 1872 984 salutarem

286 1024 535 1074 sanctum
575 1018 820 1072 abbatem
873 1019 1073 1087 Cyrum
1128 1018 1271 1089 (65),
1301 1019 1536 1077 obviavit
1585 1023 1714 1076 mihi
1762 1022 1878 1077 hac

286 1110 430 1167 bene
458 1111 569 1164 visa
599 1110 773 1180 puella
800 1109 932 1164 foris
961 1120 1191 1180 portam,
1219 1127 1446 1181 vespere
1488 1113 1833 1169 incumbente
1861 1131 1875 1180 ;

285 1211 341 1258 et
372 1217 658 1258 accurrens
687 1203 755 1257 ad
792 1203 954 1272 pedes
981 1218 1151 1270 meos,
1184 1204 1408 1273 rogabat
1440 1214 1496 1259 ut
1527 1220 1734 1260 mecum
1763 1221 1880 1260 am-

286 1294 520 1351 bularet.
550 1294 770 1350 Dicebat
797 1295 943 1350 enim
986 1310 1046 1351 se
1102 1295 1382 1351 llebraam
1439 1310 1579 1363 esse,
1636 1307 1690 1353 et
1738 1299 1880 1352 velle

290 1386 410 1442 ﬁeri
456 1385 849 1452 Christianam;
890 1397 944 1442 et
987 1387 1150 1457 coepit
1203 1387 1393 1443 eadem
1444 1403 1666 1444 narrare
1705 1390 1882 1445 verbis

290 1481 657 1546 horribilibus,
689 1490 880 1536 utnon
929 1482 1300 1551 permitterem
1357 1482 1532 1551 perire
1586 1498 1726 1538 eam.
1793 1482 1882 1536 Ti-

289 1587 446 1629 mens
497 1574 675 1643 itaque
717 1588 817 1644 ego
859 1573 1124 1643 judicium
1177 1575 1295 1639 Dei,
1326 1575 1530 1643 sumpsi
1560 1590 1700 1641 eam,
1733 1576 1880 1629 asti-

289 1681 449 1723 mans
515 1667 657 1737 quod
705 1682 811 1721 non
862 1666 1178 1723 immitteret
1236 1667 1584 1723 tentationem
1658 1667 1886 1723 Satanas

289 1761 638 1832 spadonibus.
690 1760 1002 1816 Nesciebam
1060 1777 1189 1818 vero
1237 1763 1380 1833 quod
1427 1762 1627 1819 nemini
1678 1771 1881 1833 parcat.

1980 559 2032 614 in
2066 574 2229 615 anno.
2259 561 2390 616 Cum
2433 577 2561 632 ergo
2592 562 2829 617 audisset
2868 564 3005 632 quod
3036 561 3088 615 in
3136 577 3276 616 anno
3309 572 3389 617 ter
3420 561 3563 617 face-

1979 662 2099 707 rent
2132 668 2227 722 pro
2253 669 2317 709 eo
2343 654 2684 722 memoriam,
2711 656 3005 725 interrogat
3027 669 3124 709 eos
3151 656 3202 708 in
3232 670 3337 724 quo
3373 656 3481 721 die,
3513 663 3570 710 et

1979 744 2034 798 in
2063 761 2167 814 quo
2195 760 2378 800 mense
2420 746 2535 800 hac
2565 746 2917 802 celebrarent.
2968 747 3037 801 Et
3090 748 3197 802 illis
3240 747 3559 814 dicentibus,

1982 838 2185 892 sanctis
2205 837 2590 907 Theophaniis,
2619 847 2672 892 et
2694 837 2965 892 Dominica
2994 849 3175 892 sancta
3199 847 3354 907 atque
3383 847 3566 892 sancta

1984 930 2298 985 Pentecoste
2313 931 2453 1001 (67),
2472 931 2610 985 dixit
2632 931 2719 986 ille
2741 949 2751 983 :
2770 931 2900 998 Quia
2920 931 3087 987 tribus
3108 932 3224 986 istis
3243 933 3572 1000 temporibus

1983 1025 2107 1078 anni
2129 1025 2373 1079 veniebat
2402 1025 2616 1094 quidam
2651 1025 2966 1080 candidatus
3015 1035 3072 1080 ut
3097 1026 3195 1092 sol,
3230 1034 3284 1080 et
3307 1027 3566 1080 dissolve-

1983 1117 2076 1171 bat
2105 1132 2192 1171 me
2245 1132 2275 1170 a
2303 1117 2530 1171 vinculis
2561 1116 2752 1171 ferreis
2780 1126 2834 1171 et
2859 1132 2885 1169 a
2932 1118 3206 1182 custodia;
3237 1126 3290 1172 et
3321 1118 3573 1173 movebar

1985 1210 2372 1264 deambulando
2406 1219 2514 1264 tota
2552 1211 2659 1274 die,
2705 1219 2760 1265 et
2803 1225 2964 1265 nemo
2995 1211 3417 1282 rec0gnoscebat
3459 1226 3565 1276 ine,

1987 1315 2039 1355 et
2071 1303 2120 1354 in
2152 1302 2444 1356 crastinum
2495 1303 2806 1358 inveniebar
2851 1303 3062 1358 vincula
3109 1303 3283 1357 ferrea
3331 1314 3570 1372 portans.

1989 1395 2209 1449 Dicebat
2233 1395 2391 1464 igitur
2409 1404 2622 1452 sanctus
2646 1401 2930 1468 episcopus
2952 1396 3077 1466 quia
3107 1412 3173 1451 ex
3199 1396 3301 1452 hoc
3321 1396 3576 1450 discimus

1989 1486 2190 1541 habere
2218 1487 2548 1542 dormientes
2595 1489 2850 1556 quietem,
2906 1490 3120 1560 quando
3149 1504 3247 1560 pro
3287 1492 3365 1546 eis
3411 1490 3575 1545 colle—

1991 1585 2105 1631 ctas
2129 1579 2369 1634 facimus.
3519 1573 3540 1592 "

2062 1667 2192 1722 CAP.
2221 1669 2388 1724 XXV.
2421 1700 2490 1709 —
2519 1670 2669 1737 Quod
2697 1672 2748 1725 in
2781 1671 3001 1727 Actibus
3032 1673 3394 1742 apostolorum
3421 1674 3578 1729 audi-

1991 1761 2162 1815 vimus
2187 1761 2384 1817 factum
2414 1764 2550 1835 (Act.
2589 1765 2684 1834 iv),
2723 1765 2823 1818 hoc
2849 1766 3157 1834 frequenter
3187 1777 3238 1821 et
3269 1766 3392 1822 huic
3421 1782 3576 1822 com-

289 1853 455 1923 lgitur
483 1853 816 1910 venientibus
846 1853 1023 1919 nobis,
1065 1855 1401 1911 sanctissime
1441 1856 1618 1921 Pater,
1650 1867 1704 1911 et
1749 1871 1878 1911 ora—
1911 1861 1960 1922 Β
1989 1853 2382 1920 patientissimo
2411 1853 2704 1909 accidebat.
2735 1856 2988 1912 Videntes
3013 1860 3155 1913 enim
3194 1859 3345 1913 multi
3379 1859 3579 1914 indesi-

291 1948 495 2005 tionem
527 1949 948 2019 perﬁcientibus,
984 1950 1248 2020 baptizavi
1277 1965 1396 2006 eam
1422 1950 1490 2006 ad
1517 1959 1760 2005 sanctum
1790 1951 1884 2005 ab-

290 2041 415 2097 batn
443 2041 659 2113 Cyrum,
691 2053 745 2099 et
774 2044 1026 2114 gyrabam
1069 2060 1189 2100 cum
1229 2059 1292 2100 ea
1333 2044 1389 2099 in
1433 2045 1664 2114 simplici
1694 2046 1880 2110 corde,

289 2149 587 2206 exposcens
631 2139 896 2194 modicum
940 2150 1230 2210 sumptum,
1266 2148 1532 2210 quatenus
1573 2142 1882 2196 introduce—

288 2246 408 2288 rem
456 2247 574 2287 eam
613 2232 668 2287 in
707 2231 1108 2289 monasterium.
1152 2233 1286 2290 Cum
1333 2236 1450 2288 hac
1499 2233 1736 2288 audisset
1788 2248 1884 2302 pa-

288 2323 542 2387 triarcha,
577 2323 749 2378 dixit:
777 2324 966 2394 Papa!
1009 2333 1146 2395 quot
1173 2325 1471 2380 absconsos
1513 2339 1700 2378 servos
1725 2325 1886 2378 habet

288 2413 453 2479 Deus,
477 2423 530 2470 et
553 2415 818 2470 nescimus
846 2431 944 2471 nos
971 2416 1242 2472 humiles?
1271 2416 1338 2471 Et
1366 2416 1650 2472 enarrabat
1683 2417 1765 2471 his
1793 2418 1885 2486 qui

286 2516 489 2576 prasto
514 2518 666 2563 erant
686 2510 948 2565 visionem
976 2524 1135 2580 quam
1163 2509 1372 2566 viderat
1407 2517 1564 2565 nocte
1594 2509 1663 2565 de
1694 2525 1782 2565 eo.
1816 2509 1887 2564 Et

288 2598 512 2664 protulit
540 2600 844 2669 patriarcha
886 2609 1098 2656 centum
1127 2601 1446 2657 nomismata
1473 2601 1540 2656 de
1570 2618 1754 2668 manu,
1786 2603 1884 2656 da-

285 2699 441 2746 turus
467 2692 518 2746 ei
551 2709 566 2746 :
601 2691 696 2747 Dei
727 2702 904 2748 autem
930 2695 1135 2748 amicus
1164 2693 1253 2749 ille
1282 2708 1408 2749 vere
1426 2697 1743 2762 monachus,
1777 2709 1882 2750 non

284 2797 484 2854 passus
526 2785 728 2854 aliquid
782 2785 1026 2856 accipere
1077 2800 1145 2841 ex
1195 2787 1294 2854 eis,
1349 2786 1572 2857 dignum
1627 2787 1885 2843 memoria

285 2875 514 2931 verbum
561 2877 629 2932 ad
685 2878 1044 2947 patriarcham
1097 2879 1306 2936 locutus
1353 2887 1457 2946 est,
1488 2879 1713 2935 dicens:
1776 2880 1886 2950 Ego

285 2967 394 3024 hoc
421 2985 528 3024 non
575 2972 806 3042 postulo,
842 2972 1088 3040 domine;
1122 2971 1418 3027 monachus
1456 2973 1604 3027 enim
1633 2973 1680 3028 si
1722 2971 1883 3029 ﬁdem

290 3061 473 3128 habet,
509 3063 698 3118 horum
727 3080 836 3120 non
867 3065 1093 3136 indiget.
1125 3065 1184 3121 Si
1210 3074 1389 3121 autem
1433 3065 1624 3120 horum
1651 3073 1795 3135 eget,
1830 3066 1888 3119 ﬁ-

286 3153 414 3209 dem
460 3171 567 3212 non
620 3155 800 3212 habet.
855 3156 1008 3224 Quod
1057 3157 1289 3212 maxime
1339 3157 1570 3227 amplius
1626 3157 1886 3212 satisfecit

1991 1954 2207 1999 nentem
2239 1946 2354 2015 ejus
2385 1957 2438 2002 et
2465 1947 2867 2003 inscrutabilem
2915 1950 3057 2004 circa
3103 1959 3290 2020 gentes
3336 1967 3580 2019 compas-

1989 2037 2220 2105 sionem,
2254 2040 2607 2096 movebantur
2647 2042 2920 2098 multolies
2966 2044 3031 2098 ad
3081 2045 3358 2100 vendenda
3414 2047 3580 2100 multa

1991 2134 2059 2189 de
2086 2134 2397 2189 substantiis
2421 2132 2568 2199 suis;
2599 2144 2652 2189 et
2695 2136 2951 2201 ferentes,
2983 2138 3295 2205 prabebant
3337 2139 3433 2192 Dei
3483 2141 3578 2194 de-

1989 2236 2116 2281 voto
2144 2227 2408 2280 ministro.
2447 2226 2600 2281 Unde
2629 2235 2684 2282 et
2714 2228 2930 2296 quidam
2957 2229 3177 2283 veniens
3219 2244 3321 2282 una
3352 2229 3583 2295 dierum,

1990 2317 2250 2373 offerebat
2276 2319 2323 2371 ei
2351 2327 2556 2387 septem
2597 2319 2761 2372 libras
2787 2320 2900 2373 auri
2932 2328 2986 2373 et
3026 2319 3320 2384 dimidiam,
3367 2321 3580 2376 satisfa-

1991 2409 2138 2463 ciens
2162 2419 2367 2477 saneto,
2415 2409 2555 2479 quod
2606 2425 2713 2463 non
2743 2411 3041 2479 possideret
3077 2411 3222 2465 aliud
3271 2411 3474 2482 aliquid
3531 2413 3586 2467 in

1991 2516 2145 2556 auro.
2177 2501 2399 2556 Petebat
2429 2512 2604 2556 autem
2628 2503 2694 2557 ab
2725 2517 2790 2557 eo
2821 2517 2942 2556 cum
2985 2503 3166 2558 multis
3192 2503 3582 2573 genuﬁexioni-

1991 2595 2094 2650 bus
2141 2603 2201 2649 ut
2230 2604 2410 2650 oraret
2439 2605 2704 2665 quatenus
2757 2595 3016 2650 Dominus
3065 2595 3202 2650 Deus
3253 2595 3422 2649 ﬁlium
3469 2598 3588 2664 ejus

1991 2688 2245 2743 salvaret.
2268 2687 2664 2743 Habebatenim
2691 2702 2852 2742 unum
2879 2687 3219 2742 solummodo
3246 2686 3415 2742 ﬁlium
3433 2687 3589 2757 quasi

1992 2795 2252 2835 annorum
2285 2781 2613 2851 quindecim,
2650 2790 2706 2835 ut
2735 2780 3020 2836 reduceret
3071 2779 3248 2834 navim
3297 2779 3413 2848 ejus
3462 2794 3586 2834 cum

1992 2878 2135 2933 bono
2161 2879 2228 2933 ab
2256 2879 2456 2946 Africa,
2500 2879 2626 2933 illuc
2657 2879 2800 2934 enim
2833 2879 3059 2934 abierat.
3104 2876 3390 2946 Accipiens
3426 2875 3588 2944 igitur

1993 2986 2234 3026 summus
2265 2972 2520 3026 sacerdos
2571 2972 2923 3040 quantitatem
2964 2971 3078 3024 auri
3126 2969 3195 3024 de
3241 2984 3402 3023 manu
3449 2967 3588 3035 ejus,

2000 3065 2155 3134 193
2179 3064 2398 3118 miratus
2421 3074 2501 3118 est
2531 3080 2650 3118 cum
2685 3074 2788 3117 tam
2821 3079 2940 3118 esse
2972 3063 3370 3134 magnanimum
3402 3061 3468 3114 ad
3499 3059 3583 3114 of-

1993 3155 2272 3211 ferendam
2309 3165 2470 3212 totum
2513 3158 2861 3227 quantitatem
2893 3158 3023 3224 fauri
3074 3172 3230 3226 quam
3261 3155 3589 3226 possidebat.

286 3252 537 3307 omnibus
579 3255 669 3325 qui
696 3253 980 3309 audierant
1019 3253 1162 3323 quod
1211 3267 1399 3308 servus
1443 3254 1538 3309 Dei
1568 3254 1668 3308 iste
1699 3268 1892 3308 mona—
1916 3249 1964 3312 C
1997 3247 2184 3302 Oravit
2209 3248 2422 3317 quidem
2446 3249 2494 3302 ei
2525 3248 2638 3320 (68)
2671 3257 2722 3303 et
2755 3249 2808 3302 in
2839 3247 2975 3302 facie
3006 3246 3256 3313 multum,
3285 3254 3341 3300 et
3369 3247 3445 3299 sic
3467 3260 3589 3300 eum

288 3346 428 3401 chus
471 3353 640 3402 esset.
680 3345 986 3402 Genuflexit
1017 3345 1177 3417 igitur
1207 3345 1547 3417 patriarcha,
1580 3353 1636 3400 et
1663 3344 1804 3400 exiit
1831 3345 1885 3398 in

285 3453 445 3510 pace.
479 3441 690 3498 Extune
717 3443 878 3512 igitur
909 3445 1030 3515 plus
1073 3442 1373 3498 honorabat
1402 3448 1458 3498 et
1483 3440 1721 3509 hospitio
1751 3439 1890 3495 reci-

283 3533 472 3604 piabat
498 3537 813 3604 monachos,
859 3546 914 3593 et
942 3538 1112 3593 bonos
1141 3538 1435 3591 astimatos
1465 3543 1520 3590 et
1565 3535 1737 3588 malos
1769 3550 1783 3586 :
1835 3543 1892 3589 et

286 3623 589 3681 adiﬁcabat
623 3642 749 3682 mox
777 3627 1170 3683 xenodochium
1203 3640 1469 3691 seorsum,
1512 3634 1566 3680 et
1593 3624 1891 3695 appellavit

285 3717 399 3776 hoc
427 3719 848 3791 Receptaculum
893 3723 1134 3777 omnium
1159 3721 1565 3776 monachorum.

365 3812 504 3870 Cu».
552 3814 748 3870 XXIV.
778 3845 848 3856 —
896 3815 1222 3870 Mortalitate
1271 3812 1559 3882 aliquando
1616 3811 1892 3866 civitatem

293 3905 823 3976 comprehendente,
857 3907 966 3962 ibat
1019 3916 1072 3960 et
1120 3907 1236 3977 ipse
1289 3915 1528 3973 sanctus,
1581 3913 1640 3960 ut
1683 3902 1896 3960 videret

288 3998 549 4056 funerum
571 3999 848 4070 obsequia.
883 3998 1052 4055 Valde
1081 4001 1223 4054 enim
1253 3999 1464 4055 dicebat
1488 3998 1590 4053 hoc
1617 4013 1739 4053 esse
1766 4014 1895 4068 pro-

286 4090 515 4159 ﬂcuum,
549 4102 603 4149 et
645 4093 1015 4164 sepulcrorum
1065 4094 1571 4150 considerationem.
1624 4093 1894 4150 Multoties

289 4198 428 4241 vero
455 4186 726 4241 assidebat
767 4195 824 4242 et
864 4187 946 4242 his
975 4185 1087 4258 qui,
1142 4187 1404 4252 morituri,
1439 4186 1783 4242 vexationem
1835 4187 1896 4241 in

289 4277 442 4334 exitu
473 4279 668 4334 animae
696 4280 1066 4349 patiebantur;
1103 4288 1157 4336 et
1186 4281 1301 4350 ipse
1329 4294 1516 4334 eorum
1547 4279 1732 4335 oculos
1766 4294 1895 4348 pro-

288 4369 427 4441 priis
457 4371 704 4426 manibus
751 4371 1052 4437 claudebat,
1087 4373 1400 4428 memoriam
1447 4372 1649 4428 habere
1692 4387 1758 4426 ex
1789 4370 1894 4424 hoc

287 4463 679 4534 sempiternam
707 4464 912 4532 volens,
947 4473 1000 4518 et
1020 4479 1201 4518 curam
1231 4463 1433 4534 proprii
1461 4464 1657 4519 exitus.
1694 4463 1894 4518 Praci-

287 4555 480 4624 piebat
504 4566 683 4611 autem
711 4565 764 4611 et
811 4556 1160 4610 collectiones
1206 4571 1303 4625 pro
1355 4555 1619 4610 defunctis
1666 4557 1893 4624 impigre

1953 3349 1957 3352 ‘
1999 3339 2222 3393 dimisit.
2257 3339 2457 3393 Tamen
2496 3348 2714 3408 propter
2757 3338 2871 3408 ejus
2919 3339 3139 3392 multam
3187 3336 3370 3404 ﬁdem,
3416 3335 3593 3405 posuit

2000 3431 2194 3485 subtus
2237 3439 2476 3484 sanctam
2519 3445 2760 3485 mensam
2803 3430 3079 3500 ligaturam
3117 3429 3430 3500 quantitatis
3474 3428 3595 3482 auri

1999 3523 2304 3592 patriarcha
2342 3522 2396 3577 in
2426 3525 2666 3578 oratorio
2695 3523 2922 3578 cubiculi
2956 3523 3060 3589 sui,
3096 3530 3151 3578 et
3190 3523 3433 3592 synaxim
3466 3520 3594 3576 fecit

2001 3621 2183 3673 statim
2213 3618 2507 3689 perfectam
2531 3634 2694 3689 super
2717 3634 2833 3675 eam
2862 3633 2960 3688 pro
2986 3618 3076 3673 illo
3103 3617 3193 3687 qui
3224 3616 3361 3671 hanc
3386 3614 3596 3670 obtule-

1999 3720 2102 3777 rat,
2139 3712 2270 3766 satis
2291 3711 2611 3781 abundeque
2643 3711 2810 3765 Deum
2842 3724 3036 3780 rogans
3064 3716 3330 3778 quatenus
3352 3715 3406 3760 et
3426 3705 3596 3759 ﬁlium

2002 3805 2121 3874 ejus
2152 3806 2404 3870 salvaret,
2433 3815 2486 3860 et
2516 3819 2703 3860 navem
2730 3819 2849 3859 cum
2879 3803 3049 3858 salute
3073 3801 3375 3866 reduceret,
3405 3813 3596 3854 secun-

2001 3896 2131 3952 dum
2161 3900 2301 3968 quod
2336 3897 2511 3953 fuerat
2543 3897 2846 3968 postulatus
2900 3896 2966 3950 ab
3009 3895 3123 3949 illo.
3178 3891 3414 3948 Necdum
3466 3905 3597 3961 ergo

2003 3993 2219 4062 triginta
2254 3991 2539 4046 transactis
2568 3991 2778 4059 diebus,
2815 3989 3097 4044 defunctus
3136 3996 3219 4042 est
3247 3987 3386 4041 filius
3417 3985 3597 4039 homi—

2002 4085 2087 4140 nis
2130 4085 2272 4139 illius
2312 4085 2402 4154 qui
2441 4083 2705 4139 obtulerat
2745 4091 2953 4151 septem
3004 4079 3168 4133 libras
3217 4086 3272 4132 et
3320 4075 3599 4131 dimidiam

2001 4176 2355 4246 patriarcha;
2388 4184 2440 4229 et
2479 4176 2528 4230 in
2576 4173 2730 4228 tertia
2763 4172 2850 4227 die
2879 4172 3070 4227 mortis
3116 4171 3285 4239 pueri,
3321 4167 3521 4235 recepit
3546 4176 3600 4221 et

2004 4271 2182 4324 navim
2206 4284 2353 4324 suam
2378 4268 2445 4320 ab
2469 4266 2669 4331 Africa,
2694 4266 2746 4320 in
2772 4279 2873 4333 qua
2891 4274 3004 4318 erat
3027 4270 3080 4316 et
3102 4260 3266 4315 frater
3287 4272 3599 4328 germanus,

2003 4361 2246 4430 ejusdem
2281 4360 2377 4413 viri
2410 4359 2663 4414 creditor.
2697 4357 2761 4411 Et
2793 4358 3012 4410 veniens
3042 4355 3194 4423 juxta
3221 4351 3479 4415 Pharum,
3504 4367 3599 4404 re-

2003 4453 2124 4508 tulit
2146 4453 2415 4522 quomodo
2433 4452 2584 4505 navis
2606 4447 2935 4517 naufragium
2969 4446 3206 4516 pertulit,
3231 4454 3283 4500 et
3307 4442 3600 4513 perdiderit

2005 4555 2181 4601 totum
2205 4560 2308 4616 quo
2337 4553 2454 4599 erat
2477 4546 2653 4612 plena,
2680 4552 2732 4596 et
2756 4541 2896 4610 quod
2919 4554 3026 4594 non
3049 4547 3230 4593 essent
3251 4536 3468 4591 salvata
3497 4534 3599 4588 nisi

289 4643 417 4718 (66)
445 4655 500 4701 et
526 4647 643 4702 sine
689 4647 853 4702 dubio
901 4649 1186 4717 perﬁcere.
1245 4647 1458 4701 Etenim
1510 4647 1722 4702 dicebat
1769 4645 1977 4716 quia-D
2003 4643 2217 4706 anima,
2241 4650 2294 4695 et
2315 4655 2420 4694 una
2437 4638 2633 4706 scapha
2652 4649 2836 4690 vacua.
2863 4635 2994 4687 Cum
3017 4646 3147 4700 ergo
3171 4640 3224 4686 et
3250 4629 3390 4685 hunc
3413 4641 3600 4683 casum

285 4747 420 4793 ante
468 4752 694 4806 paucum
731 4749 940 4808 tempus
970 4738 1218 4808 captivus
1248 4739 1439 4793 ductus
1467 4747 1551 4793 est
1587 4738 1653 4791 ad
1697 4738 1889 4794 Persas

284 4831 538 4900 quidam,
571 4840 626 4885 et
671 4829 1005 4886 descendens
1034 4831 1089 4886 in
1114 4829 1409 4896 Persidam,
1441 4839 1686 4884 retrusus
1725 4839 1808 4884 est
1834 4830 1892 4884 in

281 4939 570 4981 carcerem
602 4927 692 4996 qni
742 4926 1110 4997 appellabatur
1149 4926 1342 4993 Lethe,
1375 4925 1476 4980 hoc
1521 4933 1623 4992 est,
1671 4925 1888 4981 oblivio.

281 5017 522 5085 Quidam
573 5031 705 5089 ergo
752 5018 1020 5088 fugientes
1060 5018 1231 5084 illine,
1266 5018 1650 5086 venientesque
1702 5017 1756 5072 in
1785 5018 1890 5089 Cy—

279 5125 474 5181 prum,
505 5120 563 5167 et
588 5111 900 5183 interrogati
940 5128 971 5166 a
1005 5111 1317 5184 parentibus
1342 5110 1508 5178 illius,
1554 5111 1599 5165 si
1647 5109 1784 5165 forte
1813 5113 1894 5166 vi-

279 5202 500 5260 dissent
545 5217 691 5269 eum,
739 5205 1128 5276 respondentes
1175 5204 1428 5260 dixerunt
1473 5203 1574 5272 eis,
1627 5203 1750 5274 quia
1795 5217 1895 5258 nos

279 5298 537 5370 propriis
566 5299 814 5354 manibus
841 5299 1187 5369 sepelivimus
1214 5314 1360 5355 eum.
1409 5297 1525 5354 Non
1555 5306 1733 5354 autem
1777 5306 1899 5352 erat

272 5391 397 5446 iste
416 5389 487 5445 de
514 5403 625 5460 quo
650 5388 1054 5460 interrogabant
1077 5405 1196 5460 eos,
1225 5390 1320 5448 sed
1340 5380 1479 5446 dius
1499 5387 1896 5445 indissimiliter

269 5498 418 5540 eum
448 5482 716 5539 similans.
740 5483 1010 5540 Dixerunt
1034 5499 1162 5541 vero
1188 5486 1267 5541 eis
1294 5493 1348 5541 et
1377 5499 1640 5551 mensem,
1670 5494 1722 5538 et
1750 5483 1896 5538 diem

267 5575 479 5635 obitus
508 5577 694 5646 ipsius.
728 5577 807 5633 llli
835 5592 966 5635 vero
987 5588 1236 5650 tanquam
1261 5595 1360 5649 pro
1383 5588 1595 5635 mortuo
1625 5577 1897 5634 faciebant

264 5674 345 5730 ei
377 5681 490 5729 tres
533 5673 788 5730 collectas
830 5689 926 5744 per
954 5674 1192 5745 singulos
1244 5689 1438 5730 annos.
1491 5673 1621 5730 Post
1665 5680 1895 5740 quatuor

262 5769 478 5840 itaque
505 5783 680 5824 annos
705 5769 856 5825 venit
886 5769 936 5825 in
960 5771 1217 5842 Cyprum,
1245 5768 1365 5838 fuga
1407 5769 1592 5837 lapsus
1621 5782 1650 5820 a
1689 5767 1895 5820 Persis.

265 5860 560 5919 [ﬁlerunt
590 5876 719 5934 ergo
749 5863 798 5917 ei
851 5864 972 5918 sui:
1007 5853 1166 5931 Vere,
1207 5860 1394 5929 frater,
1446 5875 1546 5916 nos
1594 5857 1896 5915 audivimus

587 5979 862 6040 PATROL.
890 5977 1160 6059 LXXIII

2005 4735 2294 4790 didicisset
2324 4731 2570 4788 evenisse
2597 4729 2697 4783 sibi
2722 4727 2972 4781 dominus
2997 4723 3146 4778 navis
3173 4731 3224 4778 et
3251 4730 3397 4792 pater
3425 4720 3598 4787 pueri,

2006 4825 2298 4883 secundum
2327 4824 2547 4879 verbum
2570 4821 2875 4892 Propheta,
2919 4819 3077 4889 paulo
3098 4816 3275 4871 minus
3305 4815 3356 4868 in
3389 4811 3601 4866 inferno

2005 4921 2266 4977 habitavit
2310 4917 2486 4973 anima
2543 4917 2658 4985 ejus
2715 4912 2886 4987 (Paal.
2921 4911 3102 4983 rem);
3164 4908 3400 4964 nondum
3457 4905 3600 4958 enim

2007 5012 2356 5068 tribulatione
2397 5010 2491 5064 ﬁlii
2532 5008 2614 5065 sui
2645 5008 2930 5074 exstincta,
2959 5000 3368 5072 comprehendit
3396 5010 3517 5051 eum
3549 5005 3603 5050 et

2008 5103 2203 5168 navis;
2236 5102 2405 5157 relata
2438 5109 2562 5154 sunt
2607 5100 2787 5167 itaque
2830 5096 3007 5151 omnia
3051 5108 3173 5162 qua
3212 5088 3516 5142 acciderant
3553 5086 3602 5138 ei

2008 5193 2352 5264 patriarcha,
2387 5200 2440 5246 et
2468 5204 2604 5260 pene
2636 5189 2757 5260 plus
2785 5202 2944 5258 quam
2977 5186 3022 5238 is
3051 5184 3140 5251 qui
3175 5182 3288 5234 hac
3316 5191 3602 5248 perpessus

2010 5287 2188 5342 fuerat
2213 5287 2266 5340 in
2298 5285 2514 5340 tristitia
2545 5282 2874 5347 morabatur,
2923 5276 3153 5332 maxime
3183 5281 3403 5341 propter
3432 5271 3600 5324 filium

2009 5381 2126 5451 ejus
2154 5381 2388 5435 unicum.
2416 5377 2673 5433 Nesciens
2702 5390 2829 5444 ergo
2857 5371 2983 5441 quid
3014 5369 3235 5434 faceret,
3266 5374 3416 5436 rogat
3442 5363 3604 5419 mise-

2011 5473 2439 5528 ricordissimum
2468 5471 2659 5534 Deum,
2685 5475 2742 5521 ut
2759 5463 3132 5522 consolaretur
3145 5462 3314 5517 virum
3339 5462 3604 5515 immensa

2011 5569 2211 5638 pietate
2241 5583 2358 5622 sua.
2385 5566 2700 5621 Convocare
2729 5563 2872 5616 enim
2896 5575 3044 5625 eum,
3078 5569 3130 5614 et
3153 5557 3415 5613 consolari
3449 5557 3499 5610 in
3528 5555 3606 5609 fa-

2011 5663 2093 5718 cie
2134 5672 2352 5717 sanctus
2401 5656 2753 5713 erubescebat
2785 5675 2796 5708 :
2830 5664 3196 5711 verumtamen
3248 5651 3517 5707 mandavit
3557 5648 3606 5704 ei

2011 5765 2071 5808 ut
2097 5755 2404 5807 nullatenus
2431 5751 2780 5819 desperaret;
2807 5765 2978 5820 neque
2999 5750 3141 5804 enim
3167 5750 3282 5803 sine
3301 5746 3448 5816 justo
3464 5741 3607 5813 judi-

2011 5853 2098 5908 cio
2125 5851 2295 5907 Deum
2328 5849 2505 5906 facere
2532 5847 2754 5920 aliquid,
2789 5849 2884 5905 sed
2914 5849 3092 5906 omnia
3118 5848 3171 5900 in
3204 5846 3304 5899 hoc
3341 5838 3482 5911 quod
3507 5852 3604 5894 ca-

3210 5962 3284 6020 12
