4142 6350
560 464 671 528 363

1602 446 1693 523 DE
1734 454 1915 523 'vms
1955 444 2239 522 manu
2280 444 2483 520 LIBER
2520 442 2792 522 PRIMUS.

3740 471 3843 528 54

568 566 738 655 pedit,
788 566 930 654 quod
982 582 1079 638 nos
1135 576 1458 652 ignoramus.
1507 562 1644 651 Ergo
1694 591 1753 637 ut
1806 596 1913 659 non
1968 560 2398 659 perdatAsam,
2426 580 2547 648 quia
2572 589 2791 650 propter
2810 579 3011 635 exitum
3030 580 3219 651 vtginti
3243 579 3521 648 librarum,
3548 584 3845 640 inﬁrmatus

568 666 893 743 mercedem,
916 694 1071 748 quam
1096 660 1220 731 fecit
1238 675 1289 731 in
1312 685 1514 746 septem
1538 687 1589 731 et
1611 675 1827 731 dimidia
1855 658 1990 729 libra
2013 676 2150 739 auri,

568 770 623 827 et
647 769 803 825 ﬁdem
827 785 985 838 quam
1013 764 1316 838 possidebat
1342 770 1479 822 circa
1504 776 1743 822 sanctum
1768 768 2151 837 patriarcham;

566 863 676 935 jam
708 860 834 919 vero
866 872 921 917 ut
945 872 999 917 et
1027 878 1123 917 nos
1152 862 1203 915 in
1236 862 1636 930 tentationibus,
1685 879 1802 932 qua
1844 863 1997 918 nobis
2028 879 2154 919 eve-

570 958 745 1027 niunt,
791 957 1005 1035 quando
1047 940 1246 1027 aliquid
1290 944 1413 1012 boni
1444 946 1755 1023 fecerimus,
1786 958 2157 1027 imperturltati

576 1060 629 1105 et
652 1042 851 1118 gratias
874 1049 1173 1105 referentes
1199 1050 1266 1105 ad
1295 1050 1461 1105 Deum
1488 1067 1923 1119 permaneamus;
1955 1052 2084 1107 vidit
2106 1054 2159 1107 in

572 1143 774 1197 somnis
812 1138 923 1212 jam
974 1141 1149 1199 dictus
1178 1144 1260 1197 vir
1306 1144 1689 1210 philochristus
1742 1155 1948 1211 postera
2006 1157 2162 1202 nocte

573 1234 1081 1313 quemdam,_quasi
1126 1236 1175 1289 in
1224 1235 1405 1291 habitu
1451 1237 1775 1292 sanctissimi
1824 1237 2159 1306 patriarcha,

570 1324 843 1380 dicentem
876 1308 975 1380 sibi
1014 1344 1027 1379 :
1064 1325 1130 1382 Ut
1151 1314 1278 1397 quid
1311 1328 1601 1394 tribularis,
1633 1330 1817 1393 frater,
1850 1338 1901 1383 et
1933 1345 2165 1385 maerore

573 1414 925 1471 dissolveris?
958 1404 1141 1473 Nonne
1172 1412 1229 1473 tu
1258 1435 1343 1474 me
1374 1421 1568 1491 rogasti
1603 1429 1662 1474 ut
1699 1430 1934 1489 peterem
1966 1436 1995 1475 a
2030 1422 2163 1486 Deo,

573 1498 633 1562 ut
674 1506 873 1589 salvus
900 1490 1053 1565 fieret
1086 1510 1234 1589 ﬁlius
1284 1504 1447 1565 tuus?
1492 1513 1630 1567 Ecce
1656 1512 1833 1567 salvus
1864 1514 2034 1589 factus
2061 1521 2162 1567 est.

571 1599 745 1655 Crede
777 1584 933 1668 mihi,
968 1586 1011 1657 Si
1042 1584 1266 1669 viveret,
1318 1620 1510 1671 pravus
1564 1616 1619 1660 et
1661 1606 1965 1660 immundus
2007 1607 2168 1661 homo

573 1694 746 1749 ﬁeret.
778 1696 843 1749 Et
871 1696 939 1767 de
968 1698 1090 1751 navi
1117 1708 1224 1763 tua,
1253 1714 1400 1764 vere,
1430 1699 1532 1753 nisi
1566 1700 1708 1753 Deus
1738 1700 2043 1767 placaretur
2073 1712 2169 1767 pro

577 1787 720 1840 bono
750 1787 889 1855 quod
919 1766 1093 1842 fecisti
1123 1789 1366 1857 parvitati
1398 1805 1555 1851 mea,
1584 1791 1849 1845 sententia
1880 1800 1995 1844 erat
2023 1792 2167 1867 data,

575 1878 842 1948 quatenus
875 1870 1002 1946 tota,
1035 1890 1092 1935 ut
1116 1881 1281 1950 jacet,
1307 1896 1429 1936 cum
1461 1884 1744 1937 animabus
1769 1884 1820 1936 in
1847 1882 2171 1951 profundum

2258 682 2341 727 est
2379 673 2469 728 ille
2511 675 2706 728 invitus
2735 674 3186 743 eleemosynator.
3221 675 3350 729 Erat
3376 676 3518 729 enim
3549 677 3628 746 (ut
3658 679 3846 747 pradi—

2258 775 2401 819 ctutn
2450 766 2555 836 est)
2590 768 2740 820 valde
2780 767 3184 834 itnntisericors,
3244 778 3296 822 et
3352 778 3556 824 amator
3585 773 3844 840 pecunia.

2259 853 2373 911 Non
2400 846 2665 911 suﬁeretts
2695 873 2823 926 ergo
2854 858 3039 913 beatus
3070 874 3129 912 se
3158 859 3373 926 quidem
3403 876 3564 929 super
3604 878 3847 919 mensam

2266 936 2509 1029 reﬁcere,
2545 953 2696 1007 illum
2726 963 2903 1009 autem
2935 969 3099 1024 super
3118 954 3313 1011 lectum
3340 959 3566 1013 cruciari
3596 962 3850 1030 graviter,-

2265 1028 2511 1123 pervenit
2526 1044 2786 1123 celeriter
2810 1046 2875 1100 ad
2905 1061 3044 1127 eum.
3066 1046 3223 1117 195
3253 1047 3341 1102 ille
3363 1064 3489 1103 vere
3520 1028 3637 1105 sine
3666 1068 3855 1122 super-

2266 1132 2376 1215 bia,
2403 1146 2457 1187 et
2477 1134 2617 1215 dixit
2642 1134 2709 1189 ad
2738 1150 2859 1190 eum
2889 1135 3043 1192 hilari
3068 1142 3211 1193 vultu
3241 1156 3253 1193 :
3283 1138 3385 1193 Fac
3410 1141 3749 1209 charitalem,
3780 1145 3855 1199 fili

2264 1214 2462 1281 Troile.
2490 1214 2745 1283 distimas
2773 1230 2915 1298 quod
2949 1230 2999 1284 in
3043 1232 3267 1287 veritate
3296 1233 3528 1289 dixerim
3560 1236 3655 1289 tibi
3680 1237 3857 1290 fratri-

2266 1318 2369 1401 bus
2397 1304 2761 1401 hujuscemodi
2803 1322 2976 1375 dare?
3020 1324 3182 1379 crede
3210 1325 3362 1393 mihi,
3407 1342 3500 1395 per
3526 1328 3703 1393 jocum
3745 1329 3857 1384 dixi

2270 1392 2366 1462 tibi
2397 1392 2546 1463 dare.
2582 1406 2692 1480 Ego
2720 1413 2860 1466 cnim
2893 1413 3035 1467 volui
3065 1426 3322 1484 praSIare
3371 1392 3450 1472 eis
3498 1418 3705 1489 singula
3760 1435 3860 1472 nu-

2272 1501 2516 1555 mismata
2548 1512 2768 1585 propter
2796 1514 3036 1562 sanctam
3069 1506 3444 1576 festivitatem;
3477 1510 3570 1564 sed
3599 1512 3720 1581 quia
3751 1528 3858 1567 non

2272 1592 2500 1649 habebat
2527 1582 2845 1652 distributor
2866 1615 3017 1655 meus
3055 1616 3237 1656 secum
3264 1603 3616 1659 sufficientem
3648 1609 3862 1675 quanti-

2276 1694 2459 1754 tatem,
2492 1687 2647 1759 hujus
2680 1688 2758 1769 rei
2786 1693 2952 1762 gratia
2981 1702 3217 1749 mutuam
3247 1695 3440 1750 dedisti
3469 1711 3587 1751 eam
3620 1698 3774 1763 tnihi,
3806 1708 3867 1753 et

2273 1795 2402 1836 ecce
2453 1783 2605 1837 attuli
2660 1783 2753 1838 tibi
2811 1785 2933 1840 illas
2985 1786 3199 1858 triginta
3253 1788 3434 1843 libras.
3480 1788 3546 1842 Ut
3572 1805 3698 1844 vero
3730 1790 3865 1844 vidit

2280 1875 2632 1953 quantitatem
2662 1860 2946 1946 episcOpus
2980 1880 3031 1932 in
3066 1880 3363 1935 honorabili
3405 1896 3564 1936 manu
3602 1882 3865 1949 sapientis

574 1972 845 2041 pergeret,
886 1968 941 2028 ει
970 1960 1224 2043 perderes
1251 1970 1472 2031 fratrem
1524 1985 1695 2030 ιυυηι,
1738 1976 1844 2032 sed
1894 1991 2073 2045 surge,
2116 1984 2173 2031 ει
2202 1954 2251 2032 ﬁ
2276 1967 2557 2021 existentis
2587 1970 2779 2023 medici
2819 1978 2872 2024 et
2902 1972 3156 2039 pastoris,
3208 1972 3371 2027 febris
3416 1974 3629 2042 quidem
3684 1977 3868 2029 subito

573 2066 810 2134 gloriﬁca
843 2065 1033 2133 Deum,
1067 2068 1158 2138 qui
1186 2056 1333 2123 dedit
1360 2068 1455 2123 tibi
1481 2084 1625 2135 eum,
1652 2078 1706 2124 et
1736 2069 1961 2124 salvavit
1999 2069 2165 2123 ﬁlium

574 2166 724 2211 tuum
758 2158 1013 2213 mundum
1039 2157 1105 2214 de
1135 2160 1240 2215 hoc
1269 2162 1468 2215 saeculo
1495 2177 1652 2218 vano.
1689 2146 1964 2233 Evigilans
1991 2163 2171 2232 itaque

574 2250 674 2314 vir,
706 2248 907 2305 invenit
936 2267 1028 2306 cor
1058 2267 1213 2306 suum
1244 2238 1602 2321 consoiatum,
1648 2263 1704 2309 et
1737 2256 2041 2309 universam
2074 2257 2173 2309 tri-

572 2339 768 2395 stitiam
798 2342 913 2413 ejus
941 2345 1199 2412 ejectum;
1232 2354 1286 2399 et
1317 2344 1532 2399 indutus
1562 2346 1877 2400 vestimenta
1915 2361 2031 2413 sua,
2076 2362 2173 2402 ve-

573 2428 655 2487 nit
685 2434 880 2488 cursim
926 2434 992 2489 ad
1027 2424 1552 2490 honorabilissimum
1586 2420 1966 2506 patriarcham,
2001 2448 2055 2492 et
2088 2438 2174 2507 ja-

577 2532 686 2580 ctat
731 2524 789 2580 se
830 2510 895 2580 ad
944 2527 1108 2595 pedes
1155 2528 1293 2597 ejus,
1338 2531 1536 2598 gratias
1583 2543 1747 2598 agens
1777 2529 1888 2583 Deo
1918 2530 2068 2595 etei,
2119 2541 2177 2586 et

582 2617 806 2673 narrans
841 2618 1101 2676 visiOnem
1133 2637 1292 2689 quam
1324 2622 1553 2677 viderat.
1605 2624 1775 2689 Quam
1826 2623 2049 2678 audiens
2087 2623 2174 2692 ju-

576 2698 869 2776 siissimus,
902 2694 1043 2766 dixit
1074 2728 1089 2764 :
1122 2698 1304 2766 Gloria
1336 2700 1450 2779 tibi,
1497 2713 1728 2781 benigne
1774 2723 1828 2768 et
1866 2713 2175 2769 misericors

581 2790 762 2869 Deus,
821 2790 912 2872 qui
964 2812 1018 2858 et
1062 2792 1497 2885 deprecationem
1546 2814 1883 2872 peccatorum
1926 2806 2170 2885 exaudis.

578 2886 884 2964 lterumque
934 2895 1001 2949 ad
1050 2882 1320 2952 hominem
1373 2878 1550 2951 dixit:
1583 2884 1946 2967 Nequaquam,
2001 2914 2033 2952 o
2075 2882 2172 2965 ﬁli,

576 2988 802 3058 gratiam
840 2988 976 3045 hanc
998 2992 1230 3046 orationi
1255 3007 1387 3045 mea
1416 2990 1673 3057 ascribas,
1700 2992 1793 3045 sed
1828 2978 1935 3045 Deo
1965 2999 2021 3046 et
2051 2982 2171 3046 ﬁdei

577 3082 704 3148 tua,
738 3083 851 3135 hac
874 3081 1014 3135 enim
1038 3083 1217 3138 omnia
1244 3082 1345 3137 ista
1368 3082 1654 3151 impetrare
1669 3068 1853 3136 valuit.
1880 3082 2008 3135 Erat
2029 3084 2174 3149 enim

578 3173 735 3320 valdie
761 3160 1034 3231 humiliter
1053 3174 1291 3232 sehtiens
1317 3184 1557 3243 sanctus,
1582 3175 1762 3231 verbis
1788 3174 1994 3231 scilicet
2012 3170 2177 3243 atque

579 3270 673 3320 orn
717 3258 879 3320 eniia.

579 3258 879 3334 prndeniia.

2272 2054 2601 2141 diSparebat,
2632 2060 2798 2131 frigus
2840 2064 2999 2117 etiam
3028 2050 3336 2141 recedebat,
3371 2065 3625 2122 fortitudo
3652 2082 3868 2137 quoque

2272 2144 2329 2208 et
2356 2140 2597 2225 corporis
2626 2154 2745 2222 ejus
2780 2156 2927 2209 calor
2975 2155 3042 2210 ad
3083 2170 3203 2211 eum
3244 2159 3688 2225 revertebantur;
3716 2169 3773 2214 ut
3798 2175 3867 2215 ex

2276 2248 2380 2303 hoc
2427 2263 2531 2302 non
2586 2258 2765 2317 posset
2820 2249 2985 2305 latere
3036 2246 3174 2306 hanc
3221 2264 3341 2306 esse
3381 2266 3593 2306 causam
3642 2262 3869 2320 repente

2278 2324 2790 2411 comprehendentis
2846 2358 2967 2398 eum
3026 2344 3479 2399 connnutationis.
3553 2344 3871 2414 Suscipiens

2278 2450 2407 2504 ergo
2432 2449 2622 2489 aurum
2654 2435 2722 2489 ab
2763 2416 3088 2489 honorandis
3129 2416 3375 2489 manibus
3425 2436 3760 2501 patriarcha,
3816 2444 3872 2491 et

2282 2510 2413 2581 nihil
2469 2527 2689 2582 omnino
2734 2528 3131 2597 contradicens,
3188 2528 3539 2599 exspectabat
3579 2532 3646 2587 ab
3674 2544 3740 2584 eo
3771 2546 3872 2599 pa-

2284 2616 2519 2672 triarcha
2579 2602 3027 2689 conscriptionem
3072 2600 3555 2676 abrénuntiationis
3603 2624 3873 2678 mercedis

2283 2708 2467 2764 earum
2496 2725 2614 2779 qua
2643 2696 2781 2765 data
2812 2723 2945 2787 sunt
2972 2696 3187 2787 triginta
3230 2714 3346 2768 auri
3389 2712 3665 2767 librarum.
3720 2712 3874 2768 Fecit

2280 2798 2459 2857 autem
2486 2800 2588 2857 hoc
2634 2818 2755 2857 cum
2787 2786 2983 2873 gaudio
3024 2788 3237 2859 Troilus
3267 2805 3568 2874 episcopus,
3627 2805 3877 2859 scribens

2280 2899 2511 2966 prapriis
2535 2894 2779 2952 manibus
2810 2880 2880 2953 ita
2911 2915 2925 2952 :
2950 2882 3113 2967 Deus,
3139 2882 3355 2953 domino
3378 2913 3496 2952 meo
3524 2898 3718 2953 Joanni
3742 2900 3875 2953 bea-

2284 2972 2491 3045 tissimo
2541 2976 2861 3061 patriarcha
2910 2972 3065 3060 hujus
3120 2992 3607 3048 Alexandrinorum
3663 3008 3877 3063 magna

2281 3078 2532 3146 civitatis,
2581 3081 2648 3134 da
2690 3066 2993 3138 mercedem
3027 3084 3237 3152 triginta
3286 3084 3538 3137 librarum
3587 3098 3705 3153 qua
3748 3084 3880 3139 data

2280 3178 2405 3226 sunt
2444 3154 2557 3237 tibi,
2600 3156 2852 3239 quoniam
2902 3186 3002 3243 ego
3042 3172 3221 3242 recepi
3262 3189 3399 3227 mea.
3447 3152 3559 3228 Hoc
3609 3174 3873 3242 scriptum

2280 3260 2463 3334 itaque
2504 3277 2722 3320 sanctus
2751 3252 3045 3335 accipiens,
3074 3254 3301 3337 sumpsit
3331 3283 3510 3321 secum
3542 3278 3596 3323 et
3621 3270 3877 3325 eumdem

650 3359 780 3412 CAP.
824 3342 1016 3414 XXVI.
1046 3388 1117 3400 —
1148 3342 1413 3428 pergebat
1433 3346 1723 3445 aiiquando
1774 3350 1859 3415 hic
1895 3344 2081 3415 beatus
2107 3359 2174 3416 ad
2204 3350 2251 3414 C
2284 3356 2596 3445 episcopum
2645 3342 2715 3445 ad
2761 3360 3065 3445 prandium,
3114 3371 3169 3445 ut
3198 3362 3337 3416 enim
3370 3360 3480 3430 jant
3524 3362 3727 3418 dictum
3765 3374 3878 3442 est,

584 3448 879 3503 visitatldos
910 3465 1197 3520 pauperes,
1230 3451 1284 3505 in
1311 3453 1486 3506 locum
1513 3454 1601 3521 qui
1630 3438 1825 3507 dicitur
1847 3446 2175 3519 Casarium;

592 3528 703 3596 iliic
734 3543 875 3595 enim
903 3544 982 3596 eis
1010 3538 1209 3598 fecerat
1238 3545 1387 3612 quasi
1420 3545 1599 3599 tholos
1621 3532 1737 3614 (69)
1766 3545 2021 3613 quosdam
2051 3560 2177 3615 pro-

584 3620 746 3699 lixos,
779 3620 967 3703 iigncis
1000 3628 1195 3689 tabulis
1225 3636 1530 3703 pavimento
1555 3646 1725 3689 strato
1745 3622 1811 3689 ad
1838 3636 2181 3703 requiescen-

583 3728 682 3784 dos
729 3728 844 3794 eos,
894 3736 949 3783 et
1002 3728 1163 3783 simul
1195 3745 1315 3784 cum
1344 3722 1538 3785 storeis
1569 3726 1622 3783 e‘t
1664 3714 1909 3785 rachanis
1938 3729 2054 3802 (70)
2087 3747 2181 3799 pt't‘

584 3818 749 3873 totan‘i
784 3818 1038 3887 hiemem,
1068 3835 1190 3875 cum
1218 3820 1452 3890 qtlodam
1479 3822 1854 3889 episc0porum
1880 3838 2063 3875 eorum
2087 3821 2178 3891 qui

584 3926 705 3965 cum
753 3916 819 3967 eo
879 3908 1052 3978 erant,
1110 3916 1350 3968 amatore
1404 3913 1665 3982 pecunia,
1728 3914 1961 3983 passibili
2019 3914 2180 3970 modo

585 4000 794 4071 presso.
830 3988 1079 4071 Dixitque
1106 4002 1295 4057 beatus
1332 3994 1629 4072 patriarcha
1663 3990 1728 4059 ad
1755 4022 1874 4061 eum
1913 4024 1926 4060 :
1957 3998 2088 4061 Ama
2116 4023 2181 4063 ac

586 4093 815 4161 honora,
858 4080 1025 4150 ﬁater
1060 4095 1261 4159 Troile,
1311 4096 1501 4153 fratt‘es
1531 4090 1726 4153 Christi
1755 4116 1768 4165 ;
1821 4099 1919 4154 hoc
1954 4100 2098 4155 enim
2130 4100 2178 4154 ei

588 4184 703 4239 erat
746 4188 963 4239 nomen.
1006 4176 1400 4241 Nuntiavernnt
1444 4189 1584 4243 enim
1615 4190 1831 4258 quidam
1862 4190 2180 4259 patriarcha

589 4278 729 4348 quod
759 4279 969 4349 triginta
1000 4272 1163 4336 libras
1195 4283 1309 4337 auri
1345 4293 1582 4353 portaret
1612 4285 1663 4340 in
1690 4286 1802 4357 ipsa
1832 4289 1965 4343 hora
1996 4288 2181 4345 dome-

588 4373 753 4427 sticus
772 4373 1012 4444 ejusdem
1043 4377 1281 4446 episcopi
1306 4378 1493 4445 Troili,
1522 4389 1576 4434 ut
1598 4390 1803 4435 emeret
1829 4383 2065 4453 speciem
2089 4400 2181 4438 ar-

589 4469 733 4537 genti
757 4470 1069 4543 auaglyphi,
1102 4472 1270 4541 gratia
1305 4488 1504 4529 mensa
1526 4490 1657 4528 sua.
1686 4466 1980 4545 Episcopus
2000 4486 2180 4533 autem

590 4569 842 4630 tanquam
864 4563 1068 4617 veritus
1093 4568 1394 4619 sermonem
1420 4554 1753 4633 patriarcha,
1778 4570 1883 4621 imo
1906 4569 1970 4623 ad
1994 4568 2181 4624 horam

592 4652 899 4716 calefactus,
935 4654 1141 4724 singula
1174 4646 1290 4709 dari
1340 4654 1587 4710 omnibus
1634 4646 1886 4715 fratribus
1930 4662 2186 4729 p'racepit

2288 3434 2466 3505 siatim
2502 3446 2662 3505 Sanus
2690 3434 2861 3505 factus
2893 3448 2994 3507 est.
3028 3432 3225 3507 Voiens
3255 3468 3383 3523 ergo
3413 3454 3676 3509 mercedis
3703 3434 3881 3511 reddi-

2290 3546 2371 3595 tor
2399 3524 2541 3596 Deus
2573 3542 2846 3613 corripere
2877 3560 3021 3610 eum,
3054 3527 3213 3599 simui
3242 3555 3419 3600 autem
3457 3558 3510 3601 et
3554 3547 3621 3601 ad
3652 3548 3880 3603 misera-

2288 3632 2488 3689 tionem
2535 3624 3019 3692 contribuiatorum
3064 3648 3118 3692 et
3168 3642 3591 3709 compassionem
3645 3639 3880 3708 erigere,

2288 3710 2521 3781 ostendit
2548 3726 2598 3782 ei
2628 3728 2816 3783 eadem
2848 3727 2936 3785 die
2982 3728 3268 3784 dormienti
3301 3741 3415 3811 post
3464 3730 3883 3811 prandiumipa-

2289 3818 2535 3873 triarcha
2556 3818 2610 3873 in
2633 3820 2860 3886 somnis,
2890 3837 2995 3891 qua
3026 3816 3271 3877 mercede
3300 3806 3535 3891 privatus
3562 3804 3885 3876 es'set.ilidit

2290 3910 2430 3965 enim
2481 3910 2561 3981 (ut
2606 3911 2700 3979 ait)
2735 3910 2979 3978 domum,
3020 3913 3172 3986 cujus
3223 3898 3670 3983 pulchritudinem
3718 3906 3887 3985 atque

2289 4001 2711 4071 magnitudinem
2762 4018 2865 4057 non
2915 4014 3087 4074 p0test
3112 4020 3199 4060 ars
3229 4004 3501 4059 hominum
3554 4004 3787 4077 imitari,
3834 4015 3890 4060 et

2285 4090 2505 4162 jannam
2529 4082 2684 4163 hujus
2713 4092 2877 4148 tutam
2907 4094 3145 4160 auream,
3168 4090 3222 4150 et
3245 4090 3408 4166 super
3424 4096 3643 4167 jannam
3669 4085 3886 4152 titulum

2292 4182 2659 4253 conscriptum
2697 4202 2712 4241 :
2744 4174 2950 4243 Musm
3003 4190 3250 4254 aream,
3307 4190 3374 4244 ὲτ
3424 4190 3643 4252 acoetes
3694 4176 3886 4245 Tnotu

2291 4272 2545 4332 ertscort.
2589 4275 2722 4332 Cum
2771 4280 2900 4353 ergo
2942 4264 3067 4347 hoc,
3116 4279 3307 4350 lanit,
3344 4282 3611 4351 legissem,
3664 4262 3888 4351 gavisus

2290 4370 2433 4436 sum,
2481 4372 2715 4429 Sciebam
2745 4374 2887 4429 enim
2919 4364 3219 4429 donandam
3268 4362 3396 4428 tnihi
3446 4370 3514 4427 ab
3558 4367 3889 4443 imperatore

2292 4465 2413 4520 talis
2436 4452 2629 4523 domus
2660 4468 3043 4535 epulationem.
3086 4454 3333 4521 Nondum
3364 4476 3541 4521 autem
3576 4454 3888 4535 hujusmodi

2293 4552 2432 4616 tituli
2462 4562 2971 4632 superscriptionem
3016 4550 3371 4634 perlegeram,
3410 4570 3466 4616 et
3494 4576 3619 4617 ecce
3664 4556 3889 4631 quidam

2299 4654 2478 4723 reg’ius'
2522 4640 2904 4720 cubicularius,
2936 4654 3137 4708 habens
3174 4669 3355 4708 secum
3383 4662 3437 4707 ct
3466 4652 3601 4706 alios
3634 4640 3889 4722 obsequii

593 4742 643 4798 ei
674 4734 763 4813 qui
793 4745 1008 4814 triginta
1026 4720 1216 4801 viibras
1263 4746 1382 4801 illas
1422 4744 1685 4817 portabat.
1746 4720 2004 4806 Celeriter
2051 4720 2182 4823 ergo
2210 4720 2269 4803 ὑ
2290 4720 2490 4811 divini;
2538 4748 2595 4800 et
2633 4761 2755 4799 cum
2792 4746 3120 4815 pervenisset
3146 4741 3213 4798 ad
3242 4743 3400 4799 talem
3448 4740 3666 4797 nitentis
3695 4742 3893 4800 domus

593 4836 897 4909 hujusmodi
926 4839 1041 4893 auri
1070 4840 1340 4909 quantitas
1368 4852 1585 4912 erogata
1628 4852 1729 4897 est.
1786 4836 2179 4903 Recedentibus

593 4930 775 4999 itaque
824 4931 1081 4999 utrisque,
1133 4920 1433 5001 patriarcha
1480 4934 1704 4999 scilicet,
1737 4946 1788 4987 et
1818 4937 1905 5005 qui
1956 4937 2179 4992 invitam

594 5018 675 5091 (ut
705 5022 773 5075 ita
806 5008 1003 5093 dicam)
1036 5023 1437 5095 eleemosynam
1469 5018 1692 5090 fecerat,
1722 5016 1974 5096 episc0po
2001 5014 2184 5085 Troilo

594 5115 647 5168 in
679 5103 908 5186 propriis
938 5118 1223 5185 episco’piis
1252 5116 1400 5171 velut
1428 5118 1673 5188 quadam
1704 5135 1889 5175 amens
1912 5130 1966 5176 et
1990 5122 2184 5178 anima

598 5211 897 5280 periculosa
927 5212 980 5265 in
1010 5220 1133 5267 eum'
1163 5212 1420 5283 cogitatio
1453 5211 1632 5279 irruit,
1681 5224 1900 5283 propter
1934 5218 2185 5284 pecunia-

598 5318 714 5356 rum
746 5292 1049 5369 dationem;
1096 5301 1334 5357 horroris
1360 5300 1415 5357 e't
1443 5296 1645 5359 amo‘ris
1677 5296 1936 5373 pecunia,
1972 5317 2026 5361 et
2065 5322 2188 5363 cru-

596 5386 830 5453 delitatis
868 5393 922 5453 et
970 5397 1307 5468 negligentia
1350 5398 1599 5468 genimen
1645 5414 1766 5454 eum
1815 5386 2137 5469 sequebatur
2167 5447 2184 5471 ,

597 5491 746 5547 febre
776 5502 927 5547 extra
952 5502 1193 5547 naturam
1225 5480 1401 5561 mista,
1437 5495 1657 5561 propter
1686 5493 1827 5561 quod
1853 5506 2085 5565 agrotus
2109 5497 2191 5551 in-

598 5583 740 5638 vitus
786 5584 837 5638 in
882 5584 1076 5639 lectum
1118 5582 1333 5637 cecidit.
1383 5570 1809 5639 Hebdomadario
1844 5602 1974 5657 ergo
2004 5601 2031 5639 a
2062 5602 2187 5643 san-

598 5676 840 5747 ctissimo
867 5675 1171 5747 patriarcha
1219 5675 1284 5729 ad
1314 5691 1435 5731 eum
1466 5677 1733 5742 veniente,
1766 5688 1819 5734 et
1849 5679 1911 5733 ad
1944 5696 2184 5736 mensam

600 5771 841 5843 ejusdem
874 5770 1193 5842 patriarcha
1218 5786 1337 5825 eum
1370 5769 1645 5843 invitante,
1674 5775 1959 5841 recusavit,
1988 5775 2188 5845 frigore

600 5869 745 5922 enim
776 5878 831 5924 et
860 5865 1009 5923 febre
1047 5880 1105 5920 se
1136 5856 1318 5920 vexari
1347 5881 1443 5936 pro
1484 5867 1711 5937 quadam
1752 5883 1913 5924 causa
1956 5856 2187 5924 dicebat.

598 5960 764 6032 Igitur
787 5968 909 6015 cdm
932 5959 1035 6014 hoc
1056 5957 1295 6015 audisset
1321 5948 1641 6028 patriarcha,
1672 5976 1796 6015 mox
1827 5964 2046 6034 agnovit
2070 5977 2193 6018 cau-

2290 4840 2526 4909 januatn,
2577 4836 2711 4894 dixit
2739 4826 2805 4894 ad
2833 4837 3079 4909 proprios
3109 4830 3365 4894 ofﬁciales
3398 4856 3411 4892 :
3458 4828 3724 4907 Deponite
3756 4839 3893 4896 mihi

2294 4920 2525 4989 titulum.
2553 4930 2621 4989 Et
2650 4951 2769 4990 cum
2801 4924 3198 5005 deposuissent.
3249 4920 3437 4993 iterum
3466 4934 3643 4989 dixit:
3684 4936 3894 4991 Mutata

2294 5042 2438 5088 eum,
2488 5030 2543 5081 et
2590 5029 2772 5095 ponite
2800 5044 2957 5097 quem
2992 5028 3135 5082 misit
3166 5014 3311 5082 orbis
3345 5026 3607 5083 terrarum
3657 5043 3771 5081 rex.
3825 5012 3895 5083 Ει

2296 5114 2590 5173 attolerunt
2620 5114 2673 5174 ét
2702 5116 2985 5174 alﬁxerunt
3014 5104 3155 5174 aliud
3199 5120 3489 5188 aspiciente
3539 5122 3643 5187 me,
3690 5137 3888 5190 super-

2299 5200 2552 5279 sﬂipium
2610 5194 2680 5264 ita
2718 5229 2729 5264 :
2774 5200 2978 5266 qumo
3012 5222 3239 5266 areum
3284 5227 3346 5266 ac
3393 5212 3613 5273 amotas
3665 5210 3895 5267 Jouxts

2302 5304 2703 5358 anontertScopt
2748 5306 3137 5371 ALESANDRIE,
3190 5320 3365 5359 supra
3407 5320 3573 5360 Ltcms
3613 5320 3889 5358 TRIGINTA.

2302 5394 2368 5452 Et
2399 5414 2519 5452 cum
2562 5388 2663 5452 hoc
2696 5384 2943 5469 vidimei,
2987 5398 3221 5453 surrexit
3265 5402 3297 5450 a’
3325 5413 3536 5463 somno,
3589 5386 3643 5453 et
3693 5412 3895 5466 inagro

2301 5507 2618 5561 summoque
2642 5478 2835 5559 pastOri
2859 5508 2977 5561 qua
2996 5480 3107 5544 visa
3135 5500 3260 5544 sunt
3280 5487 3331 5544 ei
3360 5491 3412 5544 in
3437 5476 3642 5543 somnis
3663 5502 3811 5543 enati
3828 5502 3894 5539 a-

2302 5508 2618 5561 summoque
2642 5508 2835 5559 pastori
2898 5508 2977 5544 ua
2996 5508 3107 5544 visa
3135 5508 3260 5544 sunt
3280 5508 3331 5544 et
3360 5508 3412 5544 ιιι
3437 5508 3642 5543 somnis
3663 5508 3811 5543 enan
3828 5508 3894 5539 a-

2302 5587 2398 5639 vit.
2442 5570 2736 5639 Proﬁciens
2758 5600 2819 5638 ea
2848 5508 2915 5639 tie
2943 5599 3100 5639 causa
3132 5568 3344 5639 Troilus
3372 5570 3679 5654 episcopus,
3712 5564 3896 5635 factus

2298 5697 2363 5735 ex
2388 5680 2513 5734 tunc
2541 5676 2969 5749 elecmosynatdr
2998 5666 3328 5746 magnificus.

2369 5766 2497 5828 Car.
2543 5762 2754 5826 XXVII.
2795 5800 2865 5812 —
2910 5758 3165 5826 Daminus
3192 5772 3277 5840 Qui
3309 5756 3523 5826 divitias
3550 5758 3603 5826 in
3648 5764 3900 5855 tempore

2300 5867 2531 5941 quodam
2560 5858 2717 5923 beato
2739 5867 2841 5923 Job
2866 5866 3104 5934 abstulit,
3138 5862 3265 5923 fecit
3291 5856 3466 5925 simile
3497 5878 3550 5924 et
3593 5868 3710 5922 huic
3740 5865 3899 5921 omni

2304 5963 2543 6019 bonitate
2589 5960 2771 6032 pleno,
2816 5962 3007 6017 sancto
3045 5952 3363 6032 patriarcha
3405 5944 3619 6018 ioaulti.
3652 5944 3905 6017 Navibus
3984 5941 4001 5957 ’
