4104 6356
292 434 399 497 sos
1261 426 1417 496 VI’I‘A
1453 412 1696 494 SANCTI
1734 422 2011 495 JOAN‘NtS
2056 416 2634 499 ELEhttostAtttt.
3366 452 3367 457 κ
3460 442 3564 504 366

294 556 439 614 enim
477 548 831 633 sanctissima
867 546 1109 611 ecclesiis:
1155 552 1729 623 comprehendentibus
1760 542 1874 633 ita-
1898 551 1955 614 Α
1980 551 2247 608 mandavit
2294 556 2421 633 mihi
2460 554 2714 612 Dominus
2768 571 2918 613 meus
2947 565 3000 614 et
3043 556 3284 615 omnium
3321 558 3565 618 Christus

293 646 501 703 tantum
543 632 795 714 hiemem,
843 648 895 702 in
938 648 1053 702 loco
1084 634 1171 717 q’ui
1210 634 1487 700 dicebatur
1522 642 1680 698 sana
1736 632 1872 714 (ιι),

294 740 637 811 prUIECetunt
666 742 845 796 omnia
875 752 992 806 sua,
1039 755 1155 812 quae
1188 744 1350 795 naves
1385 737 1693 808 portabant;
1726 736 1878 791 erant

296 836 427 889 vero
456 838 645 889 omnes
675 849 835 890 naves
857 829 1033 889 simul.
1080 834 1207 890 Erat
1245 843 1422 888 autem
1474 838 1680 886 summa
1712 824 1875 882 multa

1980 636 2117 696 Deus
2148 641 2327 714 (Joan.

2052 736 2177 790 Cap.
2204 726 2396 793 XXIX.
2420 728 2773 796 —Districtus
2803 736 3016 813 quidam
3050 730 3119 798 ab
3151 730 3566 821 hisquipensio-

1982 830 2103 884 item
2135 824 2440 913 exigebant,
2486 834 2605 888 cum
2653 846 2756 889 non
2803 828 3022 893 haberet
3060 839 3200 909 quod
3243 840 3396 897 daret
3428 844 3571 913 (erat

294 927 449 982 valde
473 928 821 982 enlhecarum
855 932 1105 993 suat‘u‘m;
1162 926 1426 980 habebant
1472 925 1616 979 enim
1673 934 1875 977 tantum
1978 921 2122 975 enim
2144 914 2289 992 regio
2311 912 2359 977 in
2386 930 2574 993 magna
2598 920 2931 995 difﬁcultate,
2952 945 3017 982 eo
3037 930 3177 997 quod
3204 931 3395 987 tluvius
3417 912 3566 990 lNilus

294 1020 614 1073 vestitnenta
662 1031 715 1074 et
765 1010 1064 1089 argentum,
1116 1026 1170 1073 et
1217 1018 1351 1073 alias
1399 1034 1484 1071 res
1531 1006 1773 1079 altiores,
1824 1023 1879 1069 ιιι

286 1112 695 1180 'computaretur
726 1113 930 1181 pondus
965 1104 1105 1182 qUod
1137 1098 1232 1166 ivit
1261 1111 1311 1165 in
1344 1110 1694 1179 perditionem
1717 1106 1880 1177 quati-

293 1198 463 1259 I‘itatis
479 1202 904 1259 centenariorum
926 1194 1136 1275 triginta
1162 1202 1407 1275 quatuor.
1434 1192 1555 1257 Phts
1572 1202 1712 1255 enim
1729 1207 1881 1255 erant

297 1300 458 1368 (piam
492 1286 746 1354 tredecim
780 1300 961 1363 haves,
991 1299 1261 1370 capientes
1293 1306 1386 1368 per
1426 1297 1662 1367 singulas
1692 1296 1877 1350 decem

296 1384 463 1447 mntis
485 1391 806 1447 modiorum.
852 1382 1195 1446 Venientibus
1227 1406 1355 1446 vero
1397 1378 1779 1444 Alexandriam
1829 1394 1884 1440 et

298 1472 664 1556 pergentibus,
699 1480 878 1539 statim
912 1474 1099 1555 reliqui
1126 1483 1420 1537 creditores
1443 1489 1497 1535 et
1527 1480 1679 1547 primi
1709 1486 1881 1533 nauta:

295 1576 349 1631 in
377 1574 667 1632 eccleSia'bt
697 1570 1071 1645 confugerunt.
1108 1566 1334 1629 Sanctus
1366 1580 1490 1626 rero
1516 1569 1617 1624 hoc
1637 1570 1879 1633 audiens,

296 1679 353 1726 et
375 1672 591 1725 causam
630 1666 846 1739 propter
868 1670 1023 1738 quam
1055 1666 1321 1736 fugerant,
1354 1664 1515 1719 mittit
1546 1662 1881 1739 eisrverbum

848 1760 907 1771 ιλιι
942 1760 991 1771 ο-.

298 1852 479 1917 dedit,
514 1846 725 1917 tratr‘es:
779 1840 1057 1916 Dominus",
1106 1852 1163 1903 ut
1209 1844 1393 1914 voluit,
1448 1838 1701 1910 a‘b‘s‘tulit;
1748 1844 1887 1897 sicut

1983 1014 2275 1068 secundum
2300 1017 2734 1097 consuetudinem
2761 1034 2862 1072 non
2888 1019 3128 1090 irrigaret
3152 1026 3302 1092 aquis
3324 1027 3569 1097 terram),

1984 1104 2099 1173 ipée
2141 1098 2324 1161 abiens
2365 1102 2675 1176 deprecatus
2706 1119 2788 1163 est
2818 1110 3005 1165 ducem
3038 1116 3318 1180 quemdam
3350 1132 3572 1187 magna—

1987 1202 2181 1263 tortttn,
2211 1208 2268 1254 ut
2295 1206 2501 1255 mutuas
2527 1200 2627 1256 sibi
2661 1205 2811 1258 daret
2860 1207 3239 1279 quinquaginta
3268 1208 3435 1266 libras
3464 1228 3567 1267 au-

1986 1286 2061 1354 ri;
2092 1299 2143 1344 et
2171 1290 2381 1347 dicebat
2412 1306 2470 1348 se
2499 1288 2626 1349 dare
2657 1296 2876 1365 pignora
2898 1338 2913 1363 ,
2946 1300 2987 1350 si
3038 1301 3214 1361 vellet,
3249 1288 3430 1371 dupla.
3467 1305 3569 1360 Ite-

1990 1384 2231 1450 promisit
2259 1390 2386 1455 ergo
2432 1384 2533 1439 dux
2568 1387 2693 1441 dare
2721 1386 2790 1454 ei,
2836 1380 2901 1442 ad
2932 1404 3163 1457 praesens
3195 1408 3321 1447 vero
3347 1395 3569 1450 distulit.
3630 1396 3641 1405 ’

1989 1466 2343 1533 Exactoribns'
2368 1484 2492 1548 ergo
2537 1483 3026 1553 constringentibus
3055 1500 3197 1551 eum,
3233 1490 3376 1542 vadit
3425 1488 3563 1556 ipse,

1988 1578 2045 1624 ut
2068 1572 2242 1625 amnis
2272 1571 2336 1627 ad
2369 1578 2574 1641 portum
2606 1591 2634 1629 a
2660 1593 2763 1645 quo
2809 1579 2985 1632 cuncti
3027 1580 3373 1649 recipiuntur,
3422 1585 3570 1639 vide-

1989 1660 2113 1716 licet
2145 1654 2213 1717 ad
2241 1662 2578 1719 mitissimum
2609 1676 2663 1721 et
2690 1652 2903 1736 dignum
2950 1656 3302 1728 admiratione
3347 1678 3573 1741 patriar-

1990 1751 2165 1806 cham.
2215 1742 2278 1807 Et
2324 1748 2559 1809 nondum
2610 1772 2743 1825 pene
2793 1759 3060 1828 propriam
3112 1765 3483 1819 necessitatem
3526 1768 3575 1821 ei

1991 1850 2316 1911 narraverat,
2351 1838 2483 1900 dixit
2500 1854 2713 1902 sanctus
2736 1840 2801 1903 ad
2830 1864 2951 1927 eum
2974 1866 2989 1905 :
3016 1834 3109 1916 Do,
3136 1853 3229 1917 IiIi,
3252 1854 3297 1908 si
3320 1856 3573 1927 volueris,

300 1944 529 1999 Domino
567 1934 782 2014 placuit,
834 1938 904 1998 ita
934 1932 1130 1997 factum
1173 1944 1254 1995 est
1292 1942 1400 1996 :sit
1446 1946 1637 1993 nomen
1674 1928 1885 1991 Domini
1915 1928 1965 2003 θ
1991 1934 2043 1990 et
2069 1942 2177 2007 quo
2223 1936 2442 2003 vestior,
2477 1939 2877 1993 vestimentum.
2922 1918 3128 1996 Etenim
3174 1957 3295 1999 cum
3341 1918 3576 2002 admira;

298 2030 635 2091 benedictum
668 2028 811 2106 (Job.
844 2036 907 2103 ἰ).
942 2026 1115 2100 Exite,
1159 2022 1272 2098 lilii,
1306 2020 1436 2085 nihil
1468 2034 1533 2084 ex
1565 2026 1664 2083 hoc
1683 2026 1837 2082 veriti
1867 2042 1881 2077 :

298 2126 558 2185 Dominus
588 2128 729 2182 enim
756 2120 1018 2182 Sollicitus
1038 2125 1141 2179 erit
1164 2112 1229 2180 de
1261 2123 1516 2179 crastino.
1557 2124 1579 2174 ἰ
1631 2110 1887 2177 Ascendit

298 2218 477 2294 itaque
517 2226 652 2293 pene
680 2220 958 2276 dimidium
990 2219 1217 2273 civitatis
1257 2218 1310 2272 in
1339 2216 1604 2271 secretum
1635 2230 1649 2269 :
1680 2214 1767 2269 die
1793 2216 1889 2268 au-

298 2312 407 2371 tem
450 2315 620 2368 a’Itero
647 2312 886 2367 volentes
931 2306 1046 2378 (72)
1094 2306 1363 2362 consolari
1419 2296 1649 2359 nobilem
1694 2305 1881 2369 istum;

299 2406 414 2475 ipse
445 2408 574 2459 vero
618 2406 1023 2472 praeoccupans,
1056 2390 1216 2468 cdspit
1255 2396 1500 2453 omnibus
1530 2396 1710 2451 dicere
1742 2412 1753 2448 :
1785 2390 1889 2449 Ne-

301 2500 586 2568 Qua‘tham,
614 2498 647 2551 ὁ
678 2486 773 2550 hlii
802 2494 859 2550 et.
883 2488 1100 2557 fratres,
1130 2496 1289 2546 eaUSa
1313 2490 1526 2545 narium
1559 2478 1890 2543 diiiicUltatis

302 2582 628 2653 tristemini;
677 2600 797 2642 nam
840 2584 1054 2640 humilis
1085 2582 1338 2649 Joannes,
1389 2572 1612 2647 Credite,
1645 2580 1889 2634 inventus

303 2686 387 2740 Est
434 2674 747 2754 culpabilis;
798 2682 992 2751 quippe
1044 2677 1147 2733 nisi
1194 2668 1560 2732 extollentlam
1611 2674 1886 2739 haberem,

302 2780 453 2835 h‘uIIo
477 2781 640 2836 modo
670 2768 771 2835 hoc
799 2772 1015 2834 ferrem.
1062 2774 1170 2831 Sed
1209 2775 1329 2843 quia
1370 2771 1668 2829 extollebar
1706 2769 1757 2823 in
1807 2760 1890 2823 his

304 2878 425 2943 qua:
454 2872 547 2927 Dei
576 2874 753 2937 erant,
782 2878 835 2925 et
860 2868 1186 2925 ms‘titnabam
1216 2864 1359 2937 quod
1389 2878 1577 2935 magna
1608 2866 1771 2932 opera
1815 2856 1893 2915 ta—

305 2964 505 3030 berem,
542 2964 677 3018 dans
720 2970 839 3033 qua
868 2961 1146 3016 hominum
1177 2964 1347 3023 erant,
1383 2956 1485 3011 hoc
1514 2948 1642 3011 mihi
1675 2953 1890 3019 evenit;

304 3058 496 3114 Voiens
523 3072 651 3128 ergo
680 3055 825 3112 Deus
853 3064 909 3111 ut
940 3054 1042 3109 hoc
1080 3050 1460 3123 intelligerent,
1495 3050 1595 3104 ista
1629 3043 1890 3118 permisit.

306 3152 659 3225 Eleemosyna
689 3154 831 3208 enim
855 3167 960 3206 non
982 3148 1288 3222 vigilantem
1314 3140 1624 3217 plerumque
1648 3144 1699 3198 in
1723 3136 1897 3198 extol-

306 3238 522 3306 lentiam
549 3248 723 3303 elevat
756 3263 769 3302 :
802 3245 996 3301 invitus
1023 3260 1150 3300 vero
1180 3258 1335 3297 casus
1361 3237 1895 3295 humiliutsustinen-

1991 2020 2184 2083 bilibus
2204 2018 2316 2083 suis
2336 2022 2488 2083 bonis
2511 2038 2563 2107 et
2584 2029 2684 2084 hoc
2706 2020 3043 2099 possidebat,
3074 2022 3218 2105 quod
3247 2050 3353 2091 non
3385 2049 3571 2107 posset

1990 2118 2183 2175 videre
2230 2116 2461 2189 aliquem
2496 2106 2563 2176 de
2610 2124 3019 2179 necessitatibus
3065 2106 3471 2199 lacrymantem,
3523 2142 3578 2189 et

1990 2208 2098 2267 bon
2125 2212 2305 2266 statim
2334 2216 2393 2267 se
2426 2215 2653 2283 propriis
2673 2214 2867 2283 rigaret
2893 2216 3138 2287 iacrymis
3163 2236 3175 2270 :
3203 2202 3341 2275 unde
3366 2228 3424 2276 et
3449 2236 3578 2279 mox

1990 2300 2307 2373 petitionem
2352 2303 2581 2358 volentis
2608 2304 2677 2358 ab
2717 2320 2783 2360 eo
2832 2319 3072 2362 mutuum
3119 2311 3368 2379 accipere
3407 2311 3580 2368 adim-

1993 2394 2183 2463 ptent.
2214 2392 2281 2448 Et
2307 2388 2553 2464 sequenti
2582 2394 2736 2450 nocte
2764 2395 2906 2451 videt
2939 2399 3041 2453 dux
3064 2400 3202 2468 quod
3224 2410 3394 2458 staret
3417 2416 3581 2473 super

1992 2483 2161 2538 altare
2209 2485 2444 2554 quidam,
2488 2486 2573 2539 cui
2619 2484 2915 2541 on‘erebant
2966 2480 3114 2544 multi
3164 2486 3493 2561 oblationes;
3527 2498 3581 2552 et

1996 2588 2089 2657 per
2113 2580 2269 2629 u‘nam
2321 2590 2479 2645 quam
2512 2568 2807 2647 ponebant,
2838 2580 3168 2649 accipiebant
3214 2592 3431 2641 centum
3481 2600 3582 2657 pro

1994 2654 2109 2735 ipsa
2137 2666 2204 2721 de
2232 2660 2405 2722 altari.
2442 2668 2568 2724 Erat
2604 2674 2781 2726 autem
2811 2680 2864 2727 et
2896 2673 3192 2739 patriarcha
3223 2686 3345 2746 post
3374 2654 3583 2752 terg—um

1995 2756 2133 2825 eius.
2188 2756 2408 2813 Iacebat
2434 2770 2564 2829 ergo
2594 2774 2694 2814 una
2735 2762 2942 2818 oblatio
2972 2772 3095 2820 ante
3125 2782 3217 2821 eos
3246 2770 3298 2825 in
3327 2786 3435 2826 uno
3464 2786 3583 2829 sca-

1997 2854 2144 2916 mno,
2192 2858 2245 2903 et
2270 2848 2398 2904 dicit
2429 2850 2647 2919 quidam
2676 2852 2799 2909 du¢i
2835 2870 2847 2906 :
2886 2852 3049 2924 Vade,
3080 2856 3295 2914 domine
3326 2861 3461 2929 dux,
3487 2878 3582 2918 ac-

1998 2938 2115 3009 cipe
2155 2941 2479 2998 oblationem
2521 2942 2691 3012 illam,
2742 2956 2795 3004 et
2845 2948 2976 3004 otIer
3019 2950 3086 3005 ad
3132 2954 3319 3023 altare,
3351 2965 3408 3011 et
3455 2958 3582 3014 tolle

1997 3034 2096 3103 pro
2130 3038 2193 3087 ea
2224 3046 2441 3089 centum
2469 3034 2788 3096 oblationes.
2839 3032 2931 3095 illo
2962 3059 3087 3098 vero
3132 3044 3435 3115 pigritante,
3486 3062 3586 3102 cu-

1999 3127 2165 3182 ctrrrit
2195 3129 2514 3197 patriarcha,
2548 3128 2666 3187 licet
2697 3145 2816 3201 post
2845 3140 2965 3190 eum
2996 3145 3184 3202 staret,
3213 3148 3267 3193 et
3294 3140 3412 3195 tulit
3441 3139 3581 3195 hanc

2000 3224 2127 3275 ante
2156 3230 2299 3286 eum,
2335 3229 2388 3276 et
2416 3221 2625 3291 obtulit,
2675 3234 2729 3281 et
2757 3226 2983 3299 accepit,
3038 3230 3176 3286 sicut
3204 3248 3412 3301 omnes,
3464 3248 3587 3291 cen<

309 3346 438 3397 teni.
491 3338 579 3395 Ait
624 3338 767 3393 enim
820 3337 996 3391 divina
1045 3333 1317 3403 Scriptura
1353 3350 1364 3384 :
1401 3328 1694 3400 Paupertas
1723 3327 1894 3382 virum

2006 3319 2116 3367 tum
2144 3313 2210 3369 de
2252 3315 2422 3403 altari.
2464 3312 2735 3387 Evigilans
2765 3321 2963 3392 itaque,
3011 3339 3118 3380 non
3150 3334 3360 3395 poterat
3387 3330 3589 3386 discer-

310 3432 575 3489 hu'm‘iliat.
614 3430 677 3487 Et
706 3431 899 3486 iterum
932 3426 1096 3484 David
1122 3427 1223 3483 hoc
1252 3418 1449 3491 sciens,
1500 3412 1712 3479 dieebat
1740 3436 1756 3475 :
1796 3418 1898 3476 Bo-

311 3526 438 3581 t‘tutn
472 3516 599 3579 mihi
624 3522 764 3594 quod
792 3528 847 3579 tu'
868 3520 1160 3577 humiliasti
1192 3526 1299 3586 me,
1329 3522 1386 3574 ut
1414 3504 1616 3573 discam
1644 3508 1902 3586 justitica-

311 3622 493 3676 tiones
516 3622 632 3676 tuas
655 3610 825 3691 (Pani.
854 3620 1062 3686 cxvm).
1089 3618 1222 3673 Dum
1245 3618 1387 3672 enim
1409 3615 1565 3669 malis
1588 3612 1759 3669 factus
1784 3630 1902 3669 sum

310 3710 603 3780 obnoxius,
647 3712 767 3780 Quia’
815 3706 1082 3766 datirmem
1122 3712 1217 3779 per
1244 3724 1435 3763 vanam
1462 3702 1683 3778 gloriam
1715 3705 1905 3775 perde-

312 3800 463 3871 bam,
522 3810 576 3858 et
624 3803 871 3872 quoniam
915 3817 1007 3873 per
1051 3802 1237 3856 vitium
1292 3810 1467 3854 meum
1510 3798 1736 3869 perdita:
1783 3807 1906 3852 sunt

314 3896 483 3950 tanta!
516 3890 772 3964 chuniaz,
805 3890 977 3949 habeo
1005 3898 1143 3946 nunc
1170 3890 1429 3961 judicium
1459 3890 1761 3944 animarum
1788 3904 1907 3960 qua:

313 3986 371 4044 ln
403 3992 557 4040 aretd
585 3994 724 4039 sunt.
759 3984 976 4051 Verum,
1012 3982 1369 4049 dilectissimi,
1397 3983 1484 4052 qui
1513 3988 1641 4036 tunc
1668 3993 1909 4050 tempore

316 4077 448 4150 justi
476 4077 620 4132 illius
644 4070 745 4133 ισι)
772 4075 874 4130 fuit
902 4075 1063 4144 Deus,
1094 4083 1149 4130 et
1176 4090 1315 4131 nunc
1349 4074 1488 4129 idem
1521 4074 1634 4143 ipse
1672 4082 1777 4141 est,
1818 4070 1913 4143 qui

319 4182 435 4227 non
466 4176 682 4240 propter
723 4174 1016 4239 egestatem
1064 4184 1259 4233 meam,
1304 4166 1399 4224 sed
1438 4167 1509 4223 ob
1558 4166 1909 4237 indigentium

318 4265 723 4330 necessitatem,
755 4278 861 4317 non
891 4264 1228 4332 derelinquet
1257 4277 1373 4315 nos.
1412 4260 1526 4327 Ipse
1555 4262 1697 4315 enim
1728 4258 1859 4314 dixit
1895 4276 1906 4311 :

318 4356 439 4412 Non
460 4363 513 4410 te
527 4357 797 4420 deseram,
820 4366 992 4425 neque
1004 4354 1365 4424 derelinquam
1386 4353 1570 4424 (Hebr.
1592 4354 1732 4423 xm).
1758 4346 1911 4426 195

319 4447 395 4504 Et
422 4454 606 4502 rursus
633 4464 646 4500 :
671 4446 906 4515 Quaerite
933 4449 1159 4515 primum
1192 4454 1411 4517 regnum
1437 4446 1549 4511 Dei,
1576 4456 1628 4501 et
1650 4445 1911 4516 justitiam

326 4542 470 4611 ejus,
511 4549 567 4595 et
593 4541 705 4595 haec
731 4542 910 4595 omnia
933 4539 1249 4609 adjicientur
1272 4541 1422 4595 vobis
1448 4534 1661 4613 (Matth.
1694 4543 1788 4609 vr).
1820 4539 1908 4595 Vo-

2006 3414 2138 3461 nere
2168 3400 2456 3464 Somnium.
2487 3402 2633 3465 Misit
2654 3414 2829 3469 autem
2856 3424 2910 3469 et
2934 3404 3151 3472 adduxit
3175 3433 3299 3474 eum
3326 3421 3419 3490 qui
3444 3422 3589 3478 voles

2003 3498 2097 3555 bat
2145 3504 2386 3557 mutuum
2437 3500 2703 3575 accipere,
2744 3516 2802 3561 ut
2829 3517 3111 3577 praestaret
3133 3513 3205 3567 ei.
3241 3496 3455 3569 Etcum
3502 3529 3592 3570 ve-

2007 3589 2209 3659 nisset,
2241 3592 2367 3649 dicit
2395 3586 2444 3650 ei
2492 3597 2863 3669 dux:Accipe
2911 3598 3052 3670 quod
3100 3590 3274 3672 petisti
3326 3614 3593 3661 mutuum.

2006 3681 2359 3755 lespondens
2383 3682 2493 3754 ille,
2527 3680 2661 3743 dixit
2687 3688 2735 3743 ei
2760 3706 2775 3743 :
2801 3693 2940 3747 Ante
2967 3684 3087 3746 tulit
3113 3694 3417 3751 mercedem
3444 3704 3590 3751 tuam

2008 3772 2256 3835 dominus
2287 3781 2611 3849 patriarcha.
2640 3774 2848 3836 Etenim
2874 3793 2924 3838 te
2946 3785 3163 3841 domino
3184 3787 3466 3845 diti‘erente
3486 3804 3595 3856 me,

2007 3874 2315 3942 compulsus
2345 3880 2462 3927 Sum
2505 3872 2572 3928 ad
2604 3874 2753 3929 illum
2787 3885 3035 3948 tanquam
3062 3866 3135 3936 ad
3163 3890 3375 3953 portum
3413 3887 3596 3940 conlu-

2008 3978 2136 4035 gcre
2154 4007 2168 4031 ,
2202 3966 2367 4021 multa
2396 3968 2540 4021 enim
2569 3975 2688 4023 erat
2717 3969 2796 4025 vis
2827 3970 3208 4041 inquietudinis
3255 3984 3592 4033 exactorum.

2009 4059 2140 4112 Cum
2167 4072 2293 4128 ergo
2314 4060 2550 4115 audisset
2572 4060 2693 4129 hoc,
2726 4062 2903 4117 statim
2934 4065 3246 4122 recordatus
3274 4079 3353 4122 eSt
3377 4068 3596 4135 somnii,

2010 4152 2067 4207 et
2093 4150 2227 4207 dixit
2252 4168 2265 4206 :
2294 4151 2430 4208 Vere
2448 4155 2586 4209 bene
2606 4152 2786 4209 dixisti
2814 4174 2825 4208 :
2853 4154 2984 4225 Quia
3006 4169 3130 4213 ante
3153 4159 3272 4214 tulit
3293 4158 3601 4216 mercedem

2012 4252 2179 4299 tuam.
2210 4246 2347 4300 Ante
2379 4243 2501 4300 tu‘lit
2529 4246 2692 4313 enim,
2744 4250 2800 4303 et
2829 4264 2907 4302 vae
2935 4249 3010 4303 illi
3036 4236 3260 4318 quivult
3289 4250 3468 4308 facere
3499 4252 3601 4308 bo-

2013 4344 2161 4402 num,
2194 4340 2249 4392 et
2278 4328 2475 4393 ditl‘ert.
2509 4326 2579 4393 Et
2606 4337 2879 4394 enarravit
2899 4339 2948 4395 ei
2970 4342 3025 4395 et
3052 4343 3301 4397 omnibus
3332 4344 3603 4400 somnium

2013 4430 2153 4501 quod
2186 4429 2407 4487 viderat.

2086 4546 2214 4599 Car.
2248 4536 2418 4599 XXX.
2447 4573 2517 4585 —
2538 4545 2800 4614 Pergente
2828 4544 3110 4615 aliquando
3148 4556 3337 4602 sancto
3361 4548 3429 4603 ad
3462 4556 3602 4603 tem-

319 4635 498 4692 letttes
538 4642 667 4703 ergo
706 4634 974 4690 Consolari
1023 4650 1145 4689 eum
1193 4632 1424 4689 eivitatis
1474 4634 1824 4701 habitatores,
1856 4645 1915 4689 ut
1960 4639 2162 4713 Lpium
2209 4649 2515 4694 sanctorum
2578 4638 2985 4694 victoriosorutn
3036 4650 3328 4711 martyrum
3380 4641 3505 4713 Cyri
3552 4653 3606 4699 et

318 4729 528 4784 dictum
559 4732 661 4793 εει,
690 4727 795 4797 ipsi
825 4727 992 4797 magis
1024 4726 1221 4781 inventi
1264 4734 1390 4780 sunt
1417 4737 1629 4780 econtra
1660 4724 1908 4780 COIISOla-
1936 4704 1997 4777 ﬁ
2021 4724 2243 4790 Ῑυθηῃίε
2263 4775 2277 4798 ,
2312 4732 2364 4788 in
2384 4732 2617 4804 gloriosa
2640 4747 2825 4788 eorum
2847 4736 3106 4789 memoria
3127 4735 3389 4792 οιιειίοηίε
3407 4704 3602 4807 ἐνθείη,

319 4820 529 4875 tionem
553 4820 620 4874 ab
640 4819 757 4889 ejus
776 4808 1105 4873 beatitudine
1130 4816 1415 4885 recepisse.
1435 4815 1602 4870 Nimis
1615 4824 1742 4885 ergo
1758 4816 1915 4872 breve

320 4925 541 4985 tempus
581 4912 856 4984 praterilt,
889 4920 949 4969 et
980 4913 1031 4967 in
1063 4912 1282 4982 duplum
1311 4906 1541 4968 restituit
1588 4911 1733 4967 Deus
1780 4926 1918 4967 novo

322 5021 516 5064 ttostro
533 5008 635 5064 Job
652 5008 961 5075 facultates;
989 5008 1044 5062 et
1064 5007 1253 5063 iterum
1273 4993 1388 5063 erat
1409 5006 1521 5075 ipse
1545 5006 1919 5076 magnanimus

322 5103 474 5159 circa
534 5100 979 5166 misericordiam,
1036 5099 1259 5157 tortas5e
1302 5106 1477 5155 autem
1510 5106 1562 5155 et
1614 5096 1918 5169 religiOsior

323 5210 491 5266 qnam
520 5200 674 5249 antea
706 5193 896 5247 fuerat.

404 5286 537 5342 CAP.
560 5286 796 5341 XXVIII.
828 5272 993 5341 -Ᾱά
1024 5295 1319 5342 extremam
1343 5297 1705 5357 paupertatem
1734 5294 1921 5359 perve-

308 5380 505 5434 nienti
531 5379 743 5434 cuidam
772 5379 840 5434 de
860 5377 1168 5434 domesticis
1198 5379 1455 5435 ministris
1474 5425 1487 5448 ,
1521 5382 1734 5452 propria
1763 5399 1924 5438 manu

329 5476 434 5528 iste
464 5482 681 5527 sanctus
700 5515 713 5539 ,
748 5479 804 5527 ut
837 5472 1009 5527 nullus
1035 5473 1225 5539 sciret,
1257 5473 1389 5529 duas
1419 5474 1581 5529 libras
1602 5476 1715 5530 auri
1747 5475 1925 5542 dedit;

330 5579 392 5623 et
422 5567 646 5623 audiens
687 5566 756 5621 ab
800 5565 1137 5635 accipiente:
1169 5562 1431 5633 Quoniam
1479 5565 1593 5621 haec
1632 5566 1921 5638 accipiens,

332 5661 577 5730 domine,
609 5660 831 5715 ulterius
857 5668 961 5713 non
992 5658 1164 5714 habeo
1191 5658 1393 5715 vultum
1416 5657 1720 5714 intendendi
1750 5660 1803 5714 in”
1827 5652 1926 5713 ho-

338 5756 641 5813 norabliem
672 5762 728 5811 et
773 5753 1066 5824 angelicam
1098 5751 1283 5808 faciem
1333 5758 1502 5819 tuam,
1538 5758 1661 5809 Vere
1708 5750 1927 5825 dignum

337 5850 521 5916 laude,
550 5854 609 5905 ut
639 5848 874 5919 sapiens,
908 5842 1115 5903 locutus
1144 5854 1226 5901 est
1254 5848 1474 5902 verbum
1501 5862 1513 5901 :
1542 5846 1809 5916 Nondum,
1845 5848 1929 5903 in-

339 5946 553 6013 umens,-
583 5943 896 6013 sanguinem
920 5954 1097 5996 meum
1121 5955 1215 6009 pro
1241 5951 1288 5995 te
1308 5978 1322 6003 ,
1355 5939 1538 6008 frater,
1569 5934 1760 6009 effudi,
1792 5942 1932 5997 sicut

2025 4834 2255 4883 exeunte
2280 4836 2488 4896 portam
2520 4824 2781 4905 civitatis,
2813 4827 3053 4898 suscepit
3080 4844 3203 4883 eum
3250 4830 3440 4884 mulier
3487 4844 3608 4894 pro-

2025 4916 2232 4991 cidens,
2256 4924 2311 4972 et
2330 4917 2515 4973 dicens
2538 4936 2550 4971 :
2573 4915 2797 4973 Vindica
2821 4934 2928 4985 me,
2952 4920 3200 4989 quoniam
3231 4920 3477 4989 injuriatrt
3511 4934 3604 4988 pa.

2030 5008 2131 5065 tior
2159 5026 2188 5064 a
2213 4996 2412 5080 genero
2437 5024 2576 5066 meo.
2601 5010 2928 5077 Quibusdam
2948 5027 3072 5082 ergo
3094 5012 3162 5066 de
3182 5012 3441 5079 obsequio
3470 5009 3607 5078 ejus,

2027 5106 2117 5174 qui
2164 5104 2428 5159 habebant
2467 5103 2845 5160 conﬁdentiam
2895 5103 3033 5173 apud
3076 5118 3222 5169 eum,
3268 5102 3607 5156 dicentibus:

2032 5197 2164 5275 Quia
2177 5212 2297 5252 cum
2316 5211 2563 5251 reversus
2576 5193 2766 5264 tueris,
2784 5211 2999 5251 causam
3021 5194 3137 5264 ejus
3149 5192 3331 5247 facies.
3359 5193 3608 5262 Respon-

2031 5284 2107 5345 dit
2162 5286 2594 5360 sapientissimus
2626 5304 2642 5341 :
2678 5288 2742 5344 Et
2786 5287 3054 5357 quomodo
3099 5284 3244 5340 Deus
3309 5286 3611 5342 orationem

2033 5392 2275 5437 nostram
2322 5380 2599 5450 suscipiet,
2647 5380 2693 5435 si
2715 5394 2815 5451 ego
2863 5380 3016 5434 istam
3064 5378 3456 5447 postposuere?
3484 5378 3615 5448 Quis

2034 5476 2163 5531 mihi
2196 5476 2484 5546 spopondit
2516 5483 2575 5530 ut
2605 5474 2779 5530 vivam
2810 5488 2909 5542 ego
2931 5473 2983 5526 in
3005 5470 3339 5528 crastinum?
3365 5481 3419 5529 et
3438 5472 3527 5528 ibo
3549 5475 3617 5529 ad

2036 5562 2331 5635 Christum,
2349 5584 2443 5637 pro
2459 5584 2519 5623 ea
2538 5568 2799 5623 rationem
2820 5564 3154 5621 redditurus?
3173 5566 3239 5621 Et
3256 5581 3361 5622 non
3389 5565 3618 5633 recessit

2033 5657 2099 5713 de
2121 5658 2238 5713 loco
2260 5659 2371 5726 illo,
2392 5673 2561 5728 usque
2581 5657 2706 5712 dum
2729 5657 2872 5725 quod
2893 5657 3022 5713 satis
3044 5659 3095 5713 ei
3118 5668 3237 5715 erat
3257 5658 3369 5715 ﬁeri
3391 5657 3614 5719 lueret.

2104 5748 2233 5804 Car.
2264 5742 2454 5804 XXXI.
2498 5778 2568 5789 —
2589 5749 2669 5804 Ad
2701 5748 3028 5806 voluntatem
3061 5751 3218 5823 igitur
3257 5749 3621 5809 memorabilia

2035 5840 2216 5912 hujus,
2252 5856 2371 5911 quae
2403 5852 2514 5897 tota
2545 5842 2603 5897 in
2629 5841 2741 5900 Deo
2768 5852 2906 5909 erat,
2935 5845 3079 5898 misit
3108 5845 3156 5898 ei
3188 5842 3330 5898 Deus
3358 5846 3502 5899 viros
3526 5856 3618 5896 sa-

2038 5937 2245 6007 pientes
2274 5946 2328 5991 et
2352 5944 2566 6008 semper
2605 5920 3003 6005 memorandus,
3031 5939 3290 5994 Joannem
3315 5945 3367 5991 et
3386 5936 3614 6005 Sophro-

4087 1060 4091 1223 ί
