  <div class='ocr_page' id='page_1' title='image "/cluster/home/n/w/nwhite01/storage/ocr_20150623/73/hvd.32044011474434/189.png"; bbox 0 0 4142 6350; ppageno 0'>
   <div class='ocr_carea' id='block_1_1' title="bbox 559 379 657 442">
    <p class='ocr_par' dir='ltr' id='par_1_1' title="bbox 559 379 657 442">
     <span class='ocr_line' id='line_1_1' title="bbox 559 379 657 442; baseline -0.082 0"><span class='ocrx_word' id='word_1_1' title='bbox 559 379 657 442; x_wconf 69' lang='grc' dir='ltr'><strong>ὅϋἹ</strong></span> 
     </span>
    </p>
   </div>
   <div class='ocr_carea' id='block_1_2' title="bbox 1608 363 2786 433">
    <p class='ocr_par' dir='ltr' id='par_1_2' title="bbox 1608 363 2786 433">
     <span class='ocr_line' id='line_1_2' title="bbox 1608 363 2786 433; baseline -0.01 0"><span class='ocrx_word' id='word_1_2' title='bbox 1608 375 1698 433; x_wconf 87' lang='lat' dir='ltr'><strong>DE</strong></span> <span class='ocrx_word' id='word_1_3' title='bbox 1737 373 1911 432; x_wconf 79' lang='lat' dir='ltr'><strong><em>VITIS</em></strong></span> <span class='ocrx_word' id='word_1_4' title='bbox 1947 368 2229 429; x_wconf 78' lang='lat' dir='ltr'><strong>PATRUM</strong></span> <span class='ocrx_word' id='word_1_5' title='bbox 2267 367 2469 424; x_wconf 80' lang='lat' dir='ltr'><strong>LIBER</strong></span> <span class='ocrx_word' id='word_1_6' title='bbox 2511 363 2786 424; x_wconf 82' lang='lat' dir='ltr'><strong>PRIMUS.</strong></span> 
     </span>
    </p>
   </div>
   <div class='ocr_carea' id='block_1_3' title="bbox 3727 359 3826 418">
    <p class='ocr_par' dir='ltr' id='par_1_3' title="bbox 3727 359 3826 418">
     <span class='ocr_line' id='line_1_3' title="bbox 3727 359 3826 418; baseline 0.04 -4"><span class='ocrx_word' id='word_1_7' title='bbox 3727 359 3826 418; x_wconf 77' lang='grc'><strong>568</strong></span> 
     </span>
    </p>
   </div>
   <div class='ocr_carea' id='block_1_4' title="bbox 564 477 3828 562">
    <p class='ocr_par' dir='ltr' id='par_1_4' title="bbox 564 477 3828 562">
     <span class='ocr_line' id='line_1_4' title="bbox 564 477 3828 562; baseline -0.007 -6"><span class='ocrx_word' id='word_1_8' title='bbox 564 502 735 557; x_wconf 88' lang='lat' dir='ltr'><strong>nium.</strong></span> <span class='ocrx_word' id='word_1_9' title='bbox 767 497 1069 556; x_wconf 90' lang='lat' dir='ltr'><strong>Consiliarii</strong></span> <span class='ocrx_word' id='word_1_10' title='bbox 1099 499 1240 556; x_wconf 90' lang='lat' dir='ltr'><strong>enim</strong></span> <span class='ocrx_word' id='word_1_11' title='bbox 1281 505 1433 554; x_wconf 89' lang='lat' dir='ltr'><strong>erant</strong></span> <span class='ocrx_word' id='word_1_12' title='bbox 1463 498 1730 552; x_wconf 74' lang='lat' dir='ltr'><strong>veraciter</strong></span> <span class='ocrx_word' id='word_1_13' title='bbox 1759 494 1917 561; x_wconf 91' lang='lat' dir='ltr'><strong>boni,</strong></span> <span class='ocrx_word' id='word_1_14' title='bbox 1951 492 2143 562; x_wconf 87' lang='lat' dir='ltr'><strong>quibus</strong></span> <span class='ocrx_word' id='word_1_15' title='bbox 2171 489 2222 549; x_wconf 83' lang='lat' dir='ltr'><strong>A</strong></span> <span class='ocrx_word' id='word_1_16' title='bbox 2249 486 2451 542; x_wconf 90' lang='lat' dir='ltr'><strong>versari</strong></span> <span class='ocrx_word' id='word_1_17' title='bbox 2503 486 2678 552; x_wconf 89' lang='lat' dir='ltr'><strong>hunc;</strong></span> <span class='ocrx_word' id='word_1_18' title='bbox 2731 481 2979 538; x_wconf 77' lang='lat' dir='ltr'><strong>dicebant</strong></span> <span class='ocrx_word' id='word_1_19' title='bbox 3005 480 3149 535; x_wconf 91' lang='lat' dir='ltr'><strong>enim</strong></span> <span class='ocrx_word' id='word_1_20' title='bbox 3199 477 3255 534; x_wconf 89' lang='lat' dir='ltr'><strong>hi</strong></span> <span class='ocrx_word' id='word_1_21' title='bbox 3298 478 3387 550; x_wconf 85' lang='lat' dir='ltr'><strong>qui</strong></span> <span class='ocrx_word' id='word_1_22' title='bbox 3416 478 3470 535; x_wconf 91' lang='lat' dir='ltr'><strong>in</strong></span> <span class='ocrx_word' id='word_1_23' title='bbox 3504 486 3828 534; x_wconf 87' lang='lat' dir='ltr'><strong>testamento</strong></span> 
     </span>
    </p>
   </div>
   <div class='ocr_carea' id='block_1_5' title="bbox 563 585 2134 665">
    <p class='ocr_par' dir='ltr' id='par_1_5' title="bbox 563 585 2134 665">
     <span class='ocr_line' id='line_1_5' title="bbox 563 585 2134 665; baseline -0.008 -15"><span class='ocrx_word' id='word_1_24' title='bbox 563 604 619 650; x_wconf 88' lang='lat' dir='ltr'><strong>et</strong></span> <span class='ocrx_word' id='word_1_25' title='bbox 648 603 899 665; x_wconf 82' lang='lat' dir='ltr'><strong>tanquam</strong></span> <span class='ocrx_word' id='word_1_26' title='bbox 932 592 1170 664; x_wconf 75' lang='lat' dir='ltr'><strong>patribus</strong></span> <span class='ocrx_word' id='word_1_27' title='bbox 1198 590 1485 646; x_wconf 85' lang='lat' dir='ltr'><strong>indiscrete</strong></span> <span class='ocrx_word' id='word_1_28' title='bbox 1512 587 1817 654; x_wconf 89' lang='lat' dir='ltr'><strong>obediebat,</strong></span> <span class='ocrx_word' id='word_1_29' title='bbox 1852 595 1908 641; x_wconf 90' lang='lat' dir='ltr'><strong>et</strong></span> <span class='ocrx_word' id='word_1_30' title='bbox 1933 585 2134 654; x_wconf 78' lang='lat' dir='ltr'><strong>gratias</strong></span> 
     </span>
    </p>
   </div>
   <div class='ocr_carea' id='block_1_6' title="bbox 561 679 2146 757">
    <p class='ocr_par' dir='ltr' id='par_1_6' title="bbox 561 679 2146 757">
     <span class='ocr_line' id='line_1_6' title="bbox 561 679 2146 757; baseline -0.006 -14"><span class='ocrx_word' id='word_1_31' title='bbox 561 687 772 757; x_wconf 86' lang='lat' dir='ltr'><strong>agebat,</strong></span> <span class='ocrx_word' id='word_1_32' title='bbox 827 696 1077 757; x_wconf 84' lang='lat' dir='ltr'><strong>tanquam</strong></span> <span class='ocrx_word' id='word_1_33' title='bbox 1127 685 1496 741; x_wconf 84' lang='lat' dir='ltr'><strong>constantibus</strong></span> <span class='ocrx_word' id='word_1_34' title='bbox 1545 681 1779 738; x_wconf 79' lang='lat' dir='ltr'><strong>maxime</strong></span> <span class='ocrx_word' id='word_1_35' title='bbox 1821 689 1875 736; x_wconf 90' lang='lat' dir='ltr'><strong>et</strong></span> <span class='ocrx_word' id='word_1_36' title='bbox 1922 679 2146 734; x_wconf 84' lang='lat' dir='ltr'><strong>viriliter</strong></span> 
     </span>
    </p>
   </div>
   <div class='ocr_carea' id='block_1_7' title="bbox 561 773 2144 851">
    <p class='ocr_par' dir='ltr' id='par_1_7' title="bbox 561 773 2144 851">
     <span class='ocr_line' id='line_1_7' title="bbox 561 773 2144 851; baseline -0.005 -16"><span class='ocrx_word' id='word_1_37' title='bbox 561 781 841 851; x_wconf 81' lang='lat' dir='ltr'><strong>agentibus</strong></span> <span class='ocrx_word' id='word_1_38' title='bbox 891 781 1148 836; x_wconf 85' lang='lat' dir='ltr'><strong>militibus</strong></span> <span class='ocrx_word' id='word_1_39' title='bbox 1201 795 1296 850; x_wconf 91' lang='lat' dir='ltr'><strong>pro</strong></span> <span class='ocrx_word' id='word_1_40' title='bbox 1349 781 1545 850; x_wconf 90' lang='lat' dir='ltr'><strong>pietate</strong></span> <span class='ocrx_word' id='word_1_41' title='bbox 1589 776 1883 848; x_wconf 82' lang='lat' dir='ltr'><strong>religionis.</strong></span> <span class='ocrx_word' id='word_1_42' title='bbox 1933 773 2144 830; x_wconf 87' lang='lat' dir='ltr'><strong>Etenim</strong></span> 
     </span>
    </p>
   </div>
   <div class='ocr_carea' id='block_1_8' title="bbox 559 866 2140 942">
    <p class='ocr_par' dir='ltr' id='par_1_8' title="bbox 559 866 2140 942">
     <span class='ocr_line' id='line_1_8' title="bbox 559 866 2140 942; baseline -0.006 -14"><span class='ocrx_word' id='word_1_43' title='bbox 559 874 730 928; x_wconf 86' lang='lat' dir='ltr'><strong>sancti</strong></span> <span class='ocrx_word' id='word_1_44' title='bbox 758 873 985 942; x_wconf 90' lang='lat' dir='ltr'><strong>Spiritus</strong></span> <span class='ocrx_word' id='word_1_45' title='bbox 1014 873 1209 928; x_wconf 82' lang='lat' dir='ltr'><strong>virtute</strong></span> <span class='ocrx_word' id='word_1_46' title='bbox 1239 871 1383 936; x_wconf 82' lang='lat' dir='ltr'><strong>freti,</strong></span> <span class='ocrx_word' id='word_1_47' title='bbox 1417 881 1470 927; x_wconf 92' lang='lat' dir='ltr'><strong>et</strong></span> <span class='ocrx_word' id='word_1_48' title='bbox 1499 886 1622 926; x_wconf 91' lang='lat' dir='ltr'><strong>cum</strong></span> <span class='ocrx_word' id='word_1_49' title='bbox 1651 868 1999 926; x_wconf 90' lang='lat' dir='ltr'><strong>Severianitis</strong></span> <span class='ocrx_word' id='word_1_50' title='bbox 2025 866 2140 937; x_wconf 83' lang='grc'><strong>(75)</strong></span> 
     </span>
    </p>
   </div>
   <div class='ocr_carea' id='block_1_9' title="bbox 562 961 2150 1036">
    <p class='ocr_par' dir='ltr' id='par_1_9' title="bbox 562 961 2150 1036">
     <span class='ocr_line' id='line_1_9' title="bbox 562 961 2150 1036; baseline -0.003 -16"><span class='ocrx_word' id='word_1_51' title='bbox 562 982 624 1021; x_wconf 90' lang='lat' dir='ltr'><strong>ac</strong></span> <span class='ocrx_word' id='word_1_52' title='bbox 653 969 861 1023; x_wconf 85' lang='lat' dir='ltr'><strong>caeteris</strong></span> <span class='ocrx_word' id='word_1_53' title='bbox 887 968 1026 1022; x_wconf 88' lang='lat' dir='ltr'><strong>circa</strong></span> <span class='ocrx_word' id='word_1_54' title='bbox 1053 969 1326 1036; x_wconf 85' lang='lat' dir='ltr'><strong>regionem</strong></span> <span class='ocrx_word' id='word_1_55' title='bbox 1348 967 1699 1022; x_wconf 75' lang='lat' dir='ltr'><strong>existentibus</strong></span> <span class='ocrx_word' id='word_1_56' title='bbox 1723 963 2011 1019; x_wconf 86' lang='lat' dir='ltr'><strong>immundis</strong></span> <span class='ocrx_word' id='word_1_57' title='bbox 2037 961 2150 1016; x_wconf 71' lang='lat' dir='ltr'><strong>ha:-</strong></span> 
     </span>
    </p>
   </div>
   <div class='ocr_carea' id='block_1_10' title="bbox 558 1055 2148 1133">
    <p class='ocr_par' dir='ltr' id='par_1_10' title="bbox 558 1055 2148 1133">
     <span class='ocr_line' id='line_1_10' title="bbox 558 1055 2148 1133; baseline -0.005 -17"><span class='ocrx_word' id='word_1_58' title='bbox 558 1062 738 1116; x_wconf 88' lang='lat' dir='ltr'><strong>reticis</strong></span> <span class='ocrx_word' id='word_1_59' title='bbox 770 1062 1028 1130; x_wconf 88' lang='lat' dir='ltr'><strong>sapientia</strong></span> <span class='ocrx_word' id='word_1_60' title='bbox 1050 1061 1166 1133; x_wconf 56' lang='lat' dir='ltr'><strong>:sua</strong></span> <span class='ocrx_word' id='word_1_61' title='bbox 1206 1077 1268 1116; x_wconf 90' lang='lat' dir='ltr'><strong>ac</strong></span> <span class='ocrx_word' id='word_1_62' title='bbox 1313 1059 1760 1131; x_wconf 88' lang='lat' dir='ltr'><strong>disputationibus</strong></span> <span class='ocrx_word' id='word_1_63' title='bbox 1792 1071 2022 1129; x_wconf 81' lang='lat' dir='ltr'><strong>pugnam</strong></span> <span class='ocrx_word' id='word_1_64' title='bbox 2052 1055 2148 1108; x_wconf 87' lang='lat' dir='ltr'><strong>ha-</strong></span> 
     </span>
    </p>
   </div>
   <div class='ocr_carea' id='block_1_11' title="bbox 559 1148 2149 1224">
    <p class='ocr_par' dir='ltr' id='par_1_11' title="bbox 559 1148 2149 1224">
     <span class='ocr_line' id='line_1_11' title="bbox 559 1148 2149 1224; baseline -0.004 -17"><span class='ocrx_word' id='word_1_65' title='bbox 559 1153 745 1208; x_wconf 89' lang='lat' dir='ltr'><strong>bentes</strong></span> <span class='ocrx_word' id='word_1_66' title='bbox 769 1163 822 1208; x_wconf 89' lang='lat' dir='ltr'><strong>et</strong></span> <span class='ocrx_word' id='word_1_67' title='bbox 865 1153 1197 1222; x_wconf 84' lang='lat' dir='ltr'><strong>conflictum,</strong></span> <span class='ocrx_word' id='word_1_68' title='bbox 1241 1154 1400 1209; x_wconf 88' lang='lat' dir='ltr'><strong>multa</strong></span> <span class='ocrx_word' id='word_1_69' title='bbox 1448 1152 1660 1224; x_wconf 89' lang='lat' dir='ltr'><strong>quidem</strong></span> <span class='ocrx_word' id='word_1_70' title='bbox 1687 1151 1930 1218; x_wconf 89' lang='lat' dir='ltr'><strong>castella,</strong></span> <span class='ocrx_word' id='word_1_71' title='bbox 1957 1148 2149 1218; x_wconf 87' lang='lat' dir='ltr'><strong>plures-</strong></span> 
     </span>
    </p>
   </div>
   <div class='ocr_carea' id='block_1_12' title="bbox 559 1229 2143 1315">
    <p class='ocr_par' dir='ltr' id='par_1_12' title="bbox 559 1229 2143 1315">
     <span class='ocr_line' id='line_1_12' title="bbox 559 1229 2143 1315; baseline -0.003 -16"><span class='ocrx_word' id='word_1_72' title='bbox 559 1261 664 1315; x_wconf 90' lang='lat' dir='ltr'><strong>que</strong></span> <span class='ocrx_word' id='word_1_73' title='bbox 689 1229 965 1314; x_wconf 85' lang='lat' dir='ltr'><strong>ecclesias,</strong></span> <span class='ocrx_word' id='word_1_74' title='bbox 999 1247 1248 1302; x_wconf 89' lang='lat' dir='ltr'><strong>similiter</strong></span> <span class='ocrx_word' id='word_1_75' title='bbox 1287 1256 1340 1302; x_wconf 89' lang='lat' dir='ltr'><strong>et</strong></span> <span class='ocrx_word' id='word_1_76' title='bbox 1369 1245 1691 1302; x_wconf 86' lang='lat' dir='ltr'><strong>monasteria</strong></span> <span class='ocrx_word' id='word_1_77' title='bbox 1739 1245 1805 1298; x_wconf 91' lang='lat' dir='ltr'><strong>ab</strong></span> <span class='ocrx_word' id='word_1_78' title='bbox 1836 1258 1930 1297; x_wconf 90' lang='lat' dir='ltr'><strong>ore</strong></span> <span class='ocrx_word' id='word_1_79' title='bbox 1961 1242 2143 1295; x_wconf 90' lang='lat' dir='ltr'><strong>talium</strong></span> 
     </span>
    </p>
   </div>
   <div class='ocr_carea' id='block_1_13' title="bbox 559 1333 2147 1409">
    <p class='ocr_par' dir='ltr' id='par_1_13' title="bbox 559 1333 2147 1409">
     <span class='ocr_line' id='line_1_13' title="bbox 559 1333 2147 1409; baseline -0.003 -17"><span class='ocrx_word' id='word_1_80' title='bbox 559 1336 875 1404; x_wconf 87' lang='lat' dir='ltr'><strong>bestiarum,</strong></span> <span class='ocrx_word' id='word_1_81' title='bbox 911 1347 1164 1409; x_wconf 88' lang='lat' dir='ltr'><strong>tanquam</strong></span> <span class='ocrx_word' id='word_1_82' title='bbox 1199 1339 1324 1394; x_wconf 90' lang='lat' dir='ltr'><strong>boui</strong></span> <span class='ocrx_word' id='word_1_83' title='bbox 1356 1347 1595 1408; x_wconf 86' lang='lat' dir='ltr'><strong>pastores</strong></span> <span class='ocrx_word' id='word_1_84' title='bbox 1616 1381 1631 1405; x_wconf 92' lang='lat'><strong>,</strong></span> <span class='ocrx_word' id='word_1_85' title='bbox 1666 1336 1899 1392; x_wconf 87' lang='lat' dir='ltr'><strong>evellere</strong></span> <span class='ocrx_word' id='word_1_86' title='bbox 1928 1333 2147 1388; x_wconf 86' lang='lat' dir='ltr'><strong>studue-</strong></span> 
     </span>
    </p>
   </div>
   <div class='ocr_carea' id='block_1_14' title="bbox 557 1424 2141 1498">
    <p class='ocr_par' dir='ltr' id='par_1_14' title="bbox 557 1424 2141 1498">
     <span class='ocr_line' id='line_1_14' title="bbox 557 1424 2141 1498; baseline -0.003 -15"><span class='ocrx_word' id='word_1_87' title='bbox 557 1436 702 1497; x_wconf 86' lang='lat' dir='ltr'><strong>runt,</strong></span> <span class='ocrx_word' id='word_1_88' title='bbox 736 1437 954 1497; x_wconf 87' lang='lat' dir='ltr'><strong>propter</strong></span> <span class='ocrx_word' id='word_1_89' title='bbox 975 1428 1116 1498; x_wconf 91' lang='lat' dir='ltr'><strong>quod</strong></span> <span class='ocrx_word' id='word_1_90' title='bbox 1146 1437 1199 1483; x_wconf 85' lang='lat' dir='ltr'><strong>et</strong></span> <span class='ocrx_word' id='word_1_91' title='bbox 1225 1429 1456 1483; x_wconf 79' lang='lat' dir='ltr'><strong>maxime</strong></span> <span class='ocrx_word' id='word_1_92' title='bbox 1503 1426 1792 1496; x_wconf 88' lang='lat' dir='ltr'><strong>plurimum</strong></span> <span class='ocrx_word' id='word_1_93' title='bbox 1843 1424 2141 1480; x_wconf 82' lang='lat' dir='ltr'><strong>honorabat</strong></span> 
     </span>
    </p>
   </div>
   <div class='ocr_carea' id='block_1_15' title="bbox 557 1519 1597 1576">
    <p class='ocr_par' dir='ltr' id='par_1_15' title="bbox 557 1519 1597 1576">
     <span class='ocr_line' id='line_1_15' title="bbox 557 1519 1597 1576; baseline -0.003 -1"><span class='ocrx_word' id='word_1_94' title='bbox 557 1530 776 1576; x_wconf 88' lang='lat' dir='ltr'><strong>sanctos</strong></span> <span class='ocrx_word' id='word_1_95' title='bbox 805 1521 903 1574; x_wconf 90' lang='lat' dir='ltr'><strong>hos</strong></span> <span class='ocrx_word' id='word_1_96' title='bbox 933 1520 1023 1574; x_wconf 90' lang='lat' dir='ltr'><strong>ille</strong></span> <span class='ocrx_word' id='word_1_97' title='bbox 1051 1534 1179 1575; x_wconf 88' lang='lat' dir='ltr'><strong>vere</strong></span> <span class='ocrx_word' id='word_1_98' title='bbox 1209 1519 1597 1574; x_wconf 90' lang='lat' dir='ltr'><strong>sanctissimus.</strong></span> 
     </span>
    </p>
   </div>
   <div class='ocr_carea' id='block_1_16' title="bbox 627 1607 2148 1679">
    <p class='ocr_par' dir='ltr' id='par_1_16' title="bbox 627 1607 2148 1679">
     <span class='ocr_line' id='line_1_16' title="bbox 627 1607 2148 1679; baseline -0.005 -11"><span class='ocrx_word' id='word_1_99' title='bbox 627 1613 759 1668; x_wconf 66' lang='lat' dir='ltr'><strong>Car.</strong></span> <span class='ocrx_word' id='word_1_100' title='bbox 793 1611 1006 1667; x_wconf 81' lang='lat' dir='ltr'><strong>XXXII.</strong></span> <span class='ocrx_word' id='word_1_101' title='bbox 1038 1612 1165 1666; x_wconf 91' lang='lat' dir='ltr'><strong>—Si</strong></span> <span class='ocrx_word' id='word_1_102' title='bbox 1180 1627 1307 1667; x_wconf 90' lang='lat' dir='ltr'><strong>vero</strong></span> <span class='ocrx_word' id='word_1_103' title='bbox 1328 1611 1519 1666; x_wconf 88' lang='lat' dir='ltr'><strong>alicubi</strong></span> <span class='ocrx_word' id='word_1_104' title='bbox 1537 1609 1976 1679; x_wconf 89' lang='lat' dir='ltr'><strong>aliquemdurum</strong></span> <span class='ocrx_word' id='word_1_105' title='bbox 1998 1616 2052 1662; x_wconf 91' lang='lat' dir='ltr'><strong>et</strong></span> <span class='ocrx_word' id='word_1_106' title='bbox 2075 1607 2148 1661; x_wconf 89' lang='lat' dir='ltr'><strong>in-</strong></span> 
     </span>
    </p>
   </div>
   <div class='ocr_carea' id='block_1_17' title="bbox 560 1703 2148 1774">
    <p class='ocr_par' dir='ltr' id='par_1_17' title="bbox 560 1703 2148 1774">
     <span class='ocr_line' id='line_1_17' title="bbox 560 1703 2148 1774; baseline -0.004 -14"><span class='ocrx_word' id='word_1_107' title='bbox 560 1706 852 1760; x_wconf 88' lang='lat' dir='ltr'><strong>humanum</strong></span> <span class='ocrx_word' id='word_1_108' title='bbox 877 1714 932 1760; x_wconf 92' lang='lat' dir='ltr'><strong>et</strong></span> <span class='ocrx_word' id='word_1_109' title='bbox 971 1719 1344 1774; x_wconf 85' lang='lat' dir='ltr'><strong>percussorem</strong></span> <span class='ocrx_word' id='word_1_110' title='bbox 1368 1705 1507 1759; x_wconf 91' lang='lat' dir='ltr'><strong>circa</strong></span> <span class='ocrx_word' id='word_1_111' title='bbox 1532 1703 1778 1774; x_wconf 85' lang='lat' dir='ltr'><strong>proprios</strong></span> <span class='ocrx_word' id='word_1_112' title='bbox 1799 1717 1987 1758; x_wconf 88' lang='lat' dir='ltr'><strong>servos</strong></span> <span class='ocrx_word' id='word_1_113' title='bbox 2023 1715 2148 1756; x_wconf 91' lang='lat' dir='ltr'><strong>sen-</strong></span> 
     </span>
    </p>
   </div>
   <div class='ocr_carea' id='block_1_18' title="bbox 561 1792 2148 1863">
    <p class='ocr_par' dir='ltr' id='par_1_18' title="bbox 561 1792 2148 1863">
     <span class='ocr_line' id='line_1_18' title="bbox 561 1792 2148 1863; baseline -0.004 -9"><span class='ocrx_word' id='word_1_114' title='bbox 561 1797 730 1854; x_wconf 86' lang='lat' dir='ltr'><strong>tiebat</strong></span> <span class='ocrx_word' id='word_1_115' title='bbox 746 1797 836 1851; x_wconf 90' lang='lat' dir='ltr'><strong>ille</strong></span> <span class='ocrx_word' id='word_1_116' title='bbox 855 1797 1067 1862; x_wconf 83' lang='lat' dir='ltr'><strong>beatus,</strong></span> <span class='ocrx_word' id='word_1_117' title='bbox 1085 1797 1226 1851; x_wconf 90' lang='lat' dir='ltr'><strong>hunc</strong></span> <span class='ocrx_word' id='word_1_118' title='bbox 1241 1797 1412 1863; x_wconf 91' lang='lat' dir='ltr'><strong>primo</strong></span> <span class='ocrx_word' id='word_1_119' title='bbox 1430 1795 1782 1862; x_wconf 85' lang='lat' dir='ltr'><strong>convocabat,</strong></span> <span class='ocrx_word' id='word_1_120' title='bbox 1806 1804 1993 1850; x_wconf 88' lang='lat' dir='ltr'><strong>etcum</strong></span> <span class='ocrx_word' id='word_1_121' title='bbox 2023 1792 2148 1847; x_wconf 91' lang='lat' dir='ltr'><strong>mul-</strong></span> 
     </span>
    </p>
   </div>
   <div class='ocr_carea' id='block_1_19' title="bbox 2253 568 3827 650">
    <p class='ocr_par' dir='ltr' id='par_1_19' title="bbox 2253 568 3827 650">
     <span class='ocr_line' id='line_1_19' title="bbox 2253 568 3827 650; baseline -0.006 -17"><span class='ocrx_word' id='word_1_122' title='bbox 2253 579 2415 650; x_wconf 91' lang='lat' dir='ltr'><strong>patris</strong></span> <span class='ocrx_word' id='word_1_123' title='bbox 2444 577 2562 648; x_wconf 88' lang='lat' dir='ltr'><strong>ejus</strong></span> <span class='ocrx_word' id='word_1_124' title='bbox 2591 577 2792 632; x_wconf 90' lang='lat' dir='ltr'><strong>inventi</strong></span> <span class='ocrx_word' id='word_1_125' title='bbox 2828 582 2952 630; x_wconf 85' lang='lat' dir='ltr'><strong>sunt</strong></span> <span class='ocrx_word' id='word_1_126' title='bbox 2991 579 3180 639; x_wconf 87' lang='lat' dir='ltr'><strong>testes,</strong></span> <span class='ocrx_word' id='word_1_127' title='bbox 3217 570 3343 639; x_wconf 91' lang='lat' dir='ltr'><strong>quia</strong></span> <span class='ocrx_word' id='word_1_128' title='bbox 3383 584 3490 625; x_wconf 92' lang='lat' dir='ltr'><strong>non</strong></span> <span class='ocrx_word' id='word_1_129' title='bbox 3521 568 3730 624; x_wconf 79' lang='lat' dir='ltr'><strong>dimisit</strong></span> <span class='ocrx_word' id='word_1_130' title='bbox 3754 569 3827 639; x_wconf 91' lang='lat' dir='ltr'><strong>ei,</strong></span> 
     </span>
    </p>
   </div>
   <div class='ocr_carea' id='block_1_20' title="bbox 2249 662 3829 741">
    <p class='ocr_par' dir='ltr' id='par_1_20' title="bbox 2249 662 3829 741">
     <span class='ocr_line' id='line_1_20' title="bbox 2249 662 3829 741; baseline -0.008 -14"><span class='ocrx_word' id='word_1_131' title='bbox 2249 671 2484 738; x_wconf 90' lang='lat' dir='ltr'><strong>domine,</strong></span> <span class='ocrx_word' id='word_1_132' title='bbox 2532 680 2684 741; x_wconf 88' lang='lat' dir='ltr'><strong>pater</strong></span> <span class='ocrx_word' id='word_1_133' title='bbox 2730 671 2846 740; x_wconf 89' lang='lat' dir='ltr'><strong>ejus</strong></span> <span class='ocrx_word' id='word_1_134' title='bbox 2877 667 3115 723; x_wconf 90' lang='lat' dir='ltr'><strong>moriens</strong></span> <span class='ocrx_word' id='word_1_135' title='bbox 3144 679 3314 736; x_wconf 90' lang='lat' dir='ltr'><strong>usque</strong></span> <span class='ocrx_word' id='word_1_136' title='bbox 3342 665 3406 718; x_wconf 86' lang='lat' dir='ltr'><strong>ad</strong></span> <span class='ocrx_word' id='word_1_137' title='bbox 3437 677 3605 718; x_wconf 93' lang='lat' dir='ltr'><strong>unum</strong></span> <span class='ocrx_word' id='word_1_138' title='bbox 3652 662 3829 717; x_wconf 90' lang='lat' dir='ltr'><strong>numi-</strong></span> 
     </span>
    </p>
   </div>
   <div class='ocr_carea' id='block_1_21' title="bbox 2249 753 3831 830">
    <p class='ocr_par' dir='ltr' id='par_1_21' title="bbox 2249 753 3831 830">
     <span class='ocr_line' id='line_1_21' title="bbox 2249 753 3831 830; baseline -0.006 -13"><span class='ocrx_word' id='word_1_139' title='bbox 2249 777 2400 830; x_wconf 90' lang='lat' dir='ltr'><strong>sma;</strong></span> <span class='ocrx_word' id='word_1_140' title='bbox 2453 762 2548 818; x_wconf 90' lang='lat' dir='ltr'><strong>sed</strong></span> <span class='ocrx_word' id='word_1_141' title='bbox 2598 762 2798 817; x_wconf 86' lang='lat' dir='ltr'><strong>habens</strong></span> <span class='ocrx_word' id='word_1_142' title='bbox 2844 759 3029 815; x_wconf 90' lang='lat' dir='ltr'><strong>decem</strong></span> <span class='ocrx_word' id='word_1_143' title='bbox 3081 757 3245 813; x_wconf 89' lang='lat' dir='ltr'><strong>libras</strong></span> <span class='ocrx_word' id='word_1_144' title='bbox 3276 754 3412 819; x_wconf 87' lang='lat' dir='ltr'><strong>auri,</strong></span> <span class='ocrx_word' id='word_1_145' title='bbox 3461 753 3679 808; x_wconf 84' lang='lat' dir='ltr'><strong>adducit</strong></span> <span class='ocrx_word' id='word_1_146' title='bbox 3708 768 3831 808; x_wconf 90' lang='lat' dir='ltr'><strong>eum</strong></span> 
     </span>
    </p>
   </div>
   <div class='ocr_carea' id='block_1_22' title="bbox 2248 846 3829 927">
    <p class='ocr_par' dir='ltr' id='par_1_22' title="bbox 2248 846 3829 927">
     <span class='ocr_line' id='line_1_22' title="bbox 2248 846 3829 927; baseline -0.008 -15"><span class='ocrx_word' id='word_1_147' title='bbox 2248 857 2362 927; x_wconf 89' lang='lat' dir='ltr'><strong>ipsa</strong></span> <span class='ocrx_word' id='word_1_148' title='bbox 2392 855 2520 910; x_wconf 91' lang='lat' dir='ltr'><strong>hora</strong></span> <span class='ocrx_word' id='word_1_149' title='bbox 2549 854 2760 925; x_wconf 86' lang='lat' dir='ltr'><strong>quando</strong></span> <span class='ocrx_word' id='word_1_150' title='bbox 2783 859 3158 908; x_wconf 85' lang='lat' dir='ltr'><strong>testamentum</strong></span> <span class='ocrx_word' id='word_1_151' title='bbox 3185 848 3474 912; x_wconf 87' lang='lat' dir='ltr'><strong>scribebat,</strong></span> <span class='ocrx_word' id='word_1_152' title='bbox 3497 855 3551 901; x_wconf 91' lang='lat' dir='ltr'><strong>et</strong></span> <span class='ocrx_word' id='word_1_153' title='bbox 3573 846 3701 899; x_wconf 88' lang='lat' dir='ltr'><strong>dicit</strong></span> <span class='ocrx_word' id='word_1_154' title='bbox 3734 846 3783 899; x_wconf 91' lang='lat' dir='ltr'><strong>ei</strong></span> <span class='ocrx_word' id='word_1_155' title='bbox 3815 863 3829 900; x_wconf 89' lang='lat'><strong>:</strong></span> 
     </span>
    </p>
   </div>
   <div class='ocr_carea' id='block_1_23' title="bbox 2251 935 3830 1007">
    <p class='ocr_par' dir='ltr' id='par_1_23' title="bbox 2251 935 3830 1007">
     <span class='ocr_line' id='line_1_23' title="bbox 2251 935 3830 1007; baseline -0.008 -6"><span class='ocrx_word' id='word_1_156' title='bbox 2251 948 2358 1001; x_wconf 84' lang='lat' dir='ltr'><strong>Has</strong></span> <span class='ocrx_word' id='word_1_157' title='bbox 2388 946 2573 1001; x_wconf 89' lang='lat' dir='ltr'><strong>decem</strong></span> <span class='ocrx_word' id='word_1_158' title='bbox 2604 946 2765 999; x_wconf 88' lang='lat' dir='ltr'><strong>libras</strong></span> <span class='ocrx_word' id='word_1_159' title='bbox 2795 943 2954 1007; x_wconf 84' lang='lat' dir='ltr'><strong>habe,</strong></span> <span class='ocrx_word' id='word_1_160' title='bbox 2987 940 3062 994; x_wconf 86' lang='lat' dir='ltr'><strong>fili</strong></span> <span class='ocrx_word' id='word_1_161' title='bbox 3103 938 3196 994; x_wconf 89' lang='lat' dir='ltr'><strong>mi.</strong></span> <span class='ocrx_word' id='word_1_162' title='bbox 3230 937 3390 1004; x_wconf 83' lang='lat' dir='ltr'><strong>Quid,</strong></span> <span class='ocrx_word' id='word_1_163' title='bbox 3440 937 3521 991; x_wconf 85' lang='lat' dir='ltr'><strong>vis</strong></span> <span class='ocrx_word' id='word_1_164' title='bbox 3566 935 3830 992; x_wconf 87' lang='lat' dir='ltr'><strong>dimittam</strong></span> 
     </span>
    </p>
   </div>
   <div class='ocr_carea' id='block_1_24' title="bbox 2251 1027 3836 1104">
    <p class='ocr_par' dir='ltr' id='par_1_24' title="bbox 2251 1027 3836 1104">
     <span class='ocr_line' id='line_1_24' title="bbox 2251 1027 3836 1104; baseline -0.009 -9"><span class='ocrx_word' id='word_1_165' title='bbox 2251 1040 2343 1096; x_wconf 79' lang='lat' dir='ltr'><strong>tibi</strong></span> <span class='ocrx_word' id='word_1_166' title='bbox 2374 1040 2524 1104; x_wconf 89' lang='lat' dir='ltr'><strong>istas,</strong></span> <span class='ocrx_word' id='word_1_167' title='bbox 2554 1052 2620 1092; x_wconf 88' lang='lat' dir='ltr'><strong>an</strong></span> <span class='ocrx_word' id='word_1_168' title='bbox 2651 1038 2730 1092; x_wconf 86' lang='lat' dir='ltr'><strong>vis</strong></span> <span class='ocrx_word' id='word_1_169' title='bbox 2759 1035 3043 1090; x_wconf 90' lang='lat' dir='ltr'><strong>Dominam</strong></span> <span class='ocrx_word' id='word_1_170' title='bbox 3074 1047 3246 1088; x_wconf 83' lang='lat' dir='ltr'><strong>meam</strong></span> <span class='ocrx_word' id='word_1_171' title='bbox 3276 1030 3370 1084; x_wconf 90' lang='lat' dir='ltr'><strong>Dei</strong></span> <span class='ocrx_word' id='word_1_172' title='bbox 3401 1027 3717 1098; x_wconf 79' lang='lat' dir='ltr'><strong>genitricem</strong></span> <span class='ocrx_word' id='word_1_173' title='bbox 3739 1041 3836 1081; x_wconf 85' lang='lat' dir='ltr'><strong>cu-</strong></span> 
     </span>
    </p>
   </div>
   <div class='ocr_carea' id='block_1_25' title="bbox 2249 1119 3829 1198">
    <p class='ocr_par' dir='ltr' id='par_1_25' title="bbox 2249 1119 3829 1198">
     <span class='ocr_line' id='line_1_25' title="bbox 2249 1119 3829 1198; baseline -0.009 -12"><span class='ocrx_word' id='word_1_174' title='bbox 2249 1140 2483 1188; x_wconf 87' lang='lat' dir='ltr'><strong>ratorem</strong></span> <span class='ocrx_word' id='word_1_175' title='bbox 2505 1139 2559 1184; x_wconf 90' lang='lat' dir='ltr'><strong>et</strong></span> <span class='ocrx_word' id='word_1_176' title='bbox 2585 1125 2950 1198; x_wconf 74' lang='lat' dir='ltr'><strong>provisorem?</strong></span> <span class='ocrx_word' id='word_1_177' title='bbox 2981 1124 3160 1179; x_wconf 84' lang='lat' dir='ltr'><strong>Puero</strong></span> <span class='ocrx_word' id='word_1_178' title='bbox 3183 1135 3312 1177; x_wconf 88' lang='lat' dir='ltr'><strong>vero</strong></span> <span class='ocrx_word' id='word_1_179' title='bbox 3334 1119 3568 1190; x_wconf 87' lang='lat' dir='ltr'><strong>eligente</strong></span> <span class='ocrx_word' id='word_1_180' title='bbox 3588 1125 3829 1174; x_wconf 90' lang='lat' dir='ltr'><strong>sanctam</strong></span> 
     </span>
    </p>
   </div>
   <div class='ocr_carea' id='block_1_26' title="bbox 2252 1212 3834 1294">
    <p class='ocr_par' dir='ltr' id='par_1_26' title="bbox 2252 1212 3834 1294">
     <span class='ocr_line' id='line_1_26' title="bbox 2252 1212 3834 1294; baseline -0.008 -14"><span class='ocrx_word' id='word_1_181' title='bbox 2252 1225 2348 1280; x_wconf 88' lang='lat' dir='ltr'><strong>Dei</strong></span> <span class='ocrx_word' id='word_1_182' title='bbox 2376 1221 2710 1294; x_wconf 87' lang='lat' dir='ltr'><strong>genitricem,</strong></span> <span class='ocrx_word' id='word_1_183' title='bbox 2768 1219 3022 1290; x_wconf 66' lang='lat' dir='ltr'><strong>praecepit</strong></span> <span class='ocrx_word' id='word_1_184' title='bbox 3073 1217 3201 1272; x_wconf 86' lang='lat' dir='ltr'><strong>dare</strong></span> <span class='ocrx_word' id='word_1_185' title='bbox 3250 1223 3438 1269; x_wconf 88' lang='lat' dir='ltr'><strong>cuncta</strong></span> <span class='ocrx_word' id='word_1_186' title='bbox 3492 1212 3834 1282; x_wconf 85' lang='lat' dir='ltr'><strong>pauperibus.</strong></span> 
     </span>
    </p>
   </div>
   <div class='ocr_carea' id='block_1_27' title="bbox 2251 1303 3878 1382">
    <p class='ocr_par' dir='ltr' id='par_1_27' title="bbox 2251 1303 3878 1382">
     <span class='ocr_line' id='line_1_27' title="bbox 2251 1303 3878 1382; baseline -0.008 -12"><span class='ocrx_word' id='word_1_187' title='bbox 2251 1315 2315 1370; x_wconf 88' lang='lat' dir='ltr'><strong>Et</strong></span> <span class='ocrx_word' id='word_1_188' title='bbox 2343 1329 2486 1378; x_wconf 86' lang='lat' dir='ltr'><strong>ecce,</strong></span> <span class='ocrx_word' id='word_1_189' title='bbox 2522 1312 2790 1382; x_wconf 88' lang='lat' dir='ltr'><strong>inquiunt,</strong></span> <span class='ocrx_word' id='word_1_190' title='bbox 2820 1307 3179 1373; x_wconf 85' lang='lat' dir='ltr'><strong>sanctissime,</strong></span> <span class='ocrx_word' id='word_1_191' title='bbox 3215 1307 3267 1361; x_wconf 94' lang='lat' dir='ltr'><strong>in</strong></span> <span class='ocrx_word' id='word_1_192' title='bbox 3298 1304 3466 1360; x_wconf 88' lang='lat' dir='ltr'><strong>multa</strong></span> <span class='ocrx_word' id='word_1_193' title='bbox 3494 1303 3672 1373; x_wconf 88' lang='lat' dir='ltr'><strong>inopia</strong></span> <span class='ocrx_word' id='word_1_194' title='bbox 3703 1317 3835 1358; x_wconf 49' lang='lat' dir='ltr'><strong>con.</strong></span> <span class='ocrx_word' id='word_1_195' title='bbox 3871 1331 3878 1343; x_wconf 84' lang='lat'><strong>-</strong></span> 
     </span>
    </p>
   </div>
   <div class='ocr_carea' id='block_1_28' title="bbox 2251 1394 3842 1472">
    <p class='ocr_par' dir='ltr' id='par_1_28' title="bbox 2251 1394 3842 1472">
     <span class='ocr_line' id='line_1_28' title="bbox 2251 1394 3842 1472; baseline -0.008 -11"><span class='ocrx_word' id='word_1_196' title='bbox 2251 1407 2413 1472; x_wconf 87' lang='lat' dir='ltr'><strong>sistit,</strong></span> <span class='ocrx_word' id='word_1_197' title='bbox 2459 1414 2616 1460; x_wconf 89' lang='lat' dir='ltr'><strong>nocte</strong></span> <span class='ocrx_word' id='word_1_198' title='bbox 2641 1419 2704 1459; x_wconf 91' lang='lat' dir='ltr'><strong>ac</strong></span> <span class='ocrx_word' id='word_1_199' title='bbox 2729 1402 2816 1458; x_wconf 90' lang='lat' dir='ltr'><strong>die</strong></span> <span class='ocrx_word' id='word_1_200' title='bbox 2840 1402 3059 1458; x_wconf 91' lang='lat' dir='ltr'><strong>domum</strong></span> <span class='ocrx_word' id='word_1_201' title='bbox 3103 1399 3345 1454; x_wconf 66' lang='lat' dir='ltr'><strong>Domina:</strong></span> <span class='ocrx_word' id='word_1_202' title='bbox 3376 1406 3575 1452; x_wconf 60' lang='lat' dir='ltr'><strong>nostra:</strong></span> <span class='ocrx_word' id='word_1_203' title='bbox 3606 1410 3711 1450; x_wconf 90' lang='lat' dir='ltr'><strong>non</strong></span> <span class='ocrx_word' id='word_1_204' title='bbox 3743 1394 3842 1449; x_wconf 88' lang='lat' dir='ltr'><strong>de-</strong></span> 
     </span>
    </p>
   </div>
   <div class='ocr_carea' id='block_1_29' title="bbox 2251 1490 3842 1569">
    <p class='ocr_par' dir='ltr' id='par_1_29' title="bbox 2251 1490 3842 1569">
     <span class='ocr_line' id='line_1_29' title="bbox 2251 1490 3842 1569; baseline -0.011 -11"><span class='ocrx_word' id='word_1_205' title='bbox 2251 1516 2457 1558; x_wconf 87' lang='lat' dir='ltr'><strong>serens.</strong></span> <span class='ocrx_word' id='word_1_206' title='bbox 2487 1499 2622 1555; x_wconf 91' lang='lat' dir='ltr'><strong>Cum</strong></span> <span class='ocrx_word' id='word_1_207' title='bbox 2667 1513 2794 1569; x_wconf 87' lang='lat' dir='ltr'><strong>ergo</strong></span> <span class='ocrx_word' id='word_1_208' title='bbox 2822 1497 2937 1551; x_wconf 65' lang='lat' dir='ltr'><strong>haec</strong></span> <span class='ocrx_word' id='word_1_209' title='bbox 2967 1495 3205 1551; x_wconf 89' lang='lat' dir='ltr'><strong>audisset</strong></span> <span class='ocrx_word' id='word_1_210' title='bbox 3236 1508 3264 1547; x_wconf 90' lang='lat' dir='ltr'><strong>a</strong></span> <span class='ocrx_word' id='word_1_211' title='bbox 3297 1490 3593 1547; x_wconf 87' lang='lat' dir='ltr'><strong>scientibus</strong></span> <span class='ocrx_word' id='word_1_212' title='bbox 3622 1496 3842 1544; x_wconf 89' lang='lat' dir='ltr'><strong>sanctus</strong></span> 
     </span>
    </p>
   </div>
   <div class='ocr_carea' id='block_1_30' title="bbox 2253 1578 3843 1662">
    <p class='ocr_par' dir='ltr' id='par_1_30' title="bbox 2253 1578 3843 1662">
     <span class='ocr_line' id='line_1_30' title="bbox 2253 1578 3843 1662; baseline -0.008 -16"><span class='ocrx_word' id='word_1_213' title='bbox 2253 1594 2359 1662; x_wconf 92' lang='lat' dir='ltr'><strong>hic,</strong></span> <span class='ocrx_word' id='word_1_214' title='bbox 2393 1592 2592 1648; x_wconf 86' lang='lat' dir='ltr'><strong>nemini</strong></span> <span class='ocrx_word' id='word_1_215' title='bbox 2634 1590 2835 1660; x_wconf 88' lang='lat' dir='ltr'><strong>aliquid</strong></span> <span class='ocrx_word' id='word_1_216' title='bbox 2867 1588 3074 1654; x_wconf 90' lang='lat' dir='ltr'><strong>dicens,</strong></span> <span class='ocrx_word' id='word_1_217' title='bbox 3107 1585 3328 1641; x_wconf 88' lang='lat' dir='ltr'><strong>adducit</strong></span> <span class='ocrx_word' id='word_1_218' title='bbox 3355 1581 3642 1654; x_wconf 88' lang='lat' dir='ltr'><strong>quemdam</strong></span> <span class='ocrx_word' id='word_1_219' title='bbox 3673 1578 3843 1634; x_wconf 87' lang='lat' dir='ltr'><strong>tabel-</strong></span> 
     </span>
    </p>
   </div>
   <div class='ocr_carea' id='block_1_31' title="bbox 2253 1674 3845 1751">
    <p class='ocr_par' dir='ltr' id='par_1_31' title="bbox 2253 1674 3845 1751">
     <span class='ocr_line' id='line_1_31' title="bbox 2253 1674 3845 1751; baseline -0.009 -11"><span class='ocrx_word' id='word_1_220' title='bbox 2253 1687 2492 1751; x_wconf 90' lang='lat' dir='ltr'><strong>lionem;</strong></span> <span class='ocrx_word' id='word_1_221' title='bbox 2547 1693 2601 1740; x_wconf 92' lang='lat' dir='ltr'><strong>et</strong></span> <span class='ocrx_word' id='word_1_222' title='bbox 2649 1683 2901 1739; x_wconf 87' lang='lat' dir='ltr'><strong>narrabat</strong></span> <span class='ocrx_word' id='word_1_223' title='bbox 2947 1683 2996 1737; x_wconf 93' lang='lat' dir='ltr'><strong>ei</strong></span> <span class='ocrx_word' id='word_1_224' title='bbox 3031 1695 3166 1742; x_wconf 88' lang='lat' dir='ltr'><strong>rem,</strong></span> <span class='ocrx_word' id='word_1_225' title='bbox 3216 1681 3350 1734; x_wconf 89' lang='lat' dir='ltr'><strong>dans</strong></span> <span class='ocrx_word' id='word_1_226' title='bbox 3378 1677 3428 1731; x_wconf 93' lang='lat' dir='ltr'><strong>ei</strong></span> <span class='ocrx_word' id='word_1_227' title='bbox 3470 1674 3756 1730; x_wconf 89' lang='lat' dir='ltr'><strong>terminum</strong></span> <span class='ocrx_word' id='word_1_228' title='bbox 3782 1679 3845 1727; x_wconf 90' lang='lat' dir='ltr'><strong>ut</strong></span> 
     </span>
    </p>
   </div>
   <div class='ocr_carea' id='block_1_32' title="bbox 2251 1766 3845 1847">
    <p class='ocr_par' dir='ltr' id='par_1_32' title="bbox 2251 1766 3845 1847">
     <span class='ocr_line' id='line_1_32' title="bbox 2251 1766 3845 1847; baseline -0.01 -13"><span class='ocrx_word' id='word_1_229' title='bbox 2251 1778 2385 1834; x_wconf 88' lang='lat' dir='ltr'><strong>nulli</strong></span> <span class='ocrx_word' id='word_1_230' title='bbox 2415 1778 2664 1833; x_wconf 88' lang='lat' dir='ltr'><strong>crederet</strong></span> <span class='ocrx_word' id='word_1_231' title='bbox 2694 1790 2853 1847; x_wconf 89' lang='lat' dir='ltr'><strong>quam</strong></span> <span class='ocrx_word' id='word_1_232' title='bbox 2896 1773 3152 1845; x_wconf 59' lang='lat' dir='ltr'><strong>praecepit</strong></span> <span class='ocrx_word' id='word_1_233' title='bbox 3191 1773 3241 1827; x_wconf 89' lang='lat' dir='ltr'><strong>ei</strong></span> <span class='ocrx_word' id='word_1_234' title='bbox 3283 1770 3460 1826; x_wconf 89' lang='lat' dir='ltr'><strong>facere</strong></span> <span class='ocrx_word' id='word_1_235' title='bbox 3485 1783 3622 1834; x_wconf 89' lang='lat' dir='ltr'><strong>rem,</strong></span> <span class='ocrx_word' id='word_1_236' title='bbox 3655 1766 3845 1821; x_wconf 87' lang='lat' dir='ltr'><strong>dicens</strong></span> 
     </span>
    </p>
   </div>
   <div class='ocr_carea' id='block_1_33' title="bbox 560 1862 3844 1958">
    <p class='ocr_par' dir='ltr' id='par_1_33' title="bbox 560 1862 3844 1958">
     <span class='ocr_line' id='line_1_33' title="bbox 560 1862 3844 1958; baseline -0.009 -14"><span class='ocrx_word' id='word_1_237' title='bbox 560 1897 612 1943; x_wconf 89' lang='lat' dir='ltr'><strong>ta</strong></span> <span class='ocrx_word' id='word_1_238' title='bbox 634 1889 852 1944; x_wconf 89' lang='lat' dir='ltr'><strong>lenitate</strong></span> <span class='ocrx_word' id='word_1_239' title='bbox 870 1889 1108 1958; x_wconf 85' lang='lat' dir='ltr'><strong>rogabat,</strong></span> <span class='ocrx_word' id='word_1_240' title='bbox 1127 1862 1341 1942; x_wconf 81' lang='lat' dir='ltr'><strong>dicens:</strong></span> <span class='ocrx_word' id='word_1_241' title='bbox 1361 1888 1479 1953; x_wconf 87' lang='lat' dir='ltr'><strong>Fili,</strong></span> <span class='ocrx_word' id='word_1_242' title='bbox 1501 1887 1646 1943; x_wconf 84' lang='lat' dir='ltr'><strong>venit</strong></span> <span class='ocrx_word' id='word_1_243' title='bbox 1667 1886 1878 1957; x_wconf 87' lang='lat' dir='ltr'><strong>quidem</strong></span> <span class='ocrx_word' id='word_1_244' title='bbox 1899 1887 1966 1940; x_wconf 92' lang='lat' dir='ltr'><strong>ad</strong></span> <span class='ocrx_word' id='word_1_245' title='bbox 1990 1900 2147 1940; x_wconf 85' lang='lat' dir='ltr'><strong>aures</strong></span> <span class='ocrx_word' id='word_1_246' title='bbox 2178 1884 2226 1944; x_wconf 93' lang='lat' dir='ltr'><strong>B</strong></span> <span class='ocrx_word' id='word_1_247' title='bbox 2256 1874 2306 1929; x_wconf 75' lang='lat' dir='ltr'><strong>ei</strong></span> <span class='ocrx_word' id='word_1_248' title='bbox 2334 1891 2345 1926; x_wconf 74' lang='grc' dir='ltr'>ε</span> <span class='ocrx_word' id='word_1_249' title='bbox 2375 1871 2540 1936; x_wconf 72' lang='lat' dir='ltr'><strong>Vade.</strong></span> <span class='ocrx_word' id='word_1_250' title='bbox 2567 1881 2621 1925; x_wconf 78' lang='grc' dir='ltr'>ει</span> <span class='ocrx_word' id='word_1_251' title='bbox 2639 1872 2691 1924; x_wconf 81' lang='lat' dir='ltr'><strong>in</strong></span> <span class='ocrx_word' id='word_1_252' title='bbox 2711 1869 2982 1925; x_wconf 79' lang='lat' dir='ltr'><strong>Veleribus</strong></span> <span class='ocrx_word' id='word_1_253' title='bbox 3000 1864 3260 1958; x_wconf 73' lang='lat' dir='ltr'><strong>chartulis</strong></span> <span class='ocrx_word' id='word_1_254' title='bbox 3275 1862 3449 1958; x_wconf 77' lang='lat' dir='ltr'><strong>scribe</strong></span> <span class='ocrx_word' id='word_1_255' title='bbox 3462 1866 3844 1958; x_wconf 77' lang='lat' dir='ltr'><strong>testamentum</strong></span> 
     </span>
    </p>
   </div>
   <div class='ocr_carea' id='block_1_34' title="bbox 563 1978 2147 2051">
    <p class='ocr_par' dir='ltr' id='par_1_34' title="bbox 563 1978 2147 2051">
     <span class='ocr_line' id='line_1_34' title="bbox 563 1978 2147 2051; baseline -0.004 -13"><span class='ocrx_word' id='word_1_256' title='bbox 563 1982 891 2051; x_wconf 89' lang='lat' dir='ltr'><strong>peccatriccs</strong></span> <span class='ocrx_word' id='word_1_257' title='bbox 907 1996 1054 2038; x_wconf 87' lang='lat' dir='ltr'><strong>meas</strong></span> <span class='ocrx_word' id='word_1_258' title='bbox 1081 1982 1220 2051; x_wconf 91' lang='lat' dir='ltr'><strong>quod</strong></span> <span class='ocrx_word' id='word_1_259' title='bbox 1245 1997 1310 2036; x_wconf 76' lang='lat' dir='ltr'><strong>ex</strong></span> <span class='ocrx_word' id='word_1_260' title='bbox 1329 1982 1640 2050; x_wconf 79' lang='lat' dir='ltr'><strong>Operatione</strong></span> <span class='ocrx_word' id='word_1_261' title='bbox 1654 1980 1856 2035; x_wconf 91' lang='lat' dir='ltr'><strong>inimici</strong></span> <span class='ocrx_word' id='word_1_262' title='bbox 1879 1978 2147 2034; x_wconf 90' lang='lat' dir='ltr'><strong>modicum</strong></span> 
     </span>
    </p>
   </div>
   <div class='ocr_carea' id='block_1_35' title="bbox 560 2071 2146 2144">
    <p class='ocr_par' dir='ltr' id='par_1_35' title="bbox 560 2071 2146 2144">
     <span class='ocr_line' id='line_1_35' title="bbox 560 2071 2146 2144; baseline -0.003 -15"><span class='ocrx_word' id='word_1_263' title='bbox 560 2073 746 2129; x_wconf 90' lang='lat' dir='ltr'><strong>durius</strong></span> <span class='ocrx_word' id='word_1_264' title='bbox 780 2075 921 2129; x_wconf 91' lang='lat' dir='ltr'><strong>circa</strong></span> <span class='ocrx_word' id='word_1_265' title='bbox 951 2073 1199 2144; x_wconf 90' lang='lat' dir='ltr'><strong>proprios</strong></span> <span class='ocrx_word' id='word_1_266' title='bbox 1226 2088 1420 2142; x_wconf 89' lang='lat' dir='ltr'><strong>pueros</strong></span> <span class='ocrx_word' id='word_1_267' title='bbox 1451 2082 1568 2127; x_wconf 89' lang='lat' dir='ltr'><strong>tuos</strong></span> <span class='ocrx_word' id='word_1_268' title='bbox 1599 2072 1810 2137; x_wconf 90' lang='lat' dir='ltr'><strong>feraris;</strong></span> <span class='ocrx_word' id='word_1_269' title='bbox 1845 2071 1961 2139; x_wconf 89' lang='lat' dir='ltr'><strong>sed,</strong></span> <span class='ocrx_word' id='word_1_270' title='bbox 1990 2085 2146 2141; x_wconf 90' lang='lat' dir='ltr'><strong>rogo,</strong></span> 
     </span>
    </p>
   </div>
   <div class='ocr_carea' id='block_1_36' title="bbox 561 2162 2149 2234">
    <p class='ocr_par' dir='ltr' id='par_1_36' title="bbox 561 2162 2149 2234">
     <span class='ocr_line' id='line_1_36' title="bbox 561 2162 2149 2234; baseline -0.002 -15"><span class='ocrx_word' id='word_1_271' title='bbox 561 2165 656 2220; x_wconf 88' lang='lat' dir='ltr'><strong>des</strong></span> <span class='ocrx_word' id='word_1_272' title='bbox 699 2165 872 2220; x_wconf 91' lang='lat' dir='ltr'><strong>locum</strong></span> <span class='ocrx_word' id='word_1_273' title='bbox 907 2165 1021 2220; x_wconf 87' lang='lat' dir='ltr'><strong>irae.</strong></span> <span class='ocrx_word' id='word_1_274' title='bbox 1053 2165 1170 2220; x_wconf 91' lang='lat' dir='ltr'><strong>Non</strong></span> <span class='ocrx_word' id='word_1_275' title='bbox 1199 2166 1340 2220; x_wconf 91' lang='lat' dir='ltr'><strong>enim</strong></span> <span class='ocrx_word' id='word_1_276' title='bbox 1376 2174 1431 2220; x_wconf 92' lang='lat' dir='ltr'><strong>ut</strong></span> <span class='ocrx_word' id='word_1_277' title='bbox 1458 2164 1824 2234; x_wconf 88' lang='lat' dir='ltr'><strong>percutiamus</strong></span> <span class='ocrx_word' id='word_1_278' title='bbox 1855 2179 1970 2231; x_wconf 86' lang='lat' dir='ltr'><strong>eos,</strong></span> <span class='ocrx_word' id='word_1_279' title='bbox 2002 2162 2149 2217; x_wconf 89' lang='lat' dir='ltr'><strong>dedit</strong></span> 
     </span>
    </p>
   </div>
   <div class='ocr_carea' id='block_1_37' title="bbox 561 2257 2149 2325">
    <p class='ocr_par' dir='ltr' id='par_1_37' title="bbox 561 2257 2149 2325">
     <span class='ocr_line' id='line_1_37' title="bbox 561 2257 2149 2325; baseline -0.001 -13"><span class='ocrx_word' id='word_1_280' title='bbox 561 2258 717 2314; x_wconf 89' lang='lat' dir='ltr'><strong>nobis</strong></span> <span class='ocrx_word' id='word_1_281' title='bbox 763 2258 860 2314; x_wconf 90' lang='lat' dir='ltr'><strong>hos</strong></span> <span class='ocrx_word' id='word_1_282' title='bbox 886 2258 1048 2325; x_wconf 86' lang='lat' dir='ltr'><strong>Deus,</strong></span> <span class='ocrx_word' id='word_1_283' title='bbox 1081 2260 1175 2313; x_wconf 92' lang='lat' dir='ltr'><strong>sed</strong></span> <span class='ocrx_word' id='word_1_284' title='bbox 1219 2265 1275 2312; x_wconf 87' lang='lat' dir='ltr'><strong>ut</strong></span> <span class='ocrx_word' id='word_1_285' title='bbox 1304 2259 1560 2313; x_wconf 88' lang='lat' dir='ltr'><strong>serviant.</strong></span> <span class='ocrx_word' id='word_1_286' title='bbox 1597 2257 1849 2312; x_wconf 91' lang='lat' dir='ltr'><strong>Fortasse</strong></span> <span class='ocrx_word' id='word_1_287' title='bbox 1878 2271 2006 2312; x_wconf 91' lang='lat' dir='ltr'><strong>vero</strong></span> <span class='ocrx_word' id='word_1_288' title='bbox 2048 2270 2149 2311; x_wconf 90' lang='lat' dir='ltr'><strong>nec</strong></span> 
     </span>
    </p>
   </div>
   <div class='ocr_carea' id='block_1_38' title="bbox 559 2349 2149 2422">
    <p class='ocr_par' dir='ltr' id='par_1_38' title="bbox 559 2349 2149 2422">
     <span class='ocr_line' id='line_1_38' title="bbox 559 2349 2149 2422; baseline 0 -16"><span class='ocrx_word' id='word_1_289' title='bbox 559 2361 780 2422; x_wconf 88' lang='lat' dir='ltr'><strong>propter</strong></span> <span class='ocrx_word' id='word_1_290' title='bbox 801 2353 930 2417; x_wconf 91' lang='lat' dir='ltr'><strong>hoc,</strong></span> <span class='ocrx_word' id='word_1_291' title='bbox 975 2351 1071 2406; x_wconf 92' lang='lat' dir='ltr'><strong>sed</strong></span> <span class='ocrx_word' id='word_1_292' title='bbox 1099 2361 1155 2405; x_wconf 94' lang='lat' dir='ltr'><strong>ut</strong></span> <span class='ocrx_word' id='word_1_293' title='bbox 1175 2360 1542 2407; x_wconf 89' lang='lat' dir='ltr'><strong>sustententur</strong></span> <span class='ocrx_word' id='word_1_294' title='bbox 1568 2366 1597 2405; x_wconf 94' lang='lat' dir='ltr'><strong>a</strong></span> <span class='ocrx_word' id='word_1_295' title='bbox 1639 2351 1814 2418; x_wconf 91' lang='lat' dir='ltr'><strong>nobis,</strong></span> <span class='ocrx_word' id='word_1_296' title='bbox 1847 2366 1914 2406; x_wconf 80' lang='lat' dir='ltr'><strong>ex</strong></span> <span class='ocrx_word' id='word_1_297' title='bbox 1952 2349 2149 2421; x_wconf 89' lang='lat' dir='ltr'><strong>quibus</strong></span> 
     </span>
    </p>
   </div>
   <div class='ocr_carea' id='block_1_39' title="bbox 561 2441 2147 2516">
    <p class='ocr_par' dir='ltr' id='par_1_39' title="bbox 561 2441 2147 2516">
     <span class='ocr_line' id='line_1_39' title="bbox 561 2441 2147 2516; baseline -0.002 -17"><span class='ocrx_word' id='word_1_298' title='bbox 561 2447 719 2516; x_wconf 78' lang='lat'><strong>196</strong></span> <span class='ocrx_word' id='word_1_299' title='bbox 750 2445 894 2500; x_wconf 85' lang='lat' dir='ltr'><strong>Deus</strong></span> <span class='ocrx_word' id='word_1_300' title='bbox 924 2444 1171 2514; x_wconf 61' lang='lat' dir='ltr'><strong>praestitit</strong></span> <span class='ocrx_word' id='word_1_301' title='bbox 1213 2444 1389 2499; x_wconf 87' lang='lat' dir='ltr'><strong>nobis.</strong></span> <span class='ocrx_word' id='word_1_302' title='bbox 1443 2443 1580 2510; x_wconf 86' lang='lat' dir='ltr'><strong>Quid</strong></span> <span class='ocrx_word' id='word_1_303' title='bbox 1624 2444 1766 2498; x_wconf 90' lang='lat' dir='ltr'><strong>enim</strong></span> <span class='ocrx_word' id='word_1_304' title='bbox 1797 2443 1943 2514; x_wconf 90' lang='lat' dir='ltr'><strong>(edic</strong></span> <span class='ocrx_word' id='word_1_305' title='bbox 1993 2441 2147 2513; x_wconf 91' lang='lat' dir='ltr'><strong>mihi)</strong></span> 
     </span>
    </p>
   </div>
   <div class='ocr_carea' id='block_1_40' title="bbox 559 2533 2148 2604">
    <p class='ocr_par' dir='ltr' id='par_1_40' title="bbox 559 2533 2148 2604">
     <span class='ocr_line' id='line_1_40' title="bbox 559 2533 2148 2604; baseline -0.003 -12"><span class='ocrx_word' id='word_1_306' title='bbox 559 2547 614 2592; x_wconf 87' lang='lat' dir='ltr'><strong>et</strong></span> <span class='ocrx_word' id='word_1_307' title='bbox 645 2538 793 2590; x_wconf 87' lang='lat' dir='ltr'><strong>dedit</strong></span> <span class='ocrx_word' id='word_1_308' title='bbox 822 2539 1016 2603; x_wconf 93' lang='lat' dir='ltr'><strong>homo;</strong></span> <span class='ocrx_word' id='word_1_309' title='bbox 1058 2545 1112 2592; x_wconf 91' lang='lat' dir='ltr'><strong>et</strong></span> <span class='ocrx_word' id='word_1_310' title='bbox 1143 2535 1272 2591; x_wconf 88' lang='lat' dir='ltr'><strong>emit</strong></span> <span class='ocrx_word' id='word_1_311' title='bbox 1303 2551 1424 2593; x_wconf 90' lang='lat' dir='ltr'><strong>eum</strong></span> <span class='ocrx_word' id='word_1_312' title='bbox 1454 2536 1546 2604; x_wconf 93' lang='lat' dir='ltr'><strong>qui</strong></span> <span class='ocrx_word' id='word_1_313' title='bbox 1575 2535 1640 2588; x_wconf 93' lang='lat' dir='ltr'><strong>ad</strong></span> <span class='ocrx_word' id='word_1_314' title='bbox 1666 2535 1955 2604; x_wconf 86' lang='lat' dir='ltr'><strong>imaginem</strong></span> <span class='ocrx_word' id='word_1_315' title='bbox 1986 2542 2040 2588; x_wconf 91' lang='lat' dir='ltr'><strong>et</strong></span> <span class='ocrx_word' id='word_1_316' title='bbox 2069 2533 2148 2588; x_wconf 89' lang='lat' dir='ltr'><strong>si-</strong></span> 
     </span>
    </p>
   </div>
   <div class='ocr_carea' id='block_1_41' title="bbox 558 2624 2150 2695">
    <p class='ocr_par' dir='ltr' id='par_1_41' title="bbox 558 2624 2150 2695">
     <span class='ocr_line' id='line_1_41' title="bbox 558 2624 2150 2695; baseline -0.002 -12"><span class='ocrx_word' id='word_1_317' title='bbox 558 2627 916 2683; x_wconf 90' lang='lat' dir='ltr'><strong>militudinem</strong></span> <span class='ocrx_word' id='word_1_318' title='bbox 948 2628 1044 2683; x_wconf 88' lang='lat' dir='ltr'><strong>Dei</strong></span> <span class='ocrx_word' id='word_1_319' title='bbox 1086 2638 1297 2683; x_wconf 87' lang='lat' dir='ltr'><strong>creatus</strong></span> <span class='ocrx_word' id='word_1_320' title='bbox 1328 2636 1383 2682; x_wconf 88' lang='lat' dir='ltr'><strong>et</strong></span> <span class='ocrx_word' id='word_1_321' title='bbox 1432 2628 1723 2681; x_wconf 89' lang='lat' dir='ltr'><strong>honoratus</strong></span> <span class='ocrx_word' id='word_1_322' title='bbox 1754 2625 1870 2681; x_wconf 86' lang='lat' dir='ltr'><strong>est?</strong></span> <span class='ocrx_word' id='word_1_323' title='bbox 1897 2624 2150 2695; x_wconf 84' lang='lat' dir='ltr'><strong>Nunquid</strong></span> 
     </span>
    </p>
   </div>
   <div class='ocr_carea' id='block_1_42' title="bbox 557 2717 2147 2789">
    <p class='ocr_par' dir='ltr' id='par_1_42' title="bbox 557 2717 2147 2789">
     <span class='ocr_line' id='line_1_42' title="bbox 557 2717 2147 2789; baseline -0.003 -14"><span class='ocrx_word' id='word_1_324' title='bbox 557 2721 702 2776; x_wconf 87' lang='lat' dir='ltr'><strong>enim</strong></span> <span class='ocrx_word' id='word_1_325' title='bbox 760 2728 840 2788; x_wconf 93' lang='lat' dir='ltr'><strong>tu,</strong></span> <span class='ocrx_word' id='word_1_326' title='bbox 897 2720 1144 2775; x_wconf 89' lang='lat' dir='ltr'><strong>dominus</strong></span> <span class='ocrx_word' id='word_1_327' title='bbox 1197 2719 1335 2788; x_wconf 90' lang='lat' dir='ltr'><strong>ejus,</strong></span> <span class='ocrx_word' id='word_1_328' title='bbox 1395 2718 1596 2789; x_wconf 91' lang='lat' dir='ltr'><strong>aliquid</strong></span> <span class='ocrx_word' id='word_1_329' title='bbox 1651 2719 1766 2786; x_wconf 88' lang='lat' dir='ltr'><strong>plus</strong></span> <span class='ocrx_word' id='word_1_330' title='bbox 1820 2717 2063 2786; x_wconf 86' lang='lat' dir='ltr'><strong>possides</strong></span> <span class='ocrx_word' id='word_1_331' title='bbox 2095 2717 2147 2771; x_wconf 93' lang='lat' dir='ltr'><strong>in</strong></span> 
     </span>
    </p>
   </div>
   <div class='ocr_carea' id='block_1_43' title="bbox 558 2809 2147 2882">
    <p class='ocr_par' dir='ltr' id='par_1_43' title="bbox 558 2809 2147 2882">
     <span class='ocr_line' id='line_1_43' title="bbox 558 2809 2147 2882; baseline -0.002 -16"><span class='ocrx_word' id='word_1_332' title='bbox 558 2813 773 2882; x_wconf 86' lang='lat' dir='ltr'><strong>proprio</strong></span> <span class='ocrx_word' id='word_1_333' title='bbox 816 2826 1063 2880; x_wconf 91' lang='lat' dir='ltr'><strong>corpore,</strong></span> <span class='ocrx_word' id='word_1_334' title='bbox 1107 2826 1322 2866; x_wconf 91' lang='lat' dir='ltr'><strong>manum</strong></span> <span class='ocrx_word' id='word_1_335' title='bbox 1365 2819 1456 2865; x_wconf 91' lang='lat' dir='ltr'><strong>aut</strong></span> <span class='ocrx_word' id='word_1_336' title='bbox 1500 2812 1712 2879; x_wconf 80' lang='lat' dir='ltr'><strong>pedem,</strong></span> <span class='ocrx_word' id='word_1_337' title='bbox 1762 2809 1846 2864; x_wconf 89' lang='lat' dir='ltr'><strong>vel</strong></span> <span class='ocrx_word' id='word_1_338' title='bbox 1888 2810 2147 2877; x_wconf 90' lang='lat' dir='ltr'><strong>auditum,</strong></span> 
     </span>
    </p>
   </div>
   <div class='ocr_carea' id='block_1_44' title="bbox 558 2900 2147 2971">
    <p class='ocr_par' dir='ltr' id='par_1_44' title="bbox 558 2900 2147 2971">
     <span class='ocr_line' id='line_1_44' title="bbox 558 2900 2147 2971; baseline -0.003 -13"><span class='ocrx_word' id='word_1_339' title='bbox 558 2912 652 2958; x_wconf 87' lang='lat' dir='ltr'><strong>aut</strong></span> <span class='ocrx_word' id='word_1_340' title='bbox 673 2903 942 2958; x_wconf 86' lang='lat' dir='ltr'><strong>animam?</strong></span> <span class='ocrx_word' id='word_1_341' title='bbox 972 2902 1218 2971; x_wconf 84' lang='lat' dir='ltr'><strong>Nunquid</strong></span> <span class='ocrx_word' id='word_1_342' title='bbox 1243 2917 1347 2956; x_wconf 92' lang='lat' dir='ltr'><strong>non</strong></span> <span class='ocrx_word' id='word_1_343' title='bbox 1373 2901 1570 2956; x_wconf 90' lang='lat' dir='ltr'><strong>similis</strong></span> <span class='ocrx_word' id='word_1_344' title='bbox 1592 2908 1676 2955; x_wconf 90' lang='lat' dir='ltr'><strong>est</strong></span> <span class='ocrx_word' id='word_1_345' title='bbox 1701 2900 1794 2955; x_wconf 90' lang='lat' dir='ltr'><strong>tibi</strong></span> <span class='ocrx_word' id='word_1_346' title='bbox 1819 2915 1915 2970; x_wconf 87' lang='lat' dir='ltr'><strong>per</strong></span> <span class='ocrx_word' id='word_1_347' title='bbox 1936 2900 2147 2969; x_wconf 57' lang='lat' dir='ltr'><strong>omnia?</strong></span> 
     </span>
    </p>
   </div>
   <div class='ocr_carea' id='block_1_45' title="bbox 558 2994 2150 3067">
    <p class='ocr_par' dir='ltr' id='par_1_45' title="bbox 558 2994 2150 3067">
     <span class='ocr_line' id='line_1_45' title="bbox 558 2994 2150 3067; baseline -0.003 -15"><span class='ocrx_word' id='word_1_348' title='bbox 558 2998 697 3054; x_wconf 87' lang='lat' dir='ltr'><strong>Audi</strong></span> <span class='ocrx_word' id='word_1_349' title='bbox 729 2999 910 3053; x_wconf 89' lang='lat' dir='ltr'><strong>lumen</strong></span> <span class='ocrx_word' id='word_1_350' title='bbox 937 2998 1257 3067; x_wconf 84' lang='lat' dir='ltr'><strong>gloriosum,</strong></span> <span class='ocrx_word' id='word_1_351' title='bbox 1293 2994 1515 3050; x_wconf 82' lang='lat' dir='ltr'><strong>Paulum</strong></span> <span class='ocrx_word' id='word_1_352' title='bbox 1546 2995 1814 3050; x_wconf 86' lang='lat' dir='ltr'><strong>dicentem</strong></span> <span class='ocrx_word' id='word_1_353' title='bbox 1841 3013 1852 3047; x_wconf 87' lang='lat'><strong>:</strong></span> <span class='ocrx_word' id='word_1_354' title='bbox 1877 2996 2150 3064; x_wconf 85' lang='lat' dir='ltr'><strong>Quotquot</strong></span> 
     </span>
    </p>
   </div>
   <div class='ocr_carea' id='block_1_46' title="bbox 559 3078 2143 3156">
    <p class='ocr_par' dir='ltr' id='par_1_46' title="bbox 559 3078 2143 3156">
     <span class='ocr_line' id='line_1_46' title="bbox 559 3078 2143 3156; baseline -0.001 -16"><span class='ocrx_word' id='word_1_355' title='bbox 559 3089 613 3140; x_wconf 90' lang='lat' dir='ltr'><strong>in</strong></span> <span class='ocrx_word' id='word_1_356' title='bbox 636 3078 854 3142; x_wconf 84' lang='lat' dir='ltr'><strong>Christo</strong></span> <span class='ocrx_word' id='word_1_357' title='bbox 876 3085 1132 3156; x_wconf 88' lang='lat' dir='ltr'><strong>baptizati</strong></span> <span class='ocrx_word' id='word_1_358' title='bbox 1152 3087 1303 3151; x_wconf 88' lang='lat' dir='ltr'><strong>estis,</strong></span> <span class='ocrx_word' id='word_1_359' title='bbox 1323 3085 1598 3140; x_wconf 88' lang='lat' dir='ltr'><strong>Christum</strong></span> <span class='ocrx_word' id='word_1_360' title='bbox 1621 3084 1868 3140; x_wconf 91' lang='lat' dir='ltr'><strong>induistis</strong></span> <span class='ocrx_word' id='word_1_361' title='bbox 1888 3082 2143 3154; x_wconf 63' lang='lat' dir='ltr'><strong>(Calan).</strong></span> 
     </span>
    </p>
   </div>
   <div class='ocr_carea' id='block_1_47' title="bbox 556 3175 2149 3248">
    <p class='ocr_par' dir='ltr' id='par_1_47' title="bbox 556 3175 2149 3248">
     <span class='ocr_line' id='line_1_47' title="bbox 556 3175 2149 3248; baseline -0.002 -15"><span class='ocrx_word' id='word_1_362' title='bbox 556 3178 672 3234; x_wconf 88' lang='lat' dir='ltr'><strong>Non</strong></span> <span class='ocrx_word' id='word_1_363' title='bbox 698 3187 781 3234; x_wconf 91' lang='lat' dir='ltr'><strong>est</strong></span> <span class='ocrx_word' id='word_1_364' title='bbox 801 3178 1018 3234; x_wconf 64' lang='lat' dir='ltr'><strong>Iudaeus</strong></span> <span class='ocrx_word' id='word_1_365' title='bbox 1040 3193 1214 3248; x_wconf 92' lang='lat' dir='ltr'><strong>neque</strong></span> <span class='ocrx_word' id='word_1_366' title='bbox 1239 3175 1478 3244; x_wconf 65' lang='lat' dir='ltr'><strong>Graecus,</strong></span> <span class='ocrx_word' id='word_1_367' title='bbox 1511 3192 1616 3232; x_wconf 91' lang='lat' dir='ltr'><strong>non</strong></span> <span class='ocrx_word' id='word_1_368' title='bbox 1645 3185 1727 3232; x_wconf 92' lang='lat' dir='ltr'><strong>est</strong></span> <span class='ocrx_word' id='word_1_369' title='bbox 1756 3190 1942 3232; x_wconf 89' lang='lat' dir='ltr'><strong>servus</strong></span> <span class='ocrx_word' id='word_1_370' title='bbox 1971 3190 2149 3246; x_wconf 90' lang='lat' dir='ltr'><strong>neque</strong></span> 
     </span>
    </p>
   </div>
   <div class='ocr_carea' id='block_1_48' title="bbox 2249 1950 3840 2034">
    <p class='ocr_par' dir='ltr' id='par_1_48' title="bbox 2249 1950 3840 2034">
     <span class='ocr_line' id='line_1_48' title="bbox 2249 1950 3840 2034; baseline -0.012 -14"><span class='ocrx_word' id='word_1_371' title='bbox 2249 1964 2528 2034; x_wconf 82' lang='lat' dir='ltr'><strong>cujusdam</strong></span> <span class='ocrx_word' id='word_1_372' title='bbox 2551 1960 2768 2017; x_wconf 92' lang='lat' dir='ltr'><strong>nomine</strong></span> <span class='ocrx_word' id='word_1_373' title='bbox 2794 1958 3122 2029; x_wconf 86' lang='lat' dir='ltr'><strong>TheOpenti;</strong></span> <span class='ocrx_word' id='word_1_374' title='bbox 3155 1965 3209 2010; x_wconf 91' lang='lat' dir='ltr'><strong>et</strong></span> <span class='ocrx_word' id='word_1_375' title='bbox 3236 1954 3320 2010; x_wconf 81' lang='lat' dir='ltr'><strong>fac</strong></span> <span class='ocrx_word' id='word_1_376' title='bbox 3342 1954 3399 2010; x_wconf 92' lang='lat' dir='ltr'><strong>in</strong></span> <span class='ocrx_word' id='word_1_377' title='bbox 3426 1952 3618 2009; x_wconf 89' lang='lat' dir='ltr'><strong>eadem</strong></span> <span class='ocrx_word' id='word_1_378' title='bbox 3649 1950 3840 2004; x_wconf 78' lang='lat' dir='ltr'><strong>charta</strong></span> 
     </span>
    </p>
   </div>
   <div class='ocr_carea' id='block_1_49' title="bbox 2251 2041 3844 2124">
    <p class='ocr_par' dir='ltr' id='par_1_49' title="bbox 2251 2041 3844 2124">
     <span class='ocr_line' id='line_1_49' title="bbox 2251 2041 3844 2124; baseline -0.01 -14"><span class='ocrx_word' id='word_1_379' title='bbox 2251 2071 2336 2111; x_wconf 91' lang='lat' dir='ltr'><strong>me</strong></span> <span class='ocrx_word' id='word_1_380' title='bbox 2377 2064 2432 2109; x_wconf 91' lang='lat' dir='ltr'><strong>et</strong></span> <span class='ocrx_word' id='word_1_381' title='bbox 2480 2060 2685 2124; x_wconf 89' lang='lat' dir='ltr'><strong>patrem</strong></span> <span class='ocrx_word' id='word_1_382' title='bbox 2716 2051 2864 2120; x_wconf 91' lang='lat' dir='ltr'><strong>pueri</strong></span> <span class='ocrx_word' id='word_1_383' title='bbox 2919 2048 3269 2104; x_wconf 90' lang='lat' dir='ltr'><strong>consobrinos</strong></span> <span class='ocrx_word' id='word_1_384' title='bbox 3322 2047 3511 2100; x_wconf 84' lang='lat' dir='ltr'><strong>fratres</strong></span> <span class='ocrx_word' id='word_1_385' title='bbox 3536 2086 3550 2108; x_wconf 97' lang='lat'><strong>,</strong></span> <span class='ocrx_word' id='word_1_386' title='bbox 3580 2051 3637 2098; x_wconf 92' lang='lat' dir='ltr'><strong>et</strong></span> <span class='ocrx_word' id='word_1_387' title='bbox 3667 2041 3805 2095; x_wconf 86' lang='lat' dir='ltr'><strong>vade</strong></span> <span class='ocrx_word' id='word_1_388' title='bbox 3826 2081 3844 2108; x_wconf 93' lang='lat'><strong>,</strong></span> 
     </span>
    </p>
   </div>
   <div class='ocr_carea' id='block_1_50' title="bbox 2250 2136 3847 2216">
    <p class='ocr_par' dir='ltr' id='par_1_50' title="bbox 2250 2136 3847 2216">
     <span class='ocr_line' id='line_1_50' title="bbox 2250 2136 3847 2216; baseline -0.01 -13"><span class='ocrx_word' id='word_1_389' title='bbox 2250 2157 2304 2204; x_wconf 90' lang='lat' dir='ltr'><strong>et</strong></span> <span class='ocrx_word' id='word_1_390' title='bbox 2334 2147 2420 2201; x_wconf 90' lang='lat' dir='ltr'><strong>die</strong></span> <span class='ocrx_word' id='word_1_391' title='bbox 2456 2145 2636 2216; x_wconf 82' lang='lat' dir='ltr'><strong>juveni</strong></span> <span class='ocrx_word' id='word_1_392' title='bbox 2665 2163 2675 2195; x_wconf 89' lang='lat'>:</span> <span class='ocrx_word' id='word_1_393' title='bbox 2707 2142 2848 2213; x_wconf 90' lang='lat' dir='ltr'><strong>Seis,</strong></span> <span class='ocrx_word' id='word_1_394' title='bbox 2892 2141 3080 2210; x_wconf 78' lang='lat' dir='ltr'><strong>frater,</strong></span> <span class='ocrx_word' id='word_1_395' title='bbox 3111 2140 3252 2211; x_wconf 90' lang='lat' dir='ltr'><strong>quod</strong></span> <span class='ocrx_word' id='word_1_396' title='bbox 3282 2151 3452 2208; x_wconf 89' lang='lat' dir='ltr'><strong>genus</strong></span> <span class='ocrx_word' id='word_1_397' title='bbox 3481 2136 3719 2191; x_wconf 80' lang='lat' dir='ltr'><strong>existens</strong></span> <span class='ocrx_word' id='word_1_398' title='bbox 3752 2146 3847 2202; x_wconf 85' lang='lat' dir='ltr'><strong>pa-</strong></span> 
     </span>
    </p>
   </div>
   <div class='ocr_carea' id='block_1_51' title="bbox 2251 2227 3846 2306">
    <p class='ocr_par' dir='ltr' id='par_1_51' title="bbox 2251 2227 3846 2306">
     <span class='ocr_line' id='line_1_51' title="bbox 2251 2227 3846 2306; baseline -0.01 -11"><span class='ocrx_word' id='word_1_399' title='bbox 2251 2239 2525 2306; x_wconf 74' lang='lat' dir='ltr'><strong>triarchae,</strong></span> <span class='ocrx_word' id='word_1_400' title='bbox 2553 2253 2662 2292; x_wconf 92' lang='lat' dir='ltr'><strong>non</strong></span> <span class='ocrx_word' id='word_1_401' title='bbox 2687 2237 2955 2291; x_wconf 89' lang='lat' dir='ltr'><strong>debueras</strong></span> <span class='ocrx_word' id='word_1_402' title='bbox 2982 2235 3055 2290; x_wconf 93' lang='lat' dir='ltr'><strong>ita</strong></span> <span class='ocrx_word' id='word_1_403' title='bbox 3087 2233 3141 2288; x_wconf 91' lang='lat' dir='ltr'><strong>in</strong></span> <span class='ocrx_word' id='word_1_404' title='bbox 3170 2239 3486 2302; x_wconf 87' lang='lat' dir='ltr'><strong>paupertate</strong></span> <span class='ocrx_word' id='word_1_405' title='bbox 3516 2227 3763 2283; x_wconf 79' lang='lat' dir='ltr'><strong>versari?</strong></span> <span class='ocrx_word' id='word_1_406' title='bbox 3787 2234 3846 2280; x_wconf 92' lang='lat' dir='ltr'><strong>et</strong></span> 
     </span>
    </p>
   </div>
   <div class='ocr_carea' id='block_1_52' title="bbox 2252 2320 3846 2396">
    <p class='ocr_par' dir='ltr' id='par_1_52' title="bbox 2252 2320 3846 2396">
     <span class='ocr_line' id='line_1_52' title="bbox 2252 2320 3846 2396; baseline -0.011 -6"><span class='ocrx_word' id='word_1_407' title='bbox 2252 2333 2477 2390; x_wconf 88' lang='lat' dir='ltr'><strong>ostende</strong></span> <span class='ocrx_word' id='word_1_408' title='bbox 2505 2331 2554 2387; x_wconf 88' lang='lat' dir='ltr'><strong>ei</strong></span> <span class='ocrx_word' id='word_1_409' title='bbox 2586 2331 2833 2387; x_wconf 90' lang='lat' dir='ltr'><strong>chartam</strong></span> <span class='ocrx_word' id='word_1_410' title='bbox 2859 2370 2875 2396; x_wconf 90' lang='lat'><strong>,</strong></span> <span class='ocrx_word' id='word_1_411' title='bbox 2927 2338 2983 2383; x_wconf 92' lang='lat' dir='ltr'><strong>et</strong></span> <span class='ocrx_word' id='word_1_412' title='bbox 3012 2327 3101 2381; x_wconf 87' lang='lat' dir='ltr'><strong>die</strong></span> <span class='ocrx_word' id='word_1_413' title='bbox 3131 2344 3144 2380; x_wconf 92' lang='lat'>:</span> <span class='ocrx_word' id='word_1_414' title='bbox 3171 2324 3435 2393; x_wconf 92' lang='lat' dir='ltr'><strong>Quoniam</strong></span> <span class='ocrx_word' id='word_1_415' title='bbox 3466 2323 3512 2378; x_wconf 92' lang='lat' dir='ltr'><strong>si</strong></span> <span class='ocrx_word' id='word_1_416' title='bbox 3540 2320 3846 2385; x_wconf 84' lang='lat' dir='ltr'><strong>erubescis,</strong></span> 
     </span>
    </p>
   </div>
   <div class='ocr_carea' id='block_1_53' title="bbox 2253 2409 3850 2497">
    <p class='ocr_par' dir='ltr' id='par_1_53' title="bbox 2253 2409 3850 2497">
     <span class='ocr_line' id='line_1_53' title="bbox 2253 2409 3850 2497; baseline -0.01 -14"><span class='ocrx_word' id='word_1_417' title='bbox 2253 2441 2350 2497; x_wconf 86' lang='lat' dir='ltr'><strong>ego</strong></span> <span class='ocrx_word' id='word_1_418' title='bbox 2380 2423 2574 2481; x_wconf 89' lang='lat' dir='ltr'><strong>ordino</strong></span> <span class='ocrx_word' id='word_1_419' title='bbox 2602 2437 2819 2477; x_wconf 88' lang='lat' dir='ltr'><strong>causam</strong></span> <span class='ocrx_word' id='word_1_420' title='bbox 2867 2430 3012 2475; x_wconf 92' lang='lat' dir='ltr'><strong>tuam</strong></span> <span class='ocrx_word' id='word_1_421' title='bbox 3042 2417 3180 2487; x_wconf 89' lang='lat' dir='ltr'><strong>apud</strong></span> <span class='ocrx_word' id='word_1_422' title='bbox 3213 2413 3593 2487; x_wconf 88' lang='lat' dir='ltr'><strong>patriarcham,</strong></span> <span class='ocrx_word' id='word_1_423' title='bbox 3624 2421 3678 2467; x_wconf 92' lang='lat' dir='ltr'><strong>et</strong></span> <span class='ocrx_word' id='word_1_424' title='bbox 3721 2409 3850 2467; x_wconf 82' lang='lat' dir='ltr'><strong>vide</strong></span> 
     </span>
    </p>
   </div>
   <div class='ocr_carea' id='block_1_54' title="bbox 2251 2505 3847 2588">
    <p class='ocr_par' dir='ltr' id='par_1_54' title="bbox 2251 2505 3847 2588">
     <span class='ocr_line' id='line_1_54' title="bbox 2251 2505 3847 2588; baseline -0.01 -14"><span class='ocrx_word' id='word_1_425' title='bbox 2251 2519 2376 2588; x_wconf 92' lang='lat' dir='ltr'><strong>quid</strong></span> <span class='ocrx_word' id='word_1_426' title='bbox 2403 2517 2499 2572; x_wconf 89' lang='lat' dir='ltr'><strong>tibi</strong></span> <span class='ocrx_word' id='word_1_427' title='bbox 2526 2516 2683 2571; x_wconf 91' lang='lat' dir='ltr'><strong>dicet.</strong></span> <span class='ocrx_word' id='word_1_428' title='bbox 2717 2513 2848 2569; x_wconf 89' lang='lat' dir='ltr'><strong>Cum</strong></span> <span class='ocrx_word' id='word_1_429' title='bbox 2880 2526 3009 2581; x_wconf 87' lang='lat' dir='ltr'><strong>ergo</strong></span> <span class='ocrx_word' id='word_1_430' title='bbox 3035 2511 3212 2566; x_wconf 89' lang='lat' dir='ltr'><strong>omnia</strong></span> <span class='ocrx_word' id='word_1_431' title='bbox 3245 2525 3360 2578; x_wconf 78' lang='lat' dir='ltr'><strong>quae</strong></span> <span class='ocrx_word' id='word_1_432' title='bbox 3389 2508 3534 2578; x_wconf 89' lang='lat' dir='ltr'><strong>jussa</strong></span> <span class='ocrx_word' id='word_1_433' title='bbox 3566 2515 3694 2560; x_wconf 88' lang='lat' dir='ltr'><strong>sunt</strong></span> <span class='ocrx_word' id='word_1_434' title='bbox 3724 2505 3774 2560; x_wconf 93' lang='lat' dir='ltr'><strong>ei</strong></span> <span class='ocrx_word' id='word_1_435' title='bbox 3811 2517 3847 2558; x_wconf 86' lang='lat' dir='ltr'><strong>a</strong></span> 
     </span>
    </p>
   </div>
   <div class='ocr_carea' id='block_1_55' title="bbox 2253 2596 3849 2680">
    <p class='ocr_par' dir='ltr' id='par_1_55' title="bbox 2253 2596 3849 2680">
     <span class='ocr_line' id='line_1_55' title="bbox 2253 2596 3849 2680; baseline -0.008 -17"><span class='ocrx_word' id='word_1_436' title='bbox 2253 2607 2556 2680; x_wconf 89' lang='lat' dir='ltr'><strong>patriarcha</strong></span> <span class='ocrx_word' id='word_1_437' title='bbox 2571 2604 2787 2661; x_wconf 90' lang='lat' dir='ltr'><strong>tabellio</strong></span> <span class='ocrx_word' id='word_1_438' title='bbox 2808 2603 3045 2669; x_wconf 81' lang='lat' dir='ltr'><strong>fecisset,</strong></span> <span class='ocrx_word' id='word_1_439' title='bbox 3070 2600 3217 2657; x_wconf 87' lang='lat' dir='ltr'><strong>venit</strong></span> <span class='ocrx_word' id='word_1_440' title='bbox 3239 2599 3302 2654; x_wconf 87' lang='lat' dir='ltr'><strong>ad</strong></span> <span class='ocrx_word' id='word_1_441' title='bbox 3326 2615 3448 2654; x_wconf 91' lang='lat' dir='ltr'><strong>eum</strong></span> <span class='ocrx_word' id='word_1_442' title='bbox 3473 2598 3686 2653; x_wconf 89' lang='lat' dir='ltr'><strong>dicens:</strong></span> <span class='ocrx_word' id='word_1_443' title='bbox 3707 2596 3849 2662; x_wconf 85' lang='lat' dir='ltr'><strong>Quia</strong></span> 
     </span>
    </p>
   </div>
   <div class='ocr_carea' id='block_1_56' title="bbox 2253 2694 3851 2770">
    <p class='ocr_par' dir='ltr' id='par_1_56' title="bbox 2253 2694 3851 2770">
     <span class='ocr_line' id='line_1_56' title="bbox 2253 2694 3851 2770; baseline -0.008 -13"><span class='ocrx_word' id='word_1_444' title='bbox 2253 2710 2441 2770; x_wconf 88' lang='lat' dir='ltr'><strong>pactus</strong></span> <span class='ocrx_word' id='word_1_445' title='bbox 2492 2708 2571 2755; x_wconf 91' lang='lat' dir='ltr'><strong>est</strong></span> <span class='ocrx_word' id='word_1_446' title='bbox 2599 2713 2732 2768; x_wconf 90' lang='lat' dir='ltr'><strong>puer</strong></span> <span class='ocrx_word' id='word_1_447' title='bbox 2764 2696 2920 2764; x_wconf 89' lang='lat' dir='ltr'><strong>mihi,</strong></span> <span class='ocrx_word' id='word_1_448' title='bbox 2954 2704 3011 2750; x_wconf 92' lang='lat' dir='ltr'><strong>ut</strong></span> <span class='ocrx_word' id='word_1_449' title='bbox 3053 2710 3152 2764; x_wconf 86' lang='lat' dir='ltr'><strong>ego</strong></span> <span class='ocrx_word' id='word_1_450' title='bbox 3184 2694 3369 2764; x_wconf 90' lang='lat' dir='ltr'><strong>loquar</strong></span> <span class='ocrx_word' id='word_1_451' title='bbox 3422 2706 3634 2746; x_wconf 89' lang='lat' dir='ltr'><strong>causam</strong></span> <span class='ocrx_word' id='word_1_452' title='bbox 3689 2704 3851 2744; x_wconf 87' lang='lat' dir='ltr'><strong>suam</strong></span> 
     </span>
    </p>
   </div>
   <div class='ocr_carea' id='block_1_57' title="bbox 2252 2783 3848 2862">
    <p class='ocr_par' dir='ltr' id='par_1_57' title="bbox 2252 2783 3848 2862">
     <span class='ocr_line' id='line_1_57' title="bbox 2252 2783 3848 2862; baseline -0.006 -13"><span class='ocrx_word' id='word_1_453' title='bbox 2252 2794 2492 2862; x_wconf 87' lang='lat' dir='ltr'><strong>domino,</strong></span> <span class='ocrx_word' id='word_1_454' title='bbox 2513 2801 2566 2848; x_wconf 93' lang='lat' dir='ltr'><strong>et</strong></span> <span class='ocrx_word' id='word_1_455' title='bbox 2586 2805 2808 2862; x_wconf 88' lang='lat' dir='ltr'><strong>magnas</strong></span> <span class='ocrx_word' id='word_1_456' title='bbox 2831 2789 3122 2860; x_wconf 89' lang='lat' dir='ltr'><strong>gratiarum</strong></span> <span class='ocrx_word' id='word_1_457' title='bbox 3147 2786 3381 2842; x_wconf 89' lang='lat' dir='ltr'><strong>actiones</strong></span> <span class='ocrx_word' id='word_1_458' title='bbox 3399 2785 3664 2840; x_wconf 88' lang='lat' dir='ltr'><strong>referebat</strong></span> <span class='ocrx_word' id='word_1_459' title='bbox 3685 2783 3848 2840; x_wconf 87' lang='lat' dir='ltr'><strong>mihi.</strong></span> 
     </span>
    </p>
   </div>
   <div class='ocr_carea' id='block_1_58' title="bbox 2255 2877 3851 2954">
    <p class='ocr_par' dir='ltr' id='par_1_58' title="bbox 2255 2877 3851 2954">
     <span class='ocr_line' id='line_1_58' title="bbox 2255 2877 3851 2954; baseline -0.006 -14"><span class='ocrx_word' id='word_1_460' title='bbox 2255 2885 2397 2940; x_wconf 77' lang='lat' dir='ltr'><strong>Dixit</strong></span> <span class='ocrx_word' id='word_1_461' title='bbox 2428 2886 2612 2954; x_wconf 88' lang='lat' dir='ltr'><strong>itaque</strong></span> <span class='ocrx_word' id='word_1_462' title='bbox 2659 2891 2917 2938; x_wconf 89' lang='lat' dir='ltr'><strong>sanctus:</strong></span> <span class='ocrx_word' id='word_1_463' title='bbox 2948 2880 3096 2936; x_wconf 85' lang='lat' dir='ltr'><strong>Vade</strong></span> <span class='ocrx_word' id='word_1_464' title='bbox 3118 2889 3171 2934; x_wconf 90' lang='lat' dir='ltr'><strong>et</strong></span> <span class='ocrx_word' id='word_1_465' title='bbox 3197 2879 3286 2933; x_wconf 88' lang='lat' dir='ltr'><strong>die</strong></span> <span class='ocrx_word' id='word_1_466' title='bbox 3332 2877 3382 2931; x_wconf 92' lang='lat' dir='ltr'><strong>ei</strong></span> <span class='ocrx_word' id='word_1_467' title='bbox 3411 2897 3421 2930; x_wconf 89' lang='lat'>:</span> <span class='ocrx_word' id='word_1_468' title='bbox 3448 2877 3579 2943; x_wconf 83' lang='lat' dir='ltr'><strong>Quia</strong></span> <span class='ocrx_word' id='word_1_469' title='bbox 3628 2877 3851 2930; x_wconf 85' lang='lat' dir='ltr'><strong>locutus</strong></span> 
     </span>
    </p>
   </div>
   <div class='ocr_carea' id='block_1_59' title="bbox 2253 2968 3851 3047">
    <p class='ocr_par' dir='ltr' id='par_1_59' title="bbox 2253 2968 3851 3047">
     <span class='ocr_line' id='line_1_59' title="bbox 2253 2968 3851 3047; baseline -0.007 -15"><span class='ocrx_word' id='word_1_470' title='bbox 2253 2992 2371 3032; x_wconf 91' lang='lat' dir='ltr'><strong>sum</strong></span> <span class='ocrx_word' id='word_1_471' title='bbox 2402 2975 2746 3047; x_wconf 64' lang='lat' dir='ltr'><strong>patriarchae.</strong></span> <span class='ocrx_word' id='word_1_472' title='bbox 2778 2975 2845 3029; x_wconf 81' lang='lat' dir='ltr'><strong>Et</strong></span> <span class='ocrx_word' id='word_1_473' title='bbox 2884 2973 2995 3028; x_wconf 79' lang='lat' dir='ltr'><strong>dixi</strong></span> <span class='ocrx_word' id='word_1_474' title='bbox 3022 2990 3035 3026; x_wconf 88' lang='lat'><strong>:</strong></span> <span class='ocrx_word' id='word_1_475' title='bbox 3059 2970 3320 3039; x_wconf 88' lang='lat' dir='ltr'><strong>Quoniam</strong></span> <span class='ocrx_word' id='word_1_476' title='bbox 3363 2979 3417 3024; x_wconf 89' lang='lat' dir='ltr'><strong>et</strong></span> <span class='ocrx_word' id='word_1_477' title='bbox 3444 2983 3542 3038; x_wconf 89' lang='lat' dir='ltr'><strong>ego</strong></span> <span class='ocrx_word' id='word_1_478' title='bbox 3571 2968 3684 3023; x_wconf 92' lang='lat' dir='ltr'><strong>scio</strong></span> <span class='ocrx_word' id='word_1_479' title='bbox 3715 2968 3851 3036; x_wconf 89' lang='lat' dir='ltr'><strong>quia</strong></span> 
     </span>
    </p>
   </div>
   <div class='ocr_carea' id='block_1_60' title="bbox 2254 3057 3854 3126">
    <p class='ocr_par' dir='ltr' id='par_1_60' title="bbox 2254 3057 3854 3126">
     <span class='ocr_line' id='line_1_60' title="bbox 2254 3057 3854 3126; baseline -0.008 -4"><span class='ocrx_word' id='word_1_480' title='bbox 2254 3067 2438 3122; x_wconf 91' lang='lat' dir='ltr'><strong>habuit</strong></span> <span class='ocrx_word' id='word_1_481' title='bbox 2481 3065 2835 3121; x_wconf 90' lang='lat' dir='ltr'><strong>consobrinus</strong></span> <span class='ocrx_word' id='word_1_482' title='bbox 2862 3077 3012 3119; x_wconf 90' lang='lat' dir='ltr'><strong>meus</strong></span> <span class='ocrx_word' id='word_1_483' title='bbox 3064 3062 3260 3126; x_wconf 91' lang='lat' dir='ltr'><strong>lilium,</strong></span> <span class='ocrx_word' id='word_1_484' title='bbox 3296 3058 3391 3115; x_wconf 89' lang='lat' dir='ltr'><strong>sed</strong></span> <span class='ocrx_word' id='word_1_485' title='bbox 3425 3075 3490 3114; x_wconf 81' lang='lat' dir='ltr'><strong>ex</strong></span> <span class='ocrx_word' id='word_1_486' title='bbox 3521 3059 3669 3113; x_wconf 90' lang='lat' dir='ltr'><strong>vultu</strong></span> <span class='ocrx_word' id='word_1_487' title='bbox 3703 3057 3854 3116; x_wconf 79' lang='lat' dir='ltr'><strong>hunc</strong></span> 
     </span>
    </p>
   </div>
   <div class='ocr_carea' id='block_1_61' title="bbox 2259 3151 3855 3232">
    <p class='ocr_par' dir='ltr' id='par_1_61' title="bbox 2259 3151 3855 3232">
     <span class='ocr_line' id='line_1_61' title="bbox 2259 3151 3855 3232; baseline -0.007 -15"><span class='ocrx_word' id='word_1_488' title='bbox 2259 3178 2363 3218; x_wconf 89' lang='lat' dir='ltr'><strong>non</strong></span> <span class='ocrx_word' id='word_1_489' title='bbox 2398 3175 2750 3232; x_wconf 88' lang='lat' dir='ltr'><strong>recognosco.</strong></span> <span class='ocrx_word' id='word_1_490' title='bbox 2780 3159 2926 3214; x_wconf 89' lang='lat' dir='ltr'><strong>Bene</strong></span> <span class='ocrx_word' id='word_1_491' title='bbox 2954 3170 3081 3228; x_wconf 89' lang='lat' dir='ltr'><strong>ergo</strong></span> <span class='ocrx_word' id='word_1_492' title='bbox 3115 3156 3266 3221; x_wconf 89' lang='lat' dir='ltr'><strong>facis,</strong></span> <span class='ocrx_word' id='word_1_493' title='bbox 3299 3153 3570 3209; x_wconf 89' lang='lat' dir='ltr'><strong>adducens</strong></span> <span class='ocrx_word' id='word_1_494' title='bbox 3602 3152 3748 3209; x_wconf 89' lang='lat' dir='ltr'><strong>hunc</strong></span> <span class='ocrx_word' id='word_1_495' title='bbox 3778 3151 3855 3207; x_wconf 87' lang='lat' dir='ltr'><strong>ad</strong></span> 
     </span>
    </p>
   </div>
   <div class='ocr_carea' id='block_1_62' title="bbox 556 3250 3854 3341">
    <p class='ocr_par' dir='ltr' id='par_1_62' title="bbox 556 3250 3854 3341">
     <span class='ocr_line' id='line_1_62' title="bbox 556 3250 3854 3341; baseline -0.006 -16"><span class='ocrx_word' id='word_1_496' title='bbox 556 3271 713 3335; x_wconf 91' lang='lat' dir='ltr'><strong>liber,</strong></span> <span class='ocrx_word' id='word_1_497' title='bbox 743 3285 932 3327; x_wconf 85' lang='lat' dir='ltr'><strong>omnes</strong></span> <span class='ocrx_word' id='word_1_498' title='bbox 952 3272 1095 3327; x_wconf 91' lang='lat' dir='ltr'><strong>enim</strong></span> <span class='ocrx_word' id='word_1_499' title='bbox 1121 3285 1216 3325; x_wconf 93' lang='lat' dir='ltr'><strong>vos</strong></span> <span class='ocrx_word' id='word_1_500' title='bbox 1241 3287 1404 3324; x_wconf 91' lang='lat' dir='ltr'><strong>unum</strong></span> <span class='ocrx_word' id='word_1_501' title='bbox 1435 3270 1571 3326; x_wconf 80' lang='lat' dir='ltr'><strong>estis</strong></span> <span class='ocrx_word' id='word_1_502' title='bbox 1595 3271 1648 3325; x_wconf 92' lang='lat' dir='ltr'><strong>in</strong></span> <span class='ocrx_word' id='word_1_503' title='bbox 1677 3269 1913 3325; x_wconf 90' lang='lat' dir='ltr'><strong>Christo.</strong></span> <span class='ocrx_word' id='word_1_504' title='bbox 1938 3270 1992 3326; x_wconf 92' lang='lat' dir='ltr'><strong>Si</strong></span> <span class='ocrx_word' id='word_1_505' title='bbox 2017 3285 2146 3341; x_wconf 86' lang='lat' dir='ltr'><strong>ergo</strong></span> <span class='ocrx_word' id='word_1_506' title='bbox 2175 3274 2222 3339; x_wconf 76' lang='grc' dir='ltr'>ο</span> <span class='ocrx_word' id='word_1_507' title='bbox 2255 3273 2361 3314; x_wconf 77' lang='lat' dir='ltr'><strong>me-</strong></span> <span class='ocrx_word' id='word_1_508' title='bbox 2413 3256 2701 3313; x_wconf 80' lang='lat' dir='ltr'><strong>Adducens</strong></span> <span class='ocrx_word' id='word_1_509' title='bbox 2743 3270 2874 3326; x_wconf 90' lang='lat' dir='ltr'><strong>ergo</strong></span> <span class='ocrx_word' id='word_1_510' title='bbox 2915 3269 3061 3320; x_wconf 91' lang='lat' dir='ltr'><strong>eum,</strong></span> <span class='ocrx_word' id='word_1_511' title='bbox 3111 3260 3262 3322; x_wconf 89' lang='lat' dir='ltr'><strong>porta</strong></span> <span class='ocrx_word' id='word_1_512' title='bbox 3290 3259 3344 3304; x_wconf 90' lang='lat' dir='ltr'><strong>et</strong></span> <span class='ocrx_word' id='word_1_513' title='bbox 3373 3250 3612 3305; x_wconf 84' lang='lat' dir='ltr'><strong>chartam</strong></span> <span class='ocrx_word' id='word_1_514' title='bbox 3645 3259 3854 3304; x_wconf 85' lang='lat' dir='ltr'><strong>tecum.</strong></span> 
     </span>
    </p>
   </div>
   <div class='ocr_carea' id='block_1_63' title="bbox 557 3361 2143 3433">
    <p class='ocr_par' dir='ltr' id='par_1_63' title="bbox 557 3361 2143 3433">
     <span class='ocr_line' id='line_1_63' title="bbox 557 3361 2143 3433; baseline -0.001 -16"><span class='ocrx_word' id='word_1_515' title='bbox 557 3363 698 3432; x_wconf 93' lang='lat' dir='ltr'><strong>apud</strong></span> <span class='ocrx_word' id='word_1_516' title='bbox 720 3362 995 3418; x_wconf 88' lang='lat' dir='ltr'><strong>Christum</strong></span> <span class='ocrx_word' id='word_1_517' title='bbox 1023 3364 1256 3433; x_wconf 84' lang='lat' dir='ltr'><strong>aequales</strong></span> <span class='ocrx_word' id='word_1_518' title='bbox 1284 3377 1491 3429; x_wconf 91' lang='lat' dir='ltr'><strong>sumus,</strong></span> <span class='ocrx_word' id='word_1_519' title='bbox 1523 3373 1577 3417; x_wconf 91' lang='lat' dir='ltr'><strong>et</strong></span> <span class='ocrx_word' id='word_1_520' title='bbox 1603 3361 1670 3417; x_wconf 90' lang='lat' dir='ltr'><strong>ad</strong></span> <span class='ocrx_word' id='word_1_521' title='bbox 1700 3362 1930 3418; x_wconf 87' lang='lat' dir='ltr'><strong>invicem</strong></span> <span class='ocrx_word' id='word_1_522' title='bbox 1959 3376 2143 3431; x_wconf 87' lang='lat' dir='ltr'><strong>aequa-</strong></span> 
     </span>
    </p>
   </div>
   <div class='ocr_carea' id='block_1_64' title="bbox 555 3452 2145 3512">
    <p class='ocr_par' dir='ltr' id='par_1_64' title="bbox 555 3452 2145 3512">
     <span class='ocr_line' id='line_1_64' title="bbox 555 3452 2145 3512; baseline -0.002 -2"><span class='ocrx_word' id='word_1_523' title='bbox 555 3457 634 3512; x_wconf 91' lang='lat' dir='ltr'><strong>les</strong></span> <span class='ocrx_word' id='word_1_524' title='bbox 703 3455 1020 3512; x_wconf 77' lang='lat' dir='ltr'><strong>efficiamur.</strong></span> <span class='ocrx_word' id='word_1_525' title='bbox 1103 3455 1310 3511; x_wconf 88' lang='lat' dir='ltr'><strong>Etenim</strong></span> <span class='ocrx_word' id='word_1_526' title='bbox 1385 3454 1632 3510; x_wconf 89' lang='lat' dir='ltr'><strong>Christus</strong></span> <span class='ocrx_word' id='word_1_527' title='bbox 1703 3453 1932 3509; x_wconf 82' lang='lat' dir='ltr'><strong>formam</strong></span> <span class='ocrx_word' id='word_1_528' title='bbox 2004 3452 2145 3508; x_wconf 80' lang='lat' dir='ltr'><strong>servi</strong></span> 
     </span>
    </p>
   </div>
   <div class='ocr_carea' id='block_1_65' title="bbox 558 3545 2146 3616">
    <p class='ocr_par' dir='ltr' id='par_1_65' title="bbox 558 3545 2146 3616">
     <span class='ocr_line' id='line_1_65' title="bbox 558 3545 2146 3616; baseline -0.002 -14"><span class='ocrx_word' id='word_1_529' title='bbox 558 3546 879 3616; x_wconf 85' lang='lat' dir='ltr'><strong>assumpsit,</strong></span> <span class='ocrx_word' id='word_1_530' title='bbox 936 3549 1137 3602; x_wconf 92' lang='lat' dir='ltr'><strong>docens</strong></span> <span class='ocrx_word' id='word_1_531' title='bbox 1195 3562 1294 3602; x_wconf 91' lang='lat' dir='ltr'><strong>nos</strong></span> <span class='ocrx_word' id='word_1_532' title='bbox 1339 3561 1443 3600; x_wconf 92' lang='lat' dir='ltr'><strong>non</strong></span> <span class='ocrx_word' id='word_1_533' title='bbox 1492 3545 1769 3615; x_wconf 90' lang='lat' dir='ltr'><strong>superbire</strong></span> <span class='ocrx_word' id='word_1_534' title='bbox 1820 3555 2005 3600; x_wconf 90' lang='lat' dir='ltr'><strong>contra</strong></span> <span class='ocrx_word' id='word_1_535' title='bbox 2032 3561 2146 3600; x_wconf 89' lang='lat' dir='ltr'><strong>ser-</strong></span> 
     </span>
    </p>
   </div>
   <div class='ocr_carea' id='block_1_66' title="bbox 557 3638 2147 3705">
    <p class='ocr_par' dir='ltr' id='par_1_66' title="bbox 557 3638 2147 3705">
     <span class='ocr_line' id='line_1_66' title="bbox 557 3638 2147 3705; baseline -0.001 -9"><span class='ocrx_word' id='word_1_536' title='bbox 557 3655 652 3696; x_wconf 87' lang='lat' dir='ltr'><strong>vos</strong></span> <span class='ocrx_word' id='word_1_537' title='bbox 707 3647 938 3694; x_wconf 92' lang='lat' dir='ltr'><strong>nostros.</strong></span> <span class='ocrx_word' id='word_1_538' title='bbox 1003 3639 1148 3694; x_wconf 89' lang='lat' dir='ltr'><strong>Unus</strong></span> <span class='ocrx_word' id='word_1_539' title='bbox 1198 3639 1339 3693; x_wconf 91' lang='lat' dir='ltr'><strong>enim</strong></span> <span class='ocrx_word' id='word_1_540' title='bbox 1372 3647 1453 3693; x_wconf 89' lang='lat' dir='ltr'><strong>est</strong></span> <span class='ocrx_word' id='word_1_541' title='bbox 1495 3638 1753 3694; x_wconf 91' lang='lat' dir='ltr'><strong>Dominus</strong></span> <span class='ocrx_word' id='word_1_542' title='bbox 1801 3640 2061 3705; x_wconf 91' lang='lat' dir='ltr'><strong>omnium,</strong></span> <span class='ocrx_word' id='word_1_543' title='bbox 2093 3640 2147 3695; x_wconf 92' lang='lat' dir='ltr'><strong>in</strong></span> 
     </span>
    </p>
   </div>
   <div class='ocr_carea' id='block_1_67' title="bbox 556 3731 2149 3803">
    <p class='ocr_par' dir='ltr' id='par_1_67' title="bbox 556 3731 2149 3803">
     <span class='ocr_line' id='line_1_67' title="bbox 556 3731 2149 3803; baseline 0.001 -17"><span class='ocrx_word' id='word_1_544' title='bbox 556 3732 707 3788; x_wconf 67' lang='lat' dir='ltr'><strong>caelis</strong></span> <span class='ocrx_word' id='word_1_545' title='bbox 758 3731 1040 3798; x_wconf 87' lang='lat' dir='ltr'><strong>habitans,</strong></span> <span class='ocrx_word' id='word_1_546' title='bbox 1095 3740 1150 3787; x_wconf 88' lang='lat' dir='ltr'><strong>et</strong></span> <span class='ocrx_word' id='word_1_547' title='bbox 1207 3732 1425 3786; x_wconf 91' lang='lat' dir='ltr'><strong>humilia</strong></span> <span class='ocrx_word' id='word_1_548' title='bbox 1484 3732 1816 3803; x_wconf 88' lang='lat' dir='ltr'><strong>respiciens:</strong></span> <span class='ocrx_word' id='word_1_549' title='bbox 1854 3749 1958 3788; x_wconf 92' lang='lat' dir='ltr'><strong>non</strong></span> <span class='ocrx_word' id='word_1_550' title='bbox 2013 3733 2149 3788; x_wconf 80' lang='lat' dir='ltr'><strong>dixit</strong></span> 
     </span>
    </p>
   </div>
   <div class='ocr_carea' id='block_1_68' title="bbox 555 3823 2132 3896">
    <p class='ocr_par' dir='ltr' id='par_1_68' title="bbox 555 3823 2132 3896">
     <span class='ocr_line' id='line_1_68' title="bbox 555 3823 2132 3896; baseline 0.001 -17"><span class='ocrx_word' id='word_1_551' title='bbox 555 3826 823 3892; x_wconf 84' lang='lat' dir='ltr'><strong>sublimia,</strong></span> <span class='ocrx_word' id='word_1_552' title='bbox 871 3823 968 3880; x_wconf 89' lang='lat' dir='ltr'><strong>sed</strong></span> <span class='ocrx_word' id='word_1_553' title='bbox 1010 3823 1233 3879; x_wconf 89' lang='lat' dir='ltr'><strong>humilia</strong></span> <span class='ocrx_word' id='word_1_554' title='bbox 1284 3823 1455 3894; x_wconf 79' lang='lat' dir='ltr'><strong>(Psal.</strong></span> <span class='ocrx_word' id='word_1_555' title='bbox 1490 3824 1646 3896; x_wconf 82' lang='lat' dir='ltr'><strong>exn).</strong></span> <span class='ocrx_word' id='word_1_556' title='bbox 1688 3825 1954 3892; x_wconf 90' lang='lat' dir='ltr'><strong>Quantum</strong></span> <span class='ocrx_word' id='word_1_557' title='bbox 1988 3825 2132 3881; x_wconf 91' lang='lat' dir='ltr'><strong>enim</strong></span> 
     </span>
    </p>
   </div>
   <div class='ocr_carea' id='block_1_69' title="bbox 554 3917 2146 3988">
    <p class='ocr_par' dir='ltr' id='par_1_69' title="bbox 554 3917 2146 3988">
     <span class='ocr_line' id='line_1_69' title="bbox 554 3917 2146 3988; baseline 0.001 -15"><span class='ocrx_word' id='word_1_558' title='bbox 554 3933 742 3973; x_wconf 89' lang='lat' dir='ltr'><strong>aurum</strong></span> <span class='ocrx_word' id='word_1_559' title='bbox 773 3917 1044 3987; x_wconf 89' lang='lat' dir='ltr'><strong>dedimus,</strong></span> <span class='ocrx_word' id='word_1_560' title='bbox 1077 3928 1137 3972; x_wconf 92' lang='lat' dir='ltr'><strong>ut</strong></span> <span class='ocrx_word' id='word_1_561' title='bbox 1166 3918 1570 3973; x_wconf 88' lang='lat' dir='ltr'><strong>honorificatum</strong></span> <span class='ocrx_word' id='word_1_562' title='bbox 1613 3926 1668 3973; x_wconf 89' lang='lat' dir='ltr'><strong>et</strong></span> <span class='ocrx_word' id='word_1_563' title='bbox 1699 3930 1935 3988; x_wconf 91' lang='lat' dir='ltr'><strong>emptum</strong></span> <span class='ocrx_word' id='word_1_564' title='bbox 1961 3919 2146 3974; x_wconf 83' lang='lat' dir='ltr'><strong>nobis-</strong></span> 
     </span>
    </p>
   </div>
   <div class='ocr_carea' id='block_1_70' title="bbox 555 4008 2148 4079">
    <p class='ocr_par' dir='ltr' id='par_1_70' title="bbox 555 4008 2148 4079">
     <span class='ocr_line' id='line_1_70' title="bbox 555 4008 2148 4079; baseline 0.001 -15"><span class='ocrx_word' id='word_1_565' title='bbox 555 4025 676 4064; x_wconf 91' lang='lat' dir='ltr'><strong>cum</strong></span> <span class='ocrx_word' id='word_1_566' title='bbox 705 4025 830 4064; x_wconf 89' lang='lat' dir='ltr'><strong>eum</strong></span> <span class='ocrx_word' id='word_1_567' title='bbox 868 4009 1128 4079; x_wconf 88' lang='lat' dir='ltr'><strong>sanguine</strong></span> <span class='ocrx_word' id='word_1_568' title='bbox 1165 4008 1345 4063; x_wconf 89' lang='lat' dir='ltr'><strong>divino</strong></span> <span class='ocrx_word' id='word_1_569' title='bbox 1376 4020 1429 4064; x_wconf 91' lang='lat' dir='ltr'><strong>et</strong></span> <span class='ocrx_word' id='word_1_570' title='bbox 1456 4011 1732 4065; x_wconf 90' lang='lat' dir='ltr'><strong>Dominico</strong></span> <span class='ocrx_word' id='word_1_571' title='bbox 1753 4051 1767 4075; x_wconf 91' lang='lat'><strong>,</strong></span> <span class='ocrx_word' id='word_1_572' title='bbox 1801 4011 1955 4066; x_wconf 90' lang='lat' dir='ltr'><strong>nobis</strong></span> <span class='ocrx_word' id='word_1_573' title='bbox 1979 4012 2148 4066; x_wconf 87' lang='lat' dir='ltr'><strong>servi-</strong></span> 
     </span>
    </p>
   </div>
   <div class='ocr_carea' id='block_1_71' title="bbox 560 4099 2144 4174">
    <p class='ocr_par' dir='ltr' id='par_1_71' title="bbox 560 4099 2144 4174">
     <span class='ocr_line' id='line_1_71' title="bbox 560 4099 2144 4174; baseline 0.003 -20"><span class='ocrx_word' id='word_1_574' title='bbox 560 4101 658 4154; x_wconf 93' lang='lat' dir='ltr'><strong>tuti</strong></span> <span class='ocrx_word' id='word_1_575' title='bbox 690 4099 1062 4168; x_wconf 84' lang='lat' dir='ltr'><strong>subjiciamns?</strong></span> <span class='ocrx_word' id='word_1_576' title='bbox 1110 4099 1336 4169; x_wconf 84' lang='lat' dir='ltr'><strong>Propter</strong></span> <span class='ocrx_word' id='word_1_577' title='bbox 1358 4115 1480 4156; x_wconf 91' lang='lat' dir='ltr'><strong>eum</strong></span> <span class='ocrx_word' id='word_1_578' title='bbox 1519 4101 1737 4169; x_wconf 70' lang='lat' dir='ltr'><strong>caelum,</strong></span> <span class='ocrx_word' id='word_1_579' title='bbox 1761 4113 1981 4174; x_wconf 88' lang='lat' dir='ltr'><strong>propter</strong></span> <span class='ocrx_word' id='word_1_580' title='bbox 2023 4118 2144 4159; x_wconf 90' lang='lat' dir='ltr'><strong>eum</strong></span> 
     </span>
    </p>
   </div>
   <div class='ocr_carea' id='block_1_72' title="bbox 554 4197 2147 4270">
    <p class='ocr_par' dir='ltr' id='par_1_72' title="bbox 554 4197 2147 4270">
     <span class='ocr_line' id='line_1_72' title="bbox 554 4197 2147 4270; baseline 0.005 -22"><span class='ocrx_word' id='word_1_581' title='bbox 554 4203 718 4260; x_wconf 87' lang='lat' dir='ltr'><strong>terra,</strong></span> <span class='ocrx_word' id='word_1_582' title='bbox 743 4206 961 4265; x_wconf 88' lang='lat' dir='ltr'><strong>propter</strong></span> <span class='ocrx_word' id='word_1_583' title='bbox 991 4212 1111 4253; x_wconf 90' lang='lat' dir='ltr'><strong>eum</strong></span> <span class='ocrx_word' id='word_1_584' title='bbox 1149 4197 1337 4265; x_wconf 67' lang='lat' dir='ltr'><strong>stellae,</strong></span> <span class='ocrx_word' id='word_1_585' title='bbox 1388 4207 1606 4268; x_wconf 88' lang='lat' dir='ltr'><strong>propter</strong></span> <span class='ocrx_word' id='word_1_586' title='bbox 1631 4213 1753 4254; x_wconf 90' lang='lat' dir='ltr'><strong>eum</strong></span> <span class='ocrx_word' id='word_1_587' title='bbox 1785 4201 1862 4254; x_wconf 92' lang='lat' dir='ltr'><strong>sol</strong></span> <span class='ocrx_word' id='word_1_588' title='bbox 1889 4241 1902 4264; x_wconf 91' lang='lat'><strong>,</strong></span> <span class='ocrx_word' id='word_1_589' title='bbox 1932 4211 2147 4270; x_wconf 86' lang='lat' dir='ltr'><strong>propter</strong></span> 
     </span>
    </p>
   </div>
   <div class='ocr_carea' id='block_1_73' title="bbox 554 4289 2143 4363">
    <p class='ocr_par' dir='ltr' id='par_1_73' title="bbox 554 4289 2143 4363">
     <span class='ocr_line' id='line_1_73' title="bbox 554 4289 2143 4363; baseline 0.004 -22"><span class='ocrx_word' id='word_1_590' title='bbox 554 4301 675 4341; x_wconf 89' lang='lat' dir='ltr'><strong>eum</strong></span> <span class='ocrx_word' id='word_1_591' title='bbox 727 4303 874 4344; x_wconf 88' lang='lat' dir='ltr'><strong>mare</strong></span> <span class='ocrx_word' id='word_1_592' title='bbox 898 4297 954 4345; x_wconf 88' lang='lat' dir='ltr'><strong>et</strong></span> <span class='ocrx_word' id='word_1_593' title='bbox 982 4305 1100 4360; x_wconf 73' lang='lat' dir='ltr'><strong>qua:</strong></span> <span class='ocrx_word' id='word_1_594' title='bbox 1128 4289 1183 4344; x_wconf 91' lang='lat' dir='ltr'><strong>in</strong></span> <span class='ocrx_word' id='word_1_595' title='bbox 1212 4304 1279 4346; x_wconf 93' lang='lat' dir='ltr'><strong>eo</strong></span> <span class='ocrx_word' id='word_1_596' title='bbox 1296 4300 1438 4346; x_wconf 90' lang='lat' dir='ltr'><strong>sunt.</strong></span> <span class='ocrx_word' id='word_1_597' title='bbox 1463 4290 1559 4346; x_wconf 84' lang='lat' dir='ltr'><strong>Est</strong></span> <span class='ocrx_word' id='word_1_598' title='bbox 1574 4300 1751 4347; x_wconf 89' lang='lat' dir='ltr'><strong>autem</strong></span> <span class='ocrx_word' id='word_1_599' title='bbox 1780 4307 1987 4360; x_wconf 90' lang='lat' dir='ltr'><strong>verum,</strong></span> <span class='ocrx_word' id='word_1_600' title='bbox 2019 4294 2143 4363; x_wconf 84' lang='lat' dir='ltr'><strong>quia</strong></span> 
     </span>
    </p>
   </div>
   <div class='ocr_carea' id='block_1_74' title="bbox 557 4380 2146 4456">
    <p class='ocr_par' dir='ltr' id='par_1_74' title="bbox 557 4380 2146 4456">
     <span class='ocr_line' id='line_1_74' title="bbox 557 4380 2146 4456; baseline 0.004 -22"><span class='ocrx_word' id='word_1_601' title='bbox 557 4388 610 4434; x_wconf 90' lang='lat' dir='ltr'><strong>et</strong></span> <span class='ocrx_word' id='word_1_602' title='bbox 654 4380 829 4450; x_wconf 90' lang='lat' dir='ltr'><strong>angeli</strong></span> <span class='ocrx_word' id='word_1_603' title='bbox 856 4380 909 4437; x_wconf 92' lang='lat' dir='ltr'><strong>ei</strong></span> <span class='ocrx_word' id='word_1_604' title='bbox 943 4381 1272 4451; x_wconf 87' lang='lat' dir='ltr'><strong>ministrant,</strong></span> <span class='ocrx_word' id='word_1_605' title='bbox 1304 4392 1526 4455; x_wconf 90' lang='lat' dir='ltr'><strong>propter</strong></span> <span class='ocrx_word' id='word_1_606' title='bbox 1545 4400 1666 4440; x_wconf 90' lang='lat' dir='ltr'><strong>eum</strong></span> <span class='ocrx_word' id='word_1_607' title='bbox 1715 4384 1959 4441; x_wconf 91' lang='lat' dir='ltr'><strong>Christus</strong></span> <span class='ocrx_word' id='word_1_608' title='bbox 1981 4386 2146 4456; x_wconf 89' lang='lat' dir='ltr'><strong>pedes</strong></span> 
     </span>
    </p>
   </div>
   <div class='ocr_carea' id='block_1_75' title="bbox 555 4479 2143 4552">
    <p class='ocr_par' dir='ltr' id='par_1_75' title="bbox 555 4479 2143 4552">
     <span class='ocr_line' id='line_1_75' title="bbox 555 4479 2143 4552; baseline 0.007 -22"><span class='ocrx_word' id='word_1_609' title='bbox 555 4491 834 4532; x_wconf 91' lang='lat' dir='ltr'><strong>servorum</strong></span> <span class='ocrx_word' id='word_1_610' title='bbox 901 4479 1056 4544; x_wconf 86' lang='lat' dir='ltr'><strong>lavit,</strong></span> <span class='ocrx_word' id='word_1_611' title='bbox 1133 4490 1351 4551; x_wconf 88' lang='lat' dir='ltr'><strong>propter</strong></span> <span class='ocrx_word' id='word_1_612' title='bbox 1400 4498 1521 4538; x_wconf 92' lang='lat' dir='ltr'><strong>eum</strong></span> <span class='ocrx_word' id='word_1_613' title='bbox 1571 4484 1859 4540; x_wconf 81' lang='lat' dir='ltr'><strong>cruciﬁxus</strong></span> <span class='ocrx_word' id='word_1_614' title='bbox 1915 4495 2033 4552; x_wconf 89' lang='lat' dir='ltr'><strong>est,</strong></span> <span class='ocrx_word' id='word_1_615' title='bbox 2089 4496 2143 4541; x_wconf 90' lang='lat' dir='ltr'><strong>et</strong></span> 
     </span>
    </p>
   </div>
   <div class='ocr_carea' id='block_1_76' title="bbox 552 4572 2141 4646">
    <p class='ocr_par' dir='ltr' id='par_1_76' title="bbox 552 4572 2141 4646">
     <span class='ocr_line' id='line_1_76' title="bbox 552 4572 2141 4646; baseline 0.005 -21"><span class='ocrx_word' id='word_1_616' title='bbox 552 4578 746 4625; x_wconf 82' lang='lat' dir='ltr'><strong>caetera</strong></span> <span class='ocrx_word' id='word_1_617' title='bbox 770 4572 945 4627; x_wconf 87' lang='lat' dir='ltr'><strong>omnia</strong></span> <span class='ocrx_word' id='word_1_618' title='bbox 977 4582 1194 4642; x_wconf 89' lang='lat' dir='ltr'><strong>propter</strong></span> <span class='ocrx_word' id='word_1_619' title='bbox 1218 4589 1338 4630; x_wconf 89' lang='lat' dir='ltr'><strong>eum</strong></span> <span class='ocrx_word' id='word_1_620' title='bbox 1369 4589 1556 4646; x_wconf 90' lang='lat' dir='ltr'><strong>passus</strong></span> <span class='ocrx_word' id='word_1_621' title='bbox 1572 4587 1676 4633; x_wconf 90' lang='lat' dir='ltr'><strong>est.</strong></span> <span class='ocrx_word' id='word_1_622' title='bbox 1706 4577 1785 4632; x_wconf 89' lang='lat' dir='ltr'><strong>Tu</strong></span> <span class='ocrx_word' id='word_1_623' title='bbox 1808 4586 1986 4633; x_wconf 90' lang='lat' dir='ltr'><strong>autem</strong></span> <span class='ocrx_word' id='word_1_624' title='bbox 2019 4594 2141 4633; x_wconf 90' lang='lat' dir='ltr'><strong>eum</strong></span> 
     </span>
    </p>
   </div>
   <div class='ocr_carea' id='block_1_77' title="bbox 2254 3345 3850 3426">
    <p class='ocr_par' dir='ltr' id='par_1_77' title="bbox 2254 3345 3850 3426">
     <span class='ocr_line' id='line_1_77' title="bbox 2254 3345 3850 3426; baseline -0.007 -17"><span class='ocrx_word' id='word_1_625' title='bbox 2254 3353 2384 3409; x_wconf 90' lang='lat' dir='ltr'><strong>Cum</strong></span> <span class='ocrx_word' id='word_1_626' title='bbox 2418 3367 2544 3408; x_wconf 88' lang='lat' dir='ltr'><strong>vero</strong></span> <span class='ocrx_word' id='word_1_627' title='bbox 2571 3352 2963 3421; x_wconf 75' lang='lat' dir='ltr'><strong>pervenissent,</strong></span> <span class='ocrx_word' id='word_1_628' title='bbox 2997 3348 3118 3404; x_wconf 92' lang='lat' dir='ltr'><strong>tulit</strong></span> <span class='ocrx_word' id='word_1_629' title='bbox 3142 3363 3262 3404; x_wconf 91' lang='lat' dir='ltr'><strong>eum</strong></span> <span class='ocrx_word' id='word_1_630' title='bbox 3291 3355 3502 3426; x_wconf 81' lang='lat' dir='ltr'><strong>secreto</strong></span> <span class='ocrx_word' id='word_1_631' title='bbox 3535 3345 3850 3416; x_wconf 88' lang='lat' dir='ltr'><strong>illejustus,</strong></span> 
     </span>
    </p>
   </div>
   <div class='ocr_carea' id='block_1_78' title="bbox 2254 3439 3850 3515">
    <p class='ocr_par' dir='ltr' id='par_1_78' title="bbox 2254 3439 3850 3515">
     <span class='ocr_line' id='line_1_78' title="bbox 2254 3439 3850 3515; baseline -0.007 -13"><span class='ocrx_word' id='word_1_632' title='bbox 2254 3454 2310 3502; x_wconf 88' lang='lat' dir='ltr'><strong>et</strong></span> <span class='ocrx_word' id='word_1_633' title='bbox 2334 3446 2498 3515; x_wconf 68' lang='lat' dir='ltr'><strong>coepit</strong></span> <span class='ocrx_word' id='word_1_634' title='bbox 2526 3443 2829 3500; x_wconf 89' lang='lat' dir='ltr'><strong>deosculari</strong></span> <span class='ocrx_word' id='word_1_635' title='bbox 2857 3457 3003 3509; x_wconf 91' lang='lat' dir='ltr'><strong>eum,</strong></span> <span class='ocrx_word' id='word_1_636' title='bbox 3032 3451 3087 3498; x_wconf 86' lang='lat' dir='ltr'><strong>et</strong></span> <span class='ocrx_word' id='word_1_637' title='bbox 3114 3441 3332 3498; x_wconf 88' lang='lat' dir='ltr'><strong>dicere:</strong></span> <span class='ocrx_word' id='word_1_638' title='bbox 3364 3440 3508 3495; x_wconf 90' lang='lat' dir='ltr'><strong>Bene</strong></span> <span class='ocrx_word' id='word_1_639' title='bbox 3532 3440 3678 3494; x_wconf 91' lang='lat' dir='ltr'><strong>venit</strong></span> <span class='ocrx_word' id='word_1_640' title='bbox 3701 3439 3850 3492; x_wconf 83' lang='lat' dir='ltr'><strong>filius</strong></span> 
     </span>
    </p>
   </div>
   <div class='ocr_carea' id='block_1_79' title="bbox 2255 3529 3856 3607">
    <p class='ocr_par' dir='ltr' id='par_1_79' title="bbox 2255 3529 3856 3607">
     <span class='ocr_line' id='line_1_79' title="bbox 2255 3529 3856 3607; baseline -0.005 -14"><span class='ocrx_word' id='word_1_641' title='bbox 2255 3538 2562 3593; x_wconf 89' lang='lat' dir='ltr'><strong>consobrini</strong></span> <span class='ocrx_word' id='word_1_642' title='bbox 2597 3537 2724 3592; x_wconf 91' lang='lat' dir='ltr'><strong>mei.</strong></span> <span class='ocrx_word' id='word_1_643' title='bbox 2759 3533 2961 3591; x_wconf 89' lang='lat' dir='ltr'><strong>Ditavit</strong></span> <span class='ocrx_word' id='word_1_644' title='bbox 2990 3534 3152 3607; x_wconf 84' lang='lat' dir='ltr'><strong>igitur</strong></span> <span class='ocrx_word' id='word_1_645' title='bbox 3179 3549 3323 3602; x_wconf 90' lang='lat' dir='ltr'><strong>eum,</strong></span> <span class='ocrx_word' id='word_1_646' title='bbox 3353 3540 3408 3588; x_wconf 87' lang='lat' dir='ltr'><strong>et</strong></span> <span class='ocrx_word' id='word_1_647' title='bbox 3435 3532 3588 3587; x_wconf 79' lang='lat' dir='ltr'><strong>uxori</strong></span> <span class='ocrx_word' id='word_1_648' title='bbox 3623 3529 3856 3586; x_wconf 84' lang='lat' dir='ltr'><strong>tradidit</strong></span> 
     </span>
    </p>
   </div>
   <div class='ocr_carea' id='block_1_80' title="bbox 2254 3624 3856 3695">
    <p class='ocr_par' dir='ltr' id='par_1_80' title="bbox 2254 3624 3856 3695">
     <span class='ocr_line' id='line_1_80' title="bbox 2254 3624 3856 3695; baseline -0.006 -9"><span class='ocrx_word' id='word_1_649' title='bbox 2254 3631 2308 3687; x_wconf 87' lang='lat' dir='ltr'><strong>in</strong></span> <span class='ocrx_word' id='word_1_650' title='bbox 2340 3629 2664 3686; x_wconf 82' lang='lat' dir='ltr'><strong>Alexandria</strong></span> <span class='ocrx_word' id='word_1_651' title='bbox 2692 3671 2706 3695; x_wconf 94' lang='lat'><strong>,</strong></span> <span class='ocrx_word' id='word_1_652' title='bbox 2737 3636 2792 3684; x_wconf 90' lang='lat' dir='ltr'><strong>et</strong></span> <span class='ocrx_word' id='word_1_653' title='bbox 2818 3628 3035 3684; x_wconf 91' lang='lat' dir='ltr'><strong>domum</strong></span> <span class='ocrx_word' id='word_1_654' title='bbox 3066 3635 3121 3683; x_wconf 87' lang='lat' dir='ltr'><strong>et</strong></span> <span class='ocrx_word' id='word_1_655' title='bbox 3148 3626 3326 3682; x_wconf 89' lang='lat' dir='ltr'><strong>omnia</strong></span> <span class='ocrx_word' id='word_1_656' title='bbox 3359 3625 3549 3695; x_wconf 83' lang='lat' dir='ltr'><strong>quibus</strong></span> <span class='ocrx_word' id='word_1_657' title='bbox 3578 3638 3714 3694; x_wconf 87' lang='lat' dir='ltr'><strong>opus</strong></span> <span class='ocrx_word' id='word_1_658' title='bbox 3748 3624 3856 3677; x_wconf 78' lang='lat' dir='ltr'><strong>lia-</strong></span> 
     </span>
    </p>
   </div>
   <div class='ocr_carea' id='block_1_81' title="bbox 2256 3716 3849 3787">
    <p class='ocr_par' dir='ltr' id='par_1_81' title="bbox 2256 3716 3849 3787">
     <span class='ocr_line' id='line_1_81' title="bbox 2256 3716 3849 3787; baseline -0.006 -11"><span class='ocrx_word' id='word_1_659' title='bbox 2256 3721 2367 3776; x_wconf 90' lang='lat' dir='ltr'><strong>buit</strong></span> <span class='ocrx_word' id='word_1_660' title='bbox 2390 3721 2608 3776; x_wconf 89' lang='lat' dir='ltr'><strong>donavit</strong></span> <span class='ocrx_word' id='word_1_661' title='bbox 2641 3721 2725 3786; x_wconf 92' lang='lat' dir='ltr'><strong>ei,</strong></span> <span class='ocrx_word' id='word_1_662' title='bbox 2759 3720 3131 3776; x_wconf 87' lang='lat' dir='ltr'><strong>demonstrare</strong></span> <span class='ocrx_word' id='word_1_663' title='bbox 3159 3718 3419 3774; x_wconf 81' lang='lat' dir='ltr'><strong>festinans</strong></span> <span class='ocrx_word' id='word_1_664' title='bbox 3446 3716 3700 3787; x_wconf 89' lang='lat' dir='ltr'><strong>quoniam</strong></span> <span class='ocrx_word' id='word_1_665' title='bbox 3734 3729 3849 3769; x_wconf 92' lang='lat' dir='ltr'><strong>non</strong></span> 
     </span>
    </p>
   </div>
   <div class='ocr_carea' id='block_1_82' title="bbox 2257 3806 3851 3886">
    <p class='ocr_par' dir='ltr' id='par_1_82' title="bbox 2257 3806 3851 3886">
     <span class='ocr_line' id='line_1_82' title="bbox 2257 3806 3851 3886; baseline -0.005 -17"><span class='ocrx_word' id='word_1_666' title='bbox 2257 3815 2595 3886; x_wconf 84' lang='lat' dir='ltr'><strong>derelinquet</strong></span> <span class='ocrx_word' id='word_1_667' title='bbox 2647 3814 2905 3870; x_wconf 89' lang='lat' dir='ltr'><strong>Dominus</strong></span> <span class='ocrx_word' id='word_1_668' title='bbox 2953 3823 3233 3883; x_wconf 89' lang='lat' dir='ltr'><strong>sperantes</strong></span> <span class='ocrx_word' id='word_1_669' title='bbox 3278 3815 3328 3866; x_wconf 94' lang='lat' dir='ltr'><strong>in</strong></span> <span class='ocrx_word' id='word_1_670' title='bbox 3362 3827 3420 3866; x_wconf 90' lang='lat' dir='ltr'><strong>se</strong></span> <span class='ocrx_word' id='word_1_671' title='bbox 3474 3809 3711 3873; x_wconf 79' lang='lat' dir='ltr'><strong>(Iudith.</strong></span> <span class='ocrx_word' id='word_1_672' title='bbox 3744 3806 3851 3879; x_wconf 86' lang='lat' dir='ltr'><strong>vt).</strong></span> 
     </span>
    </p>
   </div>
   <div class='ocr_carea' id='block_1_83' title="bbox 2327 3922 3856 3999">
    <p class='ocr_par' dir='ltr' id='par_1_83' title="bbox 2327 3922 3856 3999">
     <span class='ocr_line' id='line_1_83' title="bbox 2327 3922 3856 3999; baseline -0.006 -15"><span class='ocrx_word' id='word_1_673' title='bbox 2327 3929 2454 3984; x_wconf 74' lang='lat' dir='ltr'><strong>CAP.</strong></span> <span class='ocrx_word' id='word_1_674' title='bbox 2489 3928 2731 3985; x_wconf 80' lang='lat' dir='ltr'><strong>XXXIV.</strong></span> <span class='ocrx_word' id='word_1_675' title='bbox 2764 3926 3297 3999; x_wconf 75' lang='lat' dir='ltr'><strong>-—Impra:termisse</strong></span> <span class='ocrx_word' id='word_1_676' title='bbox 3346 3933 3526 3984; x_wconf 66' lang='lat' dir='ltr'><strong>autem</strong></span> <span class='ocrx_word' id='word_1_677' title='bbox 3576 3931 3630 3977; x_wconf 89' lang='lat' dir='ltr'><strong>et</strong></span> <span class='ocrx_word' id='word_1_678' title='bbox 3686 3922 3856 3991; x_wconf 83' lang='lat' dir='ltr'><strong>hujus</strong></span> 
     </span>
    </p>
   </div>
   <div class='ocr_carea' id='block_1_84' title="bbox 2254 4015 3854 4086">
    <p class='ocr_par' dir='ltr' id='par_1_84' title="bbox 2254 4015 3854 4086">
     <span class='ocr_line' id='line_1_84' title="bbox 2254 4015 3854 4086; baseline -0.005 -11"><span class='ocrx_word' id='word_1_679' title='bbox 2254 4020 2491 4076; x_wconf 89' lang='lat' dir='ltr'><strong>mandati</strong></span> <span class='ocrx_word' id='word_1_680' title='bbox 2524 4035 2708 4074; x_wconf 85' lang='lat' dir='ltr'><strong>curam</strong></span> <span class='ocrx_word' id='word_1_681' title='bbox 2736 4019 2920 4074; x_wconf 90' lang='lat' dir='ltr'><strong>habuit</strong></span> <span class='ocrx_word' id='word_1_682' title='bbox 2947 4019 3032 4072; x_wconf 91' lang='lat' dir='ltr'><strong>hic</strong></span> <span class='ocrx_word' id='word_1_683' title='bbox 3061 4015 3411 4080; x_wconf 85' lang='lat' dir='ltr'><strong>admirabilis,</strong></span> <span class='ocrx_word' id='word_1_684' title='bbox 3441 4015 3613 4086; x_wconf 87' lang='lat' dir='ltr'><strong>legem</strong></span> <span class='ocrx_word' id='word_1_685' title='bbox 3639 4027 3854 4084; x_wconf 86' lang='lat' dir='ltr'><strong>ponen-</strong></span> 
     </span>
    </p>
   </div>
   <div class='ocr_carea' id='block_1_85' title="bbox 2257 4105 3851 4178">
    <p class='ocr_par' dir='ltr' id='par_1_85' title="bbox 2257 4105 3851 4178">
     <span class='ocr_line' id='line_1_85' title="bbox 2257 4105 3851 4178; baseline -0.005 -8"><span class='ocrx_word' id='word_1_686' title='bbox 2257 4113 2324 4170; x_wconf 90' lang='lat' dir='ltr'><strong>tis</strong></span> <span class='ocrx_word' id='word_1_687' title='bbox 2352 4131 2364 4167; x_wconf 90' lang='lat'><strong>:</strong></span> <span class='ocrx_word' id='word_1_688' title='bbox 2393 4113 2603 4167; x_wconf 86' lang='lat' dir='ltr'><strong>Volenti</strong></span> <span class='ocrx_word' id='word_1_689' title='bbox 2624 4122 2867 4166; x_wconf 89' lang='lat' dir='ltr'><strong>mutuare</strong></span> <span class='ocrx_word' id='word_1_690' title='bbox 2891 4127 2919 4166; x_wconf 86' lang='lat' dir='ltr'><strong>a</strong></span> <span class='ocrx_word' id='word_1_691' title='bbox 2948 4121 2999 4166; x_wconf 94' lang='lat' dir='ltr'><strong>te</strong></span> <span class='ocrx_word' id='word_1_692' title='bbox 3022 4126 3088 4164; x_wconf 90' lang='lat' dir='ltr'><strong>ne</strong></span> <span class='ocrx_word' id='word_1_693' title='bbox 3111 4117 3323 4164; x_wconf 89' lang='lat' dir='ltr'><strong>avertas</strong></span> <span class='ocrx_word' id='word_1_694' title='bbox 3347 4107 3633 4178; x_wconf 79' lang='lat' dir='ltr'><strong>aliquando</strong></span> <span class='ocrx_word' id='word_1_695' title='bbox 3660 4105 3851 4176; x_wconf 75' lang='lat' dir='ltr'><strong>(Deut.</strong></span> 
     </span>
    </p>
   </div>
   <div class='ocr_carea' id='block_1_86' title="bbox 2257 4198 3854 4274">
    <p class='ocr_par' dir='ltr' id='par_1_86' title="bbox 2257 4198 3854 4274">
     <span class='ocr_line' id='line_1_86' title="bbox 2257 4198 3854 4274; baseline -0.006 -13"><span class='ocrx_word' id='word_1_696' title='bbox 2257 4222 2356 4273; x_wconf 80' lang='lat' dir='ltr'><strong>xv;</strong></span> <span class='ocrx_word' id='word_1_697' title='bbox 2387 4205 2517 4259; x_wconf 82' lang='lat' dir='ltr'><strong>Luc.</strong></span> <span class='ocrx_word' id='word_1_698' title='bbox 2568 4204 2664 4274; x_wconf 81' lang='lat' dir='ltr'><strong>vt),</strong></span> <span class='ocrx_word' id='word_1_699' title='bbox 2697 4220 2806 4259; x_wconf 93' lang='lat' dir='ltr'><strong>non</strong></span> <span class='ocrx_word' id='word_1_700' title='bbox 2854 4203 3128 4272; x_wconf 89' lang='lat' dir='ltr'><strong>prohibuit</strong></span> <span class='ocrx_word' id='word_1_701' title='bbox 3157 4202 3389 4270; x_wconf 88' lang='lat' dir='ltr'><strong>aliquem</strong></span> <span class='ocrx_word' id='word_1_702' title='bbox 3439 4198 3746 4268; x_wconf 86' lang='lat' dir='ltr'><strong>hujusmodi</strong></span> <span class='ocrx_word' id='word_1_703' title='bbox 3776 4199 3854 4252; x_wconf 85' lang='lat' dir='ltr'><strong>ab</strong></span> 
     </span>
    </p>
   </div>
   <div class='ocr_carea' id='block_1_87' title="bbox 2254 4289 3850 4365">
    <p class='ocr_par' dir='ltr' id='par_1_87' title="bbox 2254 4289 3850 4365">
     <span class='ocr_line' id='line_1_87' title="bbox 2254 4289 3850 4365; baseline -0.006 -13"><span class='ocrx_word' id='word_1_704' title='bbox 2254 4312 2318 4352; x_wconf 90' lang='lat' dir='ltr'><strong>eo</strong></span> <span class='ocrx_word' id='word_1_705' title='bbox 2348 4295 2656 4365; x_wconf 79' lang='lat' dir='ltr'><strong>suffragium</strong></span> <span class='ocrx_word' id='word_1_706' title='bbox 2689 4295 3067 4365; x_wconf 87' lang='lat' dir='ltr'><strong>postulantem.</strong></span> <span class='ocrx_word' id='word_1_707' title='bbox 3105 4293 3256 4349; x_wconf 92' lang='lat' dir='ltr'><strong>Unde</strong></span> <span class='ocrx_word' id='word_1_708' title='bbox 3287 4293 3388 4347; x_wconf 91' lang='lat' dir='ltr'><strong>hoc</strong></span> <span class='ocrx_word' id='word_1_709' title='bbox 3419 4292 3594 4347; x_wconf 90' lang='lat' dir='ltr'><strong>sciens</strong></span> <span class='ocrx_word' id='word_1_710' title='bbox 3624 4289 3850 4360; x_wconf 86' lang='lat' dir='ltr'><strong>quidam</strong></span> 
     </span>
    </p>
   </div>
   <div class='ocr_carea' id='block_1_88' title="bbox 2255 4381 3852 4458">
    <p class='ocr_par' dir='ltr' id='par_1_88' title="bbox 2255 4381 3852 4458">
     <span class='ocr_line' id='line_1_88' title="bbox 2255 4381 3852 4458; baseline -0.006 -16"><span class='ocrx_word' id='word_1_711' title='bbox 2255 4388 2518 4458; x_wconf 86' lang='lat' dir='ltr'><strong>malignus</strong></span> <span class='ocrx_word' id='word_1_712' title='bbox 2541 4396 2595 4442; x_wconf 91' lang='lat' dir='ltr'><strong>et</strong></span> <span class='ocrx_word' id='word_1_713' title='bbox 2622 4389 2900 4455; x_wconf 86' lang='lat' dir='ltr'><strong>impostor,</strong></span> <span class='ocrx_word' id='word_1_714' title='bbox 2927 4388 3076 4454; x_wconf 89' lang='lat' dir='ltr'><strong>petiit</strong></span> <span class='ocrx_word' id='word_1_715' title='bbox 3105 4384 3170 4438; x_wconf 90' lang='lat' dir='ltr'><strong>ab</strong></span> <span class='ocrx_word' id='word_1_716' title='bbox 3201 4399 3264 4439; x_wconf 91' lang='lat' dir='ltr'><strong>eo</strong></span> <span class='ocrx_word' id='word_1_717' title='bbox 3296 4393 3352 4439; x_wconf 91' lang='lat' dir='ltr'><strong>ut</strong></span> <span class='ocrx_word' id='word_1_718' title='bbox 3378 4382 3479 4437; x_wconf 93' lang='lat' dir='ltr'><strong>sibi</strong></span> <span class='ocrx_word' id='word_1_719' title='bbox 3510 4391 3723 4436; x_wconf 89' lang='lat' dir='ltr'><strong>mutuas</strong></span> <span class='ocrx_word' id='word_1_720' title='bbox 3751 4381 3852 4434; x_wconf 85' lang='lat' dir='ltr'><strong>da-</strong></span> 
     </span>
    </p>
   </div>
   <div class='ocr_carea' id='block_1_89' title="bbox 2255 4475 3852 4549">
    <p class='ocr_par' dir='ltr' id='par_1_89' title="bbox 2255 4475 3852 4549">
     <span class='ocr_line' id='line_1_89' title="bbox 2255 4475 3852 4549; baseline -0.004 -14"><span class='ocrx_word' id='word_1_721' title='bbox 2255 4488 2338 4535; x_wconf 90' lang='lat' dir='ltr'><strong>ret</strong></span> <span class='ocrx_word' id='word_1_722' title='bbox 2367 4480 2550 4549; x_wconf 87' lang='lat' dir='ltr'><strong>viginti</strong></span> <span class='ocrx_word' id='word_1_723' title='bbox 2595 4478 2762 4533; x_wconf 90' lang='lat' dir='ltr'><strong>libras</strong></span> <span class='ocrx_word' id='word_1_724' title='bbox 2789 4479 2925 4532; x_wconf 91' lang='lat' dir='ltr'><strong>auri.</strong></span> <span class='ocrx_word' id='word_1_725' title='bbox 2965 4477 3090 4532; x_wconf 86' lang='lat' dir='ltr'><strong>Erat</strong></span> <span class='ocrx_word' id='word_1_726' title='bbox 3119 4486 3297 4532; x_wconf 89' lang='lat' dir='ltr'><strong>autem</strong></span> <span class='ocrx_word' id='word_1_727' title='bbox 3330 4478 3398 4532; x_wconf 90' lang='lat' dir='ltr'><strong>de</strong></span> <span class='ocrx_word' id='word_1_728' title='bbox 3425 4477 3508 4531; x_wconf 90' lang='lat' dir='ltr'><strong>bis</strong></span> <span class='ocrx_word' id='word_1_729' title='bbox 3538 4475 3627 4546; x_wconf 89' lang='lat' dir='ltr'><strong>qui</strong></span> <span class='ocrx_word' id='word_1_730' title='bbox 3653 4476 3852 4530; x_wconf 84' lang='lat' dir='ltr'><strong>dicun-</strong></span> 
     </span>
    </p>
   </div>
   <div class='ocr_carea' id='block_1_90' title="bbox 2255 4570 3850 4641">
    <p class='ocr_par' dir='ltr' id='par_1_90' title="bbox 2255 4570 3850 4641">
     <span class='ocr_line' id='line_1_90' title="bbox 2255 4570 3850 4641; baseline -0.001 -15"><span class='ocrx_word' id='word_1_731' title='bbox 2255 4582 2340 4626; x_wconf 91' lang='lat' dir='ltr'><strong>tur</strong></span> <span class='ocrx_word' id='word_1_732' title='bbox 2364 4571 2693 4626; x_wconf 88' lang='lat' dir='ltr'><strong>Gallodromi</strong></span> <span class='ocrx_word' id='word_1_733' title='bbox 2715 4570 2855 4641; x_wconf 73' lang='grc' dir='ltr'><strong>(Η).</strong></span> <span class='ocrx_word' id='word_1_734' title='bbox 2876 4572 3238 4625; x_wconf 86' lang='lat' dir='ltr'><strong>Contemnens</strong></span> <span class='ocrx_word' id='word_1_735' title='bbox 3255 4585 3382 4640; x_wconf 84' lang='lat' dir='ltr'><strong>ergo</strong></span> <span class='ocrx_word' id='word_1_736' title='bbox 3403 4577 3644 4625; x_wconf 78' lang='lat' dir='ltr'><strong>sanetum</strong></span> <span class='ocrx_word' id='word_1_737' title='bbox 3667 4584 3850 4639; x_wconf 87' lang='lat' dir='ltr'><strong>quem-</strong></span> 
     </span>
    </p>
   </div>
   <div class='ocr_carea' id='block_1_91' title="bbox 554 4662 3849 4742">
    <p class='ocr_par' dir='ltr' id='par_1_91' title="bbox 554 4662 3849 4742">
     <span class='ocr_line' id='line_1_91' title="bbox 554 4662 3849 4742; baseline 0.001 -27"><span class='ocrx_word' id='word_1_738' title='bbox 554 4663 643 4731; x_wconf 86' lang='lat' dir='ltr'><strong>qui</strong></span> <span class='ocrx_word' id='word_1_739' title='bbox 673 4679 702 4716; x_wconf 93' lang='lat' dir='ltr'><strong>a</strong></span> <span class='ocrx_word' id='word_1_740' title='bbox 724 4663 835 4718; x_wconf 91' lang='lat' dir='ltr'><strong>Deo</strong></span> <span class='ocrx_word' id='word_1_741' title='bbox 865 4665 1156 4721; x_wconf 88' lang='lat' dir='ltr'><strong>honoratur</strong></span> <span class='ocrx_word' id='word_1_742' title='bbox 1184 4668 1507 4736; x_wconf 81' lang='lat' dir='ltr'><strong>inhonoras,</strong></span> <span class='ocrx_word' id='word_1_743' title='bbox 1539 4678 1594 4725; x_wconf 86' lang='lat' dir='ltr'><strong>et</strong></span> <span class='ocrx_word' id='word_1_744' title='bbox 1613 4671 1764 4742; x_wconf 90' lang='lat' dir='ltr'><strong>quasi</strong></span> <span class='ocrx_word' id='word_1_745' title='bbox 1787 4688 1890 4726; x_wconf 93' lang='lat' dir='ltr'><strong>non</strong></span> <span class='ocrx_word' id='word_1_746' title='bbox 1914 4674 1988 4727; x_wconf 90' lang='lat' dir='ltr'><strong>sis</strong></span> <span class='ocrx_word' id='word_1_747' title='bbox 2012 4672 2148 4742; x_wconf 85' lang='lat' dir='ltr'><strong>ejus-</strong></span> <span class='ocrx_word' id='word_1_748' title='bbox 2173 4669 2230 4731; x_wconf 89' lang='lat' dir='ltr'><strong>D</strong></span> <span class='ocrx_word' id='word_1_749' title='bbox 2255 4667 2542 4723; x_wconf 87' lang='lat' dir='ltr'><strong>admodum</strong></span> <span class='ocrx_word' id='word_1_750' title='bbox 2575 4678 2628 4721; x_wconf 91' lang='lat' dir='ltr'><strong>et</strong></span> <span class='ocrx_word' id='word_1_751' title='bbox 2677 4665 2808 4720; x_wconf 90' lang='lat' dir='ltr'><strong>alios</strong></span> <span class='ocrx_word' id='word_1_752' title='bbox 2838 4665 3052 4731; x_wconf 89' lang='lat' dir='ltr'><strong>multos,</strong></span> <span class='ocrx_word' id='word_1_753' title='bbox 3098 4664 3311 4720; x_wconf 87' lang='lat' dir='ltr'><strong>dicebat</strong></span> <span class='ocrx_word' id='word_1_754' title='bbox 3337 4682 3350 4718; x_wconf 89' lang='lat'><strong>:</strong></span> <span class='ocrx_word' id='word_1_755' title='bbox 3375 4665 3506 4732; x_wconf 87' lang='lat' dir='ltr'><strong>Quia</strong></span> <span class='ocrx_word' id='word_1_756' title='bbox 3537 4662 3673 4718; x_wconf 89' lang='lat' dir='ltr'><strong>nihil</strong></span> <span class='ocrx_word' id='word_1_757' title='bbox 3709 4664 3849 4717; x_wconf 78' lang='lat' dir='ltr'><strong>mihi</strong></span> 
     </span>
    </p>
   </div>
   <div class='ocr_carea' id='block_1_92' title="bbox 555 4753 2140 4829">
    <p class='ocr_par' dir='ltr' id='par_1_92' title="bbox 555 4753 2140 4829">
     <span class='ocr_line' id='line_1_92' title="bbox 555 4753 2140 4829; baseline 0.008 -22"><span class='ocrx_word' id='word_1_758' title='bbox 555 4753 676 4809; x_wconf 89' lang='lat' dir='ltr'><strong>dem</strong></span> <span class='ocrx_word' id='word_1_759' title='bbox 707 4764 928 4822; x_wconf 60' lang='lat' dir='ltr'><strong>naturas,</strong></span> <span class='ocrx_word' id='word_1_760' title='bbox 956 4772 1057 4811; x_wconf 92' lang='lat' dir='ltr'><strong>non</strong></span> <span class='ocrx_word' id='word_1_761' title='bbox 1082 4774 1304 4826; x_wconf 88' lang='lat' dir='ltr'><strong>parcens</strong></span> <span class='ocrx_word' id='word_1_762' title='bbox 1327 4760 1488 4815; x_wconf 86' lang='lat' dir='ltr'><strong>feris?</strong></span> <span class='ocrx_word' id='word_1_763' title='bbox 1513 4761 1605 4816; x_wconf 91' lang='lat' dir='ltr'><strong>Dic</strong></span> <span class='ocrx_word' id='word_1_764' title='bbox 1627 4803 1641 4828; x_wconf 96' lang='lat'><strong>,</strong></span> <span class='ocrx_word' id='word_1_765' title='bbox 1671 4762 1928 4829; x_wconf 87' lang='lat' dir='ltr'><strong>obsecro,</strong></span> <span class='ocrx_word' id='word_1_766' title='bbox 1953 4764 2140 4828; x_wconf 88' lang='lat' dir='ltr'><strong>velles,</strong></span> 
     </span>
    </p>
   </div>
   <div class='ocr_carea' id='block_1_93' title="bbox 552 4847 2140 4919">
    <p class='ocr_par' dir='ltr' id='par_1_93' title="bbox 552 4847 2140 4919">
     <span class='ocr_line' id='line_1_93' title="bbox 552 4847 2140 4919; baseline 0.006 -20"><span class='ocrx_word' id='word_1_767' title='bbox 552 4847 762 4915; x_wconf 88' lang='lat' dir='ltr'><strong>quoties</strong></span> <span class='ocrx_word' id='word_1_768' title='bbox 791 4849 1005 4917; x_wconf 87' lang='lat' dir='ltr'><strong>culpam</strong></span> <span class='ocrx_word' id='word_1_769' title='bbox 1038 4848 1298 4919; x_wconf 91' lang='lat' dir='ltr'><strong>admittis,</strong></span> <span class='ocrx_word' id='word_1_770' title='bbox 1334 4861 1390 4906; x_wconf 91' lang='lat' dir='ltr'><strong>ut</strong></span> <span class='ocrx_word' id='word_1_771' title='bbox 1413 4867 1535 4907; x_wconf 83' lang='lat' dir='ltr'><strong>mox</strong></span> <span class='ocrx_word' id='word_1_772' title='bbox 1564 4853 1815 4909; x_wconf 84' lang='lat' dir='ltr'><strong>redderet</strong></span> <span class='ocrx_word' id='word_1_773' title='bbox 1842 4854 1936 4909; x_wconf 91' lang='lat' dir='ltr'><strong>tibi</strong></span> <span class='ocrx_word' id='word_1_774' title='bbox 1970 4855 2140 4911; x_wconf 81' lang='lat' dir='ltr'><strong>Deus‘!</strong></span> 
     </span>
    </p>
   </div>
   <div class='ocr_carea' id='block_1_94' title="bbox 551 4938 2140 5015">
    <p class='ocr_par' dir='ltr' id='par_1_94' title="bbox 551 4938 2140 5015">
     <span class='ocr_line' id='line_1_94' title="bbox 551 4938 2140 5015; baseline 0.004 -22"><span class='ocrx_word' id='word_1_775' title='bbox 551 4938 917 5010; x_wconf 83' lang='lat' dir='ltr'><strong>Nequaquam.</strong></span> <span class='ocrx_word' id='word_1_776' title='bbox 954 4941 1067 5009; x_wconf 91' lang='lat' dir='ltr'><strong>Dic,</strong></span> <span class='ocrx_word' id='word_1_777' title='bbox 1122 4943 1388 5011; x_wconf 89' lang='lat' dir='ltr'><strong>quomodo</strong></span> <span class='ocrx_word' id='word_1_778' title='bbox 1433 4959 1556 4999; x_wconf 90' lang='lat' dir='ltr'><strong>oras</strong></span> <span class='ocrx_word' id='word_1_779' title='bbox 1604 4945 1862 5015; x_wconf 88' lang='lat' dir='ltr'><strong>quotidie,</strong></span> <span class='ocrx_word' id='word_1_780' title='bbox 1912 4947 2140 5002; x_wconf 87' lang='lat' dir='ltr'><strong>dicens:</strong></span> 
     </span>
    </p>
   </div>
   <div class='ocr_carea' id='block_1_95' title="bbox 557 5032 2144 5101">
    <p class='ocr_par' dir='ltr' id='par_1_95' title="bbox 557 5032 2144 5101">
     <span class='ocr_line' id='line_1_95' title="bbox 557 5032 2144 5101; baseline 0.007 -17"><span class='ocrx_word' id='word_1_781' title='bbox 557 5032 773 5088; x_wconf 80' lang='lat' dir='ltr'><strong>Dimitte</strong></span> <span class='ocrx_word' id='word_1_782' title='bbox 804 5033 956 5088; x_wconf 89' lang='lat' dir='ltr'><strong>nobis</strong></span> <span class='ocrx_word' id='word_1_783' title='bbox 985 5034 1168 5089; x_wconf 84' lang='lat' dir='ltr'><strong>debita</strong></span> <span class='ocrx_word' id='word_1_784' title='bbox 1199 5044 1400 5101; x_wconf 91' lang='lat' dir='ltr'><strong>nostra,</strong></span> <span class='ocrx_word' id='word_1_785' title='bbox 1431 5037 1569 5092; x_wconf 90' lang='lat' dir='ltr'><strong>sicut</strong></span> <span class='ocrx_word' id='word_1_786' title='bbox 1613 5047 1665 5092; x_wconf 92' lang='lat' dir='ltr'><strong>et</strong></span> <span class='ocrx_word' id='word_1_787' title='bbox 1698 5053 1796 5093; x_wconf 92' lang='lat' dir='ltr'><strong>nos</strong></span> <span class='ocrx_word' id='word_1_788' title='bbox 1826 5039 2144 5095; x_wconf 89' lang='lat' dir='ltr'><strong>dimittimus</strong></span> 
     </span>
    </p>
   </div>
   <div class='ocr_carea' id='block_1_96' title="bbox 552 5127 2141 5202">
    <p class='ocr_par' dir='ltr' id='par_1_96' title="bbox 552 5127 2141 5202">
     <span class='ocr_line' id='line_1_96' title="bbox 552 5127 2141 5202; baseline 0.004 -19"><span class='ocrx_word' id='word_1_789' title='bbox 552 5127 885 5185; x_wconf 89' lang='lat' dir='ltr'><strong>debitoribus</strong></span> <span class='ocrx_word' id='word_1_790' title='bbox 914 5131 1113 5184; x_wconf 91' lang='lat' dir='ltr'><strong>nostris</strong></span> <span class='ocrx_word' id='word_1_791' title='bbox 1143 5130 1356 5202; x_wconf 79' lang='lat' dir='ltr'><strong>(Matth.</strong></span> <span class='ocrx_word' id='word_1_792' title='bbox 1381 5131 1494 5200; x_wconf 76' lang='lat' dir='ltr'><strong>Vt)?</strong></span> <span class='ocrx_word' id='word_1_793' title='bbox 1543 5132 1635 5186; x_wconf 89' lang='lat' dir='ltr'><strong>His</strong></span> <span class='ocrx_word' id='word_1_794' title='bbox 1673 5140 1725 5187; x_wconf 90' lang='lat' dir='ltr'><strong>et</strong></span> <span class='ocrx_word' id='word_1_795' title='bbox 1751 5133 1832 5188; x_wconf 90' lang='lat' dir='ltr'><strong>his</strong></span> <span class='ocrx_word' id='word_1_796' title='bbox 1877 5133 2141 5189; x_wconf 88' lang='lat' dir='ltr'><strong>similibus</strong></span> 
     </span>
    </p>
   </div>
   <div class='ocr_carea' id='block_1_97' title="bbox 547 5222 2140 5280">
    <p class='ocr_par' dir='ltr' id='par_1_97' title="bbox 547 5222 2140 5280">
     <span class='ocr_line' id='line_1_97' title="bbox 547 5222 2140 5280; baseline 0.003 -4"><span class='ocrx_word' id='word_1_797' title='bbox 547 5222 727 5277; x_wconf 88' lang='lat' dir='ltr'><strong>verbis</strong></span> <span class='ocrx_word' id='word_1_798' title='bbox 782 5222 849 5277; x_wconf 89' lang='lat' dir='ltr'><strong>de</strong></span> <span class='ocrx_word' id='word_1_799' title='bbox 900 5223 1173 5278; x_wconf 88' lang='lat' dir='ltr'><strong>habitante</strong></span> <span class='ocrx_word' id='word_1_800' title='bbox 1203 5224 1254 5276; x_wconf 90' lang='lat' dir='ltr'><strong>in</strong></span> <span class='ocrx_word' id='word_1_801' title='bbox 1301 5239 1361 5278; x_wconf 88' lang='lat' dir='ltr'><strong>se</strong></span> <span class='ocrx_word' id='word_1_802' title='bbox 1411 5225 1663 5277; x_wconf 84' lang='lat' dir='ltr'><strong>thesauro</strong></span> <span class='ocrx_word' id='word_1_803' title='bbox 1715 5240 1946 5280; x_wconf 90' lang='lat' dir='ltr'><strong>monens</strong></span> <span class='ocrx_word' id='word_1_804' title='bbox 1995 5226 2140 5280; x_wconf 91' lang='lat' dir='ltr'><strong>hunc</strong></span> 
     </span>
    </p>
   </div>
   <div class='ocr_carea' id='block_1_98' title="bbox 558 5313 2137 5384">
    <p class='ocr_par' dir='ltr' id='par_1_98' title="bbox 558 5313 2137 5384">
     <span class='ocr_line' id='line_1_98' title="bbox 558 5313 2137 5384; baseline 0.001 -16"><span class='ocrx_word' id='word_1_805' title='bbox 558 5313 821 5378; x_wconf 87' lang='lat' dir='ltr'><strong>absolvit;</strong></span> <span class='ocrx_word' id='word_1_806' title='bbox 855 5323 910 5368; x_wconf 91' lang='lat' dir='ltr'><strong>et</strong></span> <span class='ocrx_word' id='word_1_807' title='bbox 939 5315 1037 5368; x_wconf 91' lang='lat' dir='ltr'><strong>nisi</strong></span> <span class='ocrx_word' id='word_1_808' title='bbox 1087 5314 1365 5369; x_wconf 85' lang='lat' dir='ltr'><strong>didicisset</strong></span> <span class='ocrx_word' id='word_1_809' title='bbox 1393 5315 1550 5368; x_wconf 90' lang='lat' dir='ltr'><strong>istum</strong></span> <span class='ocrx_word' id='word_1_810' title='bbox 1597 5315 1963 5381; x_wconf 82' lang='lat' dir='ltr'><strong>emendatum,</strong></span> <span class='ocrx_word' id='word_1_811' title='bbox 1997 5331 2137 5384; x_wconf 73' lang='lat' dir='ltr'><strong>prce-</strong></span> 
     </span>
    </p>
   </div>
   <div class='ocr_carea' id='block_1_99' title="bbox 551 5406 2134 5481">
    <p class='ocr_par' dir='ltr' id='par_1_99' title="bbox 551 5406 2134 5481">
     <span class='ocr_line' id='line_1_99' title="bbox 551 5406 2134 5481; baseline 0.003 -21"><span class='ocrx_word' id='word_1_812' title='bbox 551 5406 836 5476; x_wconf 86' lang='lat' dir='ltr'><strong>parahatet</strong></span> <span class='ocrx_word' id='word_1_813' title='bbox 859 5407 1153 5463; x_wconf 86' lang='lat' dir='ltr'><strong>instruebat</strong></span> <span class='ocrx_word' id='word_1_814' title='bbox 1177 5423 1387 5463; x_wconf 88' lang='lat' dir='ltr'><strong>servum</strong></span> <span class='ocrx_word' id='word_1_815' title='bbox 1417 5408 1676 5462; x_wconf 87' lang='lat' dir='ltr'><strong>afflictum</strong></span> <span class='ocrx_word' id='word_1_816' title='bbox 1703 5450 1718 5473; x_wconf 94' lang='lat'><strong>,</strong></span> <span class='ocrx_word' id='word_1_817' title='bbox 1753 5418 1811 5464; x_wconf 91' lang='lat' dir='ltr'><strong>ut</strong></span> <span class='ocrx_word' id='word_1_818' title='bbox 1839 5409 2014 5481; x_wconf 87' lang='lat' dir='ltr'><strong>fugam</strong></span> <span class='ocrx_word' id='word_1_819' title='bbox 2048 5427 2134 5465; x_wconf 84' lang='lat' dir='ltr'><strong>ur-</strong></span> 
     </span>
    </p>
   </div>
   <div class='ocr_carea' id='block_1_100' title="bbox 548 5501 2137 5572">
    <p class='ocr_par' dir='ltr' id='par_1_100' title="bbox 548 5501 2137 5572">
     <span class='ocr_line' id='line_1_100' title="bbox 548 5501 2137 5572; baseline 0.003 -19"><span class='ocrx_word' id='word_1_820' title='bbox 548 5501 771 5569; x_wconf 88' lang='lat' dir='ltr'><strong>riperet,</strong></span> <span class='ocrx_word' id='word_1_821' title='bbox 805 5510 856 5555; x_wconf 93' lang='lat' dir='ltr'><strong>et</strong></span> <span class='ocrx_word' id='word_1_822' title='bbox 885 5501 1244 5556; x_wconf 90' lang='lat' dir='ltr'><strong>venditionem</strong></span> <span class='ocrx_word' id='word_1_823' title='bbox 1279 5511 1520 5571; x_wconf 88' lang='lat' dir='ltr'><strong>peteret;</strong></span> <span class='ocrx_word' id='word_1_824' title='bbox 1552 5511 1606 5556; x_wconf 91' lang='lat' dir='ltr'><strong>et</strong></span> <span class='ocrx_word' id='word_1_825' title='bbox 1652 5502 1792 5556; x_wconf 89' lang='lat' dir='ltr'><strong>hunc</strong></span> <span class='ocrx_word' id='word_1_826' title='bbox 1822 5517 2137 5572; x_wconf 91' lang='lat' dir='ltr'><strong>comparans</strong></span> 
     </span>
    </p>
   </div>
   <div class='ocr_carea' id='block_1_101' title="bbox 543 5590 1522 5662">
    <p class='ocr_par' dir='ltr' id='par_1_101' title="bbox 543 5590 1522 5662">
     <span class='ocr_line' id='line_1_101' title="bbox 543 5590 1522 5662; baseline 0.001 -17"><span class='ocrx_word' id='word_1_827' title='bbox 543 5591 742 5662; x_wconf 90' lang='lat' dir='ltr'><strong>justus,</strong></span> <span class='ocrx_word' id='word_1_828' title='bbox 771 5591 948 5646; x_wconf 91' lang='lat' dir='ltr'><strong>statim</strong></span> <span class='ocrx_word' id='word_1_829' title='bbox 983 5590 1204 5647; x_wconf 91' lang='lat' dir='ltr'><strong>liberum</strong></span> <span class='ocrx_word' id='word_1_830' title='bbox 1235 5593 1522 5648; x_wconf 89' lang='lat' dir='ltr'><strong>statuebat.</strong></span> 
     </span>
    </p>
   </div>
   <div class='ocr_carea' id='block_1_102' title="bbox 621 5684 2142 5759">
    <p class='ocr_par' dir='ltr' id='par_1_102' title="bbox 621 5684 2142 5759">
     <span class='ocr_line' id='line_1_102' title="bbox 621 5684 2142 5759; baseline 0.001 -17"><span class='ocrx_word' id='word_1_831' title='bbox 621 5685 754 5742; x_wconf 71' lang='grc' dir='ltr'><strong>ΟΑΡ.</strong></span> <span class='ocrx_word' id='word_1_832' title='bbox 785 5684 1025 5742; x_wconf 86' lang='lat' dir='ltr'><strong><em>XXXIII.</em></strong></span> <span class='ocrx_word' id='word_1_833' title='bbox 1052 5717 1122 5727; x_wconf 87' lang='lat'><strong>—-—</strong></span> <span class='ocrx_word' id='word_1_834' title='bbox 1145 5687 1385 5744; x_wconf 80' lang='lat' dir='ltr'><strong>Audiens</strong></span> <span class='ocrx_word' id='word_1_835' title='bbox 1413 5687 1700 5759; x_wconf 90' lang='lat' dir='ltr'><strong>aliquando</strong></span> <span class='ocrx_word' id='word_1_836' title='bbox 1729 5687 2006 5759; x_wconf 89' lang='lat' dir='ltr'><strong>cujusdam</strong></span> <span class='ocrx_word' id='word_1_837' title='bbox 2037 5688 2142 5744; x_wconf 80' lang='lat' dir='ltr'><strong>ele-</strong></span> 
     </span>
    </p>
   </div>
   <div class='ocr_carea' id='block_1_103' title="bbox 547 5779 2139 5850">
    <p class='ocr_par' dir='ltr' id='par_1_103' title="bbox 547 5779 2139 5850">
     <span class='ocr_line' id='line_1_103' title="bbox 547 5779 2139 5850; baseline 0.001 -17"><span class='ocrx_word' id='word_1_838' title='bbox 547 5779 941 5849; x_wconf 81' lang='lat' dir='ltr'><strong>emosynatoris</strong></span> <span class='ocrx_word' id='word_1_839' title='bbox 970 5793 1193 5847; x_wconf 88' lang='lat' dir='ltr'><strong>puerum</strong></span> <span class='ocrx_word' id='word_1_840' title='bbox 1225 5779 1527 5850; x_wconf 86' lang='lat' dir='ltr'><strong>orphanum</strong></span> <span class='ocrx_word' id='word_1_841' title='bbox 1559 5780 1874 5837; x_wconf 90' lang='lat' dir='ltr'><strong>derelictum</strong></span> <span class='ocrx_word' id='word_1_842' title='bbox 1899 5821 1913 5848; x_wconf 93' lang='lat'><strong>,</strong></span> <span class='ocrx_word' id='word_1_843' title='bbox 1946 5794 2139 5849; x_wconf 88' lang='lat' dir='ltr'><strong>paren-</strong></span> 
     </span>
    </p>
   </div>
   <div class='ocr_carea' id='block_1_104' title="bbox 549 5871 2203 5949">
    <p class='ocr_par' dir='ltr' id='par_1_104' title="bbox 549 5871 2203 5949">
     <span class='ocr_line' id='line_1_104' title="bbox 549 5871 2203 5949; baseline 0.001 -21"><span class='ocrx_word' id='word_1_844' title='bbox 549 5871 689 5928; x_wconf 88' lang='lat' dir='ltr'><strong>tibus</strong></span> <span class='ocrx_word' id='word_1_845' title='bbox 717 5873 830 5930; x_wconf 90' lang='lat' dir='ltr'><strong>suis</strong></span> <span class='ocrx_word' id='word_1_846' title='bbox 860 5871 1235 5940; x_wconf 90' lang='lat' dir='ltr'><strong>morientibus,</strong></span> <span class='ocrx_word' id='word_1_847' title='bbox 1265 5881 1321 5929; x_wconf 90' lang='lat' dir='ltr'><strong>et</strong></span> <span class='ocrx_word' id='word_1_848' title='bbox 1353 5874 1404 5928; x_wconf 87' lang='lat' dir='ltr'><strong>in</strong></span> <span class='ocrx_word' id='word_1_849' title='bbox 1453 5876 1620 5932; x_wconf 89' lang='lat' dir='ltr'><strong>multa</strong></span> <span class='ocrx_word' id='word_1_850' title='bbox 1653 5883 1976 5948; x_wconf 86' lang='lat' dir='ltr'><strong>paupertate</strong></span> <span class='ocrx_word' id='word_1_851' title='bbox 2004 5887 2141 5930; x_wconf 91' lang='lat' dir='ltr'><strong>con-</strong></span> <span class='ocrx_word' id='word_1_852' title='bbox 2171 5938 2203 5949; x_wconf 67' lang='lat'><em>_</em></span> 
     </span>
    </p>
   </div>
   <div class='ocr_carea' id='block_1_105' title="bbox 2254 4755 3849 4826">
    <p class='ocr_par' dir='ltr' id='par_1_105' title="bbox 2254 4755 3849 4826">
     <span class='ocr_line' id='line_1_105' title="bbox 2254 4755 3849 4826; baseline -0.004 -12"><span class='ocrx_word' id='word_1_853' title='bbox 2254 4759 2421 4814; x_wconf 89' lang='lat' dir='ltr'><strong>dedit.</strong></span> <span class='ocrx_word' id='word_1_854' title='bbox 2466 4757 2805 4825; x_wconf 74' lang='lat' dir='ltr'><strong>Quaesieruut</strong></span> <span class='ocrx_word' id='word_1_855' title='bbox 2833 4756 3013 4826; x_wconf 87' lang='lat' dir='ltr'><strong>itaque</strong></span> <span class='ocrx_word' id='word_1_856' title='bbox 3043 4755 3298 4811; x_wconf 73' lang='lat' dir='ltr'><strong>Ecclesia:</strong></span> <span class='ocrx_word' id='word_1_857' title='bbox 3329 4766 3575 4825; x_wconf 85' lang='lat' dir='ltr'><strong>pastores</strong></span> <span class='ocrx_word' id='word_1_858' title='bbox 3604 4764 3660 4810; x_wconf 91' lang='lat' dir='ltr'><strong>et</strong></span> <span class='ocrx_word' id='word_1_859' title='bbox 3690 4757 3849 4809; x_wconf 86' lang='lat' dir='ltr'><strong>ordi-</strong></span> 
     </span>
    </p>
   </div>
   <div class='ocr_carea' id='block_1_106' title="bbox 2257 4849 3841 4918">
    <p class='ocr_par' dir='ltr' id='par_1_106' title="bbox 2257 4849 3841 4918">
     <span class='ocr_line' id='line_1_106' title="bbox 2257 4849 3841 4918; baseline -0.003 -13"><span class='ocrx_word' id='word_1_860' title='bbox 2257 4861 2472 4906; x_wconf 90' lang='lat' dir='ltr'><strong>natores</strong></span> <span class='ocrx_word' id='word_1_861' title='bbox 2500 4859 2558 4903; x_wconf 89' lang='lat' dir='ltr'><strong>ut</strong></span> <span class='ocrx_word' id='word_1_862' title='bbox 2587 4850 2636 4902; x_wconf 90' lang='lat' dir='ltr'><strong>in</strong></span> <span class='ocrx_word' id='word_1_863' title='bbox 2670 4862 2938 4903; x_wconf 88' lang='lat' dir='ltr'><strong>carcerem</strong></span> <span class='ocrx_word' id='word_1_864' title='bbox 2974 4849 3117 4902; x_wconf 91' lang='lat' dir='ltr'><strong>hunc</strong></span> <span class='ocrx_word' id='word_1_865' title='bbox 3149 4849 3456 4915; x_wconf 89' lang='lat' dir='ltr'><strong>mitterent,</strong></span> <span class='ocrx_word' id='word_1_866' title='bbox 3506 4859 3560 4903; x_wconf 90' lang='lat' dir='ltr'><strong>et</strong></span> <span class='ocrx_word' id='word_1_867' title='bbox 3588 4849 3841 4918; x_wconf 88' lang='lat' dir='ltr'><strong>publiea-</strong></span> 
     </span>
    </p>
   </div>
   <div class='ocr_carea' id='block_1_107' title="bbox 2258 4942 3850 5012">
    <p class='ocr_par' dir='ltr' id='par_1_107' title="bbox 2258 4942 3850 5012">
     <span class='ocr_line' id='line_1_107' title="bbox 2258 4942 3850 5012; baseline -0.001 -15"><span class='ocrx_word' id='word_1_868' title='bbox 2258 4953 2378 4997; x_wconf 90' lang='lat' dir='ltr'><strong>rent</strong></span> <span class='ocrx_word' id='word_1_869' title='bbox 2423 4943 2539 5012; x_wconf 88' lang='lat' dir='ltr'><strong>ejus</strong></span> <span class='ocrx_word' id='word_1_870' title='bbox 2569 4942 2943 4996; x_wconf 88' lang='lat' dir='ltr'><strong>substantiam.</strong></span> <span class='ocrx_word' id='word_1_871' title='bbox 2977 4942 3049 4996; x_wconf 84' lang='lat' dir='ltr'><strong>At</strong></span> <span class='ocrx_word' id='word_1_872' title='bbox 3077 4942 3312 4997; x_wconf 89' lang='lat' dir='ltr'><strong>imitator</strong></span> <span class='ocrx_word' id='word_1_873' title='bbox 3342 4942 3594 5011; x_wconf 89' lang='lat' dir='ltr'><strong>dicentis,</strong></span> <span class='ocrx_word' id='word_1_874' title='bbox 3655 4944 3850 4997; x_wconf 79' lang='lat' dir='ltr'><strong>Bstote</strong></span> 
     </span>
    </p>
   </div>
   <div class='ocr_carea' id='block_1_108' title="bbox 2257 5033 3850 5101">
    <p class='ocr_par' dir='ltr' id='par_1_108' title="bbox 2257 5033 3850 5101">
     <span class='ocr_line' id='line_1_108' title="bbox 2257 5033 3850 5101; baseline 0.001 -13"><span class='ocrx_word' id='word_1_875' title='bbox 2257 5033 2652 5101; x_wconf 89' lang='lat' dir='ltr'><strong>misericordes,</strong></span> <span class='ocrx_word' id='word_1_876' title='bbox 2710 5034 2848 5089; x_wconf 89' lang='lat' dir='ltr'><strong>sicut</strong></span> <span class='ocrx_word' id='word_1_877' title='bbox 2878 5044 2931 5089; x_wconf 91' lang='lat' dir='ltr'><strong>et</strong></span> <span class='ocrx_word' id='word_1_878' title='bbox 2976 5034 3135 5090; x_wconf 84' lang='lat' dir='ltr'><strong>Pater</strong></span> <span class='ocrx_word' id='word_1_879' title='bbox 3183 5045 3362 5090; x_wconf 87' lang='lat' dir='ltr'><strong>vester</strong></span> <span class='ocrx_word' id='word_1_880' title='bbox 3407 5037 3716 5090; x_wconf 88' lang='lat' dir='ltr'><strong>misericors</strong></span> <span class='ocrx_word' id='word_1_881' title='bbox 3764 5048 3850 5090; x_wconf 74' lang='lat' dir='ltr'><strong>est</strong></span> 
     </span>
    </p>
   </div>
   <div class='ocr_carea' id='block_1_109' title="bbox 2257 5124 3849 5198">
    <p class='ocr_par' dir='ltr' id='par_1_109' title="bbox 2257 5124 3849 5198">
     <span class='ocr_line' id='line_1_109' title="bbox 2257 5124 3849 5198; baseline 0.003 -19"><span class='ocrx_word' id='word_1_882' title='bbox 2257 5124 2435 5193; x_wconf 72' lang='lat' dir='ltr'><strong>(Luca:</strong></span> <span class='ocrx_word' id='word_1_883' title='bbox 2458 5126 2553 5195; x_wconf 82' lang='lat' dir='ltr'><strong>vr),</strong></span> <span class='ocrx_word' id='word_1_884' title='bbox 2588 5125 2679 5195; x_wconf 92' lang='lat' dir='ltr'><strong>qui</strong></span> <span class='ocrx_word' id='word_1_885' title='bbox 2708 5127 2874 5180; x_wconf 94' lang='lat' dir='ltr'><strong>solem</strong></span> <span class='ocrx_word' id='word_1_886' title='bbox 2907 5142 3061 5181; x_wconf 90' lang='lat' dir='ltr'><strong>suum</strong></span> <span class='ocrx_word' id='word_1_887' title='bbox 3085 5128 3217 5182; x_wconf 92' lang='lat' dir='ltr'><strong>oriri</strong></span> <span class='ocrx_word' id='word_1_888' title='bbox 3247 5129 3374 5183; x_wconf 89' lang='lat' dir='ltr'><strong>facit</strong></span> <span class='ocrx_word' id='word_1_889' title='bbox 3398 5144 3562 5198; x_wconf 89' lang='lat' dir='ltr'><strong>super</strong></span> <span class='ocrx_word' id='word_1_890' title='bbox 3590 5130 3759 5183; x_wconf 88' lang='lat' dir='ltr'><strong>bonos</strong></span> <span class='ocrx_word' id='word_1_891' title='bbox 3789 5138 3849 5184; x_wconf 88' lang='lat' dir='ltr'><strong>et</strong></span> 
     </span>
    </p>
   </div>
   <div class='ocr_carea' id='block_1_110' title="bbox 2250 5219 3843 5293">
    <p class='ocr_par' dir='ltr' id='par_1_110' title="bbox 2250 5219 3843 5293">
     <span class='ocr_line' id='line_1_110' title="bbox 2250 5219 3843 5293; baseline 0.001 -18"><span class='ocrx_word' id='word_1_892' title='bbox 2250 5222 2444 5286; x_wconf 90' lang='lat' dir='ltr'><strong>malos,</strong></span> <span class='ocrx_word' id='word_1_893' title='bbox 2473 5230 2526 5275; x_wconf 92' lang='lat' dir='ltr'><strong>et</strong></span> <span class='ocrx_word' id='word_1_894' title='bbox 2555 5219 2687 5290; x_wconf 90' lang='lat' dir='ltr'><strong>pluit</strong></span> <span class='ocrx_word' id='word_1_895' title='bbox 2716 5235 2876 5291; x_wconf 90' lang='lat' dir='ltr'><strong>super</strong></span> <span class='ocrx_word' id='word_1_896' title='bbox 2899 5222 3073 5292; x_wconf 88' lang='lat' dir='ltr'><strong>justos</strong></span> <span class='ocrx_word' id='word_1_897' title='bbox 3102 5232 3156 5276; x_wconf 90' lang='lat' dir='ltr'><strong>et</strong></span> <span class='ocrx_word' id='word_1_898' title='bbox 3201 5221 3452 5291; x_wconf 81' lang='lat' dir='ltr'><strong>iniustos,</strong></span> <span class='ocrx_word' id='word_1_899' title='bbox 3505 5238 3843 5293; x_wconf 87' lang='lat' dir='ltr'><strong>nequaquam</strong></span> 
     </span>
    </p>
   </div>
   <div class='ocr_carea' id='block_1_111' title="bbox 2250 5314 3846 5386">
    <p class='ocr_par' dir='ltr' id='par_1_111' title="bbox 2250 5314 3846 5386">
     <span class='ocr_line' id='line_1_111' title="bbox 2250 5314 3846 5386; baseline 0.001 -16"><span class='ocrx_word' id='word_1_900' title='bbox 2250 5315 2355 5370; x_wconf 94' lang='lat' dir='ltr'><strong>illis</strong></span> <span class='ocrx_word' id='word_1_901' title='bbox 2384 5315 2677 5378; x_wconf 78' lang='lat' dir='ltr'><strong>consensit,</strong></span> <span class='ocrx_word' id='word_1_902' title='bbox 2711 5323 2769 5368; x_wconf 92' lang='lat' dir='ltr'><strong>ut</strong></span> <span class='ocrx_word' id='word_1_903' title='bbox 2791 5331 2912 5370; x_wconf 91' lang='lat' dir='ltr'><strong>eum</strong></span> <span class='ocrx_word' id='word_1_904' title='bbox 2941 5314 3262 5386; x_wconf 82' lang='lat' dir='ltr'><strong>affligerent.</strong></span> <span class='ocrx_word' id='word_1_905' title='bbox 3299 5315 3393 5371; x_wconf 80' lang='lat' dir='ltr'><strong>His</strong></span> <span class='ocrx_word' id='word_1_906' title='bbox 3417 5327 3597 5372; x_wconf 86' lang='lat' dir='ltr'><strong>autem</strong></span> <span class='ocrx_word' id='word_1_907' title='bbox 3623 5319 3846 5373; x_wconf 86' lang='lat' dir='ltr'><strong>turbau-</strong></span> 
     </span>
    </p>
   </div>
   <div class='ocr_carea' id='block_1_112' title="bbox 2249 5407 3848 5476">
    <p class='ocr_par' dir='ltr' id='par_1_112' title="bbox 2249 5407 3848 5476">
     <span class='ocr_line' id='line_1_112' title="bbox 2249 5407 3848 5476; baseline 0.002 -14"><span class='ocrx_word' id='word_1_908' title='bbox 2249 5407 2392 5462; x_wconf 86' lang='lat' dir='ltr'><strong>tibus</strong></span> <span class='ocrx_word' id='word_1_909' title='bbox 2418 5416 2603 5462; x_wconf 90' lang='lat' dir='ltr'><strong>contra</strong></span> <span class='ocrx_word' id='word_1_910' title='bbox 2635 5421 2779 5470; x_wconf 92' lang='lat' dir='ltr'><strong>eum,</strong></span> <span class='ocrx_word' id='word_1_911' title='bbox 2815 5415 2994 5476; x_wconf 89' lang='lat' dir='ltr'><strong>utpote</strong></span> <span class='ocrx_word' id='word_1_912' title='bbox 3020 5409 3108 5475; x_wconf 92' lang='lat' dir='ltr'><strong>qui</strong></span> <span class='ocrx_word' id='word_1_913' title='bbox 3142 5408 3462 5476; x_wconf 71' lang='lat' dir='ltr'><strong>patriarcha:</strong></span> <span class='ocrx_word' id='word_1_914' title='bbox 3492 5408 3752 5476; x_wconf 81' lang='lat' dir='ltr'><strong>illuserat,</strong></span> <span class='ocrx_word' id='word_1_915' title='bbox 3787 5419 3848 5465; x_wconf 84' lang='lat' dir='ltr'><strong>et</strong></span> 
     </span>
    </p>
   </div>
   <div class='ocr_carea' id='block_1_113' title="bbox 2248 5499 3850 5571">
    <p class='ocr_par' dir='ltr' id='par_1_113' title="bbox 2248 5499 3850 5571">
     <span class='ocr_line' id='line_1_113' title="bbox 2248 5499 3850 5571; baseline 0.001 -17"><span class='ocrx_word' id='word_1_916' title='bbox 2248 5499 2550 5555; x_wconf 88' lang='lat' dir='ltr'><strong>dicentibus</strong></span> <span class='ocrx_word' id='word_1_917' title='bbox 2574 5499 2639 5553; x_wconf 91' lang='lat' dir='ltr'><strong>ad</strong></span> <span class='ocrx_word' id='word_1_918' title='bbox 2668 5500 2914 5556; x_wconf 91' lang='lat' dir='ltr'><strong>eumdem</strong></span> <span class='ocrx_word' id='word_1_919' title='bbox 2938 5508 3183 5555; x_wconf 88' lang='lat' dir='ltr'><strong>sanctum</strong></span> <span class='ocrx_word' id='word_1_920' title='bbox 3211 5519 3223 5553; x_wconf 88' lang='lat'><strong>:</strong></span> <span class='ocrx_word' id='word_1_921' title='bbox 3248 5500 3366 5555; x_wconf 87' lang='lat' dir='ltr'><strong>Non</strong></span> <span class='ocrx_word' id='word_1_922' title='bbox 3386 5501 3592 5571; x_wconf 91' lang='lat' dir='ltr'><strong>justum</strong></span> <span class='ocrx_word' id='word_1_923' title='bbox 3619 5511 3724 5568; x_wconf 88' lang='lat' dir='ltr'><strong>est,</strong></span> <span class='ocrx_word' id='word_1_924' title='bbox 3756 5503 3850 5555; x_wconf 55' lang='lat' dir='ltr'><strong>do-</strong></span> 
     </span>
    </p>
   </div>
   <div class='ocr_carea' id='block_1_114' title="bbox 2251 5593 3847 5661">
    <p class='ocr_par' dir='ltr' id='par_1_114' title="bbox 2251 5593 3847 5661">
     <span class='ocr_line' id='line_1_114' title="bbox 2251 5593 3847 5661; baseline 0.001 -13"><span class='ocrx_word' id='word_1_925' title='bbox 2251 5594 2415 5657; x_wconf 90' lang='lat' dir='ltr'><strong>mine,</strong></span> <span class='ocrx_word' id='word_1_926' title='bbox 2450 5602 2506 5647; x_wconf 90' lang='lat' dir='ltr'><strong>ut</strong></span> <span class='ocrx_word' id='word_1_927' title='bbox 2539 5593 2679 5660; x_wconf 89' lang='lat' dir='ltr'><strong>quod</strong></span> <span class='ocrx_word' id='word_1_928' title='bbox 2712 5607 2978 5661; x_wconf 90' lang='lat' dir='ltr'><strong>pauperes</strong></span> <span class='ocrx_word' id='word_1_929' title='bbox 3015 5594 3346 5661; x_wconf 86' lang='lat' dir='ltr'><strong>acciperent,</strong></span> <span class='ocrx_word' id='word_1_930' title='bbox 3389 5593 3480 5649; x_wconf 92' lang='lat' dir='ltr'><strong>hic</strong></span> <span class='ocrx_word' id='word_1_931' title='bbox 3531 5595 3847 5649; x_wconf 70' lang='lat' dir='ltr'><strong>luxuriesus</strong></span> 
     </span>
    </p>
   </div>
   <div class='ocr_carea' id='block_1_115' title="bbox 2254 5686 3842 5758">
    <p class='ocr_par' dir='ltr' id='par_1_115' title="bbox 2254 5686 3842 5758">
     <span class='ocr_line' id='line_1_115' title="bbox 2254 5686 3842 5758; baseline 0.002 -17"><span class='ocrx_word' id='word_1_932' title='bbox 2254 5686 2501 5758; x_wconf 82' lang='lat' dir='ltr'><strong>accipiat,</strong></span> <span class='ocrx_word' id='word_1_933' title='bbox 2552 5687 2836 5756; x_wconf 88' lang='lat' dir='ltr'><strong>respondit</strong></span> <span class='ocrx_word' id='word_1_934' title='bbox 2864 5696 3087 5742; x_wconf 89' lang='lat' dir='ltr'><strong>econtra</strong></span> <span class='ocrx_word' id='word_1_935' title='bbox 3121 5689 3210 5744; x_wconf 91' lang='lat' dir='ltr'><strong>ille</strong></span> <span class='ocrx_word' id='word_1_936' title='bbox 3240 5697 3322 5745; x_wconf 89' lang='lat' dir='ltr'><strong>ter</strong></span> <span class='ocrx_word' id='word_1_937' title='bbox 3353 5689 3561 5756; x_wconf 89' lang='lat' dir='ltr'><strong>beatus,</strong></span> <span class='ocrx_word' id='word_1_938' title='bbox 3611 5691 3796 5746; x_wconf 86' lang='lat' dir='ltr'><strong>dicens</strong></span> <span class='ocrx_word' id='word_1_939' title='bbox 3825 5707 3842 5744; x_wconf 86' lang='lat'><strong>:</strong></span> 
     </span>
    </p>
   </div>
   <div class='ocr_carea' id='block_1_116' title="bbox 2251 5777 3846 5852">
    <p class='ocr_par' dir='ltr' id='par_1_116' title="bbox 2251 5777 3846 5852">
     <span class='ocr_line' id='line_1_116' title="bbox 2251 5777 3846 5852; baseline 0.003 -18"><span class='ocrx_word' id='word_1_940' title='bbox 2251 5779 2486 5843; x_wconf 87' lang='lat' dir='ltr'><strong>Credite,</strong></span> <span class='ocrx_word' id='word_1_941' title='bbox 2532 5777 2748 5846; x_wconf 83' lang='lat' dir='ltr'><strong>fratres,</strong></span> <span class='ocrx_word' id='word_1_942' title='bbox 2794 5782 2916 5850; x_wconf 88' lang='lat' dir='ltr'><strong>quia</strong></span> <span class='ocrx_word' id='word_1_943' title='bbox 2959 5783 3003 5835; x_wconf 92' lang='lat' dir='ltr'><strong>si</strong></span> <span class='ocrx_word' id='word_1_944' title='bbox 3035 5791 3187 5838; x_wconf 64' lang='lat' dir='ltr'><strong>extra</strong></span> <span class='ocrx_word' id='word_1_945' title='bbox 3217 5784 3543 5841; x_wconf 87' lang='lat' dir='ltr'><strong>voluntatem</strong></span> <span class='ocrx_word' id='word_1_946' title='bbox 3567 5785 3846 5852; x_wconf 82' lang='lat' dir='ltr'><strong>accipere-</strong></span> 
     </span>
    </p>
   </div>
   <div class='ocr_carea' id='block_1_117' title="bbox 2254 5872 3847 5950">
    <p class='ocr_par' dir='ltr' id='par_1_117' title="bbox 2254 5872 3847 5950">
     <span class='ocr_line' id='line_1_117' title="bbox 2254 5872 3847 5950; baseline 0.006 -27"><span class='ocrx_word' id='word_1_947' title='bbox 2254 5873 2324 5930; x_wconf 88' lang='lat' dir='ltr'><strong>tis</strong></span> <span class='ocrx_word' id='word_1_948' title='bbox 2353 5872 2550 5943; x_wconf 92' lang='lat' dir='ltr'><strong>aliquid</strong></span> <span class='ocrx_word' id='word_1_949' title='bbox 2576 5874 2642 5929; x_wconf 91' lang='lat' dir='ltr'><strong>ab</strong></span> <span class='ocrx_word' id='word_1_950' title='bbox 2672 5889 2756 5941; x_wconf 88' lang='lat' dir='ltr'><strong>eo,</strong></span> <span class='ocrx_word' id='word_1_951' title='bbox 2790 5876 2900 5930; x_wconf 91' lang='lat' dir='ltr'><strong>duo</strong></span> <span class='ocrx_word' id='word_1_952' title='bbox 2929 5876 3183 5933; x_wconf 87' lang='lat' dir='ltr'><strong>mandata</strong></span> <span class='ocrx_word' id='word_1_953' title='bbox 3225 5877 3748 5950; x_wconf 88' lang='lat' dir='ltr'><strong>transgrederemiui.</strong></span> <span class='ocrx_word' id='word_1_954' title='bbox 3780 5885 3847 5935; x_wconf 89' lang='lat' dir='ltr'><strong>et</strong></span> 
     </span>
    </p>
   </div>
  </div>
