4142 6350
353 376 450 431 369

1292 378 1453 435 VITA
1492 378 1743 437 SANCTI
1781 377 2065 437 JOANNIS
2106 380 2688 444 ELEEMOSYNARII.

3514 388 3621 447 370

351 510 510 549 unum
578 491 936 563 adimplebitis
991 494 1204 564 quando
1277 501 1331 548 et
1377 495 1444 549 ad
1494 511 1757 567 pauperes
1807 497 1928 552 data
1955 495 2006 553 Α
2035 511 2174 563 rum,
2198 497 2514 569 dicebatque
2548 514 2608 556 se
2635 498 3009 557 demonstrans
3037 500 3189 570 quasi
3219 497 3618 558 iratum:Vere

356 587 505 659 197
537 587 700 642 fuerit
747 585 1116 655 hujuscemodi
1145 589 1432 656 quantitas.
1467 589 1639 644 Unum
1683 591 1924 659 quidem,

349 680 468 750 quia
518 679 847 749 apparebitis
879 681 1218 749 impatientes
1245 682 1385 737 circa
1417 683 1692 749 damnum,
1723 693 1778 738 et
1813 684 1927 738 effi-

347 773 561 830 ciemini
591 773 710 828 aliis
753 773 921 829 forma
955 775 1092 829 mala
1119 794 1132 838 ;
1165 776 1389 831 alterum
1421 784 1620 842 autem,
1673 779 1924 849 quoniam

344 885 453 928 non
483 868 792 925 obedientes
819 869 971 924 eritis
1021 868 1249 924 Domino
1296 868 1426 935 Deo,
1483 869 1720 925 dicenti:
1754 870 1833 925 Ab
1863 885 1927 926 eo

345 966 434 1036 qui
463 965 742 1020 abstulerit
774 973 860 1018 tua
887 978 956 1019 ne
985 970 1196 1034 repetas
1225 962 1373 1032 (Luc.
1407 963 1503 1033 vi).
1532 963 1758 1035 Expedit
1776 951 1923 1035 ergo,

345 1071 379 1112 ο
422 1057 540 1123 filii,
569 1064 625 1110 ut
668 1054 965 1110 efficiamur
992 1055 1240 1110 omnibus
1285 1055 1588 1124 exemplum
1623 1056 1916 1125 patientiae.

347 1148 561 1204 Etenim
606 1149 894 1217 Apostolus
926 1146 1054 1204 dicit
1085 1164 1099 1203 :
1133 1149 1309 1215 Quare
1341 1163 1446 1203 non
1474 1149 1642 1218 magis
1674 1148 1923 1218 injuriam

344 1240 658 1297 sustinetis?
686 1255 850 1309 quare
875 1256 980 1296 non
1005 1242 1172 1311 magis
1194 1241 1434 1296 fraudem
1464 1242 1707 1312 patimini
1737 1241 1778 1312 (l
1804 1243 1922 1298 Cor.

345 1332 462 1404 vi)?
496 1316 574 1388 .Et
618 1333 814 1387 bonum
862 1343 944 1388 est
972 1333 1186 1403 quidem
1231 1335 1508 1400 veraciter,
1541 1335 1752 1401 fratres,
1781 1336 1927 1391 omni

345 1425 549 1495 petenti
579 1424 726 1492 dare,
753 1424 1019 1482 excelsius
1046 1436 1226 1482 autem
1257 1436 1312 1481 et
1343 1426 1709 1482 honorabilius
1740 1435 1795 1482 et
1822 1441 1926 1482 non

343 1518 544 1587 petenti
568 1534 582 1583 ;
612 1517 658 1573 ei
692 1527 867 1572 autem
891 1519 980 1589 qui
1008 1519 1183 1574 aufert
1204 1519 1580 1575 vestimentum
1602 1519 1717 1575 sine
1740 1520 1928 1575 volun-

341 1617 454 1663 tate
492 1622 522 1661 a
553 1608 708 1663 nobis
736 1609 864 1664 dare
891 1617 944 1664 et
976 1609 1231 1676 tunicam,
1262 1611 1517 1679 angelica:
1549 1625 1677 1666 vere
1724 1620 1926 1666 natura:

354 1700 608 1766 imitatio,
642 1699 749 1755 imo
775 1701 970 1756 divina:
994 1710 1098 1757 est.
1133 1702 1208 1756 Ex
1237 1701 1319 1756 his
1345 1703 1489 1757 enim
1519 1718 1640 1773 quae
1669 1703 1926 1760 habemus

337 1791 601 1848 Dominus
635 1793 886 1864 praecepit
914 1793 1234 1850 benefacere
1267 1795 1517 1862 proximo
1540 1814 1557 1848 :
1586 1795 1811 1866 Bonum,
1845 1797 1926 1850 in-

2034 606 2140 646 non
2172 591 2452 648 obaudiam
2484 593 2656 660 vobis,
2687 593 2762 650 ite
2787 609 2816 648 a
2843 609 2951 650 me.
2996 593 3151 649 Modo
3183 593 3314 648 nihil
3341 593 3487 649 aliud
3534 594 3618 649 fa-

2032 683 2192 750 ciam,
2224 691 2280 737 ut
2303 697 2398 738 vos
2425 673 2538 739 non
2563 685 3021 751 scandalizemini,
3053 686 3156 740 nisi
3197 685 3450 754 accipiam
3501 702 3618 742 mtt-

2034 773 2245 839 lierem,
2290 783 2552 844 quatenus
2597 791 2780 831 curam
2828 775 3049 831 habeam
3097 777 3308 841 domus,
3341 785 3397 832 et
3424 776 3615 832 faciam

2030 866 2202 921 malos
2227 865 2363 924 dies.
2412 866 2510 934 Qui
2553 868 2664 924 vult
2703 867 3072 934 scandalizari,
3119 868 3532 934 scandalizetur,
3563 879 3618 925 et
3681 891 3696 900 -

2029 958 2120 1014 det
2147 959 2376 1016 frontem
2408 961 2462 1016 in
2510 961 2786 1030 parietem.
2837 961 2972 1030 Quid
3024 960 3185 1016 vultis
3214 976 3282 1016 ex
3313 961 3446 1016 me?
3472 960 3616 1015 Nun-

2029 1051 2157 1122 quid
2188 1052 2396 1122 judices
2433 1055 2708 1110 constituti
2736 1055 2864 1111 estis
2891 1070 3050 1124 super
3074 1069 3160 1109 me
3189 1069 3220 1109 a
3249 1053 3392 1108 Deo?
3420 1053 3518 1121 ite,
3546 1052 3617 1109 de

2030 1142 2182 1197 vobis
2211 1157 2393 1198 curam
2431 1143 2698 1209 habetote,
2729 1158 2823 1198 vos
2850 1158 2948 1213 pro
2977 1159 3063 1198 me
3101 1143 3213 1199 Deo
3243 1157 3350 1197 non
3379 1141 3617 1198 reddetis

2017 1233 2313 1313 rationem.
2352 1232 2502 1290 Unus
2530 1242 2612 1290 est
2636 1234 2818 1304 jndex,
2851 1243 2904 1290 et
2938 1243 3119 1290 sancta
3150 1234 3266 1288 dies
3289 1232 3494 1303 iudicii,
3523 1231 3618 1299 qui

2028 1326 2251 1396 singulis
2279 1326 2467 1383 reddet
2492 1329 2786 1383 secundum
2814 1342 2976 1398 opera
3007 1341 3216 1382 eorum.
3265 1326 3486 1380 Dicebat
3519 1340 3616 1378 au-

2031 1427 2138 1474 tem
2181 1419 2294 1475 haec
2334 1421 2590 1477 clamans.
2641 1421 2866 1489 Quidam
2907 1436 3035 1491 ergo
3076 1420 3322 1476 ecclesia:
3363 1418 3614 1474 defenso-

2030 1524 2172 1576 rum,
2207 1510 2322 1566 hzec
2350 1513 2618 1568 multoties
2648 1513 2927 1568 audientes
2961 1512 3027 1568 ab
3064 1526 3147 1580 eo,
3179 1511 3485 1568 referebant
3521 1524 3616 1580 pa-

2032 1603 2276 1661 triarchae
2320 1605 2462 1677 quod
2506 1606 2686 1662 fiebat.
2718 1606 2861 1662 Deus
2886 1620 3016 1662 vero
3058 1606 3236 1661 sciens
3278 1605 3417 1675 quod
3450 1603 3618 1659 nollet

2031 1696 2118 1752 ille
2160 1707 2376 1754 sanctus
2420 1699 2692 1755 offendere
2741 1700 2984 1756 abbatem
3039 1699 3304 1764 Vitalium,
3347 1696 3618 1754 induravit

2029 1806 2123 1847 cor
2153 1792 2289 1862 ejus,
2335 1810 2404 1849 ne
2443 1793 2687 1849 crederet
2722 1795 2820 1849 eis.
2865 1793 3267 1848 Recordabatur
3309 1793 3451 1846 enim
3493 1798 3619 1846 ante

335 1889 476 1959 qnit,
509 1888 668 1944 facies
689 1888 839 1943 fratri
868 1897 978 1957 tuo,
1000 1889 1149 1958 juxta
1173 1889 1315 1958 quod
1337 1889 1576 1960 possidet
1597 1904 1785 1944 manus
1808 1899 1919 1957 tua,
1956 1893 2002 1952 Β
2029 1885 2310 1938 memorati
2351 1886 2618 1951 eunuchi;
2664 1886 2758 1941 sed
2802 1886 3098 1955 increpavit
3134 1884 3483 1939 vehementer
3523 1897 3618 1938 eos

337 1996 448 2036 non
480 1996 546 2036 ex
577 1980 660 2034 his
687 1995 806 2050 quae
831 1995 900 2036 ex
934 1980 1029 2035 lite
1049 1988 1104 2034 et
1132 1980 1482 2035 contentione
1511 1988 1565 2036 et
1589 1979 1655 2035 ab
1678 1980 1924 2050 injuriam

333 2086 499 2143 passo
524 2071 855 2126 auferuntur.
1881 2135 1883 2137 1

327 2211 330 2214 .
409 2166 537 2221 CAP.
584 2165 801 2221 XXXV.
842 2196 909 2206 —
951 2166 1126 2222 Senex
1177 2167 1386 2237 quidam
1441 2183 1702 2239 magnus,
1773 2170 1925 2238 quasi

329 2274 597 2316 annorum
628 2260 923 2332 sexaginta,
971 2260 1192 2316 audiens
1241 2260 1374 2316 tales
1417 2277 1504 2317 res
1549 2261 1707 2330 beati,
1760 2261 1926 2316 voluit

329 2361 545 2408 tentare
573 2366 714 2419 eum,
745 2352 790 2408 si
817 2359 1000 2422 posset
1029 2352 1208 2410 verbis
1237 2353 1475 2420 suaderi,
1506 2363 1562 2408 et
1598 2356 1662 2409 ad
1694 2354 1923 2410 scanda-

329 2441 450 2498 lum
492 2442 647 2498 facile
693 2443 971 2511 inciinari,
1001 2452 1056 2499 et
1087 2453 1144 2499 ut
1184 2443 1437 2516 contigit,
1469 2446 1515 2501 si
1543 2446 1926 2503 condemnaret

327 2536 590 2606 aliquem.
656 2538 722 2592 Et
769 2538 1016 2594 habitans
1057 2539 1205 2608 prius
1251 2542 1303 2595 in
1347 2543 1674 2597 monasterio
1714 2543 1923 2600 abbatis

327 2628 611 2684 Seridonis
639 2628 779 2700 (75),
811 2631 939 2686 exiit
968 2639 1022 2686 et
1048 2631 1195 2687 venit
1221 2633 1633 2701 Alexandriam;
1681 2645 1736 2689 et
1760 2636 1924 2690 sumit

323 2722 796 2778 conversationem
829 2723 1132 2780 hominibus
1159 2725 1374 2794 quidem
1417 2726 1920 2796 reprehensibilcm,

324 2814 431 2871 sed
459 2815 571 2871 Deo
604 2824 828 2885 gratam,
861 2817 950 2885 qui
990 2817 1081 2870 dat
1111 2816 1193 2887 (ut
1229 2817 1306 2872 ait
1337 2819 1526 2888 David)
1573 2819 1793 2889 singulis
1838 2835 1921 2876 se-

325 2908 568 2964 wndum
615 2923 707 2964 cor
755 2923 940 2963 eorum
988 2908 1157 2980 (Psal.
1204 2910 1341 2980 xix).
1388 2911 1697 2982 ingrediens
1745 2913 1922 2983 itaque

325 2999 626 3067 civitatem,
653 3001 850 3065 scribit
875 3016 1065 3057 omnes
1089 3018 1208 3071 quae
1238 3011 1378 3058 nota:
1409 3013 1564 3058 erant
1591 3005 1920 3069 meretrices,

323 3103 391 3149 et
419 3093 582 3163 coepit
611 3093 851 3149 laborare
887 3095 1166 3164 opuscula,
1195 3104 1248 3150 et
1283 3097 1528 3164 accipere
1560 3113 1656 3165 per
1685 3097 1922 3167 singulos

323 3185 449 3240 dies
478 3185 724 3254 siliquam
752 3201 931 3240 unam.
957 3187 1089 3241 Cum
1121 3201 1250 3257 ergo
1280 3188 1622 3243 occumberet
1643 3189 1744 3254 sol,
1778 3205 1923 3244 man-

2033 1976 2124 2043 qui
2154 1984 2338 2030 contra
2364 1976 2613 2032 Vitalium
2644 1978 2888 2033 abbatem
2920 1976 3309 2032 accusationem
3339 1974 3389 2030 ei
3422 1974 3616 2030 altere-

2026 2067 2178 2137 bant,
2213 2069 2398 2125 dicens
2433 2071 2499 2125 ad
2527 2085 2618 2127 eos
2652 2089 2665 2124 :
2701 2072 2972 2139 Quiescrte
3006 2085 3259 2126 accusare
3300 2069 3614 2124 monachos.

2026 2163 2110 2218 An
2151 2164 2368 2218 nescitis
2394 2163 2537 2233 quod
2577 2164 2717 2219 circa
2758 2173 2957 2219 sanctae
2996 2163 3269 2219 memoriae
3310 2159 3617 2216 Constanti-

2029 2271 2154 2311 num
2185 2257 2298 2327 (77)
2329 2257 2710 2327 imperatorum
2752 2265 2930 2312 actum
2967 2256 3157 2322 fuisse,
3189 2254 3617 2323 conscriptiones

2027 2364 2147 2420 quae
2171 2349 2237 2404 de
2267 2364 2332 2406 eo
2368 2349 2617 2419 leguntur
2661 2349 3007 2404 contineant?
3051 2345 3337 2414 Quoniam,
3366 2345 3462 2410 ait,
3499 2343 3617 2413 qui-

2026 2442 2148 2497 dam
2178 2456 2283 2496 non
2325 2441 2572 2496 timentes
2604 2441 2791 2507 Deum,
2824 2455 2948 2495 cum
2988 2439 3353 2494 celebraretur
3379 2433 3616 2491 secunda

2023 2533 2273 2605 Synodus
2303 2533 2355 2589 in
2381 2532 2558 2588 Nicaea
2589 2530 2726 2605 (78),
2769 2539 3050 2602 cmperunt
3077 2538 3262 2585 contra
3304 2543 3363 2584 se
3393 2527 3523 2582 dare
3561 2527 3618 2583 in

2024 2628 2240 2698 scriptis
2281 2626 2448 2683 famas
2505 2637 2686 2695 turpes
2727 2626 2882 2682 beato
2913 2625 2984 2680 illi
3032 2623 3365 2693 imperatori,
3395 2621 3617 2692 quidam

2025 2720 2205 2776 clerici
2235 2721 2449 2790 quidem
2480 2719 2800 2786 existentes,
2833 2717 3046 2790 quidam
3077 2716 3347 2780 monachi,
3371 2724 3425 2771 et
3448 2715 3515 2769 ad
3544 2714 3619 2768 fa-

2025 2815 2160 2869 ciem
2186 2813 2456 2869 adducens
2488 2822 2702 2870 sanctns
2723 2813 2818 2868 Dei
2840 2811 3216 2867 Constantinus
3246 2817 3617 2864 accusatorem

2025 2914 2080 2962 et
2107 2915 2436 2971 accusatum,
2467 2913 2750 2975 utrumque
2795 2903 3019 2960 audivit.
3070 2902 3280 2958 Etcum
3324 2899 3618 2955 invenisset

2024 2997 2221 3052 multas
2261 2996 2444 3050 talium
2474 2995 2910 3052 criminationum
2969 3009 3123 3050 veras
3177 3006 3328 3056 esse,
3387 2989 3618 3044 afferens

2024 3090 2299 3145 ardentem
2341 3104 2555 3145 cereum
2579 3130 2594 3155 ,
2629 3089 2866 3143 incendit
2886 3101 3073 3143 omnes
3100 3102 3218 3157 quae
3238 3085 3375 3139 datae
3397 3091 3520 3136 sunt
3562 3082 3619 3136 in

2026 3184 2243 3252 scriptis
2285 3182 2457 3236 malas
2497 3181 2809 3250 opiniones,
2862 3180 3046 3235 dicens
3072 3196 3087 3232 :
3113 3178 3255 3233 Vere
3296 3177 3341 3230 si
3386 3174 3617 3245 propriis

326 3277 565 3334 (locabat
590 3279 744 3334 unius
772 3280 897 3334 terei
930 3279 1138 3349 lupinos
1163 3279 1301 3350 (76),
1325 3290 1377 3335 et
1407 3281 1639 3337 intrabat
1667 3282 1734 3336 ad
1763 3299 1922 3340 unam
1952 3271 2000 3333 C
2030 3275 2200 3330 oculis
2230 3273 2481 3329 vidissem
2523 3272 2856 3328 sacerdOtem
2880 3271 2998 3340 Dei.
3027 3270 3112 3325 vel
3151 3269 3381 3338 aliquem
3429 3281 3618 3322 eorum

327 3371 700 3438 meretricum,
729 3381 783 3427 et
810 3371 972 3428 dabat
1004 3375 1053 3428 ei
1089 3388 1259 3429 aereos
1289 3389 1556 3441 nummos,
1597 3384 1652 3431 et
1681 3374 1920 3432 dicebat:

327 3461 484 3517 Dona
512 3462 642 3517 mihi
670 3473 882 3518 noctem
914 3464 1091 3528 istam,
1127 3474 1182 3522 et
1209 3465 1317 3520 noli
1348 3465 1622 3523 fornicari.
1653 3467 1719 3522 Et
1744 3483 1928 3524 mane-

329 3557 427 3612 bat
452 3557 602 3625 jnxta
630 3572 748 3612 eam
787 3568 944 3615 nocte
972 3559 1079 3626 illa,
1117 3560 1410 3616 observans
1438 3578 1556 3618 eam
1590 3579 1657 3618 ne
1689 3563 1924 3620 fornica-

329 3656 506 3704 retur.
564 3649 753 3705 Stabat
781 3666 906 3721 ergo
948 3667 978 3705 a
1004 3667 1227 3723 vespere
1269 3655 1323 3709 in
1359 3670 1467 3710 uno
1495 3657 1692 3728 angulo
1720 3658 1926 3714 cellulae

331 3738 431 3794 ubi
452 3739 756 3796 dormiebat
798 3742 1012 3809 mulier,
1057 3746 1289 3814 psallens
1332 3758 1386 3801 et
1414 3763 1574 3805 orans
1615 3765 1711 3818 pro
1749 3766 1832 3816 ea,
1875 3761 1928 3807 et

332 3830 558 3887 mittens
585 3832 986 3902 genuflexiones
1025 3851 1189 3906 usque
1218 3839 1287 3893 ad
1325 3854 1607 3907 auroram;
1640 3851 1692 3897 et
1720 3847 1924 3908 exiens,

331 3922 638 3993 accipiebat
663 3925 882 3981 verbum
915 3928 983 3982 ab
1005 3928 1093 3984 illa
1116 3931 1255 3999 quod
1282 3931 1411 3988 nulli
1435 3933 1638 3990 diceret
1663 3937 1925 3992 actionem

333 4011 476 4082 ejus.
512 4014 585 4069 ita
630 4016 819 4086 agebat
845 4033 1078 4089 semper,
1108 4036 1386 4092 quousque
1419 4037 1527 4078 una
1553 4039 1734 4080 earum
1760 4028 1930 4082 mani-

333 4107 554 4165 feslavit
593 4111 753 4166 vitam
799 4111 937 4182 ejus,
969 4116 1112 4185 quod
1159 4133 1288 4184 non,
1336 4130 1392 4174 ut
1425 4121 1796 4191 fornicaretur,
1848 4123 1932 4178 in-

337 4207 508 4255 traret
533 4200 601 4257 ad
626 4216 741 4266 eas,
766 4203 861 4259 sed
893 4214 951 4260 ut
975 4206 1226 4264 saivaret.
1257 4210 1440 4266 Oravit
1469 4226 1655 4278 senex,
1682 4223 1735 4267 et
1766 4215 1930 4283 cmpit

336 4292 536 4348 mulier
567 4308 596 4346 a
625 4293 894 4351 daemonio
923 4299 1125 4368 vexari,
1155 4309 1211 4355 ut
1241 4317 1335 4370 per
1364 4301 1508 4358 illam
1537 4316 1747 4362 caeterae
1776 4307 1930 4364 time-

339 4396 498 4450 rent,
533 4396 587 4441 et
615 4401 720 4441 non
753 4388 1156 4448 manifestarent
1187 4409 1310 4449 eum
1352 4397 1498 4452 omni
1539 4407 1779 4469 tempore
1811 4403 1932 4455 vitae

339 4477 479 4546 ejus.
505 4479 766 4536 Dicebant
791 4497 920 4553 ergo
939 4485 1156 4554 quidam
1187 4487 1237 4542 ei
1267 4503 1385 4558 quae
1415 4504 1443 4543 a
1475 4489 1740 4546 daemonio
1765 4509 1930 4549 vexa-

2029 3365 2122 3435 qui
2151 3362 2463 3418 monachico
2495 3363 2678 3418 habitu
2710 3361 3093 3417 circumamicti
3117 3369 3260 3427 sunt,
3280 3367 3614 3428 peccantem,

2029 3455 2368 3526 chlamydem
2395 3468 2567 3509 meam
2588 3452 2934 3522 explicarem,
2957 3460 3010 3508 et
3028 3452 3360 3522 cooperirem
3383 3465 3525 3515 eum,
3550 3463 3619 3503 ne

2031 3549 2100 3603 ab
2127 3549 2308 3618 aliqtto
2335 3546 2628 3602 videretur.
2661 3545 2794 3601 Nam
2819 3555 2872 3600 et
2894 3546 2948 3600 in
2974 3559 3186 3600 servum
3215 3543 3306 3598 Dei
3339 3543 3512 3610 illum,
3541 3540 3619 3594 vi-

2030 3644 2224 3699 delicet
2267 3641 2600 3706 eunuchum,
2645 3639 2716 3695 ita
2737 3641 2980 3711 putastis,
3019 3649 3072 3694 et
3096 3638 3317 3693 misistis
3339 3651 3425 3691 me
3466 3643 3618 3690 extra

2030 3736 2191 3801 viam,
2219 3743 2273 3788 et
2303 3733 2402 3787 feci
2445 3734 2637 3788 animae
2677 3747 2811 3787 meae
2849 3739 3122 3801 peccatum
3166 3744 3436 3798 magnum.
3477 3729 3620 3782 Con-

2033 3830 2258 3885 fundens
2300 3845 2428 3898 ergo
2467 3843 2562 3884 eos
2603 3828 2848 3891 multum,
2894 3825 3146 3880 absolvit.
3196 3823 3392 3879 Servus
3438 3831 3620 3876 autem

2036 3922 2127 3976 Dei
2157 3920 2382 3976 Vitalius
2412 3936 2441 3975 a
2469 3920 2682 3990 propria
2723 3917 3034 3987 operatione
3061 3930 3167 3970 non
3208 3914 3472 3970 cessabat.
3517 3914 3618 3968 De-

2035 4014 2352 4083 precabatur
2415 4027 2541 4083 ergo
2587 4019 2645 4065 ut
2687 4008 3005 4080 quibusdam
3059 4015 3178 4076 post
3230 4015 3454 4061 mortem
3503 4003 3620 4074 ejus

2039 4107 2197 4178 198
2227 4105 2277 4161 in
2329 4105 2534 4160 somnis
2580 4101 3129 4169 manifestaretDens,
3161 4108 3346 4154 utnon
3393 4098 3622 4166 imputa-

2035 4210 2180 4254 retur
2219 4200 2270 4253 in
2302 4208 2575 4268 peccatum
2609 4197 2692 4251 his
2721 4197 2808 4267 qui
2841 4194 3338 4250 scandalizabantur
3379 4195 3431 4247 in
3475 4207 3620 4258 eum,

2034 4303 2099 4345 eo
2138 4289 2278 4360 quod
2324 4305 2437 4344 rem
2480 4304 2638 4357 quam
2682 4287 2874 4357 agebat
2916 4285 3157 4342 dicerent
3204 4283 3458 4339 seandalo
3503 4297 3625 4338 esse

2040 4383 2290 4452 plenam,
2353 4391 2406 4436 et
2458 4395 2562 4435 non
2613 4379 2837 4434 haberet
2891 4378 3048 4432 homo
3096 4376 3299 4448 peccati
3361 4373 3619 4443 judicium

2038 4489 2104 4530 ex
2133 4491 2218 4540 ea,
2242 4473 2497 4544 quidquid
2524 4474 2732 4528 locutus
2762 4470 2965 4525 fuisset.
3003 4469 3195 4523 Multas
3223 4467 3381 4534 igitur
3407 4465 3473 4520 de
3505 4465 3624 4520 tali-

343 4568 702 4636 batueruid
731 4572 849 4628 est?
876 4575 1134 4631 Reddidit
1176 4578 1267 4632 tibi
1285 4557 1436 4634 Deus
1484 4583 1734 4650 quoniam
1785 4600 1934 4640 men-
1967 4575 1990 4650 ζ
2041 4569 2138 4621 bus
2169 4565 2479 4620 mulieribus
2518 4564 2572 4618 in
2603 4560 3067 4631 cumpuucﬁouem
3110 4557 3320 4650 iuduxil
3349 4565 3463 4612 haec
3489 4571 3622 4626 ope-

340 4663 439 4714 tita
473 4676 552 4715 es.
587 4662 655 4718 Ut
682 4663 976 4722 fornicetur
1011 4670 1152 4723 enim
1194 4647 1784 4740 ingreditur‘pessimus
1810 4677 1930 4742 iste,

2039 4656 2175 4714 ratio
2214 4657 2350 4726 ejus,
2393 4664 2448 4712 et
2490 4654 2730 4708 maxime
2767 4651 2981 4722 quando
3013 4649 3263 4706 videbant
3302 4665 3423 4704 eum
3469 4657 3626 4704 nocte

341 4764 400 4814 et
430 4768 533 4809 non
569 4765 651 4811 est
694 4757 839 4812 aliud
881 4760 1102 4829 aliquid.
1135 4760 1252 4815 .lam
1284 4762 1428 4817 enim
1459 4771 1512 4818 et
1542 4776 1757 4820 sanctus
1783 4767 1934 4822 Vita-

345 4850 451 4906 lius
495 4852 622 4923 (hoc
667 4853 864 4922 quippe
911 4866 1107 4906 nomen
1156 4860 1272 4905 erat
1311 4853 1385 4923 ei)
1433 4854 1619 4910 volens
1661 4857 1933 4912 hominum

340 4942 568 5013 gloriam
597 4943 800 5013 fugere,
833 4951 886 4999 et
912 4944 1118 4999 animas
1158 4959 1187 4997 a
1221 4945 1452 5001 tenebris
1481 4961 1758 5015 revocare,
1791 4949 1937 5006 dice-

348 5035 441 5089 bat
468 5035 809 5092 audientibus
848 5039 1074 5103 cunctis,
1106 5052 1226 5093 cum
1259 5039 1525 5096 laboraret
1569 5043 1622 5096 in
1649 5058 1837 5112 opere,
1881 5053 1939 5101 et

343 5127 581 5183 solveret
610 5128 860 5198 vesperi:
888 5130 1082 5184 Eamus
1114 5133 1292 5197 modo,
1323 5133 1539 5188 domina
1588 5135 1705 5189 talis
1747 5151 1938 5206 exspe-

347 5228 458 5275 ctat
486 5235 602 5277 nos.
637 5220 736 5275 Ubi
773 5235 901 5291 ergo
924 5232 1039 5276 erat
1064 5223 1198 5279 ordo
1232 5224 1441 5294 ipsius?
1472 5225 1650 5282 Multis
1678 5241 1806 5295 ergo
1833 5228 1939 5281 cri-

349 5311 677 5368 minantibus
713 5323 768 5369 et
805 5312 1150 5370 illudentihus
1179 5317 1246 5384 ei,
1281 5317 1488 5372 dicebat
1523 5333 1538 5370 :
1575 5320 1810 5389 nunquid
1840 5335 1939 5389 ego

351 5418 459 5459 non
499 5406 671 5462 vestio
711 5420 906 5477 corpus
958 5415 1014 5462 ut
1063 5411 1290 5464 omnes?
1334 5412 1439 5466 Aut
1488 5413 1762 5469 monachis
1809 5415 1940 5470 solis

349 5495 521 5552 iratus
546 5507 632 5554 est
654 5498 830 5553 Deus?
861 5499 998 5555 Vere
1021 5508 1075 5556 et
1103 5500 1203 5570 ipsi
1229 5503 1472 5559 homines
1499 5514 1624 5560 sunt
1650 5515 1706 5561 ut
1732 5522 1937 5564 omnes.
2029 5531 2032 5534 ~

351 5587 576 5647 Dicebat
602 5592 779 5660 itaque
806 5592 855 5648 ei
884 5593 1098 5663 Quidam
1141 5614 1152 5647 :
1199 5596 1396 5667 Accipe
1426 5598 1520 5653 tibi
1552 5615 1709 5656 unam
1743 5602 1939 5658 mulie-

353 5698 489 5750 rem,
519 5686 675 5752 abba,
705 5696 760 5742 et
789 5695 931 5743 muta
964 5690 1339 5746 vestimentum
1384 5700 1551 5759 tuum,
1584 5703 1638 5748 ut
1668 5709 1772 5751 non
1804 5697 1941 5753 blas-

354 5775 638 5842 phemetur
685 5779 824 5835 Deus
867 5795 962 5851 per
1011 5790 1100 5844 te,
1159 5793 1212 5838 et
1259 5785 1480 5841 habebis
1521 5786 1776 5856 judicium
1823 5807 1939 5860 quae

354 5872 784 5930 scandalizentur
803 5876 1124 5931 animarum.
1151 5881 1219 5932 At
1246 5878 1335 5934 ille
1357 5880 1711 5950 respondebat
1731 5882 1810 5938 eis
1837 5886 1937 5940 ite-

2039 4747 2414 4805 extendentem
2457 4759 2646 4799 manus
2689 4752 2744 4798 et
2784 4753 3026 4798 orantem
3054 4756 3152 4814 pro
3182 4757 3497 4812 unaquaque
3528 4755 3621 4796 ea-

2040 4857 2202 4896 rum:
2236 4851 2449 4911 propter
2494 4840 2634 4911 quod
2681 4839 2923 4910 quaedam
2970 4853 3154 4893 earum
3201 4853 3232 4890 a
3280 4836 3626 4892 fornicatione

2040 4933 2352 4998 cessabant;
2376 4931 2620 5003 quaedam
2647 4944 2776 4986 vero
2805 4930 3137 5000 accipiebant
3166 4929 3332 4992 viros,
3360 4935 3413 4980 et
3436 4924 3629 4994 pudice

2042 5027 2528 5092 conversabantur;
2593 5025 2833 5095 quaedam
2879 5039 3006 5079 vero
3057 5031 3113 5078 et
3156 5020 3329 5075 modis
3378 5015 3626 5073 omnibus

2045 5119 2300 5175 mundum
2342 5120 2726 5188 relinquentes,
2778 5117 3102 5188 singularem
3134 5115 3295 5167 vitam
3335 5110 3624 5166 ducebant.

2045 5218 2230 5274 Nullus
2262 5226 2440 5271 tamen
2472 5212 2626 5270 scivit
2652 5227 2820 5282 usque
2845 5212 2912 5266 ad
2933 5211 3048 5280 ejus
3074 5206 3452 5263 dormitionem
3481 5205 3626 5275 quod

2043 5310 2214 5381 ipsius
2245 5307 2604 5364 admonitione
2633 5317 2687 5363 et
2714 5306 2954 5362 oratione
2996 5298 3277 5370 impudica:
3305 5298 3630 5354 mulierculas

2044 5415 2075 5455 a
2106 5401 2460 5457 fornicatione
2487 5406 2779 5455 cessarent.

2122 5512 2275 5568 Unde
2295 5511 2524 5582 quodam
2565 5510 2652 5564 die
2683 5514 2916 5562 exeunte
2941 5519 3007 5560 eo
3037 5519 3066 5560 a
3096 5503 3267 5575 prima
3300 5503 3481 5559 talium
3514 5517 3636 5558 tnu-

2050 5602 2239 5658 lierum
2264 5604 2520 5667 diluculo,
2563 5599 2741 5655 obviat
2779 5598 2825 5652 ei
2853 5596 3067 5667 quidam
3098 5598 3258 5654 homo
3296 5597 3632 5661 immundus,

2047 5694 2254 5750 intrans
2301 5695 2367 5749 ad
2413 5689 2779 5748 fornicandum
2828 5705 2950 5746 cum
2999 5705 3099 5758 ea;
3142 5699 3196 5748 et
3242 5705 3362 5745 cum
3409 5687 3634 5746 vidisset

2047 5800 2289 5845 sanctum
2325 5787 2574 5842 Vitalium
2603 5802 2667 5842 ex
2713 5801 2773 5842 ea
2819 5787 3206 5858 egredientem,
3239 5785 3387 5841 dedit
3425 5783 3476 5838 ei
3523 5781 3636 5834 ala-

2045 5899 2169 5955 pam
2203 5882 2254 5937 in
2293 5879 2504 5948 faciem,
2549 5880 2730 5938 dicens
2778 5882 2840 5936 ad
2863 5895 2984 5936 eum
3014 5896 3028 5942 ;
3063 5879 3374 5949 Usquequo,
3401 5873 3638 5944 pessime
