4142 6350
555 298 656 353 a7!

1609 303 1695 357 DE
1736 300 1911 356 VITIS
1949 297 2233 355 PATRUM
2271 300 2469 354 LIBER
2511 300 2789 358 PRIMUS.

3710 313 3819 367 572

554 410 741 467 illusor
760 409 986 480 Christi,
1017 430 1126 471 non
1149 415 1401 472 emendas
1434 422 1483 469 te
1511 414 1576 468 ab
1604 414 1687 469 his
1716 418 1964 485 nequitiis
1995 417 2136 471 tuis?
2162 411 2221 474 Δ
2244 412 2404 471 Gaza.
2437 422 2486 467 et
2516 416 2754 484 suscepit
2793 415 3041 471 cellulam
3088 419 3295 474 abbatis
3322 420 3497 477 Vitam
3525 425 3818 481 secundum

548 503 655 573 Qui
700 504 839 560 dixit
883 504 951 559 ad
995 519 1116 561 eum
1150 522 1166 560 :
1206 506 1376 561 Crede
1420 507 1585 574 mihi,
1642 508 1871 577 accipies
1918 500 2161 579 alapam.

553 608 585 650 ι
614 611 701 652 me
724 595 933 661 humili.
970 605 1028 653 ut
1056 606 1163 655 tota
1187 598 1507 655 Alexandria
1538 603 1814 671 colligatur
1843 604 1906 657 ad
1930 605 2132 659 clamo-

552 705 644 747 res
665 699 804 748 tuos.
834 692 1079 749 Nondum
1102 695 1248 749 brevi
1282 704 1518 763 tempore
1561 708 1850 765 transacto,
1876 699 2131 754 dormivit

554 795 677 840 cum
721 799 848 852 pace
890 786 943 840 in
986 788 1173 841 cellula
1217 804 1309 842 sua
1354 798 1570 844 sanctus
1610 791 1852 855 Vitalins,
1912 795 2128 847 nemine

458 884 461 889 '
553 873 758 930 sciente
784 876 1019 931 omnino.
1052 877 1289 932 Habebat
1324 881 1464 935 enim
1491 882 1645 935 valde
1675 882 1921 951 pusillam
1963 882 2129 937 cellu-

553 965 683 1030 iam,
713 980 871 1035 super
904 967 1075 1022 locum
1102 971 1189 1037 qui
1227 972 1421 1027 dicitur
1448 974 1605 1027 Porta
1650 974 1776 1029 solis
1805 974 1942 1045 (79).
1976 974 2127 1030 Unde

552 1063 610 1111 et
636 1056 966 1126 plerumque,
1001 1074 1120 1114 cum
1150 1062 1370 1117 collecta
1399 1065 1763 1120 celebraretur
1786 1069 1935 1135 juxta
1964 1068 2128 1122 cellu-

550 1146 659 1204 lam
688 1150 803 1218 ejus
838 1150 889 1203 in
920 1153 1145 1209 ecclesia
1187 1155 1367 1211 Metrze
1394 1158 1527 1230 (80),
1573 1160 1948 1215 convenientes
1977 1178 2123 1231 quae-

550 1242 675 1300 dam
715 1245 1146 1302 muliercularum
1180 1250 1387 1309 harum.
1419 1252 1484 1305 ad
1522 1254 1803 1308 altermras
1845 1256 2123 1311 dicebant:

550 1336 768 1405 Eamus,
800 1356 1004 1408 eamus,
1035 1342 1227 1397 iterum
1268 1345 1430 1398 abbas
1456 1344 1677 1399 Vitalius
1706 1347 1981 1400 collectam
2026 1347 2126 1400 ha-

550 1429 658 1484 bet.
687 1431 752 1484 Et
771 1433 1105 1488 venientibus
1134 1436 1230 1501 eis,
1258 1436 1474 1489 curabat
1499 1450 1607 1489 eas.
1642 1437 1804 1505 Igitur
1829 1436 2126 1494 dormiente

547 1536 635 1586 eo,
672 1532 730 1576 ut
772 1525 1081 1593 praedictum
1126 1536 1229 1591 est,
1272 1527 1323 1580 in
1373 1529 1582 1596 propria
1630 1528 1836 1590 cellula,
1886 1536 1940 1582 et
1981 1528 2125 1581 nullo

549 1616 770 1681 sciente,
805 1632 922 1671 mox
963 1619 1178 1688 qu’dam
1232 1620 1438 1673 daemon
1485 1630 1730 1688 tauquam
1756 1619 2003 1688 Ethiops
2032 1619 2123 1675 de-

546 1704 751 1771 formis,
785 1716 922 1761 astat
963 1710 1010 1762 ei
1050 1711 1136 1777 qui
1181 1710 1398 1766 dederat
1436 1714 1643 1777 alapam
1684 1712 1861 1765 abbati
1902 1700 2116 1779 Vitalio,

2237 505 2417 570 Iidem,
2459 517 2511 559 et
2556 507 2608 559 in
2649 521 2711 561 ea
2743 513 3033 577 permansit
3072 525 3241 580 usque
3270 514 3332 566 ad
3374 524 3600 570 mortem
3644 533 3817 573 suam.

2232 598 2300 651 Et
2323 600 2689 655 sanctissimus
2724 602 3022 671 patriarcha
3074 605 3264 658 multas
3307 608 3508 687 gratias
3544 611 3658 679 egit
3687 611 3816 677 Deo,

2232 692 2352 757 quia
2385 707 2487 746 non
2518 693 2758 760 permisit
2793 709 2915 749 eum
2948 710 3171 763 peccare
3202 699 3256 751 in
3288 714 3500 755 servum
3543 717 3697 756 suum
3731 704 3790 757 Vi
3803 733 3819 744 -

2232 783 2434 838 talium.
2480 785 2628 839 Multi
2666 795 2841 841 autem
2887 789 3110 844 multum
3133 805 3198 844 ex
3235 799 3360 847 tunc
3401 793 3454 846 in
3491 794 3813 852 Alexandria

2230 880 2543 948 proluerunt
2582 880 2700 946 sibi,
2736 890 2789 935 et
2826 881 3058 953 hospitio
3104 885 3432 954 recipiebant
3481 892 3808 945 monachos:

2229 979 2287 1027 et
2312 973 2667 1028 mouebantur
2711 984 2766 1027 ιιι
2789 991 2891 1030 non
2917 976 3366 1033 condemnaretur
3403 980 3593 1051 aliquis
3638 984 3706 1039 ab
3736 986 3814 1039 eis

2229 1067 2368 1121 sicut
2395 1075 2664 1121 evenerat.
2690 1068 2838 1124 Fecit
2864 1078 3039 1125 autem
3070 1081 3121 1126 et
3153 1072 3407 1127 sanitates
3436 1083 3553 1143 post
3583 1085 3809 1131 mortem

2230 1156 2547 1211 honorabile
2598 1172 2790 1213 nomen
2839 1161 3008 1215 sancti
3054 1161 3240 1215 Vitalii
3288 1177 3383 1231 per
3428 1164 3658 1218 divinam
3699 1181 3815 1234 gra-

2230 1252 2355 1305 tiam
2386 1269 2399 1305 :
2429 1250 2581 1321 cuius
2610 1251 2939 1306 orationibus
2985 1254 3075 1307 det
3123 1255 3275 1309 nobis
3310 1254 3566 1310 Dominus
3614 1257 3811 1313 bonam

2227 1344 2723 1409 conversationem,
2767 1354 2820 1397 et
2864 1344 3286 1399 misericordiam
3329 1348 3380 1400 in
3424 1347 3547 1414 die,
3592 1350 3812 1418 quando

2228 1436 2593 1491 manifestabit
2640 1438 2949 1493 abscondita
3004 1438 3312 1507 hominum,
3359 1451 3415 1496 et
3456 1443 3595 1497 nuda
3645 1444 3810 1499 faciet

2226 1528 2447 1584 consilia
2471 1529 2711 1582 cordium
2736 1528 2792 1600 (Ι
2814 1528 2933 1585 Cor.
2966 1530 3061 1596 tv).

2296 1619 2426 1674 CAP.
2470 1618 2708 1675 XXXVI.
2741 1652 2811 1661 —
2840 1621 3164 1691 Praecipiens
3211 1622 3499 1692 aliquando
3536 1622 3656 1678 dari
3699 1624 3812 1677 cui-

2227 1714 2349 1768 dam
2402 1715 2598 1783 petenti
2647 1714 3068 1786 eleemosynam,
3119 1714 3303 1769 decem
3347 1730 3593 1770 nummos
3638 1731 3811 1771 mrces

544 1808 597 1852 et
628 1798 719 1852 dat
752 1800 798 1853 ei
825 1788 1262 1868 alapam,'tlicens
1295 1821 1306 1854 :
1350 1805 1569 1871 Suscipe
1598 1808 1804 1868 alapam
1837 1819 1991 1869 quam
2025 1807 2122 1857 mi-
2152 1796 2201 1856 Β
2228 1818 2450 1875 tantum,
2484 1809 2731 1864 convicia
2762 1811 2829 1864 ab
2868 1826 2932 1865 eo
2970 1809 3269 1879 patiebatur
3310 1809 3365 1864 in
3397 1809 3530 1865 facie
3557 1811 3811 1865 atrociter

545 1890 609 1942 sit
653 1891 741 1943 tibi
775 1894 939 1945 abbas
971 1891 1215 1947 Vitalius.
1254 1895 1319 1947 Et
1347 1896 1572 1959 cadens,
1602 1898 1780 1949 statim
1813 1898 1973 1963 erepit
2000 1912 2123 1963 spu-

548 1996 713 2035 mare.
758 1984 1089 2055 Gongregata
1121 1996 1202 2040 est
1238 1988 1419 2056 igitur,
1465 1991 1757 2043 Secundum
1788 1991 2121 2060 prephetiam

546 2071 754 2137 Vitalii,
803 2089 936 2142 pene
983 2086 1091 2130 tota
1138 2079 1459 2133 Alexandria
1517 2082 1567 2135 in
1608 2083 1915 2136 violentiam
1959 2098 2117 2152 quam

522 2162 845 2228 patiebatur
870 2184 896 2216 ιι
930 2167 1173 2223 dmtnone
1197 2186 1210 2230 ;
1243 2181 1296 2224 et
1324 2170 1552 2226 maxime
1577 2174 1697 2242 quia
1719 2175 1952 2228 sonitum
1980 2176 2118 2230 data:

541 2254 592 2308 ei
623 2256 789 2323 alapa:
830 2260 1115 2314 audierunt
1144 2263 1356 2330 quidam
1381 2305 1394 2327 ,
1428 2265 1575 2333 quasi
1615 2265 1677 2317 ad
1725 2267 1880 2319 unius
1920 2267 2119 2335 jactum

543 2345 767 2412 sagittis.
802 2348 929 2402 Post
958 2350 1255 2420 aliquantas
1286 2369 1411 2408 vero
1462 2366 1619 2409 noras
1664 2355 1716 2409 in
1759 2366 1988 2411 mentem
2038 2373 2121 2413 re-

541 2438 694 2493 diens
738 2443 785 2495 is
830 2443 919 2513 qui
961 2448 1280 2516 patiebatur,
1324 2449 1483 2505 scidit
1528 2451 1838 2506 vestimenta
1890 2454 2119 2521 pectoris

538 2530 651 2593 sui,
703 2540 759 2585 et
801 2535 1036 2588 cucurrit
1078 2538 1141 2589 ad
1193 2539 1438 2593 cellulam
1464 2581 1478 2603 ,
1522 2542 1761 2596 clamans
1801 2553 1854 2597 et
1893 2544 2116 2599 dicens:

539 2620 760 2691 Culpam
808 2625 907 2680 feci
959 2628 1072 2693 tibi,
1122 2643 1275 2685 serve
1322 2631 1413 2685 Dei
1463 2632 1640 2698 Vitali,
1690 2635 1944 2690 miserere
1988 2638 2113 2691 mei.

522 2715 903 2773 Cucurrerunt
939 2738 1067 2776 vero
1106 2737 1226 2778 cum
1290 2740 1356 2779 eo
1406 2740 1594 2781 omnes
1641 2728 1937 2783 audientes.
1982 2729 2114 2783 Cum

539 2809 866 2875 pervenisset
910 2814 974 2865 ad
1007 2815 1253 2868 cellulam
1286 2818 1477 2881 sancti,
1525 2818 1652 2871 exiit
1697 2820 1887 2873 iterum
1918 2820 2116 2875 daemo-

538 2900 718 2969 nium,
756 2902 963 2971 jactans
1001 2922 1122 2959 eum
1156 2908 1401 2963 omnibus
1440 2910 1838 2980 aspicientibus.
1884 2913 1951 2967 Et
1993 2929 2111 2968 cum

532 2992 941 3061 ingrederentur
986 2999 1126 3053 intro
1163 3000 1213 3054 hi
1254 3004 1342 3070 qui
1386 3019 1505 3056 cum
1538 3021 1602 3058 eo
1632 3017 2000 3073 cucurrerunt,
2034 3008 2114 3062 in-

535 3096 797 3142 venerunt
824 3101 1065 3145 sanctum
1096 3102 1323 3148 stantem
1352 3093 1404 3147 in
1429 3098 1688 3165 geniculis
1714 3100 1843 3167 suis,
1875 3108 1924 3153 et
1956 3114 2113 3154 oran-

534 3188 663 3242 tem,
692 3188 747 3233 et
771 3182 1004 3236 animum
1037 3185 1259 3239 Domino
1290 3188 1608 3251 tradentem,
1643 3198 1695 3243 et
1726 3190 1778 3243 in
1813 3193 2113 3257 pavimento
2139 3175 2187 3239 ο

530 3269 850 3338 scripturam
880 3273 1224 3342 huiusmodi:
1265 3276 1375 3330 Viri
1395 3279 1754 3346 Alexandrini,
1800 3282 1956 3337 nolite
1999 3294 2115 3339 ante

528 3370 730 3429 tempus
772 3364 967 3431 aliquid
1002 3366 1264 3437 judicare,
1307 3372 1637 3440 quoadusque
1676 3374 1841 3426 veniat
1864 3372 2114 3429 Dominus

529 3449 582 3520 (1
609 3450 727 3507 Cor.
763 3456 859 3524 Iv).
889 3456 1250 3513 Conﬁtebatur
1278 3475 1406 3515 vero
1448 3470 1502 3516 et
1527 3462 1709 3528 homo,
1734 3466 1880 3533 quia
1910 3465 2113 3520 daemo-

531 3543 620 3595 nio
658 3546 969 3609 vexabatur,
1003 3550 1140 3616 quod
1186 3562 1373 3607 sancto
1406 3553 1625 3621 fecerat,
1657 3564 1709 3609 et
1738 3559 1876 3626 quod
1904 3560 2116 3615 dixerat

530 3646 748 3692 sanctus
789 3638 859 3693 ei.
932 3640 1169 3697 Recitata
1227 3654 1350 3698 sunt
1395 3661 1521 3717 ergo
1565 3647 1872 3704 beatissimo
1920 3651 2111 3708 Joanni

530 3728 847 3794 patriarchae
894 3731 1071 3786 omnia
1098 3749 1214 3803 quae
1261 3736 1403 3791 circa
1445 3748 1688 3794 sanctum
1711 3741 1963 3796 Vitalium
1996 3754 2111 3799 acta

527 3830 683 3886 sunt;
732 3829 786 3876 et
833 3822 1166 3882 descendens
1210 3841 1330 3881 eum
1370 3828 1552 3896 clero,
1606 3833 1753 3887 venit
1804 3835 1867 3887 ad
1916 3850 2114 3903 corpus

528 3915 697 3967 sancti
748 3914 959 3982 Vitalii;
1020 3926 1077 3972 et
1128 3934 1247 3973 cum
1293 3920 1517 3977 vidisset
1560 3927 2109 3996 superscriptionem,

528 4003 661 4059 dixit
695 4020 710 4058 :
744 4006 883 4061 Vere
913 4008 1050 4062 hanc
1090 4009 1306 4064 humilis
1332 4010 1566 4069 Joannes
1594 4030 1689 4083 per
1724 4016 1888 4072 Deum
1920 4024 2110 4087 evasit,

531 4108 650 4148 nam
688 4096 895 4165 alapam
938 4114 1096 4166 quam
1139 4103 1347 4171 accepit
1391 4108 1481 4173 qui
1532 4110 1730 4177 patitur
1772 4125 1870 4179 ego
1907 4114 2116 4181 accipe-

530 4200 664 4240 rem.
1558 4214 1563 4218 '

598 4277 749 4335 Tune
797 4284 975 4353 itaque
1020 4301 1206 4343 omnes
1248 4289 1570 4359 l‘ornicariae,
1603 4300 1799 4363 etquae
1846 4293 2114 4350 abrenuu‘

524 4369 791 4426 tiaverunt
828 4389 892 4428 ex
921 4376 1025 4441 eis,
1055 4384 1111 4432 et
1138 4378 1283 4433 viros
1309 4392 1677 4449 susceperant,
1709 4397 1827 4437 cum
1860 4385 2028 4440 cereis
2055 4395 2111 4441 et

529 4459 860 4533 lampadibus
890 4469 1153 4536 praeibam
1181 4484 1304 4525 eum
1342 4471 1549 4539 ﬂentes,
1579 4481 1633 4528 et
1655 4473 1895 4531 dicentes
1927 4493 1939 4531 :
1975 4474 2108 4531 Per-

2226 1902 2317 1956 ille
2345 1903 2552 1967 beatus,
2580 1903 2700 1970 quia
2741 1916 2850 1956 non
2877 1900 3098 1956 dederat
3137 1902 3184 1956 ei
3211 1910 3469 1970 quotquot
3494 1901 3679 1955 voluit.
3714 1902 3810 1957 His

2226 2004 2403 2047 autem
2431 1994 2522 2063 qui
2568 1993 2636 2047 de
2665 1993 2923 2063 obsequio
2972 2003 3147 2063 erant,
3190 1994 3552 2062 quaerentibus
3600 1993 3809 2048 caedere

2224 2089 2461 2156 eumqui
2512 2087 2927 2150 conviciabatur,
2975 2087 3271 2156 increpavit
3314 2101 3409 2141 eos
3454 2085 3808 2141 vehementer

2225 2180 2564 2250 patriarcha,
2610 2179 2792 2233 dicens
2841 2196 2853 2231 :
2903 2178 3075 2233 Sinite
3139 2194 3257 2233 eum
3323 2178 3517 2233 fratres
3564 2194 3578 2232 :
3630 2176 3807 2231 habeo

2230 2274 2387 2344 199
2420 2286 2518 2341 ego
2554 2272 2831 2341 sexaginta
2861 2285 3061 2336 annos,
3101 2271 3483 2339 blasphemans
3522 2284 3616 2338 per
3642 2282 3807 2338 opera
3902 2324 3909 2329 _

2224 2381 2341 2420 mea
2371 2364 2673 2428 Christum,
2708 2371 2759 2416 et
2804 2378 2964 2416 unum
2996 2361 3294 2417 convicium
3335 2376 3439 2415 non
3466 2360 3692 2429 portabo
3729 2359 3799 2413 ab

2222 2442 2362 2512 istd?
2403 2458 2471 2511 Et
2494 2457 2749 2526 praecepit
2776 2456 2949 2510 datori
2997 2457 3206 2511 solvere
3238 2456 3529 2521 sacculum,
3570 2462 3631 2508 ut
3658 2454 3804 2507 sine-

2220 2558 2305 2605 ret
2333 2564 2616 2619 pauperem
2649 2549 2840 2603 tollere
2868 2558 3122 2618 quantum
3152 2548 3311 2603 vellet
3337 2546 3584 2617 pretium.

2291 2643 2419 2697 Car.
2455 2642 2719 2697 XXXVII.
2749 2640 2806 2696 Si
2836 2655 2964 2695 vero
2985 2640 3271 2708 aliquando
3300 2638 3551 2693 audiebat
3576 2638 3795 2706 sapien-

2218 2736 2478 2801 tissimus,
2511 2735 2762 2805 quoniam
2790 2734 3221 2803 eleemosynator
3247 2740 3330 2787 est
3386 2731 3528 2796 talis,
3559 2729 3800 2784 adduce-

2217 2828 2309 2883 bat
2349 2843 2470 2881 eum
2521 2826 2575 2880 in
2620 2826 2887 2881 hilaritate
2915 2840 3179 2889 seorsum,
3212 2833 3264 2878 et
3294 2822 3502 2878 dicebat
3528 2822 3578 2876 ei
3605 2840 3617 2875 :
3652 2821 3803 2885 Ono-

2218 2918 2377 2973 modo
2405 2919 2572 2973 factus
2588 2932 2644 2972 es
2659 2917 3119 2987 eleemosynator?
3136 2916 3466 2982 naturaliter,
3479 2929 3545 2968 an
3568 2915 3803 2983 teipsum

2216 3010 2481 3065 violenter
2511 3010 2743 3079 cogens?
2774 3008 2927 3065 Unde
2954 3008 3170 3078 quidam
3222 3009 3313 3077 qui
3342 3009 3408 3064 ab
3451 3023 3518 3065 eo
3569 3009 3803 3066 interro-

2216 3102 2475 3172 gabantur
2496 3143 2512 3167 ,
2545 3100 2907 3166 verecundati,
2933 3100 3269 3154 occultabant
3298 3100 3513 3170 quidem
3532 3143 3546 3166 ,
3580 3102 3801 3169 quidam

2220 3204 2397 3248 autem
2430 3193 2678 3247 dicebant
2709 3192 2778 3247 ei.
2835 3192 3062 3261 Pr0pter
3091 3192 3229 3261 quod
3259 3206 3394 3247 unus
3443 3193 3805 3264 interrogatus

2218 3302 2247 3339 a
2275 3296 2480 3349 sancto,
2509 3283 2784 3353 respondit
2832 3285 2902 3338 ita
2929 3301 2943 3338 :
2995 3284 3173 3339 Crede
3230 3284 3379 3350 mihi,
3410 3285 3647 3350 domine,
3679 3286 3801 3355 quia

2218 3375 2352 3430 nihil
2374 3376 2443 3428 do
2464 3384 2555 3428 aut
2584 3373 2723 3429 facio
2748 3372 2906 3438 boni;
2940 3380 3306 3427 verumtamen
3339 3372 3512 3442 ipsum
3544 3373 3687 3442 quod
3711 3374 3795 3427 fa-

2220 3468 2303 3523 cio
2332 3476 2386 3521 et
2439 3466 2670 3535 praebeo,
2698 3480 2766 3519 ex
2809 3463 3001 3533 quibus
3054 3463 3195 3518 Deus
3250 3474 3305 3519 et
3356 3463 3628 3518 orationes
3688 3473 3797 3519 tua

2216 3560 2534 3629 largiuntur,
2553 3559 2623 3610 ita
2646 3555 2821 3610 facere
2836 3556 3066 3610 assuevi.
3103 3555 3259 3609 Eram
3280 3556 3432 3623 prius
3442 3555 3599 3610 valde
3618 3556 3799 3610 immi~

2218 3652 2449 3706 sericors
2491 3657 2546 3704 et
2589 3647 2841 3712 crudelis,
2874 3657 2928 3702 et
2988 3647 3156 3702 semel
3188 3647 3383 3711 damna
3429 3648 3721 3717 pertuli,et
3746 3648 3798 3703 in

2215 3744 2559 3801 subtilitatem
2626 3742 2863 3797 deveni:
2916 3732 3085 3810 'ctepit
3132 3742 3382 3811 cogitatio
3436 3755 3554 3796 mea
3615 3741 3801 3796 dicere

2220 3838 2349 3891 mihi
2381 3855 2394 3891 :
2428 3836 2562 3890 Vere
2593 3838 2634 3890 si
2666 3849 2812 3889 esses
2839 3834 3286 3907 eleemosynator,
3319 3849 3425 3889 non
3466 3836 3797 3905 relinqueret

2220 3941 2272 3986 te
2295 3933 2450 3985 Deus.
2479 3930 2653 3986 Statni
2697 3945 2823 3999 ergo
2852 3944 2947 3998 per
2979 3928 3218 3998 singulos
3265 3928 3382 3983 dies
3405 3929 3533 3983 dare
3559 3931 3797 3999 quinque

2218 4038 2385 4078 aereos
2406 4038 2653 4076 nummos
2682 4021 3002 4090 pauperibus
3028 4037 3041 4085 ;
3073 4028 3267 4075 etcum
3310 4020 3592 4088 cepissem
3641 4022 3794 4085 dare,

2218 4116 2396 4170 statim
2424 4115 2649 4170 Satanas
2673 4114 2986 4181 prohibebat
3008 4127 3111 4179 me,
3145 4113 3330 4176 diceas
3356 4129 3369 4165 :
3400 4112 3535 4167 Vere
3559 4112 3797 4181 quinque

2222 4209 2422 4263 nummi
2474 4208 2561 4262 isti
2616 4204 2892 4261 sufﬁciunt
2924 4206 3105 4261 domui
3159 4205 3226 4259 ad
3266 4205 3431 4274 olera,
3461 4216 3552 4259 aut
3582 4206 3649 4260 ad
3681 4206 3795 4261 bal-

2216 4314 2376 4354 neum
2435 4297 2870 4367 percipiendnm;
2930 4306 2985 4351 et
3049 4297 3250 4361 statim,
3311 4305 3563 4366 tanquam
3628 4297 3676 4351 si
3730 4299 3796 4352 de

2216 4390 2462 4445 faucibus
2506 4401 2751 4444 natorum
2828 4402 3070 4443 meorum
3139 4387 3401 4456 privarant
3452 4402 3548 4443 eos
3577 4428 3593 4453 ,
3658 4389 3789 4443 nihil

2212 4482 2430 4538 dabam.
2457 4480 2586 4534 Cum
2615 4494 2744 4549 ergo
2787 4478 3039 4534 vidissem
3087 4477 3228 4546 quod
3268 4492 3555 4548 superarer
3583 4493 3615 4531 ιι
3637 4478 3789 4544 vitio,

525 4553 757 4609 didimus
806 4560 1028 4615 salutent
1068 4572 1306 4618 nostram
1339 4573 1393 4620 et
1421 4565 1739 4622 doctrinam.
1775 4568 2109 4625 Enarrabant
2135 4561 2190 4623 D
2213 4572 2335 4629 dico
2387 4584 2552 4639 puero
2607 4584 2727 4624 meo
2758 4587 2770 4623 :
2798 4569 2899 4623 Per
2938 4568 3175 4638 singulos
3206 4568 3320 4622 dies
3373 4568 3571 4635 furare,
3597 4584 3686 4625 me
3703 4583 3796 4624 ne-

524 4648 668 4702 enim
687 4650 795 4716 jam
827 4657 1287 4712 conversationem
1318 4660 1432 4727 ejus
1455 4661 1726 4728 omnibus,
1748 4672 1822 4730 et,
1841 4661 2105 4728 Quoniam

527 4754 633 4794 non
690 4754 905 4811 propter
966 4756 1173 4815 turpem
1246 4764 1357 4804 rem
1423 4752 1487 4805 ad
1552 4766 1648 4805 nos
1714 4754 1985 4820 intrabat;
2054 4764 2107 4809 et

522 4833 647 4900 quia
690 4849 956 4904 nunquam
996 4838 1284 4909 aliquando
1328 4840 1557 4897 vidimus
1596 4859 1715 4898 eum
1761 4859 1920 4914 super
1964 4845 2104 4901 latus

521 4925 906 4995 dormientem,
958 4936 1049 4984 aut
1090 4944 1252 4985 unam
1305 4948 1369 4987 ex
1421 4934 1574 4988 nobis
1625 4944 1891 4990 tenentem
1941 4953 2103 4991 mantt

519 5034 632 5073 sua.
674 5022 738 5076 Et
769 5023 1285 5091 reprehendentibus
1328 5043 1418 5082 eas
1446 5028 1763 5098 quibusdam
1800 5038 1856 5084 et
1880 5030 2102 5085 dicenti-

520 5114 623 5171 bus
653 5133 664 5171 :
694 5117 870 5184 Quare
896 5118 1010 5174 haec
1040 5135 1145 5175 non
1174 5121 1419 5176 omnibus
1444 5121 1726 5187 dicebatis,
1752 5123 1845 5177 sed
1875 5124 2101 5177 scanda-

519 5209 781 5265 Iizabatur
815 5212 867 5265 in
908 5227 972 5266 eo
1015 5221 1122 5267 tota
1168 5213 1395 5268 civitas?
1422 5213 1742 5268 enarrabant
1763 5214 1872 5283 jam
1900 5213 2103 5281 capitu-

517 5303 649 5366 turn,
694 5304 834 5372 quod
883 5306 1021 5361 circa
1070 5320 1188 5360 eam
1234 5316 1444 5376 gestum
1475 5313 1578 5373 est,
1608 5320 1727 5374 qua:
1774 5322 1804 5359 a
1835 5305 2101 5359 daemonio

520 5396 853 5449 vexationem
897 5398 1166 5462 sustinuit,
1200 5408 1255 5453 et
1288 5398 1410 5468 quia
1440 5396 1542 5451 hoe
1592 5397 1841 5452 timentes
1886 5398 2103 5451 taceba-

513 5498 655 5545 mus.
682 5484 901 5555 Sepulto
938 5501 1069 5563 ergo
1096 5503 1161 5553 eo
1197 5490 1248 5543 in
1281 5488 1451 5549 multo
1476 5487 1702 5551 honore,
1734 5488 2025 5555 permansit
2054 5487 2099 5539 is

515 5574 612 5645 qui
636 5574 706 5635 ab
728 5590 796 5637 eo
815 5587 1096 5639 correctus
1120 5589 1177 5635 et
1205 5594 1368 5639 sanus
1394 5579 1571 5637 {actus
1602 5586 1718 5647 est,
1750 5577 1949 5641 iaciens
1980 5593 2098 5633 me-

511 5666 743 5729 mortem
770 5667 909 5742 ejus.
942 5670 1287 5741 Postmodum
1334 5682 1510 5733 autem
1547 5679 1602 5735 ct
1647 5670 1973 5733 renuntiavit
1999 5685 2102 5729 saa-

508 5762 662 5835 culo,
714 5766 984 5838 ingressus
1030 5768 1415 5831 monasterium
1460 5766 1668 5827 abbatis
1714 5765 1994 5825 Seridonis
2041 5766 2095 5823 in

2210 4665 2434 4729 sciente,
2458 4662 2695 4732 quinque
2738 4675 3009 4727 nummos,
3034 4668 3089 4715 et
3114 4658 3182 4714 da
3210 4658 3629 4729 eleetnosynam.
3660 4660 3793 4716 Sum

2209 4772 2311 4825 ego
2359 4756 2500 4811 enim
2550 4753 2826 4822 trapezita,
2877 4752 3111 4808 domine.
3147 4751 3240 4817 Ille
3269 4767 3399 4808 vero
3427 4750 3794 4817 benefaciens,

2209 4850 2372 4920 erepit
2400 4849 2562 4904 furari
2592 4848 2761 4904 denos
2785 4846 2923 4918 (8i).
2959 4846 3088 4901 Erat
3110 4854 3290 4902 autem
3338 4846 3554 4917 quando
3594 4857 3649 4902 et
3678 4848 3793 4903 sili-

2206 4959 2385 5012 quam.
2437 4942 2571 4995 Cum
2608 4955 2737 5009 ergo
2762 4940 2984 4993 vidisset
3035 4939 3159 5007 quia
3220 4938 3669 4995 benedicebamur
3694 4980 3709 5005 ,
3738 4948 3797 4997 et

2207 5034 2405 5091 divitiis
2445 5032 2843 5087 abundabamus
2866 5072 2880 5096 ,
2914 5030 3076 5097 cepit
3127 5040 3179 5084 et
3234 5031 3506 5085 tremisses
3530 5030 3719 5097 furari,
3740 5039 3795 5086 et

2207 5127 2354 5183 dare.
2373 5124 2547 5179 Semel
2565 5125 2742 5192 itaque
2753 5121 3022 5185 admirans
3037 5118 3433 5179 benedictiones
3448 5119 3562 5186 Dei,
3579 5120 3691 5175 dixi
3703 5122 3757 5174 ei
3776 5138 3788 5171 :

2206 5216 2346 5272 Vere
2390 5216 2609 5271 multum
2657 5212 2989 5284 profuerunt,
3042 5212 3138 5279 illi,
3186 5212 3421 5282 quinque
3462 5211 3667 5268 nummi
3696 5212 3791 5277 illi,

2208 5310 2329 5365 volo
2358 5323 2485 5377 ergo
2516 5318 2570 5360 ut
2598 5308 2693 5362 des
2721 5307 2930 5361 decem.
2964 5305 3115 5361 Tunc
3138 5304 3269 5360 dicit
3290 5304 3419 5360 mihi
3445 5313 3503 5360 et
3528 5319 3661 5374 puer
3706 5320 3795 5360 su-

2208 5404 2469 5459 bridendo
2502 5420 2515 5456 :
2550 5402 2716 5465 Vade,
2744 5416 2838 5458 ora
2883 5400 3039 5455 furtis
3078 5401 3233 5455 meis.
3284 5400 3416 5465 Nam
3462 5416 3588 5456 vero
3635 5401 3793 5457 hodie

2208 5510 2312 5551 non
2345 5494 2664 5548 haberemus
2690 5507 2848 5562 quem
2875 5490 3349 5547 manducassemus
3374 5506 3588 5561 partem.
3606 5493 3714 5549 Sed
3743 5491 3791 5547 si

2200 5596 2288 5647 est
2333 5586 2415 5642 l‘ur
2457 5588 2654 5656 justus,
2686 5601 2785 5656 ego
2815 5599 2955 5641 sum.
2986 5583 3138 5639 Tune
3161 5597 3291 5655 ergo
3337 5585 3502 5650 dixit,
3536 5587 3788 5655 quoniam

2206 5680 2474 5737 tretnissia
2502 5678 2663 5739 dabat
2708 5685 2763 5733 et
2787 5677 3017 5747 siliquas
3057 5677 3243 5743 etiam,
3270 5690 3343 5732 es
3374 5676 3479 5733 fide
3508 5678 3674 5742 illius,
3705 5692 3793 5733 as-

2205 5772 2378 5838 suevi,
2403 5772 2639 5831 domine.
2671 5770 2739 5827 de
2763 5770 2946 5829 subito
2973 5767 3124 5829 dare.
3153 5768 3470 5837 Edilicatus
3512 5785 3644 5841 ergo
3669 5785 3792 5826 san—
