4142 6350
518 331 621 386 575

1549 325 1637 378 DE
1680 322 1862 379 VITIS
1904 320 2184 376 l’ATRUM
2217 319 2422 375 LIBER
2463 317 2739 374 PRIMUS.

3676 318 3778 369 57C

517 457 1005 518 memoriasemp'er
1046 436 1308 501 retineb'at
1336 441 1475 512 quod
1503 449 1688 493 sancto
1743 439 1969 505 Simoni,
2006 437 2094 508 qui
2123 441 2174 498 Α
2201 435 2405 504 scopio.
2449 432 2626 488 Semel
2657 443 2787 500 ergo
2814 438 2867 485 et
2911 429 2992 485 bis
3033 428 3159 486 fecit
3205 427 3310 485 hoc
3347 429 3520 498 ipsum
3559 430 3778 486 schema

520 543 576 594 in
605 541 867 596 columnis
896 541 1040 595 stetit
1081 539 1220 608 (85),
1249 552 1340 605 per
1371 535 1753 590 rcvelationem
1786 532 1982 587 factum
2012 541 2094 587 est

520 640 707 686 notum
741 648 758 684 :
787 631 917 697 Quia
951 631 1028 702 (ut
1054 630 1148 699 ait)
1201 636 1426 681 exeunte
1456 626 1631 680 anima
1662 639 1692 678 e
1724 639 1970 692 corpore,
1994 623 2093 677 ob-

520 723 666 776 viant
695 723 740 776 ei
770 736 889 776 cum
918 721 1217 774 ascenderit
1244 735 1272 771 a
1305 729 1443 772 terra
1473 719 1523 770 in
1555 718 1771 782 coelum,
1800 716 1950 771 chori
1983 716 2094 768 dm-

519 830 759 878 monum,
774 815 963 884 singuli
978 816 1029 868 in
1049 813 1262 882 proprio
1279 812 1484 866 ordine.
1506 810 1696 866 Obviat
1720 809 1766 863 ei
1780 809 1973 863 chorus
1988 809 2087 862 dmi

520 909 822 962 m0nlorum
851 905 1136 974 superbize,
1171 905 1454 973 investigat
1481 919 1623 968 eam,
1646 903 1692 958 si
1723 903 2097 970 haheatopera

520 1013 728 1054 eorum.
744 997 1138 1052 Obviatchorus
1149 997 1426 1066 spirituum
1440 995 1812 1050 detractionis:
1835 994 2099 1064 aspiciunt

516 1093 566 1148 si
596 1092 805 1162 quando
853 1091 1094 1146 oblocuta
1127 1092 1214 1154 sit,
1247 1099 1300 1146 et
1347 1090 1718 1160 paenitentiam
1769 1104 1873 1144 non
1908 1087 2094 1158 egerit.

523 1185 751 1241 Obviant
814 1186 1005 1240 iterum
1057 1185 1303 1253 superius
1359 1185 1629 1238 dmmones
1677 1180 2089 1235 fornicationis:

521 1286 826 1332 scrutantur
850 1277 893 1331 si
915 1283 1296 1346 recognoscant
1354 1277 1404 1328 in
1429 1291 1489 1329 ea
1523 1275 1824 1342 voluptates
1853 1286 1996 1326 suas.
2034 1270 2101 1324 Et

518 1368 730 1438 quando
751 1384 778 1420 a
810 1377 949 1422 terra
977 1383 1144 1436 usque
1185 1368 1250 1421 ad
1277 1367 1469 1421 caelum
1503 1365 1697 1419 misera
1747 1364 1922 1417 anima
1952 1363 2099 1430 posi-

519 1469 636 1514 tura
667 1460 925 1513 rationem
958 1459 1281 1524 pervenerit,
1326 1470 1567 1511 seorsum
1598 1455 1663 1508 ab
1691 1469 1751 1508 ea
1802 1453 1972 1507 sancti
2004 1468 2100 1505 an-

519 1551 622 1620 geli
647 1551 880 1616 stabunt,
914 1558 969 1604 et
1016 1566 1118 1605 non
1171 1548 1499 1618 adjuvabunt
1547 1562 1662 1601 eam
1692 1545 1793 1600 nisi
1837 1546 2102 1600 bonitates

519 1656 648 1697 suae.
684 1642 808 1696 Haec
857 1642 1199 1698 consnderans
1250 1641 1334 1694 hic
1384 1640 1594 1705 nobilis,
1656 1639 1968 1708 perterritus
2006 1653 2102 1707 pro

521 1733 614 1787 tali
647 1733 776 1786 hora
806 1739 860 1786 et
889 1733 1146 1786 sollicitus
1169 1731 1334 1785 factus
1365 1739 1466 1795 est,
1499 1730 1678 1784 ferens
1706 1729 1758 1784 in
1785 1731 2100 1783 memoriam

2199 526 2287 581 ille
2316 527 2524 580 beatus.
2561 522 2801 578 Erudivit
2829 531 2882 576 et
2923 523 2975 576 in
3017 522 3116 576 hoc
3151 521 3358 592 plebem
3383 520 3699 591 magnifice,
3727 528 3782 576 et

2199 620 2502 678 emendavit
2526 636 2540 683 ;
2571 618 2827 674 timebant
2851 618 3026 685 enim,
3055 633 3122 673 ne
3150 617 3344 673 iterum
3368 617 3597 688 idipsum
3623 617 3780 672 sche~

2203 731 2288 771 ma
2315 715 2517 769 faceret
2547 714 2624 767 eis
2656 713 2746 766 ille
2775 727 2990 782 semper
3017 713 3412 768 memorandus.

2269 805 2398 860 CAP.
2445 804 2601 859 XLII.
2633 834 2704 848 ——
2734 804 2901 874 Loqui
2946 815 3122 860 autem
3169 805 3223 859 in
3273 806 3508 861 sacrario
3561 807 3780 864 omnino

2201 911 2309 952 non
2365 897 2743 966 permittebat,
2787 897 2880 952 sed
2933 897 2985 951 in
3029 907 3319 968 conspectu
3358 899 3597 953 omnium
3641 898 3786 956 foras

2201 989 2446 1044 mittebat
2471 1005 2592 1044 eum
2617 1031 2632 1056 ,
2662 990 2886 1044 dicens:
2923 989 2984 1046 Si
3015 989 3227 1060 quidem
3269 1001 3327 1046 ut
3367 1006 3549 1047 orares
3591 993 3784 1048 venisti

2201 1083 2305 1137 huc
2323 1125 2337 1147 ,
2364 1083 2416 1136 in
2446 1082 2546 1136 hoc
2573 1091 2807 1137 mentem
2832 1091 2975 1136 tuam
3000 1091 3054 1137 et
3077 1097 3138 1136 os
3167 1091 3311 1137 tuum
3338 1098 3528 1139 vacare
3553 1095 3783 1152 empta;

2203 1175 2249 1230 si
2291 1188 2423 1229 vero
2461 1181 2680 1243 propter
2722 1173 3042 1228 locutionem
3067 1213 3083 1239 ,
3127 1175 3381 1243 scriptum
3420 1183 3542 1230 est:
3587 1175 3789 1231 Domus

2201 1265 2298 1322 Dei
2344 1266 2536 1319 domus
2577 1265 2836 1320 orationis
2877 1265 3156 1320 vocabitur
3201 1265 3221 1337 (
3249 1264 3437 1319 Matth.
3467 1282 3552 1321 ιιι
3581 1273 3598 1337 )
3629 1287 3644 1333 ;
3679 1268 3789 1325 noli

2203 1374 2334 1430 ergo
2365 1358 2546 1413 facere
2574 1371 2693 1412 eam
2722 1359 3032 1426 speluncam
3064 1357 3350 1412 latronum.

2244 1451 2404 1520 Atiae.
2438 1447 2620 1503 XLIII.
2652 1479 2721 1488 —
2750 1448 2862 1504 Hoc
2901 1458 3077 1504 autem
3119 1458 3234 1505 erat
3274 1450 3638 1506 admirabilius
3667 1468 3792 1508 san-

2203 1539 2428 1595 ctissimi
2461 1540 2618 1608 hujus
2644 1541 2962 1611 patriarchae
2981 1584 2996 1609 ,
3025 1543 3276 1612 quoniam
3304 1558 3402 1597 nec
3425 1544 3793 1602 monachicam

2204 1635 2366 1688 vitam
2409 1633 2614 1688 ducens
2635 1677 2648 1700 ,
2681 1649 2857 1703 neque
2887 1637 2941 1688 in
2968 1635 3112 1690 clero
3151 1643 3386 1690 moratus
3427 1637 3479 1690 in
3517 1637 3743 1691 ecclesia
3770 1677 3789 1704 ,

2206 1728 2301 1782 sed
2331 1735 2385 1782 et
2416 1726 2631 1782 femina:
2671 1727 2908 1796 legitime
2951 1728 3150 1784 dudum
3195 1730 3511 1799 conjunclus
3543 1730 3689 1801 (86),
3724 1733 3794 1785 ita

520 1834 573 1879 et
591 1826 762 1879 sancti
789 1825 1072 1879 Hilarionis
1092 1825 1361 1894 eloquium
1389 1823 1538 1891 (Vita
1569 1822 1947 1887 Hilarionis,c.
1966 1821 2060 1891 58)
2086 1839 2102 1888 ;
2133 1813 2182 1874 B
2212 1820 2381 1875 tenuit
2407 1820 2644 1890 vigorem
2671 1821 2916 1875 ecclesia:
2941 1821 3007 1875 ab
3032 1822 3147 1892 ipso
3175 1822 3330 1877 initio
3355 1838 3461 1891 quo
3491 1823 3796 1891 patriarcha

525 1917 648 1985 quia
676 1931 794 1969 cum
823 1931 854 1970 e
878 1916 986 1970 vita
1015 1929 1326 1985 egressurus
1349 1921 1512 1978 esset,
1537 1910 1839 1967 formidavit
1889 1922 1943 1967 et
1967 1913 2102 1967 dixit

527 2007 718 2060 animae
739 2021 850 2061 suae
878 2021 893 2060 :
927 2007 1205 2076 Octoginta
1236 2021 1427 2070 annos,
1454 2021 1484 2058 o
1509 2005 1730 2059 humilis
1779 2006 1979 2072 anima,
2011 2005 2106 2058 ha-

524 2097 622 2152 bes
653 2099 895 2153 serviens
925 2097 1162 2164 Christo,
1195 2107 1249 2152 et
1279 2097 1430 2152 times
1450 2096 1630 2151 exire?
1656 2096 1774 2159 Exi,
1798 2094 1920 2164 quia
1941 2095 2103 2150 mise—

525 2188 696 2242 ricors
730 2197 828 2242 est.
853 2188 918 2242 Et
941 2188 1151 2243 dicebat
1196 2188 1296 2242 sibi
1327 2187 1626 2257 patriarcha
1652 2205 1665 2240 :
1693 2187 1747 2242 Si
1775 2188 1820 2241 is
1848 2188 1934 2255 qui
1958 2196 2096 2242 octo-

525 2282 669 2350 ginta
699 2297 867 2337 annos
896 2283 1118 2338 servivit
1165 2282 1400 2350 Christo,
1427 2292 1481 2337 et
1527 2292 1766 2337 mortuos
1803 2281 2106 2345 suscitavit,

526 2383 578 2428 et
600 2374 751 2446 signa
781 2375 922 2437 fecit,
952 2373 1128 2428 timuit
1153 2388 1386 2427 amaram
1405 2374 1551 2427 illam
1583 2373 1788 2437 horam,
1823 2371 1950 2442 quid
2009 2371 2105 2424 ha-

497 2464 620 2521 'bes
647 2476 722 2531 tu,
749 2466 963 2520 humilis
991 2466 1248 2532 Joannes,
1281 2465 1461 2521 dicere
1514 2475 1605 2520 aut
1650 2465 1826 2521 lacere
1847 2509 1860 2533 ,
1893 2464 2109 2534 quando

529 2557 862 2611 obviaverint
892 2558 943 2610 in
975 2557 1164 2613 faciem
1186 2566 1330 2611 tuam
1371 2557 1621 2611 crudeles
1651 2556 1727 2609 illi
1759 2566 1811 2609 ct
1867 2556 2108 2610 immise-

532 2655 769 2709 ricordes
789 2663 1066 2709 exactores
1089 2663 1143 2708 et
1167 2653 1540 2722 inquisitores?
1564 2653 1644 2706 Ad
1666 2660 1892 2720 quantos
1911 2652 2112 2718 poteris

533 2748 798 2802 rationem
827 2746 1072 2813 reddere,
1091 2745 1158 2800 ad
1178 2761 1270 2802 eos
1292 2746 1380 2814 qui
1409 2743 1700 2814 exquirunt
1722 2746 1786 2797 de
1807 2742 2110 2806 mendacio,

531 2840 598 2892 ad
625 2854 718 2892 eos
737 2839 824 2908 qui
843 2839 909 2893 de
933 2840 1283 2902 detractione,
1303 2838 1366 2892 ad
1389 2852 1480 2892 cos
1495 2837 1582 2905 qui
1608 2835 1674 2890 de
1694 2835 2113 2903 crudelitate,iad

533 2943 626 2983 eos
656 2931 743 2997 qui
775 2931 842 2984 de
869 2929 1113 2996 avaritia,
1145 2929 1212 2983 ad
1248 2945 1342 2985 eos
1364 2930 1452 2998 qui
1481 2929 1547 2983 de
1575 2930 1830 2984 memoria
1869 2928 2016 2994 mali,
2043 2927 2112 2984 ad

532 3036 624 3076 eos
659 3022 748 3091 qui
803 3023 870 3077 de
899 3022 1043 3088 odio,
1074 3023 1141 3078 ad
1173 3037 1267 3078 eos
1303 3023 1390 3092 qui
1423 3021 1707 3090 exquirunt
1737 3023 1802 3077 de
1845 3021 2113 3092 perjurio?
2143 3010 2154 3024 ’

530 3113 599 3168 Et
662 3115 998 3170 dementatus
1038 3115 1248 3170 dicebat
1298 3132 1310 3166 :
1355 3114 1496 3168 Deus
1529 3155 1543 3180 ,
1596 3122 1651 3168 tu
1713 3128 1804 3170 eos
1870 3114 2106 3182 increpa,

2215 1919 2565 1966 consecratus
2600 1921 2717 1976 est,
2748 1920 2802 1966 et
2827 1912 2880 1966 in
2913 1913 3072 1967 talem
3115 1914 3494 1970 sublimitatem
3533 1915 3796 1971 exaltatus

2211 2011 2326 2067 est,
2358 2010 2416 2056 ut
2443 2003 2638 2058 multos
2668 2005 3010 2059 eremitarum
3036 2015 3092 2060 et
3118 2005 3170 2060 in
3193 2015 3337 2062 arcta
3361 2008 3465 2061 vita
3490 2007 3797 2078 degentium

2209 2107 2509 2165 superaret.

2285 2187 2413 2241 Cn.
2449 2186 2633 2240 XLIV.
2665 2215 2735 2227 —
2767 2187 2962 2243 Volens
2990 2197 3167 2244 autem
3199 2204 3298 2245 nec
3325 2189 3483 2260 hujus
3513 2191 3637 2251 boni
3677 2206 3800 2249 esse

2213 2279 2468 2347 inexpers
2491 2319 2504 2340 ,
2559 2277 2817 2333 videlicet
2859 2279 3185 2334 monachicae
3212 2281 3336 2335 vita:
3365 2284 3800 2338 connumeratio-

2213 2373 2332 2438 nis,
2383 2371 2562 2425 studet
2606 2386 2721 2426 rem
2771 2372 2974 2426 talem:
3017 2371 3356 2443 Congnegans
3406 2375 3544 2430 duos
3584 2376 3802 2432 ordines

2214 2473 2520 2520 sanctorum
2551 2464 2935 2519 monachorum
2954 2506 2968 2530 ,
2999 2465 3182 2520 statuit
3212 2466 3264 2520 in
3291 2467 3368 2521 eis
3408 2481 3620 2522 omnem
3659 2467 3802 2521 utili-

2214 2568 2378 2612 tatem
2407 2558 2563 2612 tribui
2593 2557 2661 2612 de
2691 2556 2832 2612 villis
2861 2557 2972 2612 suis
3001 2557 3056 2611 in
3102 2557 3316 2614 civitate
3342 2574 3437 2614 sua
3465 2576 3476 2610 :
3507 2568 3561 2614 et
3603 2559 3802 2614 faciens

2217 2653 2296 2707 eis
2324 2652 2547 2707 cellulas
2590 2651 2642 2705 in
2675 2649 2882 2705 duobus
2910 2652 3160 2706 oratoriis
3190 2651 3429 2706 Dominae
3458 2662 3652 2707 nostra:
3680 2666 3803 2706 san-

2216 2755 2317 2798 ctae
2369 2743 2465 2799 Dei
2513 2743 2820 2813 genitricis,
2866 2751 2921 2798 et
2957 2743 3126 2798 sancti
3169 2743 3419 2808 Joannis,
3459 2759 3577 2814 quae
3618 2743 3733 2813 ipse
3774 2759 3804 2798 a

2215 2838 2574 2894 fundamentis
2623 2838 3014 2902 aedificaverat,
3046 2837 3229 2891 dicens
3272 2837 3652 2891 amantissimis
3696 2837 3804 2892 Deo

2216 2931 2498 2986 monachis
2530 2931 2603 2984 ita
2629 2946 2642 2982 :
2671 2929 2783 3000 Ego
2811 2938 2932 3000 post
2962 2928 3131 2983 Deum
3161 2928 3441 2983 utilitatem
3471 2929 3806 2997 corporalem

2216 3030 2453 3078 vestram
2493 3021 2826 3091 procurabo,
2872 3036 2968 3076 vos
3006 3030 3182 3075 autem
3224 3019 3514 3090 spiritualis
3559 3020 3809 3077 habetote

2221 3128 2354 3168 mea:
2396 3127 2579 3167 curam
2619 3112 2831 3167 salutis.
2878 3112 3195 3180 Vespertina
3237 3121 3293 3167 et
3332 3121 3588 3166 nocturna
3629 3113 3809 3182 vigilia

531 3219 653 3258 nam
719 3205 891 3260 omnis
930 3203 1184 3260 fortitudo
1244 3207 1520 3262 hominum
1580 3207 1659 3260 eis
1699 3207 1952 3261 resistere
2009 3222 2113 3262 non
2141 3191 2188 3253 C
2221 3204 2352 3259 mihi
2368 3203 2508 3273 apud
2526 3203 2692 3257 Deum
2715 3205 3038 3272 imputetur:
3069 3202 3325 3271 quidquid
3356 3217 3483 3256 vero
3515 3201 3567 3256 in
3599 3203 3808 3258 cellulis

532 3298 690 3351 valet.
748 3299 863 3365 Tu,
926 3299 1189 3367 Domine,
1235 3300 1302 3354 da
1366 3300 1521 3354 nobis
1582 3299 1832 3354 ductores
1904 3311 2118 3356 sanctos

533 3389 771 3458 angelos,
815 3391 903 3458 qui
955 3391 1258 3447 custodiant
1323 3403 1375 3448 et
1397 3393 1696 3462 gubernem
1752 3409 1886 3460 nos;
1950 3395 2116 3449 multa

534 3482 674 3536 enim
741 3492 824 3536 est
879 3494 1062 3539 contra
1126 3501 1224 3541 nos
1275 3502 1460 3541 eorum
1503 3488 1729 3551 insania,
1771 3489 1967 3542 multus
2009 3497 2117 3544 tre-

536 3589 677 3638 mor,
707 3573 905 3628 multus
956 3576 1132 3640 timor,
1169 3577 1389 3630 multum
1425 3578 1716 3646 periculum
1769 3577 1942 3647 pelagi
1975 3580 2116 3633 aeris

540 3664 723 3734 hujus.
754 3665 808 3718 Si
832 3667 973 3720 enim
997 3667 1063 3720 de
1086 3669 1300 3723 civitate
1327 3671 1379 3723 in
1413 3671 1684 3724 civitatem
1725 3686 1888 3740 super
1919 3681 2116 3726 terram

537 3756 894 3822 ambulantes,
914 3758 1262 3826 deprecamur
1279 3774 1371 3815 eos
1394 3761 1483 3830 qui
1509 3762 1662 3816 nobis
1686 3763 1937 3848 ductoreg
1967 3775 2115 3834 sunt,

535 3863 604 3903 ne
634 3850 687 3902 in
712 3849 1003 3918 prmcipitia
1029 3851 1288 3905 cadamus
1313 3892 1328 3918 ,
1359 3861 1451 3906 aut
1479 3853 1530 3906 in
1578 3855 1868 3924 agrestium
1921 3856 2118 3911 bestia-

534 3957 652 3996 rum
679 3943 820 4009 loca,
850 3953 941 3996 aut
976 3945 1025 3997 in
1059 3945 1275 3999 flumina
1308 3945 1536 4009 infinita,
1569 3957 1660 4001 aut
1691 3948 1742 4002 in
1771 3948 2120 4004 inaccessibi-

540 4032 618 4087 les
657 4042 710 4087 et
739 4033 915 4088 invios
940 4045 1171 4101 montes,
1200 4047 1290 4090 aut
1318 4038 1372 4090 in
1395 4041 1657 4092 latronum
1681 4055 1891 4104 manus,
1924 4050 2018 4094 aut
2065 4043 2117 4095 in

540 4137 780 4178 eremum
841 4125 1430 4194 incomprehensibilem
1461 4130 1616 4198 201
1645 4139 1736 4182 aut
1780 4131 2113 4198 inaquosam,

538 4223 595 4269 et
623 4229 920 4282 pereamus.
945 4216 1084 4281 Quot
1107 4217 1422 4271 ductoribus
1451 4218 1679 4273 fortibus
1707 4228 1761 4272 et
1789 4219 1986 4274 divinis
2026 4235 2119 4274 cu-

537 4306 778 4360 stodibus
831 4323 965 4375 opus
991 4309 1265 4375 habemus,
1299 4319 1580 4380 pergentes
1639 4313 1794 4382 longa
1823 4313 1907 4367 via
1939 4314 2036 4370 hac
2066 4326 2121 4373 et

537 4407 762 4464 aeterna,
791 4401 1062 4466 videlicet,
1093 4417 1210 4471 quae
1235 4417 1302 4458 ex
1332 4417 1557 4473 corpore
1583 4415 1667 4458 est
1684 4407 1944 4476 egressio,
1970 4416 2026 4462 et
2051 4407 2119 4462 ad

537 4490 735 4544 caelum
791 4493 1073 4548 ascensio?
1104 4494 1196 4547 lla:
1222 4503 1346 4548 sunt
1385 4495 1647 4564 sapientia
1680 4499 1850 4566 plenae
1881 4499 2022 4555 beati
2051 4500 2117 4555 ad

2226 3299 2420 3354 vestris
2445 3295 2608 3352 officii
2636 3296 2890 3361 feceritis,
2924 3312 3020 3366 pro
3051 3296 3243 3352 vestris
3269 3297 3339 3350 sit
3364 3296 3660 3352 animabus.
3693 3297 3810 3353 Hoc

2227 3401 2406 3447 autem
2437 3391 2594 3458 fecit,
2626 3391 2812 3447 volens
2841 3391 3179 3446 sollicitiores
3221 3390 3437 3446 efficere
3476 3388 3575 3445 Dei
3610 3391 3810 3448 amicos

2225 3485 2544 3540 monachos.
2572 3484 2725 3540 Unde
2749 3494 2801 3540 et
2828 3484 3124 3554 permansit
3153 3484 3264 3539 Deo
3297 3485 3417 3538 talis
3443 3493 3588 3554 grata
3615 3487 3809 3541 consti-

2224 3579 2356 3632 tutio
2384 3577 2629 3631 ordinum
2657 3594 2673 3643 ;
2700 3586 2752 3632 et
2777 3576 2843 3631 ad
2870 3577 3267 3632 similitudinem
3297 3578 3604 3633 monasterii
3631 3593 3693 3633 ex
3723 3579 3809 3634 his

2224 3671 2418 3724 civitas
2461 3685 2594 3738 pene
2622 3669 2786 3734 vivit,
2840 3671 2892 3723 in
2920 3670 3148 3729 diversis
3180 3670 3310 3726 locis
3338 3670 3618 3740 pervigiles
3647 3671 3804 3744 hym-

2223 3763 2412 3818 nodias
2440 3762 2552 3817 Deo
2579 3762 2840 3817 referens.

2296 3853 2426 3909 Car.
2469 3852 2630 3908 XLV.
2663 3883 2732 3893 —
2760 3853 2826 3906 Et
2856 3853 2958 3908 hoc
2985 3853 3173 3909 beatus
3203 3853 3301 3908 iste
3329 3855 3403 3908 ita
3431 3869 3617 3910 omnes
3646 3853 3808 3910 doce-

2224 3945 2349 4012 bat,
2378 3954 2432 4000 et
2461 3946 2863 4000 contestabatur
2907 3943 3088 4000 dicens
3121 3963 3134 3999 :
3163 3944 3477 3999 Nullatenus
3517 3946 3804 4015 aliquando

2225 4041 2602 4096 haereticorum
2627 4041 3016 4096 communionis
3035 4081 3050 4104 ,
3081 4041 3188 4095 imo
3214 4040 3660 4110 coinquinationis
3684 4055 3806 4109 par-

2224 4133 2551 4202 ticipemini,
2578 4133 2740 4188 etiam
2772 4133 2818 4186 si
2870 4133 3015 4186 omni
3043 4133 3149 4186 vita
3179 4142 3354 4187 vestra
3384 4146 3450 4187 ex
3489 4131 3662 4200 aliqua
3702 4132 3802 4186 im-

2222 4227 2469 4297 pulsione
2520 4226 2606 4281 vel
2664 4225 2989 4281 necessitate
3041 4225 3470 4280 communionem
3524 4223 3802 4279 catholicae

2227 4319 2490 4375 Ecclesiae
2536 4333 2641 4374 non
2688 4319 3050 4384 invenientes,
3103 4319 3219 4373 sine
3260 4319 3633 4374 communione
3679 4333 3803 4388 per-

2226 4414 2555 4469 manseritis.
2591 4412 2647 4467 Si
2680 4413 2859 4480 enim,
2891 4413 3004 4476 ait,
3041 4427 3262 4467 uxorem
3306 4412 3635 4480 corporalem
3676 4410 3807 4480 legi-

2228 4507 2355 4562 time
2381 4505 2738 4574 possidentes,
2766 4503 2820 4557 in
2849 4504 3065 4574 regione
3090 4503 3265 4572 aliqua
3292 4501 3572 4572 longinqua
3603 4500 3806 4570 absque

537 4594 597 4634 se
621 4591 673 4635 et
701 4582 768 4636 ad
805 4598 993 4639 omnes
1040 4584 1330 4651 doctrinae;
1375 4585 1459 4640 ha:
1490 4595 1612 4641 sunt
1637 4588 1752 4658 ejus
1797 4591 2118 4660 quotidianae
2143 4567 2200 4629 Β
2223 4597 2325 4652 ista
2353 4605 2594 4666 tempore
2621 4593 2789 4648 multo
2812 4603 3086 4649 morantes
3104 4635 3118 4658 ,
3145 4595 3446 4663 relinquere
3471 4592 3609 4647 hanc
3635 4601 3690 4646 et
3715 4591 3806 4645 alii

539 4689 684 4728 curae
707 4685 867 4740 atque
899 4678 1290 4733 meditationes.

610 4764 736 4819 Car.
781 4765 912 4820 XLI.
948 4797 1018 4807 —
1043 4769 1258 4824 Multam
1288 4780 1462 4825 autem
1493 4781 1547 4826 et
1574 4772 1640 4828 de
1669 4783 1852 4829 sancta
1893 4776 2124 4831 statione

537 4873 724 4912 curam
752 4857 1013 4925 habebat,
1039 4870 1094 4914 et
1118 4863 1530 4919 sollicitudinem
1559 4867 1979 4922 demonstrabat.
2007 4868 2124 4924 Una

466 4943 472 4952 ’
543 4949 687 5004 enim
719 4949 929 5004 dierum
959 4953 1146 5006 volens
1175 4955 1372 5008 multos
1394 4971 1640 5012 resecare
1661 4999 1676 5023 ,
1700 4969 1884 5013 utnon
1907 4961 2125 5028 egrede-

539 5051 728 5097 rentur
758 5055 880 5111 post
905 5044 1223 5099 solutionem
1264 5049 1435 5102 sancti
1475 5048 1745 5118 Evangelii
1775 5051 1842 5104 de
1869 5050 2118 5115 ecclesia,

539 5143 596 5187 et
633 5136 824 5189 otiosis
865 5137 1203 5191 sermonibus
1245 5153 1342 5207 pro
1387 5141 1628 5194 oratione
1666 5150 1947 5205 vacarent,
1993 5140 2118 5209 quid

462 5255 470 5296 »,
536 5225 699 5281 fecit?
729 5226 962 5296 Reliquit
987 5243 1145 5293 mox,
1196 5239 1475 5299 postquam
1508 5231 1700 5284 lectum
1752 5242 1833 5285 est
1881 5240 2121 5284 sanctum

465 5320 474 5391 ξ
536 5318 919 5387 Evangelium,
953 5321 1236 5377 ecclesiam
1264 5340 1277 5388 ;
1310 5330 1364 5377 et
1393 5325 1506 5391 ipse
1536 5324 1697 5384 exiit,
1733 5332 1786 5377 ct
1824 5324 1964 5376 sedit
2001 5339 2123 5376 cum

539 5410 716 5464 turba.
745 5413 1000 5468 Omnibus
1034 5429 1159 5468 vero
1184 5415 1620 5483 obstupentibus,
1646 5412 1778 5466 dixit
1801 5413 1865 5466 ad
1895 5427 1988 5467 eos
2007 5416 2120 5482 jus-

541 5507 668 5551 tus:
711 5499 918 5564 Filioli,
952 5503 1038 5556 ubi
1069 5519 1230 5570 oves,
1278 5505 1387 5558 illic
1430 5512 1483 5558 et
1526 5513 1723 5572 pastor.
1773 5507 1879 5558 Aut
1927 5505 2120 5560 intrate

545 5590 722 5656 intro,
753 5600 811 5646 et
841 5594 1199 5662 ingrediemur
1225 5613 1239 5660 ;
1271 5606 1361 5651 aut
1389 5606 1600 5653 manete
1631 5597 1713 5651 hic
1733 5637 1747 5661 ,
1780 5606 1832 5651 et
1875 5597 1961 5651 hic
2003 5611 2119 5650 ma-

544 5685 707 5739 nebo.
741 5685 852 5755 Ego
881 5696 1095 5756 propter
1133 5704 1228 5744 vos
1268 5690 1537 5745 descendo
1577 5691 1629 5744 in
1667 5697 1904 5743 sanctam
1949 5689 2119 5742 eccle-

545 5776 710 5843 siam,
748 5792 868 5832 nam
911 5789 1150 5848 poteram
1189 5784 1360 5836 facere
1400 5783 1642 5836 mihimet
1683 5783 1872 5837 missas
1914 5783 1967 5837 in
2007 5783 2120 5850 cpi-

2220 4689 2495 4758 copulari,
2535 4703 2566 4742 a
2605 4687 2714 4741 Deo
2746 4695 2801 4741 et
2829 4687 3036 4756 legibus
3067 4686 3430 4756 prohibemur,
3460 4685 3505 4738 si
3537 4699 3664 4738 vero
3704 4683 3806 4738 hoc

2220 4781 2491 4852 egerimus
2513 4818 2528 4842 ,
2579 4778 2832 4847 punimur
2863 4795 2877 4842 ;
2917 4776 3184 4847 quomodo
3225 4785 3413 4845 putas,
3456 4775 3564 4829 Deo
3595 4789 3692 4844 per
3723 4788 3808 4828 re-

2225 4881 2364 4928 ctam
2409 4871 2566 4926 fidem
2606 4879 2662 4926 et
2697 4869 3012 4926 catholicam
3059 4869 3351 4924 Ecclesiam
3401 4868 3713 4938 conjuncti,
3749 4877 3809 4923 ut

2227 4965 2301 5018 ait
2331 4963 2655 5033 Apostolus:
2690 4962 2882 5031 Aptari
2910 4975 3006 5016 vos
3031 4961 3122 5016 uni
3149 4961 3266 5015 viro
3307 4961 3568 5031 virginem
3605 4969 3810 5014 castam

2228 5054 2483 5111 exhibere
2511 5051 2726 5108 Christo
2759 5053 2827 5124 (ll
2847 5051 2967 5107 Cor.
2991 5051 3074 5122 ιι)
3096 5095 3111 5122 ,
3144 5052 3190 5106 si
3217 5052 3572 5106 orthodoxam
3597 5062 3652 5106 et
3685 5065 3810 5106 san-

2230 5154 2335 5198 tam
2367 5143 2521 5198 fidem
2561 5143 2992 5197 adulteraveritis
3033 5158 3131 5212 per
3175 5144 3603 5197 communionem
3637 5141 3813 5198 haere-

2227 5236 2476 5302 ticorum,
2505 5249 2611 5288 non
2639 5233 2693 5287 in
2726 5235 2901 5288 futuro
2930 5234 3129 5288 saeculo
3159 5235 3433 5300 tormenti,
3459 5235 3600 5304 quod
3619 5249 3809 5304 exspe-

2229 5335 2338 5380 ctat
2385 5325 2700 5391 haereticos,
2739 5327 2942 5380 erimus
2981 5325 3104 5380 facti
3132 5325 3458 5395 participes?
3487 5325 3809 5384 Communia

2231 5420 2372 5475 enim
2396 5463 2409 5487 ,
2439 5419 2542 5484 ait,
2576 5419 2696 5474 ideo
2726 5418 2944 5487 dicitur,
2981 5433 3045 5474 eo
3075 5419 3216 5488 quod
3242 5434 3580 5475 communem
3611 5418 3807 5489 faciat,

2228 5521 2281 5567 et
2326 5511 2503 5565 firmet
2546 5510 3032 5564 communicantem
3083 5510 3272 5578 quibus
3313 5513 3689 5567 communicat.
3734 5512 3814 5569 Ne

2227 5603 2407 5673 igitur,
2440 5616 2653 5672 quaeso,
2697 5601 2801 5667 ait,
2840 5616 2873 5656 ο
2913 5601 3043 5668 filii,
3085 5601 3390 5672 hujusmndi
3430 5607 3680 5660 oratoriis
3720 5623 3814 5677 ap-

2228 5695 2453 5763 plicetis.

2301 5785 2430 5840 Car.
2475 5783 2655 5839 XLVI.
2700 5815 2771 5827 -—-
2808 5783 2942 5842 Cum
2982 5789 3230 5844 omnibus
3269 5790 3423 5847 bonis
3462 5791 3570 5847 suis
3608 5800 3661 5847 et
3711 5789 3815 5850 hoe
