4142 6350
249 287 356 347 377

1212 279 1372 336 VITA
1415 280 1660 336 SANCTI
1701 279 1978 336 JOANNIS
2017 279 2601 339 ELEEMOSYNARII.

3425 293 3530 349 378

252 405 441 461 beatus
477 398 566 455 bic
602 395 942 467 possidebat,
983 395 1124 465 quod
1166 396 1185 466 (
1215 405 1271 449 ut
1311 396 1511 452 dictum
1555 408 1638 453 est
1668 398 1686 468 )
1730 413 1833 452 non
1863 397 1919 460 Α
1942 408 2064 452 sunt
2091 413 2239 466 eam,
2269 399 2708 456 abrenuntiantes
2736 403 2969 468 mundo,
3005 419 3126 460 cum
3153 419 3214 460 ea
3244 399 3530 480 pergentes

249 496 644 554 condemnaret
673 492 973 563 proximum
994 532 1008 556 ,
1041 505 1140 546 nec
1169 490 1591 547 condemnantes
1634 492 1840 560 recipe-

253 598 358 648 ret.
393 587 582 642 Dicam
613 599 744 640 vero
770 594 825 639 et
854 583 972 654 ejus
1007 582 1304 638 doctrinam
1345 583 1413 638 de
1451 583 1556 638 hoc
1591 584 1842 639 omnibus

249 685 546 760 proﬁcuam
581 699 595 735 :
655 679 902 760 Juvenis.
933 678 1149 748 quidam
1204 678 1419 746 rapiens
1471 677 1792 732 monacham
1825 720 1840 742 ,

248 779 384 847 fugit
437 772 986 843 Constantinopolim.
1030 768 1145 824 Hoc
1189 769 1376 825 dicens
1416 769 1625 839 justus,
1674 769 1842 825 tristis

249 869 425 926 factus
461 877 545 925 est
582 881 755 936 usque
789 864 857 919 ad
902 871 1147 918 mortem.
1188 860 1455 931 Tempore
1497 876 1626 915 vero
1664 860 1844 930 aliquo

249 970 555 1028 transacto,
586 957 914 1014 consedente
943 972 1010 1012 eo
1041 972 1142 1012 una
1187 956 1392 1012 dierum
1434 955 1489 1010 in
1538 955 1842 1011 honorabili

252 1055 610 1116 cimiliarchio
650 1070 770 1110 cum
809 1052 1128 1122 quihusdam
1168 1051 1414 1115 clericis,
1447 1059 1502 1105 et
1539 1064 1841 1105 sermonem

248 1160 451 1215 animae
479 1156 662 1212 utilem
693 1163 943 1211 movente
963 1195 976 1218 ,
1009 1154 1155 1209 venit
1184 1153 1239 1208 in
1268 1153 1504 1208 medium
1544 1161 1599 1207 et
1639 1165 1843 1207 memo-

251 1254 339 1310 ria
364 1252 576 1322 juvenis
605 1249 695 1320 qui
723 1249 968 1304 ancillam
1000 1247 1095 1303 Dei
1140 1256 1424 1316 rapuerat,
1467 1255 1522 1301 et
1563 1254 1843 1316 coeperunt

251 1345 350 1414 qui
387 1350 575 1398 sancto
612 1340 964 1396 considebant
997 1338 1456 1396 anathematizare
1497 1339 1655 1394 talem
1693 1339 1843 1407 juve-

251 1451 418 1503 nem,
467 1442 718 1504 tanquam
765 1433 853 1502 qui
894 1432 1027 1488 duas
1077 1433 1285 1488 animas
1319 1432 1657 1502 perdiderat,
1689 1447 1840 1486 suam

251 1529 507 1585 videlicet
540 1535 593 1581 et
622 1525 1067 1580 sanctimonialis.
1096 1525 1438 1594 Compescuit
1461 1539 1588 1592 ergo
1615 1531 1669 1578 et
1697 1537 1845 1578 rese-

257 1623 403 1679 cavit
428 1635 523 1677 eos
550 1621 768 1686 beatus,
802 1618 986 1675 dicens
1013 1637 1027 1674 :
1058 1617 1135 1673 Ne
1165 1618 1242 1673 sic
1264 1661 1278 1685 ,
1314 1617 1406 1672 filii
1426 1657 1440 1680 ,
1475 1631 1541 1671 ne
1569 1616 1645 1670 sic
1672 1632 1686 1680 ;
1719 1629 1840 1668 nam

256 1713 541 1771 ostendam
587 1712 742 1768 vobis
789 1715 912 1780 quia
958 1720 1014 1766 et
1063 1725 1158 1765 vos
1207 1709 1315 1764 duo
1365 1717 1582 1779 peccata
1626 1708 1836 1763 facitis:

1951 490 2002 543 in
2035 493 2418 547 monasterium
2459 493 2594 562 ejus.
2637 493 2838 549 Servus
2876 496 3018 552 enim
3060 498 3156 553 Dei
3202 501 3531 573 monachus,

1947 584 2035 653 qui
2067 586 2369 640 totonderat
2419 602 2574 656 eam,
2617 597 2898 658 postquam
2939 592 3201 647 satisfecit
3242 597 3525 667 omnibus,

1948 678 2162 733 tradidit
2189 681 2298 735 Deo
2327 679 2570 750 spiritum
2601 683 2655 737 in
2689 698 2834 752 pace.
2870 685 2991 740 Ideo
3011 730 3025 752 ,
3057 686 3251 756 inquit,
3286 689 3408 745 dico
3434 707 3531 748 vo-

1946 771 2064 838 bis,
2110 773 2239 840 filii,
2287 789 2354 828 ne
2397 774 2696 844 praecipites
2738 776 2806 831 ad
2846 779 3254 833 condemnanda
3295 789 3348 836 et
3386 782 3532 850 judi-

1946 863 2114 918 canda
2142 866 2260 920 sitis
2288 866 2484 921 aliena.
2519 865 2787 923 Multmies
2813 870 2956 924 enim
2988 881 3265 940 peccatum
3295 870 3528 930 fornica-

1950 955 2114 1012 tionis
2143 957 2405 1025 vidimus,
2449 959 2818 1028 paenitentiam
2849 977 2975 1018 vero
3015 963 3167 1032 ejus,
3210 979 3368 1032 quam
3411 967 3534 1023 fecit

1945 1052 2156 1107 occulte
2177 1092 2190 1116 ,
2226 1067 2332 1107 non
2363 1055 2691 1122 aspeximus.
2723 1055 2793 1110 Et
2819 1065 2904 1112 est
2932 1059 3057 1128 quia
3096 1060 3295 1115 furtum
3335 1061 3535 1117 facien-

1947 1153 2052 1199 tem
2095 1145 2378 1214 quemdam
2418 1146 2681 1214 vidimus,
2718 1150 2945 1218 suspiria
2995 1166 3122 1205 vero
3170 1163 3227 1207 et
3267 1155 3534 1224 lacrymas

1945 1252 2078 1307 quas
2107 1239 2361 1307 produxit
2391 1239 2503 1295 Deo
2529 1243 2820 1297 nescimus.
2865 1242 2930 1298 Et
2974 1260 3072 1300 nos
3113 1247 3328 1315 quidem
3368 1248 3534 1305 habe-

1945 1343 2066 1383 mus
2094 1345 2217 1384 eum
2250 1331 2464 1400 qualem
2496 1333 2729 1388 vidimus
2760 1334 2910 1389 illum
2936 1379 2951 1404 ,
2979 1335 3164 1392 furem
3188 1379 3203 1403 ,
3245 1348 3333 1393 aut
3371 1339 3535 1395 forni-

1945 1429 2183 1476 catorem
2204 1464 2217 1487 ,
2253 1433 2345 1477 aut
2373 1424 2681 1494 perjurum;
2706 1428 2844 1496 apud
2871 1428 3038 1484 Deum
3067 1446 3192 1485 vero
3215 1443 3425 1502 recepta
3448 1442 3533 1489 est

1945 1516 2150 1569 occulta
2179 1516 2293 1586 ejus
2319 1518 2589 1574 confessio
2617 1531 2672 1575 et
2699 1523 3014 1589 pmnitentia
3040 1564 3053 1590 ,
3098 1535 3152 1580 et
3192 1535 3276 1580 est
3313 1527 3380 1580 ab
3419 1527 3537 1596 ipso

1948 1611 2239 1681 pretiosus.
2266 1612 2468 1667 Omnes
2492 1613 2654 1684 igitur
2681 1615 3085 1672 admirabantur
3114 1633 3274 1689 super
3295 1621 3535 1678 doctrina

1945 1704 2196 1758 industrii
2224 1706 2458 1774 pastoris
2487 1707 2643 1774 hujus
2671 1717 2830 1777 atque
2859 1711 3117 1779 magistri.

247 1822 457 1874 unum,
515 1805 643 1875 quia
699 1803 1138 1873 transgredimini
1192 1801 1500 1856 mandatum
1556 1800 1829 1855 dicentis:
1869 1797 1917 1857 B
2015 1795 2145 1851 Car.
2187 1797 2396 1851 XLVII.
2443 1828 2514 1838 —
2557 1799 2773 1853 Duobus
2812 1801 3024 1855 clericis
3066 1802 3424 1857 calceamenta
3457 1803 3535 1858 fa-

245 1900 424 1957 Nolite
447 1898 708 1968 judicare,
732 1905 791 1952 ut
816 1912 922 1951 non
949 1894 1262 1965 judicemini
1284 1893 1499 1966 (Matth.
1525 1895 1616 1963 vn)
1644 1911 1658 1959 ;
1683 1892 1838 1947 dein-

244 1992 314 2048 de
339 2035 352 2058 ,
385 1991 508 2060 quia
538 1988 760 2044 nescitis
788 1987 988 2043 certius
1018 1988 1065 2043 si
1097 2002 1264 2056 usque
1297 1985 1454 2041 hodie
1498 1992 1754 2055 peccent,
1787 1992 1841 2039 et

247 2098 354 2140 non
383 2082 696 2154 poeniteant.
1531 2096 1534 2099 -

317 2174 445 2245 Legi
495 2174 636 2229 enim
680 2175 843 2227 vitam
890 2171 1066 2228 Patris
1113 2171 1315 2242 aliquid
1363 2171 1466 2226 tale
1510 2171 1836 2226 habentem:

245 2269 370 2340 quia
425 2267 478 2323 in
526 2252 743 2322 civitate
785 2266 1016 2336 quadam
1062 2265 1169 2320 duo
1207 2264 1459 2320 monachi
1498 2262 1746 2318 abierunt
1786 2263 1839 2318 in

244 2360 627 2418 ministerium.
661 2359 728 2414 Et
757 2372 877 2413 cum
910 2357 1166 2412 transiret
1196 2372 1335 2411 unus
1366 2370 1461 2425 per
1491 2355 1697 2418 locum,
1732 2355 1842 2409 cla-

244 2452 427 2510 mabat
453 2452 498 2505 ei
531 2464 635 2505 una
663 2449 974 2516 fornicaria,
1008 2448 1229 2503 dicens:
1262 2449 1419 2503 Salva
1441 2462 1548 2514 me,
1578 2447 1755 2511 Pater,
1782 2454 1840 2500 ut

239 2546 499 2602 Christus
538 2544 900 2599 meretricem.
942 2541 1039 2596 Ille
1073 2556 1202 2597 vero
1244 2541 1522 2595 hominum
1566 2538 1838 2594 confusio-

249 2654 375 2695 nem
405 2639 566 2710 202
593 2635 811 2691 omnino
854 2649 961 2690 non
1002 2650 1231 2700 curans,
1278 2633 1412 2689 dixit
1455 2634 1504 2689 ei
1537 2651 1551 2688 :
1603 2633 1841 2703 Sequere

240 2747 355 2789 me.
388 2731 453 2786 Et
481 2739 667 2786 tenens
712 2744 830 2784 eam
873 2743 970 2796 per
1009 2744 1226 2782 manum
1267 2727 1384 2797 ejus
1408 2768 1423 2794 ,
1462 2727 1590 2782 exiit
1630 2726 1840 2796 publice

239 2823 318 2879 de
343 2821 600 2887 civitate,
642 2819 893 2875 omnibus
933 2818 1338 2888 aspicientibus.
1384 2818 1546 2874 Facta
1589 2828 1671 2873 est
1711 2832 1840 2887 ergo

241 2916 388 2972 fama
435 2917 555 2986 quia
595 2914 761 2970 abbas
808 2913 1018 2984 accepit
1059 2912 1344 2968 mulierem
1389 2912 1640 2967 domnam
1700 2909 1838 2965 Por-

241 3012 497 3084 phyriam
529 3010 646 3081 (ita
675 3009 818 3064 enim
860 3007 1152 3064 vocabatur
1191 3006 1444 3076 mulier).
1490 3005 1840 3076 Pergentibus

246 3119 385 3176 ergo
414 3103 524 3170 eis,
553 3110 614 3156 ut
639 3100 880 3156 mitteret
908 3114 1027 3154 eam
1070 3098 1123 3152 in
1169 3097 1557 3152 monasterium
1580 3139 1594 3162 ,
1640 3095 1841 3151 invenit

1945 1889 2246 1953 cientibus,
2297 1897 2352 1944 et
2391 1891 2544 1960 juxta
2593 1905 2652 1945 se
2693 1891 3095 1961 laborantibus,
3142 1910 3280 1950 unus
3319 1896 3533 1965 quidem

1946 1980 2180 2036 habebat
2208 1981 2349 2036 ﬁlios
2380 1983 2604 2050 multos,
2631 1992 2684 2037 et
2714 1999 2966 2050 uxorem,
2995 1994 3049 2040 et
3078 1996 3313 2055 patrem,
3345 1998 3401 2042 et
3425 2002 3537 2043 ma-

1946 2085 2082 2131 trem
2113 2095 2125 2130 :
2159 2077 2386 2131 vacabat
2420 2092 2548 2132 vero
2576 2078 2821 2134 ecclesiae
2856 2079 2977 2134 sine
3016 2080 3443 2148 intermissione,
3484 2091 3536 2136 et

1946 2185 2132 2226 omnes
2181 2181 2304 2241 post
2347 2170 2513 2226 Deum
2559 2172 2735 2227 alebat
2779 2172 2846 2227 de
2889 2182 3003 2229 arte
3053 2189 3167 2228 sua.
3215 2174 3363 2228 Alter
3407 2189 3535 2229 vero

1945 2264 2188 2333 quamvis
2213 2263 2421 2318 doctior
2447 2272 2590 2319 esset
2619 2264 2744 2330 illo,
2776 2279 2840 2320 eo
2871 2265 3010 2334 quod
3049 2279 3155 2319 non
3197 2275 3535 2333 permaneret

1947 2358 1998 2412 in
2035 2357 2294 2421 ecclesia,
2341 2357 2435 2412 sed
2473 2358 2632 2412 etiam
2674 2357 2969 2412 Dominicis
3008 2358 3197 2413 diebus
3229 2358 3530 2424 laboraret,

1945 2464 2046 2505 nec
2075 2450 2312 2519 seipsum
2343 2458 2549 2504 tantum
2580 2451 2786 2504 nutrire
2815 2448 3053 2505 valebat.
3097 2449 3373 2504 lnvidebat
3409 2464 3535 2519 ergo

1945 2542 2049 2598 iste
2077 2543 2254 2598 vicino
2280 2557 2398 2597 suo.
2435 2543 2499 2597 Et
2528 2559 2632 2597 una
2667 2543 2782 2598 vice
2810 2558 2917 2597 non
2948 2541 3212 2598 sufferens
3239 2542 3492 2596 invidiam
3518 2585 3532 2610 ,

1945 2637 2076 2692 dicit
2104 2637 2154 2693 ei
2187 2652 2309 2692 cum
2345 2637 2419 2691 ira
2448 2653 2462 2690 :
2500 2636 2652 2692 Unde
2683 2645 2739 2690 tu
2769 2637 2846 2690 sic
2875 2636 3028 2690 dives
3071 2635 3242 2690 factus
3282 2636 3384 2690 es?
3423 2634 3536 2704 Ego

1945 2743 2074 2785 vero
2103 2744 2301 2785 vacans
2334 2729 2453 2799 plus
2484 2729 2587 2784 arti
2618 2743 2753 2783 mea:
2783 2742 2942 2799 quam
2971 2738 3025 2782 tu
3047 2769 3062 2793 ,
3089 2727 3141 2781 in
3167 2737 3535 2798 paupertatem

1945 2822 2155 2877 deveni.
2193 2821 2329 2876 Dicit
2357 2836 2485 2877 vero
2515 2822 2561 2876 ei
2585 2863 2598 2887 ,
2631 2821 2822 2876 volens
2864 2820 3040 2874 facere
3081 2834 3202 2874 eum
3231 2833 3421 2873 vacare
3451 2834 3536 2874 ec-

1947 2915 2166 2969 clesize:
2200 2915 2424 2969 Invenio
2460 2915 2687 2984 pretium
2723 2915 2774 2967 in
2806 2921 2984 2979 terra,
3028 2921 3085 2968 et
3122 2913 3244 2968 inde
3285 2912 3535 2982 paulatim

1946 3007 2099 3062 dives
2132 3007 2303 3061 factus
2333 3022 2450 3062 sum
2476 3025 2490 3073 ;
2523 3007 2617 3061 sed
2641 3005 2686 3060 si
2709 3007 2821 3072 vis,
2842 3020 3054 3075 semper
3078 3021 3212 3060 voco
3238 3014 3315 3072 te,
3342 3016 3396 3060 et
3416 3005 3536 3060 veni

1947 3115 2156 3155 mecum
2181 3118 2194 3165 ;
2217 3110 2270 3154 et
2299 3100 2553 3170 quidquid
2578 3099 2970 3167 invenerimus,
2993 3099 3223 3168 accipies
3239 3098 3536 3153 dimidium.

245 3197 447 3256 mulier
479 3195 531 3250 in
560 3209 664 3249 una
687 3192 916 3249 ecclesia
946 3206 1171 3261 puerum
1203 3189 1257 3244 in
1291 3200 1489 3245 terram
1520 3189 1842 3258 projectum,
1873 3187 1921 3251 C
1949 3193 2084 3247 Cum
2113 3207 2240 3260 ergo
2265 3191 2636 3261 acquiesceret
2668 3191 2785 3255 ille,
2819 3198 2875 3244 et
2908 3198 3222 3259 sequeretur
3259 3205 3379 3245 eum
3410 3205 3538 3244 eun-

241 3299 300 3348 et
332 3287 555 3346 sustulit
583 3302 702 3342 eum
737 3293 793 3340 ut
821 3284 1050 3339 nutriret
1080 3282 1253 3338 illum.
1285 3280 1468 3350 Itaque
1499 3288 1620 3349 post
1646 3293 1844 3333 annum

248 3380 468 3452 quidam
498 3385 764 3433 venerunt
794 3376 848 3429 in
877 3373 1103 3444 patriam
1123 3415 1138 3441 ,
1173 3373 1262 3427 ubi
1291 3380 1407 3428 erat
1436 3371 1605 3426 abbas
1633 3378 1687 3425 et
1714 3370 1846 3424 Por-

247 3472 482 3545 phyria,
534 3484 654 3540 quae
700 3469 876 3525 fuerat
924 3467 992 3522 de
1036 3465 1452 3530 meretricibus;
1496 3473 1550 3518 et
1601 3463 1846 3519 videntes

246 3579 370 3622 eam
403 3563 604 3619 habere
629 3561 909 3633 puerulum
930 3601 944 3624 ,
975 3560 1160 3615 dicunt
1187 3558 1235 3614 ei
1264 3575 1277 3612 :
1328 3557 1606 3613 Veraciter
1645 3558 1844 3612 bonum

248 3658 434 3714 abbati
466 3655 669 3728 pullum
698 3653 950 3725 genuisti.
980 3652 1224 3707 Nondum
1251 3650 1394 3707 enim
1422 3660 1666 3706 sanctum
1694 3650 1846 3705 sche-

250 3767 340 3809 ma
367 3758 675 3820 acceperat.
708 3749 911 3804 Euntes
938 3762 1067 3818 ergo
1098 3747 1299 3819 Tyrum
1337 3745 1425 3815 qui
1454 3744 1700 3800 viderant
1729 3759 1845 3799 eam

247 3845 419 3917 (inde
469 3843 612 3900 enim
658 3841 823 3897 abbas
871 3841 1064 3896 tulerat
1105 3838 1330 3909 illam),
1389 3837 1840 3903 diﬂamaverunt,

247 3938 372 4009 quia
421 3935 608 4005 genuit
651 3934 719 3991 de
762 3934 957 3989 abbate
1000 3933 1328 4003 Porphyria,
1379 3939 1434 3986 et
1472 3945 1571 3986 nos
1613 3930 1845 3985 vidimus

248 4027 538 4099 puerulum
565 4025 738 4081 oculis
768 4026 966 4081 nostris
997 4024 1322 4080 similantem
1349 4024 1419 4079 ei.
1453 4021 1679 4090 Quando
1710 4037 1840 4091 ergo

249 4121 504 4193 cognovit
528 4135 593 4175 ex
625 4119 737 4174 Deo
780 4119 948 4173 abbas
987 4118 1195 4173 obitum
1237 4131 1432 4183 suum;
1477 4115 1610 4171 dicit
1657 4131 1848 4172 nonna:

249 4214 482 4285 Pelagize
501 4254 518 4280 ,
548 4211 626 4267 sic
653 4211 798 4266 enim
829 4212 1055 4265 mutavit
1085 4224 1280 4264 nomen
1309 4210 1456 4278 ejus,
1491 4209 1704 4280 quando
1735 4219 1846 4262 tra-

252 4306 390 4362 didit
420 4305 470 4360 ei
508 4309 752 4360 sanctum
785 4304 1003 4359 schema
1037 4319 1051 4356 :
1081 4303 1282 4358 Eamus
1322 4303 1521 4374 Tyrum
1545 4344 1558 4368 ,
1604 4303 1722 4372 quia
1749 4303 1845 4356 ha-

253 4399 358 4456 beo
388 4397 503 4453 illic
531 4410 847 4466 responsum
875 4437 890 4463 ,
921 4405 975 4451 et
1003 4394 1126 4449 volo
1154 4402 1214 4448 ut
1244 4394 1430 4450 venias
1474 4409 1706 4449 mecum.
1751 4393 1845 4447 Illa

254 4507 384 4549 vero
413 4506 522 4546 non
550 4489 734 4546 valens
761 4489 1132 4546 contradicere
1160 4491 1206 4544 ei
1231 4529 1248 4554 ,
1279 4497 1461 4543 secuta
1491 4497 1574 4543 est
1598 4503 1720 4543 eum
1751 4505 1763 4540 :
1795 4494 1849 4541 et

1952 3296 2059 3342 tem
2100 3286 2166 3340 ad
2209 3286 2534 3351 ecclesiam,
2581 3285 2696 3340 sine
2734 3285 3139 3339 intermissione
3181 3284 3454 3340 benedixit
3489 3284 3538 3340 ei
3626 3277 3634 3282 ’

1949 3381 2118 3446 Deus,
2154 3388 2208 3434 et
2235 3379 2455 3434 divitem
2491 3378 2622 3434 fecit
2650 3395 2797 3434 eum.
2830 3379 2981 3434 Tunc
3011 3379 3147 3434 dixit
3174 3379 3223 3433 ci
3255 3379 3342 3434 ille
3371 3379 3539 3434 bonus

1947 3472 2321 3528 consiliarius:
2358 3472 2583 3539 Vidisti,
2621 3472 2807 3540 frater,
2840 3487 3003 3526 unum
3037 3471 3374 3527 mendacium
3420 3485 3540 3539 pro-

1949 3575 2070 3636 pter
2101 3568 2268 3623 Deum
2306 3565 2420 3636 (88)
2445 3609 2459 3634 ,
2490 3577 2743 3636 quantum
2774 3565 2970 3636 profuit
2998 3565 3190 3620 animas
3219 3575 3319 3620 tuae
3341 3574 3394 3620 et
3416 3563 3540 3619 sub-

1947 3657 2161 3713 stantia:
2195 3658 2339 3712 tum?
2365 3657 2570 3721 Crede,
2603 3657 2734 3711 nihil
2780 3657 3115 3713 inveniebam
3159 3657 3447 3724 aliquando
3486 3657 3538 3710 in

1950 3763 2124 3819 terra,
2154 3761 2213 3807 ut
2238 3753 2515 3808 aestimasti
2546 3752 2712 3821 gratia
2742 3751 2896 3820 pretii
2923 3767 2938 3815 ;
2978 3751 3072 3805 sed
3113 3750 3366 3818 quoniam
3405 3748 3540 3803 dixit

1949 3844 2209 3900 Dominus
2239 3863 2248 3898 :
2288 3844 2521 3912 Quaerite
2549 3844 2781 3914 primum
2809 3858 3031 3911 regnum
3070 3843 3161 3897 Dei
3197 3853 3248 3898 et
3276 3841 3537 3911 justitiam

1950 3937 2100 4008 ejus,
2149 3948 2204 3993 et
2247 3936 2364 3991 haac
2391 3934 2568 3991 omnia
2598 3935 2918 4004 adjiciantur
2950 3933 3102 3989 vobis
3133 3936 3149 4004 (
3177 3933 3366 3987 Matth.
3401 3949 3451 3987 vi
3475 3932 3494 4003 )
3520 3950 3537 3998 ;

1952 4033 2157 4088 idcirco
2207 4029 2546 4085 occasionem
2595 4028 2694 4082 feci
2719 4073 2732 4096 ,
2765 4035 2972 4082 tantum
3004 4037 3064 4081 ut
3105 4025 3417 4082 seducerem
3450 4034 3540 4092 te;

1952 4138 2008 4184 et
2058 4142 2187 4182 ecce
2229 4143 2333 4181 non
2373 4126 2491 4181 sine
2531 4138 2690 4180 causa
2729 4123 3001 4190 laboravi,
3036 4122 3131 4177 sed
3176 4120 3460 4184 invenisti,
3492 4130 3543 4175 et

1954 4221 2396 4293 superinvenisti.
2445 4220 2556 4275 I-Ioc
2608 4220 2769 4290 igitur
2816 4217 3030 4272 discens
3068 4226 3282 4270 sanctus
3321 4215 3543 4285 patriar-

1935 4318 2090 4387 -cha,
2126 4317 2252 4371 fecit
2293 4316 2440 4370 illum
2488 4315 2686 4368 bonum
2729 4310 3096 4367 consiliarium
3141 4309 3539 4380 presbyterum,

1955 4415 2224 4477 tamquam
2257 4407 2475 4475 dignum
2504 4423 2518 4471 ;
2547 4412 2664 4460 erat
2691 4403 2836 4457 enim
2867 4402 3052 4456 lector.

2025 4499 2156 4555 CAP.
2188 4498 2418 4553 XLVIII.
2448 4525 2517 4537 -ο
2549 4496 2617 4549 Ει
2643 4495 2855 4563 quidem
2889 4492 3146 4545 hactenus
3184 4497 3308 4541 ante
3338 4499 3542 4539 memo-

254 4593 523 4642 venerunt
550 4585 708 4640 ambo
732 4624 746 4650 ,
790 4584 1051 4639 habentes
1093 4591 1147 4638 et
1185 4582 1466 4652 puerulum
1505 4592 1710 4651 septem
1751 4596 1842 4636 an-

1958 4601 2104 4650 ratus
2158 4592 2252 4646 Dei
2295 4592 2471 4645 cultor
2524 4587 2775 4651 Mennas,
2824 4584 2914 4654 qui
2963 4581 3136 4636 fuerat
3180 4577 3545 4633 vicedominus

255 4695 450 4736 norum
493 4678 833 4734 existentem.
878 4676 1011 4734 Cum
1057 4691 1184 4746 ergo
1229 4683 1540 4745 aegrotasset
1577 4674 1739 4729 abbas
1792 4675 1843 4728 in

253 4770 567 4828 inﬁrmitate
591 4770 656 4825 ad
685 4778 912 4826 mortem
932 4809 949 4837 ,
975 4768 1332 4824 ascenderunt
1378 4767 1444 4821 ad
1485 4766 1844 4821 visitationem

256 4865 370 4935 ejus
397 4864 466 4919 de
491 4863 707 4919 civitate
738 4877 905 4933 usque
932 4863 998 4918 ad
1037 4871 1252 4918 centum
1299 4859 1526 4919 animus.
1575 4859 1639 4912 Et
1676 4859 1844 4915 dicit:

258 4955 455 5012 Aﬂ’erte
497 4970 716 5026 prunas.
748 4956 932 5026 Itaque
959 4970 1078 5011 cum
1110 4954 1343 5010 venisset
1372 4953 1701 5008 thuribulum
1732 4951 1846 5022 (87)

259 5052 474 5122 plenum
517 5051 741 5121 prunis,
777 5051 897 5106 tulit
932 5058 986 5106 et
1021 5049 1297 5105 evacuavit
1335 5063 1426 5104 eas
1467 5049 1520 5103 in
1563 5047 1848 5102 vestimen-

260 5153 363 5199 tum
391 5159 570 5209 suum,
605 5153 658 5199 et
684 5141 820 5198 dixit
844 5162 857 5197 :
886 5141 1120 5207 Credite,
1149 5142 1361 5210 fratres,
1390 5142 1512 5210 quia
1541 5140 1680 5195 sicut
1709 5139 1850 5194 Deus

264 5240 453 5293 rubum
506 5237 794 5294 custodivit
835 5238 1228 5293 incombustum
1270 5237 1338 5291 ab
1378 5235 1529 5306 igne,
1574 5235 1711 5289 sicut
1754 5247 1850 5289 nec

265 5332 495 5386 tunicam
539 5330 681 5386 banc
724 5345 898 5386 meam
945 5330 1299 5386 incenderunt
1347 5344 1532 5399 pruna:
1581 5328 1728 5392 istm,
1779 5327 1847 5381 ita

264 5437 364 5479 nec
414 5438 514 5495 ego
563 5424 756 5494 agnovi
811 5431 1084 5494 peccatum
1127 5422 1400 5489 mulieris,
1442 5436 1507 5476 ex
1547 5435 1653 5492 quo
1693 5427 1839 5474 natus

257 5531 398 5573 sum.
433 5519 498 5574 Et
527 5533 717 5574 omnes
744 5520 924 5574 mirati
960 5528 1117 5586 sunt,
1166 5518 1436 5590 quomodo
1476 5533 1583 5572 non
1625 5516 1846 5571 ardebat

259 5612 640 5669 vestimentum
669 5612 737 5668 ab
765 5614 925 5683 igne;
969 5621 1023 5669 et
1059 5613 1498 5682 gloriﬁcaverunt
1539 5610 1705 5664 Deum
1753 5609 1845 5663 ha-

259 5701 479 5760 bentem
505 5696 746 5762 occultos
776 5721 985 5763 servos.
1017 5707 1095 5762 Ex
1128 5707 1413 5763 occasione
1440 5715 1617 5762 autem
1651 5720 1843 5759 nonnae

257 5793 492 5868 Pelagia;
522 5798 790 5870 quondam
819 5799 1148 5866 meretricis,
1180 5800 1294 5855 aliae
1323 5797 1620 5855 fornicariae
1647 5805 1843 5854 secutae

1952 4687 2308 4744 sanctissima:
2351 4683 2594 4738 ecclesia:
2638 4676 3129 4734 Alexandrinorum
3177 4687 3384 4743 magna:
3410 4671 3543 4725 civi-

1953 4780 2107 4840 tatis,
2157 4775 2428 4832 enarravit
2467 4773 2643 4829 nobis.
2677 4768 2963 4841 Sequentia
2995 4777 3173 4822 autem
3205 4767 3380 4822 vilitas
3424 4778 3541 4820 mea

1955 4872 2200 4943 depinxit
2229 4888 2242 4936 ;
2273 4868 2520 4940 quaedam
2552 4883 2681 4922 vero
2709 4881 2738 4920 a
2769 4863 3083 4936 quibusdam
3116 4904 3129 4928 ,
3163 4862 3354 4931 quibus
3386 4858 3546 4923 digne

1952 4965 2283 5022 credendum
2308 4971 2409 5031 est,
2435 4959 2634 5016 audivi.
2662 4958 2971 5014 Dicentibus
2995 4971 3124 5026 ergo
3150 4953 3303 5009 nobis
3331 4951 3381 5004 in
3409 4963 3545 5016 prae—

1954 5061 2116 5118 diotis
2145 5061 2199 5115 in
2229 5057 2462 5130 quodam
2493 5057 2728 5128 capitulo
2758 5055 2954 5128 (Sup.,
2977 5071 3024 5108 c.
3050 5053 3111 5107 II
3135 5052 3176 5120 ),
3209 5047 3351 5118 quod
3379 5045 3543 5100 multa
3613 5053 3619 5058 ‘

1954 5151 2224 5220 spirituali
2275 5149 2566 5204 dilectione
2609 5147 2914 5217 patriarcha
2960 5154 3015 5200 et
3063 5143 3247 5196 Niceta
3293 5138 3544 5206 patricius

1954 5244 2020 5298 ad
2061 5245 2292 5299 invicem
2334 5242 2566 5312 colligati
2609 5250 2822 5308 essent,
2866 5238 3082 5306 dignum
3128 5230 3380 5285 indicium
3427 5229 3544 5283 talis

1953 5337 2300 5392 exhibitionis
2333 5349 2568 5406 praesens
2593 5335 2776 5389 existit
2803 5328 3112 5399 capitulum.

2024 5429 2270 5500 Quando,
2288 5428 2629 5499 permittente
2654 5425 2766 5481 Deo
2790 5421 2927 5493 (89),
2951 5433 3046 5490 pro
3070 5417 3304 5486 peccatis
3324 5414 3544 5476 nostris.

1953 5523 2189 5579 futurum
2220 5532 2336 5578 erat
2366 5530 2425 5577 ut
2455 5521 2756 5576 traderetur
2781 5512 3111 5571 Alexandria
3140 5512 3254 5567 sine
3280 5511 3390 5565 Deo
3417 5508 3544 5564 Per.-

1954 5616 2060 5682 sis,
2094 5595 2447 5670 reminiscens
2479 5622 2657 5683 pastor
2683 5607 2950 5666 dicentis:
2983 5607 3114 5663 Cum
3149 5603 3414 5675 persecuti
3445 5615 3540 5656 vos

1953 5709 2149 5764 fuerint
2179 5709 2230 5762 in
2265 5708 2481 5762 civitate
2512 5706 2611 5761 ista
2635 5746 2648 5769 ,
2686 5703 2853 5773 fugite
2880 5702 2932 5758 in
2962 5702 3118 5758 aliam
3165 5701 3182 5752 (
3212 5697 3400 5754 Matth.
3432 5713 3462 5750 x
3489 5693 3543 5765 ),

1955 5800 2136 5871 fugam
2185 5798 2417 5868 arripuit
2466 5797 2518 5852 in
2568 5797 2839 5868 propriam
2893 5794 3160 5867 patriam,
3209 5790 3453 5846 videlicet
3494 5786 3546 5839 in
