4142 6350
621 249 722 312 379

627 466 822 528 ceptao,
857 453 1112 539 prmfatys
1141 451 1322 520 Niceta
1351 446 1610 532 patricius
1639 445 1776 514 dixit
1816 444 1880 516 ad
1926 452 2167 510 sanctum
2198 460 2210 494 :

625 533 895 610 Obsecro,
929 547 974 610 si
1018 543 1193 611 inveni
1237 537 1462 614 gratiam
1511 546 1634 593 ante
1675 547 1755 602 te,
1803 550 1873 590 ne
1911 533 2215 606 dedigneris

626 639 841 714 fatigari
891 651 1060 711 usque
1109 634 1174 688 ad
1223 632 1459 703 reginam
1511 630 1812 700 civitatem,
1853 637 1907 683 et
1943 627 2080 684 bene
2129 639 2216 694 ac-

629 741 814 803 ceptas
843 743 1029 800 preces
1074 737 1192 796 tuas
1232 725 1435 792 donare
1479 722 1738 803 piissimis
1779 720 2212 791 imperatoribus.

625 823 719 881 Ille
763 805 892 892 vero
937 821 1119 876 multae
1167 819 1288 890 fidei
1322 817 1484 904 203
1521 817 1621 888 viri
1664 816 2042 888 consentiens,
2087 812 2216 880 o_b_e-

634 916 789 972 diens
819 917 884 984 ad
916 917 1017 969 hoc
1047 913 1220 984 factus
1251 924 1332 968 est
1370 913 1482 986 Deo
1522 921 1570 980 et
1614 910 1872 980 voluntati
1911 909 2059 988 ejus,
2096 915 2151 968 et
2183 921 2215 974 a

624 1024 685 1063 se
714 1009 898 1068 datum
927 1009 1185 1072 honorem
1213 1015 1465 1076 quantum
1492 1014 1607 1070 erat
1631 1003 1771 1072 circa
1800 1003 2010 1070 beatum
2037 1009 2220 1068 osten-

625 1101 753 1157 dere
787 1104 1018 1157 volente.
1057 1103 1296 1171 Fatigata
1328 1099 1492 1170 igitur
1521 1097 1640 1166 navi
1684 1093 2052 1165 multipliciter
2092 1109 2122 1148 a
2165 1093 2214 1148 vi

630 1204 913 1250 ventorum
937 1238 952 1263 ,
986 1194 1040 1266 in
1073 1209 1175 1276 qua
1207 1175 1422 1262 sanctus
1452 1206 1570 1260 cum
1617 1191 1839 1260 patricio
1881 1198 2028 1254 erat,
2068 1196 2122 1252 et
2162 1185 2214 1248 in

633 1287 957 1356 profundum
990 1285 1249 1354 mittenda
1276 1325 1293 1362 ρ
1327 1283 1472 1354 videt
1513 1297 1656 1354 swpe
1686 1291 2015 1350 memoratus
2041 1280 2218 1354 patri-

631 1378 780 1448 cius,
812 1388 865 1431 et
893 1377 1180 1446 optimates
1210 1375 1302 1448 qui
1346 1390 1466 1428 curn
1498 1389 1562 1440 eo
1591 1383 1780 1442 erant,
1811 1387 1915 1439 una
1949 1381 2131 1436 nocte,
2162 1369 2216 1425 in

629 1487 734 1548 qua
766 1480 1057 1544 tempestas
1092 1455 1230 1523 facta
1259 1477 1374 1544 est,
1405 1467 1760 1548 patriarcham
1801 1465 1965 1536 modo
2003 1463 2215 1536 quidem

625 1581 744 1620 cum
792 1563 1114 1635 pauperibus
1138 1563 1267 1642 {per
1312 1563 1489 1618 navim
1537 1557 1732 1632 urbique
1781 1559 2217 1626 circumcurren-

624 1665 762 1723 tem,
797 1655 959 1710 modo
987 1663 1164 1712 autem
1193 1657 1383 1708 iterum
1420 1667 1540 1707 cum
1586 1653 1665 1714 eis
1697 1667 1884 1722 manus
1927 1650 1982 1704 in
2022 1649 2214 1704 coelum

625 249 722 321 579
1667 241 1762 312 ne
1802 238 1979 306 vms
2017 234 2303 307 manu
2345 235 2548 294 LIBER
2586 234 2864 304 PRIMUS.
3799 234 3887 304 ssi

623 363 894 436 Cyprum,
942 361 997 428 in
1045 358 1315 428 civitatem
1361 369 1538 426 suam.
1585 352 1743 420 Unde
1788 353 2073 420 occasione
2119 349 2630 434 ac-Agloriticabo
2657 349 2868 424 (11:99.
2901 349 2982 421 ll).
3030 348 3170 422 Verg
3216 350 3360 420 enim
3402 350 3684 434 mggpiiiee
3711 351 3914 428 gioriti-

3799 233 3912 294 381)

2322 445 2462 511 cavit
2491 455 2732 516 sanetum
2765 444 2928 526 hunc,
2958 445 3049 515 .qui
3090 446 3144 514 in
3176 445 3287 516 suis
3316 459 3529 526 semper
3563 445 3719 514 ινρςιῑξ
3747 446 3915 528 sieri-

2321 535 2508 606 ticaws
2541 547 2627 605 est
2668 537 2945 608 Dominus.-
2983 536 3097 606 Non
3151 536 3292 608 enim
3339 537 3518 608 ferens
3557 536 3754 612 nobilis
3801 536 3910 608 bis.

2320 629 2600 716 temporali
2623 629 2729 698 vita
2756 644 2850 698 sua
2880 629 3262 715 conquiescere
3281 639 3468 703 sancta
3490 637 3546 684 et
3565 630 3725 716 disne
3756 629 3913 700 lauds

2315 705 2480 796 pani,
2507 721 2631 792 quid
2662 721 2813 796 egit?
2855 705 3224 796 Xenodoqhia.
3247 705 3696 794 ἐςτρμιοςρμίίὲι,
3754 730 3914 794 auius

2317 795 2643 884 monasteria
2674 795 3420 894 a'fantlamentisaediﬁcana
3449 823 3506 884 et
3535 811 3737 878 choros
3783 827 3916 884 san-

2315 915 2524 975 ctorum
2578 907 2964 976 monachorum
3025 912 3301 980 statuens,
3358 904 3730 976 incessabilem
3774 918 3919 978 verte

2309 997 2534 1084 Justilize
2564 997 2878 1069 memoriam
2909 993 3168 1080 possidet,
3199 1011 3294 1083 per
3317 1011 3377 1066 ea
3420 1011 3540 1068 qua:
3569 994 3918 1068 celebrantur

2322 1090 2374 1143 in
2399 1088 2477 1144 eis
2507 1089 2644 1143 bona
2666 1103 2851 1160 opera.
2884 1077 3036 1155 Quod
3067 1077 3212 1142 enim
3236 1087 3303 1142 de
3334 1087 3416 1142 his
3445 1088 3534 1158 qui
3559 1087 3696 1158 mala
3726 1096 3913 1155 agunt,

2319 1190 2373 1236 et
2395 1163 2736 1234 successores
2763 1163 3100 1266 propriorum
3135 1178 3399 1252 malorum
3445 1187 3568 1248 post
3597 1163 3828 1233 mortem
3862 1178 3916 1232 in

2327 1275 2434 1327 vita
2468 1270 2569 1327 hac
2596 1271 2927 1340 relinquunt,
2960 1272 3035 1323 ait
3079 1269 3308 1324 Domino
3354 1269 3541 1340 plenus
3576 1269 3867 1340 Apostolus
3897 1285 3915 1322 :

2321 1362 2586 1431 Quoniam
2609 1361 2962 1432 quorumdam
3017 1370 3238 1432 peccata
3294 1361 3578 1433 manifesta
3607 1351 3754 1426 sunt,
3784 1375 3918 1430 prae-

2321 1459 2563 1514 cedentia
2592 1458 2657 1512 ad
2675 1457 2966 1527 judicium;
3001 1455 3257 1526 quosdam
3289 1466 3466 1521 autem
3491 1463 3547 1510 et
3575 1443 3920 1526 subsequun-

2322 1560 2429 1607 tur.
2449 1553 2560 1608 Hoc
2579 1561 2796 1614 econtra
2820 1548 2934 1636 (95)
2957 1550 3023 1604 de
3046 1554 3144 1620 tunc
3161 1551 3315 1616 beato
3337 1548 3618 1616 dicendum
3637 1559 3721 1605 est
3745 1531 3766 1604 ε’
3785 1549 3920 1636 Quo.

2323 1645 2465 1708 niam
2489 1625 2837 1730 quorumdam
2853 1625 3073 1714 justitiae
3089 1645 3388 1699 manifesta:
3410 1653 3533 1712 sunt
3551 1631 3921 1714 praecedentes

624 1747 1044 1822 extendentem,
1077 1754 1131 1799 et
1171 1745 1238 1802 ab
1280 1746 1389 1800 alto
1431 1742 1750 1814 adiutorium
1792 1742 2209 1808 abstrahentem.
2321 1735 2370 1788 in
2416 1751 2641 1808 regnum
2691 1737 2947 1808 caelorum
2978 1734 3032 1809 (1
3055 1735 3216 1801 Tim.,
3248 1737 3324 1808 v),
3350 1735 3610 1822 quosdam
3657 1745 3840 1790 autem
3871 1744 3923 1791 et

625 1837 864 1906 Cumque
895 1839 947 1891 in
979 1835 1225 1897 Rhodum
1259 1835 1374 1908 (90)
1420 1835 1794 1912 pervenissent
1830 1832 2215 1900 ascendentes,

627 1927 773 1982 videt
798 1926 1207 1999 expergefactus
1237 1941 1265 1977 a
1304 1926 1415 1979 Deo
1445 1935 1666 1980 vocatus
1700 1923 1786 1979 hic
1813 1923 2097 1996 quemdam
2128 1939 2221 1977 eu-

631 2021 866 2085 nuchum
895 2011 1265 2075 coruscantem
1294 2018 1466 2072 forma
1485 2060 1500 2086 ,
1530 2027 1584 2073 et
1624 2003 1844 2073 aureum
1873 2025 2141 2087 sceptrum
2166 2017 2220 2070 in

633 2110 818 2166 dextra
845 2121 1136 2178 tenentem,
1159 2097 1502 2165 assisteutem
1521 2110 1619 2164 sibi
1646 2119 1698 2163 et
1723 2110 1988 2164 dicentem
2018 2127 2029 2160 :
2059 2107 2215 2174 Veni,

629 2203 758 2274 jube
787 2205 932 2275 (9i),
961 2204 1077 2258 Rex
1110 2202 1446 2273 regnantium
1476 2203 1671 2274 quaerit
1700 2211 1773 2258 te.
1800 2201 1938 2257 Nihil
1961 2216 2089 2280 ergo
2114 2211 2221 2255 sta-

624 2281 722 2352 tim
755 2283 1060 2367 negligens,
1089 2294 1317 2361 advocat
1358 2294 1637 2364 patricium
1682 2294 1918 2350 Nicetam
1941 2335 1957 2359 ,
2001 2305 2055 2349 et
2091 2295 2220 2350 dicit

625 2388 675 2444 ei
704 2403 829 2444 cum
861 2388 1046 2442 multis
1076 2386 1367 2466 lacrymis:
1401 2387 1479 2440 Tu
1509 2387 1722 2456 quidem
1746 2432 1760 2453 ,
1803 2403 1836 2442 ο
1867 2387 2083 2442 domine
2105 2428 2122 2454 ,
2152 2388 2217 2442 ad

624 2488 898 2534 terrenum
949 2480 1326 2549 imperatorem
1360 2493 1446 2532 me
1474 2479 1716 2552 vocasti;
1749 2477 1842 2532 sed
1873 2479 2211 2548 przeveniens

624 2569 895 2637 caelestis,
927 2580 1052 2624 ante
1085 2571 1302 2625 vocavit
1333 2565 1910 2646 exiguitatemmeam.
1944 2571 2012 2624 Et
2039 2572 2221 2624 retulit

624 2665 673 2719 ei
713 2663 976 2732 eunuchi,
1023 2664 1130 2718 imo
1167 2665 1342 2742 angeli
1388 2651 1691 2728 visionem,
1737 2679 1859 2735 qua:
1898 2673 2220 2734 apparuerat

625 2758 753 2814 sibi.
798 2759 1023 2815 Gavisus
1061 2775 1190 2840 ergo
1234 2747 1288 2830 et
1316 2760 1483 2814 tristis
1515 2760 1689 2815 factus
1719 2760 1858 2816 idem
1893 2763 2220 2840 gloriosissi-

630 2867 753 2908 mus
785 2855 883 2919 vir,
914 2837 1178 2924 impedire
1209 2863 1452 2908 sanctum
1484 2868 1591 2909 non
1627 2855 1818 2924 potuit.
1863 2837 2093 2914 Abunde
2125 2858 2221 2928 igi-

625 2955 713 3008 tur
753 2947 956 3001 sanctis
996 2949 1112 3016 ejus
1154 2948 1388 3022 repletus
1429 2933 1799 3020 orationibus,
1842 2959 1898 3004 et
1933 2950 2220 3022 imperato-

629 3038 776 3105 ribus
806 3040 902 3112 has
932 3023 1182 3094 deferens
1259 3030 1381 3093 cum
1410 3041 1580 3102 multo
1606 3025 1818 3112 honore
1849 3019 2029 3112 redire
2071 3044 2119 3098 ei
2163 3046 2216 3116 in

625 3127 854 3200 Cyprum
883 3130 1059 3198 jussit.

693 3207 821 3275 CAP.
863 3211 1047 3290 XLIX.
1092 3253 1161 3262 —
1204 3223 1529 3278 Adveniente
1570 3237 1699 3293 ergo
1729 3237 1795 3279 eo
1841 3223 1894 3279 in
1942 3223 2216 3294 propriam

625 3318 912 3383 civitatem,
945 3335 1065 3389 quae
1094 3318 1416 3390 Amathunta
1443 3319 1558 3394 (99.)
1588 3320 1901 3386 vocabatur,
1927 3328 2232 3376 testameu-.

626 3421 737 3465 tum
767 3412 1037 3482 proprium
1080 3411 1317 3467 scribere
1359 3413 1465 3466 cito
1494 3411 1755 3480 ministris
1785 3413 1896 3466 suis
1940 3414 2215 3482 praecepit.

625 3501 892 3558 Velociter
918 3519 1045 3558 vero
1072 3514 1127 3570 et
1158 3504 1270 3571 sine
1311 3505 1564 3558 dilatione
1597 3503 1838 3563 chartam
1869 3513 1922 3558 et
1953 3503 2217 3572 calamum

626 3597 1096 3666 prmsentantibus.
1144 3597 1399 3682 przccepit
1446 3610 1656 3666 sacrum
1700 3594 1829 3664 illud
1877 3609 1937 3648 os
1978 3593 2219 3648 scribere

625 3688 742 3744 sic:
783 3708 800 3741 ι
839 3688 1072 3744 Joannes
1100 3704 1306 3756 servus,
1350 3699 1569 3759 propter
1596 3701 1714 3754 eam
1747 3701 1876 3741 vero
1918 3701 2040 3754 qua:
2097 3700 2222 3754 sup-

625 3781 794 3850 posita
818 3791 900 3835 est
921 3781 1050 3849 mihi
1077 3781 1366 3850 sacerdotii
1389 3767 1724 3852 dignitatem,
1754 3777 1846 3853 Dei
1869 3779 2037 3848 gratia
2059 3777 2214 3849 liber.

629 3871 840 3928 Gratias
867 3888 987 3941 ago,
1025 3873 1182 3940 Deus,
1212 3872 1327 3937 tibi,
1358 3865 1609 3941 queniam
1641 3868 1912 3941 exaudisti
1944 3869 2216 3923 miseriam

626 3980 823 4031 meam,
881 3975 1153 4044 rogantem
1211 3947 1507 4019 bonitatem
1566 3973 1737 4030 tuam,
1787 3977 1854 4017 ne
1887 3962 2220 4032 inveniretur

626 4058 876 4112 morienti
910 4057 1040 4128 mihi
1095 4057 1197 4111 nisi
1229 4073 1365 4111 unus
1419 4057 1702 4112 tremissis.
1736 4055 2046 4110 lnvenieute
2075 4056 2219 4110 enim

626 4161 714 4202 me
765 4149 819 4202 in
872 4147 1176 4203 honorabili
1229 4147 1502 4218 episcOpio
1555 4148 1913 4203 sanetissimae
1963 4147 2221 4202 Ecclesiae

626 4240 1122 4314 Alexandrinorum
1155 4255 1360 4316 magna;
1390 4239 1643 4306 civitatis,
1675 4255 1834 4311 quam
1885 4254 1980 4310 per
2034 4239 2222 4294 indul-

627 4333 861 4399 gentiam
898 4333 991 4387 Dei
1021 4325 1256 4403 suscepi,
1288 4332 1502 4402 quando
1530 4332 1586 4386 in
1616 4346 1678 4387 ea
1709 4343 2058 4388 consecratus
2101 4346 2218 4386 sum

624 4427 932 4496 episcopus,
965 4413 1476 4498 circiter'octoginta
1504 4427 1812 4500 centenaria
1839 4427 1984 4500 auri,
2014 4435 2071 4482 et
2099 4441 2219 4497 qua:

2323 1829 2739 1908 subsequuntur,
2765 1831 2830 1904 de
2849 1831 3041 1900 quibus
3067 1847 3203 1896 unus
3230 1840 3283 1884 et
3313 1815 3412 1885 iste
3433 1815 3666 1902 exstitit.
3697 1830 3768 1882 Et
3787 1845 3920 1920 quq-

2319 1926 2463 1994 niam
2499 1939 2602 1978 non
2632 1924 2830 2002 tabula,
2857 1939 3031 2002 neque
3060 1924 3126 1986 ad
3153 1923 3380 1996 gratiam
3411 1930 3512 1998 est,
3547 1923 3687 1992 quod
3719 1922 3920 1996 dictum

2321 2026 2552 2083 constat,
2614 2018 2979 2072 testimonium
3037 2017 3191 2071 nobis
3242 2015 3519 2086 perhibeat
3565 2003 3728 2086 plane
3779 2015 3922 2085 quod

2317 2126 2443 2186 mox
2478 2111 2531 2164 in
2569 2109 2804 2180 pretiosa
2861 2109 2978 2190 ejus
3006 2107 3331 2178 dormitione
3359 2087 3579 2178 gestum‘
3603 2116 3686 2161 est
3729 2097 3925 2194 prodi-

2321 2202 2488 2276 giu'm.
2524 2200 2792 2258 Tradente
2823 2201 2964 2255 enim
3005 2215 3070 2255 eo
3103 2210 3158 2255 et
3197 2199 3607 2264 commendante
3650 2197 3924 2267 propriam

2322 2297 2557 2348 animam
2584 2294 2634 2348 in
2660 2308 2820 2347 manu
2842 2292 3079 2359 Domini,
3107 2300 3164 2346 ut
3187 2291 3261 2346 ait
3287 2290 3479 2364 alicubi
3507 2305 3659 2344 sacra
3689 2289 3924 2356 Littera:

2319 2385 2592 2460 ,iusteruni
2639 2385 2832 2458 animae
2886 2385 2939 2440 in
2973 2400 3134 2454 manu
3179 2383 3275 2439 Dei
3335 2391 3461 2438 sunt
3503 2381 3664 2455 (Sap.
3715 2382 3824 2452 Ill),
3874 2390 3925 2436 et

2325 2479 2461 2532 hanc
2490 2478 2540 2533 ei
2573 2486 2628 2531 ut
2653 2461 2977 2533 sacriﬁcium
3009 2477 3339 2542 immolatum
3372 2461 3652 2541 otl'erente,
3685 2490 3807 2528 cum
3836 2489 3925 2528 re-

2327 2569 2672 2625 condendum
2705 2581 2848 2625 esset
2874 2570 3191 2625 honorabile
3218 2570 3335 2640 ejus
3356 2583 3557 2636 corpus
3605 2567 3925 2640 honorifice,

2323 2675 2522 2730 etcum
2549 2647 2786 2736 congruo
2817 2663 3191 2719 sacerdotibus
3222 2646 3325 2718 ritu
3377 2663 3432 2717 in
3452 2644 3459 2656 ’
3479 2663 3707 2732 quodam
3740 2672 3927 2736 orato-

2323 2757 2408 2812 rio
2446 2758 2617 2810 sancti
2674 2757 3055 2828 miraculorum
3111 2757 3332 2830 factoris
3375 2754 3808 2830 Tychonis(94).
3867 2751 3928 2830 fit

2322 2848 2588 2920 quoddam
2619 2849 2725 2903 tale
2759 2849 2968 2918 signum
2997 2848 3316 2920 gloriosum.
3423 2837 3430 2846 ’
3677 2835 3682 2840 ’
3770 2833 3800 2848 ”

2394 2942 2522 3010 Cap.
2562 2939 2625 2994 L.
2671 2970 2739 2980 —
2775 2939 3032 2996 Jacebant
3060 2941 3111 2994 in
3132 2939 3365 3018 quodam
3393 2939 3620 3009 tumulo,
3645 2939 3735 2995 ubi
3763 2938 3929 3018 etju-

2323 3043 2437 3088 stus
2469 3034 2554 3088 hic
2581 3035 2922 3105 reponendus
2952 3043 3088 3112 erat,
3119 3017 3346 3088 duorum
3398 3035 3666 3106 quondam
3699 3017 3930 3103 episco-

2237 3129 2292 3220 ῼ
2324 3142 2540 3196 porum,
2568 3127 2658 3208 qui
2699 3137 2824 3182 ante
2867 3127 3218 3193 dormierant,
3265 3135 3451 3190 sancta
3501 3126 3766 3191 veraciter
3792 3139 3925 3194 cor-

2323 3236 2456 3294 pora
2487 3231 2794 3276 sanctorum
2822 3237 2836 3274 :
2867 3237 2986 3292 quae
3015 3229 3069 3294 et
3111 3223 3169 3296 _i_n
3196 3228 3390 3294 natura
3422 3219 3657 3292 exanimi
3698 3220 3921 3274 interim

2323 3315 2590 3387 degentia,
2625 3323 2879 3387 tanquam
2929 3314 2978 3382 si
3028 3316 3144 3384 vlva
3191 3329 3384 3388 revera
3427 3323 3630 3392 essent,
3663 3314 3929 3382 aequalem

2322 3417 2508 3465 sancto
2533 3407 2794 3477 honorem
2826 3406 3150 3480 tribuerunt.
3187 3404 3319 3486 Cum
3369 3405 3511 3482 enim
3544 3393 3681 3480 beati
3723 3391 3928 3484 corpus

2323 3501 2464 3556 inter
2489 3502 2623 3572 duos
2644 3499 2761 3554 illos
2783 3499 3214 3573 componendum
3239 3506 3406 3564 esset,
3429 3498 3758 3574 honorantes
3784 3513 3908 3552 sum

2325 3612 2471 3668 mum
2505 3604 2777 3676 pastorem
2819 3605 3090 3682 pastores,
3139 3603 3194 3652 et
3221 3593 3441 3672 multam
3490 3593 3614 3670 ejus
3671 3591 3925 3666 ﬁduciam

2321 3689 2463 3760 apud
2495 3689 2662 3761 Deum
2685 3698 3030 3762 reverentes,
3061 3687 3296 3768 simulet
3337 3687 3619 3774 mirantes:
3663 3687 3760 3762 _Dei
3804 3687 3931 3782 ius-

2323 3783 2476 3856 sione
2496 3791 2745 3856 tanquam
2769 3781 2872 3852 vivi
2889 3795 3114 3854 corpora
3135 3795 3229 3840 sua
3244 3788 3558 3856 separantes
3571 3777 3710 3866 (95),
3737 3777 3789 3834 in
3806 3777 3929 3857 me-

2327 3873 2414 3927 dio
2444 3887 2655 3944 sacrum
2706 3870 2849 3927 hunc
2891 3880 3267 3944 susceperunt,
3321 3871 3579 3946 honorem
3629 3878 3683 3925 et
3732 3869 3831 3939 ipsi
3877 3872 3927 3926 ei

2323 3968 2688 4042 praeceptione
2714 3965 2811 4019 Dei
2834 3966 2974 4020 sicut
3006 3980 3035 4030 a
3077 3966 3191 4022 Deo
3219 3965 3484 4041 honorato
3510 3964 3826 4050 efferentes,
3873 3972 3928 4046 et

2321 4045 2574 4134 :omnibu's
2612 4060 2791 4132 statim
2822 4057 3169 4132 ostendentes
3221 4073 3339 4128 qua:
3382 4073 3413 4112 a
3467 4057 3576 4134 Deo
3626 4058 3678 4128 ei
3727 4045 3926 4132 donata

2327 4164 2408 4227 est
2435 4153 2660 4226 gloriam
2689 4161 2848 4228 atque
2883 4135 3298 4227 sublimitatem.
3327 4150 3481 4220 Quod
3528 4150 3827 4226 maximum
3871 4159 3927 4226 et

2327 4247 2776 4328 gloriosissimum
2803 4245 3146 4324 miraculum,
3171 4259 3284 4320 non
3315 4259 3473 4328 unus,
3501 4258 3679 4334 neque
3707 4241 3924 4314 decem,

2325 4355 2503 4413 neque
2544 4349 2759 4410 centum
2800 4339 3075 4408 viderunt,
3103 4338 3197 4410 sed
3225 4337 3400 4412 omnis
3437 4336 3592 4412 turba
3642 4351 3764 4416 qua;
3795 4350 3924 4416 coq-

2327 4433 2474 4508 venit
2499 4432 2570 4502 ad
2601 4431 2890 4503 pretiosam
2915 4432 3034 4508 ejus
3059 4431 3417 4508 sepulturam.

625 4519 958 4575 intraverunt
1009 4519 1136 4572 mihi
1191 4517 1260 4572 ab
1288 4517 1476 4572 amicis
1501 4517 1726 4590 Christi,
1767 4499 1902 4588 pene
1932 4533 2214 4572 numerum
2235 4501 2296 4584 ξ)
2333 4499 2338 4510 ’
2393 4499 2522 4578 Cia;
2550 4499 2633 4577 Li.
2932 4499 3099 4598 dliud
3113 4499 3295 4594 autem
3317 4499 3433 4612 eius
3448 4519 3762 4612 gloriosius,
3777 4519 3921 4612 quod

624 4613 859 4667 hominis
891 4613 1310 4679 transcendunt;
1342 4614 1393 4667 in
1420 4615 1649 4683 seipsam
1676 4623 1909 4668 mentem
1933 4613 2212 4682 colligens,

625 4711 683 4759 et
710 4718 1042 4773 cognoscens
1083 4705 1195 4758 haec
1223 4705 1403 4758 omnia
1425 4705 1778 4760 dominatoris
1806 4705 2044 4760 omnium
2073 4719 2213 4772 esse,

626 4797 874 4852 festinavi
905 4813 966 4853 ea
997 4813 1117 4866 quae
1149 4797 1238 4852 Dei
1282 4805 1438 4869 erant
1467 4799 1576 4852 Deo
1607 4798 1756 4853 dare.
1810 4797 1961 4853 Unde
1989 4805 2044 4852 et
2075 4795 2218 4876 quod

628 4893 888 4947 remansit
913 4891 1045 4944 mihi
1071 4889 1175 4946 hoc
1203 4891 1468 4961 tremisse,
1505 4890 1598 4946 Dei
1627 4900 1683 4946 et
1710 4891 1815 4945 hoc
1845 4890 2107 4959 existens,
2129 4891 2217 4959 ju-

627 4985 729 5040 beo
759 4981 875 5038 dari
905 4983 989 5038 his
1018 4985 1108 5053 qui
1139 4992 1264 5039 sunt
1294 4984 1410 5038 Dei.
1448 5001 1467 5034 »
1497 4984 1540 5038 0
1567 4985 1801 5054 gloriosa
1839 4998 1926 5038 res
1952 4985 1964 5036 ι
1996 4997 2029 5037 o
2058 4983 2221 5037 devo-

624 5078 828 5134 tionem
856 5077 1024 5132 sancti
1055 5079 1072 5148 ,ε
1107 5077 1222 5132 Non
1254 5075 1501 5143 attendit,
1558 5076 1698 5132 sicut
1719 5075 2024 5142 debuisset,
2072 5075 2217 5142 suis;

549 5203 558 5244 ,-
635 5171 776 5242 quod
809 5171 1012 5226 faciunt
1038 5171 1190 5226 multi
1221 5171 1312 5242 qui
1347 5171 1402 5225 in
1430 5169 1631 5224 divitiis
1656 5179 1801 5235 sunt,
1833 5169 1922 5239 qui
1955 5168 2052 5222 Dei
2078 5167 2220 5221 dona

544 5260 550 5266 ’
630 5274 722 5318 aut
751 5279 816 5317 ex
847 5263 1107 5333 iniustitia
1146 5261 1405 5329 collecta,
1439 5269 1690 5330 tanquam
1731 5259 1966 5329 propria,
2006 5265 2061 5312 et
2106 5267 2221 5311 tan-

548 5341 554 5359 ⁷
629 5370 790 5424 quam
820 5355 864 5410 si
892 5371 952 5410 ea
981 5369 1161 5410 secum
1194 5355 1332 5426 ferre
1362 5362 1603 5424 possunt,
1622 5351 2004 5419 thesaurizant,
2027 5359 2082 5404 et
2111 5363 2219 5403 non

636 5446 780 5516 large
801 5447 985 5526 egenis
1011 5449 1281 5516 praebent;
1312 5445 1406 5501 sed
1437 5445 1522 5500 illa
1554 5443 1828 5515 quaerebat
1859 5457 1980 5513 qua:
2007 5456 2220 5510 semper

639 5550 875 5609 manent,
897 5553 947 5598 et
969 5543 1254 5612 aliquando
1277 5559 1381 5598 non
1404 5542 1736 5597 minuuntur.
1759 5540 1911 5597 Unde
1931 5542 2050 5614 sine
2070 5556 2220 5593 men-

633 5634 787 5690 dacio
817 5639 1327 5707 repromissionibus
1353 5652 1458 5711 non
1491 5646 1574 5693 est
1599 5637 1894 5703 fraudatus,
1925 5651 2041 5708 qua:
2073 5649 2218 5691 asse-

634 5727 841 5798 derant,
875 5745 939 5788 ex
962 5745 1190 5802 persona
1215 5731 1330 5799 Dei,
1360 5731 1612 5803 quoniam
1643 5732 1730 5803 qui
1761 5729 2060 5804 gleriticant
2108 5744 2217 5800 me,

2327 4613 2539 4690 quidem
2572 4595 2962 4690 adhuciv'vivens
3062 4629 3224 4669 carne
3246 4595 3417 4688 coepit
3448 4595 3806 4690 miraculum
3831 4612 3924 4689 sed

2327 4713 2609 4794 postquam
2643 4705 2892 4794 migravit
2921 4707 2988 4778 ad
3008 4689 3208 4781 Deum,
3230 4693 3539 4794 complevit,
3568 4719 3750 4782 sermo
3779 4689 3926 4792 ὀρυξ-

2317 4783 2626 4876 memorare
2653 4783 2896 4872 tentabit.
2922 4791 3112 4855 Mulier
3154 4799 3395 4884 quaedam
3427 4799 3494 4854 de
3518 4783 3597 4874 ἐξ
3648 4815 3768 4874 quae
3794 4783 3924 4876 sano

2326 4902 2469 4962 ctum
2495 4892 2722 4969 protulit
2765 4892 2982 4966 civitate
3032 4890 3291 4969 existens,
3345 4887 3474 4964 cum
3507 4891 3754 4968 audisset
3806 4908 3923 4966 eum

2329 4965 2541 5040 venisse
2572 5000 2602 5039 a
2631 4965 2822 5040 Rhodo
2855 4983 2996 5060 (96),
3031 4965 3101 5040 let
3137 4967 3384 5060 angelum
3427 4986 3475 5041 ei
3529 4965 3727 5041 ibidem
3766 4965 3926 5056 appa-

2328 5078 2520 5154 ruisse,
2576 5085 2632 5132 et
2680 5058 3014 5152 vocationem
3047 5081 3112 5154 ad
3166 5058 3504 5152 communem
3541 5062 3836 5132 Dominum
3879 5061 3925 5154 ei

2330 5151 2696 5238 denuntiasse,
2737 5151 3024 5240 peccamen
3078 5151 3456 5242 gravissimum
3490 5173 3539 5225 in
3573 5186 3633 5225 se
3663 5151 3927 5244 recogno-

2330 5276 2507 5328 scens,
2535 5263 2678 5334 quod
2725 5247 2824 5318 nec
2849 5248 3383 5331 auditusnhominum
3411 5279 3571 5342 posse
3604 5265 3817 5340 intrare
3845 5261 3924 5315 af-

2331 5357 2600 5426 firmabat,
2645 5357 2803 5412 lidem
2847 5358 3206 5430 inambiguam
3257 5338 3506 5427 sumens,
3559 5338 3622 5411 ad
3672 5368 3923 5411 sanctum

2330 5451 2528 5504 cursim
2553 5435 2834 5519 pervenit;
2859 5460 2914 5505 et
2935 5451 3099 5520 pedes
3120 5449 3236 5520 ejus
3264 5447 3757 5524 comprehendens,
3799 5459 3924 5501 cum

2330 5541 2582 5612 lacrymis
2611 5541 2794 5596 multis
2823 5540 3109 5623 clamabat,
3139 5552 3193 5596 et
3223 5531 3409 5596 dicens
3443 5551 3655 5620 secreto
3683 5548 3876 5593 sancto
3904 5552 3923 5595 :

2333 5636 2636 5701 Peccatum,
2668 5651 2703 5691 ο
2731 5645 2812 5690 ter
2839 5635 3018 5704 beate,
3043 5621 3215 5706 habeo
3240 5637 3459 5703 misera,
3489 5633 3630 5705 quod
3661 5633 3728 5687 ad
3761 5621 3926 5712 aures

2332 5728 2604 5796 hominum
2660 5727 2844 5784 venire
2897 5743 3002 5783 non
3063 5736 3256 5798 potest,
3308 5737 3362 5783 et
3388 5715 3506 5782 scio.
3540 5725 3706 5795 quod,
3740 5724 3787 5781 si
3822 5724 3925 5796 vis,
