4142 6350
221 356 325 427 381

1200 345 1360 403 ΥΙΤΔ
1402 343 1647 403 SANCTI
1686 340 1966 400 JOANNIS
2002 339 2584 403 ELEEMOSYNARII.

3399 333 3503 398 582

219 478 381 546 potes
408 467 461 524 id
486 464 619 522 mihi
650 463 958 533 indulgere;
1000 460 1135 515 dixit
1163 462 1305 516 enim
1333 460 1483 513 vobis
1514 460 1768 513 Dominus
1798 476 1810 513 :
1840 458 1897 529 Α
1921 462 2011 507 aut
2043 463 2223 521 potum
2255 453 2473 508 omnino
2522 468 2627 507 non
2668 463 2907 537 gustatis,
2943 457 3097 511 tertia
3148 464 3328 525 nocte,
3373 457 3501 514 dum

223 563 491 632 Quoniam
520 571 852 630 quaecunque
897 554 1166 610 solveritis
1204 569 1363 623 super
1395 562 1609 615 terram.
1656 561 1815 606 erunt

222 652 425 718 soluta,
456 651 590 707 etin
621 648 809 715 ctelis;
866 656 919 701 et
965 660 1296 717 quaecunque
1336 645 1626 714 ligaveritis
1656 659 1815 712 super

226 756 453 809 terram,
485 751 647 811 erunt
698 741 856 812 ligata
904 748 960 793 et
1002 739 1053 793 in
1098 738 1246 793 ccclis
1291 737 1504 807 (Matth.
1548 735 1815 803 xvnt);et

218 853 451 909 quorum
483 834 803 890 remiseritis
823 840 1066 902 peccata,
1096 831 1438 885 remittuntur
1460 829 1573 896 eis;
1607 838 1659 884 et
1681 844 1814 898 quo-

220 946 345 988 rum
380 926 734 991 retinueritis,
766 931 975 979 retenta
1004 930 1130 978 sunt
1155 922 1337 986 (Joan.
1368 922 1485 991 xx).
1505 921 1630 976 Haec
1652 922 1810 975 verba

218 1014 451 1076 audiens
480 1035 509 1073 a
542 1019 769 1074 muliere
799 1025 1036 1083 sanctus,
1069 1024 1123 1069 et
1175 1015 1388 1079 timens,
1424 1014 1467 1068 si
1501 1013 1809 1083 petitionem

221 1112 341 1182 ejus
361 1110 641 1177 refutaret,
665 1108 860 1163 noxius
882 1110 1000 1176 ejus
1014 1107 1263 1163 tormenti
1287 1107 1459 1175 ﬁeret,
1479 1106 1605 1161 dum
1630 1115 1813 1177 posset

218 1204 445 1260 liberari
469 1219 499 1257 a
528 1202 740 1272 proprio
764 1209 982 1271 peccato
1035 1214 1131 1270 per
1160 1199 1321 1255 fidem
1373 1214 1530 1269 quam
1583 1199 1813 1255 habebat

219 1298 276 1353 in
300 1314 446 1363 eum,
482 1295 611 1351 dicit
640 1296 704 1351 ad
732 1310 849 1351 eam
889 1294 1164 1350 humiliter
1195 1314 1207 1350 :
1235 1295 1290 1351 Si
1322 1294 1506 1365 utique
1548 1294 1744 1362 credis,
1778 1309 1812 1350 ο

224 1390 443 1454 mulier,
469 1387 602 1454 Deo,
627 1387 767 1458 quod
792 1402 886 1457 per
912 1386 1279 1442 infelicitatem
1305 1403 1477 1441 meam
1508 1389 1813 1457 ignoscatur

216 1480 317 1534 tibi
338 1482 543 1535 crimen
564 1479 702 1548 quod
730 1479 887 1544 dicis,
912 1480 1169 1534 conﬁtere
1195 1480 1323 1533 mihi
1346 1480 1469 1535 hoc.
1491 1479 1620 1547 Quae
1643 1479 1806 1534 dixit:

217 1572 336 1628 Non
363 1586 606 1642 possum,
636 1571 871 1638 domine,
905 1572 1085 1627 dicere
1131 1571 1205 1634 id,
1258 1588 1431 1641 neque
1462 1571 1605 1626 enim
1639 1580 1813 1640 potest

214 1666 434 1719 auditus
464 1664 744 1717 hominum
772 1672 983 1732 portare
1012 1663 1164 1717 illud.
1196 1663 1333 1718 Dicit
1356 1664 1421 1717 ad
1467 1678 1584 1719 eam
1614 1665 1808 1719 iterum

214 1767 435 1812 sanctus
466 1775 478 1810 :
512 1756 579 1809 Et
633 1756 678 1810 si
713 1755 1007 1821 erubescis,
1066 1756 1198 1809 vade
1249 1764 1303 1810 et
1350 1757 1525 1811 scribe
1578 1756 1727 1822 illud,
1762 1757 1805 1811 si

1918 560 2105 599 rursus
2134 562 2253 600 cum
2304 547 2556 619 lacrymis
2584 547 2799 602 eosdem
2848 549 3010 609 duros
3040 564 3103 604 ac
3151 549 3335 605 fideles
3386 564 3501 605 ser-

1914 652 2103 694 mones
2128 638 2442 703 beatissimo
2464 638 2685 713 diceret,
2708 654 2835 693 ecce
2855 641 3127 717 egreditur
3154 642 3246 696 Dei
3274 640 3501 699 famulus

1912 726 1983 786 de
2016 732 2223 797 tumqu
2252 746 2373 799 suo,
2404 734 2652 786 oculatim
2687 748 2952 811 apparens
2992 749 3111 788 cum
3144 734 3348 799 duobus
3392 739 3505 805 epi-

1910 828 2113 895 scopis,
2142 825 2228 895 qui
2258 840 2377 879 cum
2402 842 2465 889 eo
2486 827 2757 898 iacebant,
2784 843 2890 893 uno
2916 825 3063 899 hinc,
3094 839 3148 893 et
3176 831 3349 885 altero
3377 830 3501 897 hinc

1910 915 2264 986 aspitantibus
2295 918 2435 991 (99),
2465 928 2520 975 et
2547 920 2678 975 dicit
2708 922 2773 976 ad
2816 938 2934 977 eam
2961 941 2972 975 :
3008 939 3284 997 usquequo
3312 924 3504 987 mulier

1913 1010 2012 1077 hos
2040 1011 2129 1081 qui
2148 1011 2234 1067 hic
2250 1022 2371 1065 sunt
2386 1028 2710 1080 commoves,
2729 1024 2780 1068 et
2799 1032 2901 1070 non
2928 1016 3148 1072 dimittis
3165 1030 3257 1073 eos
3270 1018 3505 1086 quiesce-

1910 1117 1972 1183 re
2000 1102 2023 1158 ?
2054 1102 2365 1173 infuderunt
2394 1105 2533 1159 enim
2567 1106 2730 1171 stolas
2753 1118 2961 1173 nostras
2987 1109 3239 1183 lacryma:
3268 1120 3393 1175 iure.
3438 1109 3505 1165 Et

1920 1194 2034 1257 haec
2064 1194 2275 1262 dicens,
2307 1194 2398 1255 dat
2427 1198 2475 1257 ei
2505 1198 2777 1275 proprium
2802 1199 3075 1279 pittacium
3105 1200 3384 1267 pullatum,
3415 1200 3500 1255 di-

1914 1301 2041 1355 cens
2068 1305 2079 1340 ε
2114 1288 2358 1359 Suscipe,
2388 1292 2724 1369 recognoscis
2756 1293 2901 1349 hoc?
2933 1294 3099 1371 solve,
3124 1295 3322 1363 aspice.
3358 1296 3423 1361 Et
3448 1295 3500 1349 in

1910 1382 2142 1450 seipsam
2168 1398 2233 1437 ex
2258 1382 2461 1439 visione
2496 1385 2737 1450 veniens,
2780 1386 2912 1445 vidit
2945 1388 3134 1451 iterum
3160 1396 3373 1453 sanctos
3420 1387 3501 1443 iu-

1906 1475 2221 1547 gredieutes
2252 1476 2298 1527 iu
2352 1477 2622 1545 proprium
2676 1478 2888 1553 locum;
2934 1488 2987 1534 et
3016 1480 3252 1545 solvens,
3296 1480 3498 1541 invenit

1914 1568 2121 1633 litteras
2149 1584 2270 1623 suas
2296 1568 2519 1633 deletas,
2554 1579 2605 1625 et
2636 1572 3079 1639 subscriptionem
3110 1572 3212 1637 sub
3252 1573 3330 1637 eis
3402 1573 3497 1639 lia-

1908 1657 2123 1729 bentem
2150 1659 2226 1723 sic
2252 1678 2265 1711 :
2312 1659 2532 1729 Pmpter
2550 1659 2802 1725 Joannem
2830 1678 3027 1723 servum
3059 1680 3245 1729 meum,
3278 1664 3498 1729 deletum

1910 1761 1984 1813 est
2016 1763 2276 1819 percolunt
2308 1761 2467 1815 tuum.
2498 1753 2627 1820 Quis
2671 1754 2918 1825 loquetur
2968 1758 3234 1825 potentias
3265 1757 3494 1827 Domini,

217 1850 361 1905 nosti
404 1851 633 1914 litteras,
682 1858 737 1904 et
780 1848 860 1915 fer
910 1848 1062 1903 mihi.
1096 1848 1186 1902 llla
1244 1849 1435 1904 iterum
1486 1852 1755 1919 respondit
1790 1867 1803 1904 :
1836 1837 1886 1911 Β
1910 1859 1944 1911 9
1969 1844 2122 1913 amici
2156 1856 2207 1899 et
2240 1845 2470 1909 fratres?
2523 1848 2617 1921 Qui
2650 1849 2719 1901 ita
2751 1849 3057 1907 misericors
3087 1859 3371 1911 etamator
3402 1851 3496 1904 lio-

214 1940 382 2005 Ἶρι-θ,
414 1940 650 2008 domine,
685 1956 789 1995 non
823 1956 1063 2010 possum.
1096 1941 1425 2008 Exspectans
1463 1957 1592 2011 ergo
1630 1943 1803 1996 modi~

217 2045 341 2087 cum
365 2032 491 2102 quid
522 2043 723 2097 tacens,
755 2032 886 2087 dixit
916 2033 963 2087 ei
990 2051 1004 2087 ε
1034 2031 1148 2086 Non
1181 2042 1326 2102 potes
1350 2034 1585 2089 scribere
1612 2044 1665 2089 et
1690 2035 1807 2089 bul-

214 2126 350 2189 lare,
374 2136 429 2179 et
450 2126 643 2181 afferre
674 2125 805 2180 mihi
834 2125 858 2178 ’ἔ
888 2124 1040 2181 Tunc
1068 2125 1198 2179 dixit
1225 2126 1272 2181 ei
1300 2145 1312 2180 :
1349 2127 1593 2192 Possum,
1629 2127 1804 2180 domi-

214 2234 306 2283 ne,
344 2220 445 2272 IIOC
475 2218 635 2284 facio,
680 2233 873 2288 rogans
917 2219 1284 2275 honorabilem
1338 2232 1393 2276 et
1442 2221 1804 2289 coangelicam

212 2311 448 2363 animam
482 2319 628 2364 tuam
667 2325 735 2364 ne
787 2310 1047 2375 solvatur,
1103 2326 1276 2379 neque
1319 2312 1430 2365 ullo
1459 2313 1619 2365 modo
1661 2312 1805 2365 iuve-

215 2398 445 2453 niatura
490 2402 725 2470 quolibet
750 2402 1025 2469 pittacium
1062 2403 1174 2473 (97)
1208 2401 1307 2456 hoc
1336 2403 1640 2471 aliquando.
1671 2404 1795 2456 Ver-

211 2492 341 2557 bum
371 2492 533 2561 igitur
559 2494 833 2563 accipiens
860 2509 892 2547 ra
928 2494 1040 2551 Deo
1084 2495 1415 2557 honorabilis
1439 2496 1579 2566 quod
1628 2497 1807 2563 nullus

212 2583 380 2637 homo
428 2584 662 2638 solveret
711 2594 803 2638 aut
862 2586 1065 2656 legeret
1112 2586 1231 2657 ejus
1264 2587 1566 2657 pittacium,
1621 2588 1806 2644 abiens

210 2674 432 2745 scripsit
457 2677 670 2747 propria
692 2692 851 2741 manu
893 2690 1190 2748 peccatum,
1224 2688 1278 2735 et
1322 2679 1531 2735 bullans
1580 2682 1808 2749 portavit

214 2769 398 2835 beato.
422 2771 735 2841 Suscipiens
764 2788 893 2841 ergo
918 2783 1137 2831 sanctus
1167 2774 1466 2844 pittacium,
1504 2785 1625 2843 post
1650 2776 1807 2845 quin-

209 2878 320 2932 que
346 2863 465 2917 dies
491 2863 556 2915 ad
593 2864 872 2918 Dominum
921 2866 1193 2934 profectus
1225 2875 1327 2932 est,
1360 2866 1563 2922 nemini
1608 2868 1805 2938 aliquid

211 2955 281 3021 de
310 2956 620 3026 bujustnodi
678 2957 896 3026 pittacio
940 2969 1029 3012 aut
1056 2959 1371 3030 disponens,
1405 2968 1497 3015 aut
1540 2946 1804 3029 indicans.

210 3046 404 3115 Ilulier
434 3050 617 3119 itaque
648 3049 891 3115 fortuitu,
937 3050 1047 3106 imo
1088 3053 1489 3121 dispensatione
1536 3053 1652 3116 Dei,
1699 3068 1805 3119 non

210 3142 454 3195 existens
507 3140 559 3194 in
592 3142 806 3195 civitate
834 3142 923 3196 die
948 3142 1003 3196 in
1027 3157 1131 3213 qua
1159 3144 1454 3199 translatus
1474 3152 1558 3199 est
1578 3146 1629 3198 in
1675 3157 1804 3212 pace

210 3236 281 3291 de
306 3235 508 3291 saculo
536 3235 639 3295 isto
678 3236 741 3288 ad
771 3235 912 3289 aliud
941 3236 1266 3313 patriarcha,
1297 3238 1513 3305 volente
1544 3247 1592 3303 et
1621 3237 1674 3291 in
1709 3240 1809 3305 hoc

210 3327 585 3395 demonstrare
634 3328 746 3391 Deo
791 3338 1041 3398 quoniam
1092 3327 1231 3397 apud
1261 3344 1407 3395 eum,
1440 3339 1625 3397 utpote
1678 3345 1807 3399 pro-

211 3424 366 3492 prius
391 3422 642 3488 faumlus,
689 3422 934 3476 ﬁduciam
970 3422 1300 3499 possidebat.
1338 3421 1445 3477 Sed
1489 3431 1613 3491 post
1648 3437 1806 3477 unam

211 3515 355 3568 diem
394 3512 784 3568 reconditionis
823 3514 1039 3585 pretiOsi
1085 3515 1201 3582 ejus
1257 3515 1444 3582 lipsani
1488 3514 1603 3588 (98)
1648 3516 1809 3570 adve-

209 3606 387 3669 niens,
420 3619 543 3667 cum
575 3605 810 3661 audisset
831 3605 1206 3673 dormitionetu
1247 3605 1382 3674 ejus,
1408 3620 1594 3671 amens
1622 3612 1677 3665 et
1706 3605 1809 3660 dc-

207 3696 413 3763 sipiens
444 3694 831 3764 propemodum
872 3696 1009 3749 facta
1049 3705 1151 3761 est,
1183 3696 1499 3755 existimans
1529 3697 1805 3765 pittacium
1858 3766 1867 3777 κ

208 3789 354 3859 quod
375 3787 621 3853 dederat,
644 3788 697 3842 in
724 3788 1000 3857 episcottio
1029 3791 1296 3855 relictum,
1328 3789 1578 3844 omnibus
1607 3791 1809 3843 faceret

208 3883 423 3951 culpam
456 3880 571 3950 ejus
600 3879 958 3935 manifestam.
991 3880 1110 3935 Cito
1133 3896 1261 3953 ergo
1290 3882 1552 3941 resiliens.
1582 3892 1635 3938 et
1666 3882 1803 3950 prio-

206 3988 328 4039 rem
362 3970 522 4037 fidem
548 3986 703 4036 suam
745 3970 1148 4037 indubitabilem
1194 3986 1354 4039 super
1387 3972 1623 4037 animam
1658 3988 1807 4027 resu-

206 4078 388 4129 mens,
413 4076 591 4117 arcam
621 4077 649 4116 a
682 4062 795 4117 Deo
837 4062 1083 4119 honorati
1124 4063 1509 4134 apprehendit;
1551 4075 1626 4130 et,
1669 4065 1807 4118 sicut

207 4156 410 4212 viventi
436 4156 484 4211 ei
529 4157 818 4223 veraciter,
859 4157 929 4210 ita
987 4156 1193 4221 turbata
1227 4156 1541 4227 perhibebat
1577 4173 1588 4209 :
1636 4156 1805 4211 Homo

206 4246 331 4317 Dei,
365 4246 459 4307 tibi
483 4247 589 4311 hoc
626 4256 903 4316 peccatum
942 4263 1049 4313 non
1080 4250 1227 4323 potui
1255 4263 1531 4315 enarrare,
1567 4263 1631 4304 eo
1661 4247 1803 4318 quod

207 4355 375 4409 supra
402 4339 622 4395 modum
653 4340 917 4395 existeret
941 4355 1128 4410 grave,
1158 4350 1213 4395 et
1236 4356 1363 4395 ecce
1392 4356 1533 4397 nunc
1557 4342 1806 4397 omnibus

206 4431 408 4487 factum
437 4441 518 4497 est
547 4431 765 4486 forsitan
796 4430 1133 4487 manifestum
1178 4442 1231 4487 et
1256 4434 1524 4502 cognitum
1556 4452 1569 4499 ;
1602 4435 1802 4487 utinam

206 4541 317 4589 non
352 4525 447 4593 tibi
475 4540 587 4597 rem
618 4540 793 4593 meam
822 4525 1269 4591 manifestassem.
1304 4524 1418 4591 llcu
1445 4526 1458 4580 !
1494 4528 1597 4581 heu
1629 4527 1757 4593 mihi
1784 4528 1798 4595 ξ

1909 1938 2135 2007 mitium,
2167 1940 2364 2002 faciens
2395 1942 2722 1995 voluntatem
2754 1942 3053 2007 timentium
3096 1957 3177 2009 se,
3209 1952 3260 2003 et
3296 1942 3498 2010 glorifis-

1910 2047 2037 2099 cans
2057 2033 2418 2103 gloriﬁcantes
2445 2048 2525 2096 se.
2551 2042 2605 2093 et
2637 2050 2730 2104 per
2752 2036 3135 2101 miraculorum
3155 2038 3494 2106 operationes

1906 2126 2257 2195 magnificans
2279 2128 2407 2183 eos?
2434 2127 2546 2193 Non
2576 2138 2750 2187 autem
2780 2127 2833 2191 in
2851 2128 2953 2197 hoc
2981 2128 3305 2195 locosoluip,
3323 2128 3493 2198 inquo

1909 2220 2141 2301 pretiosa
2171 2218 2425 2287 dormitio
2465 2219 2582 2297 ejus
2614 2218 2751 2283 facta
2776 2227 2857 2283 est
2878 2259 2892 2283 ,
2921 2219 3086 2301 gratia
3116 2234 3272 2289 quam
3315 2218 3495 2275 habuit

1909 2312 2046 2380 apud
2070 2311 2252 2370 Deum.
2272 2310 2607 2363 manifestata
2622 2320 2723 2377 est,
2742 2310 2832 2363 sed
2850 2311 3043 2380 ubique
3057 2311 3265 2381 longius
3279 2312 3492 2369 claruit.

1944 2388 1949 2393 4
1980 2401 2109 2456 CAP.
2152 2402 2261 2456 LII.
2296 2432 2365 2442 ——
2386 2402 2582 2456 Eadem
2615 2405 2755 2457 enim
2786 2403 2873 2457 die
2901 2404 2954 2457 in
2990 2418 3092 2472 qua
3124 2404 3187 2457 ad
3239 2404 3402 2457 Deum
3428 2420 3494 2459 ex

1909 2495 2012 2551 hac
2039 2498 2146 2550 vita
2175 2496 2368 2552 beatus
2398 2497 2498 2552 iste
2527 2496 2798 2565 profectus
2825 2506 2928 2563 est,
2956 2496 3172 2566 quidam
3190 2511 3375 2557 eorum
3404 2498 3494 2570 qui

1910 2588 2202 2656 angelicam
2234 2589 2396 2642 vitam
2430 2596 2485 2639 et
2512 2588 2728 2641 schema
2770 2588 3136 2651 monachicum
3183 2588 3342 2669 205
3399 2589 3495 2643 fta-

1909 2676 2058 2745 bent,
2093 2680 2174 2745 vir
2202 2678 2534 2745 admirabilis
2580 2688 2635 2747 et
2667 2681 2979 2747 industrius,
3002 2680 3233 2749 Sabinus
3256 2682 3493 2753 nomine,

1912 2771 2255 2835 Alexandrina
2284 2772 2553 2837 habitans,
2594 2771 2729 2826 vidit
2757 2773 2909 2841 quasi
2951 2772 3002 2829 in
3033 2786 3257 2829 excessu
3298 2760 3494 2831 mentis

1909 2862 2101 2928 factus,
2130 2863 2386 2917 divinitus
2418 2862 2734 2917 honoratum
2764 2862 3023 2918 Joannem
3045 2862 3112 2917 de
3144 2864 3359 2934 praprio
3378 2864 3497 2935 epi-

1910 2958 2094 3026 scopio
2121 2958 2479 3027 egredientem
2500 2972 2619 3011 cum
2644 2959 2786 3012 clero
2814 2957 2956 3025 omni
2981 2973 3133 3025 cerea
3175 2966 3497 3030 portantem,

1910 3058 1963 3109 et
1985 3048 2051 3109 ad
2092 3048 2468 3117 imperatorem
2500 3057 2738 3115 euntem,
2773 3059 3023 3120 tanquam
3074 3052 3324 3117 antiocho
3364 3068 3496 3121 quo-

1910 3139 2033 3193 dam
2068 3140 2147 3212 (ut
2177 3140 2294 3209 ipse
2322 3141 2533 3199 dicebat
2578 3140 2831 3209 Sabinus)
2862 3141 3190 3200 cubiculario
3232 3143 3374 3197 hunc
3406 3158 3498 3197 vo-

1836 3212 1887 3277 c
1914 3243 2088 3299 caute,
2123 3243 2400 3305 postquam
2429 3236 2646 3303 januam
2680 3233 2935 3304 episcopii
2976 3236 3126 3311 exiit,
3160 3238 3299 3305 quod
3332 3237 3497 3306 signi-

1913 3326 2037 3391 ﬁcat
2067 3326 2265 3395 proprii
2293 3326 2532 3395 corporis
2558 3327 2972 3397 separatiuueni,
3005 3338 3059 3395 et
3081 3344 3237 3397 unam
3264 3328 3497 3400 puellam

1914 3426 1973 3471 ut
1999 3419 2195 3485 solem,
2223 3418 2609 3487 suscipientem
2638 3434 2787 3485 eum,
2817 3427 2873 3475 et
2920 3435 3080 3475 manu
3126 3428 3417 3484 tenentem,
3446 3432 3498 3475 et

1913 3526 2075 3580 super
2105 3521 2265 3581 caput
2290 3524 2546 3566 coronam
2577 3527 2642 3566 ex
2668 3512 2803 3568 oleae
2832 3513 2996 3573 ramis
3021 3514 3497 3581 circumamictam.

1912 3603 2033 3671 Mox
2060 3619 2189 3673 ergo
2219 3604 2433 3676 agnovit
2470 3598 2689 3671 sanctus
2732 3606 2961 3671 Sabinus
2991 3607 3365 3681 migrationem
3410 3620 3499 3676 pa-

1916 3698 2163 3752 triarcha:
2196 3700 2262 3752 ad
2302 3700 2585 3754 Dominum
2614 3700 2724 3769 ipsa
2760 3701 2887 3754 hora
2921 3701 3084 3755 fuisse
3115 3701 3327 3755 factam.
3360 3700 3499 3766 Qua-

1911 3800 2129 3860 propter
2157 3789 2475 3845 adnotantes
2524 3792 2740 3862 quidem
2798 3808 3037 3846 mensem
3073 3802 3126 3846 et
3174 3794 3339 3859 diem,
3385 3802 3499 3848 erat

1908 3884 2054 3953 enim
2084 3882 2333 3949 celebris,
2359 3883 2607 3946 videlicet
2628 3886 2795 3951 sancti
2822 3884 3071 3963 martyris
3094 3885 3298 3953 Hennae
3322 3885 3499 3957 (100),

1906 3973 2230 4041 quibusdam
2255 3974 2590 4031 venientibus
2620 3976 2687 4037 de
2724 3976 2900 4046 Cypro
2956 3987 3363 4046 percunctantes
3391 3978 3500 4048 qui-

1907 4065 2036 4127 dam
2067 4064 2158 4134 qui
2192 4064 2503 4121 habitabant
2526 4066 2867 4122 Alexandriae
2893 4068 2960 4121 de
2986 4054 3499 4138 migrationc'sancti

1902 4156 2249 4239 patriarchae,
2295 4167 2625 4228 agnoverunt
2672 4174 2851 4225 veram
2899 4159 3060 4213 fuisse
3106 4159 3383 4223 visionem,
3434 4173 3499 4215 co

1906 4250 2049 4320 quod
2081 4250 2266 4317 eadem
2299 4251 2431 4315 liora
2463 4251 2613 4321 fieret
2644 4252 2698 4306 in
2725 4268 2827 4321 qua
2856 4254 2990 4319 obiit
3014 4254 3223 4321 beatus,
3254 4264 3309 4309 et
3332 4255 3501 4311 maxi-

1913 4356 1999 4394 me
2027 4341 2096 4395 de
2119 4344 2368 4411 exemplo
2400 4343 2590 4411 puellaa
2622 4358 2740 4411 quae
2769 4359 2929 4397 manu
2954 4346 3167 4399 tenebat
3206 4360 3351 4398 eum.
3385 4347 3501 4400 Ac-

1910 4442 2128 4504 ceperat
2157 4436 2299 4489 enim
2335 4436 2785 4507 repromissiones
2815 4438 2883 4489 ab
2909 4450 2971 4490 ea
3005 4446 3241 4502 sanctus,
3276 4436 3415 4492 sicut
3445 4438 3498 4491 in

1912 4526 2340 4596 prazcedentibus
2387 4510 2566 4583 verbis
2620 4526 2751 4581 Vitae
2796 4526 3031 4595 diximus
3078 4526 3262 4599 (Sun,
3305 4542 3352 4580 c.
3398 4525 3496 4599 7):

206 4627 406 4686 putans
435 4616 766 4672 confusionis
812 4616 1208 4672 absolutionem
1260 4616 1523 4686 invenire,
1558 4617 1801 4683 confusio
1830 4598 1885 4659 Ῑ)
1906 4602 2041 4684 Quia
2073 4618 2116 4671 si
2146 4632 2235 4674 me
2263 4618 2505 4687 possides
2532 4617 2785 4683 amicam,
2826 4632 2929 4686 ego
2950 4625 3003 4673 te
3029 4598 3153 4679 ante
3199 4598 3498 4688 imperato-

211 4708 463 4762 omnibus
486 4708 623 4763 facta
650 4722 802 4773 sum;
828 4722 925 4779 pro
951 4707 1160 4763 medela
1186 4709 1566 4779 lnaSphemiam
1598 4711 1799 4779 recepi.

210 4799 349 4871 Quid
373 4799 503 4857 mihi
531 4799 597 4855 ad
630 4808 682 4868 te
728 4814 860 4881 opus
882 4806 1001 4865 erat
1028 4808 1294 4867 secretum
1324 4799 1516 4859 anima:
1556 4816 1687 4855 meae
1710 4817 1800 4881 pa-

209 4890 444 4951 tefacere
465 4891 487 4942 ἲ
512 4890 713 4959 Tamen
742 4906 848 4957 n09
875 4890 1120 4957 deficiant
1148 4904 1323 4960 neque
1344 4890 1605 4957 diffidam,
1628 4906 1801 4959 neque

207 4985 502 5040 removebo
524 4998 553 5038 a
586 4984 789 5039 tumulo
815 4984 1099 5056 lacrymas,
1132 4997 1300 5052 usque
1326 4986 1453 5038 dum
1480 4982 1801 5039 satisfactio-

208 5090 327 5139 nem
357 5075 424 5129 de
468 5076 725 5145 petitione
766 5089 881 5143 mea
912 5090 1190 5149 accepero.
1244 5074 1426 5146 Neque
1468 5075 1612 5141 enim
1653 5084 1802 5131 mor-

206 5176 328 5222 tuus
356 5183 439 5234 es,
489 5177 677 5223 sancte
724 5167 842 5237 Dei,
887 5167 985 5233 sed
1015 5168 1169 5225 vivis.
1213 5167 1481 5239 Scriptum
1528 5178 1612 5226 est
1658 5167 1797 5235 enim

204 5261 324 5328 quia
348 5259 483 5330 justi
513 5261 567 5314 in
596 5266 914 5330 perpetuum
945 5261 1125 5314 vivent
1172 5260 1331 5331 (ευρ.
1364 5262 1439 5331 ν).
1492 5262 1799 5334 lterumque

204 5354 389 5405 eadem
424 5351 585 5407 verba
618 5366 920 5420 assumens,
950 5352 1198 5407 diccbat:
1250 5352 1412 5421 Nihil,
1473 5354 1632 5409 homo
1680 5355 1793 5422 Dei,

200 5455 329 5513 peto
358 5459 386 5497 a
413 5454 485 5515 te,
518 5442 619 5509 nisi
652 5451 708 5509 ut
762 5452 966 5507 certum
1000 5443 1170 5497 facias
1200 5458 1293 5497 cor
1330 5460 1507 5501 meum
1540 5447 1793 5515 quidnam

199 5536 273 5589 de
293 5536 416 5591 dato
449 5537 542 5591 tibi
575 5536 799 5606 pittacia
824 5536 1022 5599 tactum
1064 5539 1179 5594 sit?
1215 5539 1355 5594 Deus
1384 5554 1513 5609 ergo
1539 5542 1632 5609 qui
1664 5540 1798 5595 dixit

199 5628 492 5698 aliquando
520 5630 587 5683 ad
623 5627 981 5684 Chanauteam
1010 5646 1023 5682 :
1058 5630 1217 5687 Fides
1243 5641 1327 5687 tua
1359 5642 1410 5689 te
1441 5633 1640 5687 salvam
1669 5634 1797 5689 fecit

194 5717 422 5793 (Matth.
457 5723 576 5795 xv),
607 5721 720 5792 ipse
748 5730 803 5787 et
848 5722 985 5777 hanc
1012 5732 1212 5778 certam
1254 5724 1401 5781 fecit.
1432 5724 1623 5783 Tribus
1653 5726 1796 5781 enim

194 5812 392 5872 diebus
419 5830 773 5887 perseverans
798 5814 864 5870 ad
914 5814 1217 5885 sepulcrum
1273 5818 1467 5885 sancti,
1516 5830 1570 5875 et
1618 5820 1794 5876 cibum

1905 4724 2019 4763 rem
2046 4708 2406 4777 introducam,
2438 4709 2580 4777 quod
2612 4717 2663 4762 et
2697 4723 2879 4773 revera
2920 4709 3065 4769 fecit.

1977 4803 2105 4856 Car.
2148 4802 2280 4857 Llll.
2303 4832 2373 4841 —-
2393 4802 2509 4869 Non
2540 4812 2713 4871 autem
2737 4819 2799 4858 ex
2822 4804 2925 4869 boc
2958 4812 3159 4871 tantum
3191 4820 3380 4873 omnes
3406 4822 3496 4865 sa-

1902 4894 2264 4959 tisfactionem
2291 4904 2635 4967 acceperunt,
2662 4896 2804 4966 quod
2833 4897 3178 4971 eleemosyna
3206 4910 3262 4958 et
3288 4902 3499 4955 miscri-

1904 4986 2087 5041 cordia
2117 5000 2272 5054 quam
2324 4988 2507 5044 habuit
2536 4987 2678 5043 circa
2705 4998 2945 5060 egentes,
2986 5007 3109 5046 eum
3137 4993 3187 5045 in
3235 4993 3492 5048 caelorum

1904 5094 2126 5149 regnum
2150 5082 2510 5159 deduxerunt;
2540 5081 2634 5136 sed
2659 5084 2778 5152 quia
2802 5084 2937 5139 alius
2958 5100 3142 5140 eorum
3174 5085 3260 5153 qui
3290 5085 3495 5142 habita-

1902 5171 1997 5239 bat
2022 5173 2289 5241 civitatem
2322 5176 2723 5241 Alexandriam,
2760 5178 2953 5234 timens
2986 5180 3175 5243 Deum,
3207 5177 3336 5232 vidit
3378 5180 3495 5247 ipsa

1903 5274 2060 5319 nocte
2103 5267 2154 5320 in
2180 5282 2282 5335 qua
2307 5274 2363 5321 et
2389 5277 2605 5322 sanctus
2635 5268 2889 5337 Sabinus,
2918 5284 3106 5324 omnes
3134 5282 3393 5339 pauperes
3436 5280 3493 5326 et

1906 5357 2174 5427 orphanos
2194 5366 2351 5429 atque
2374 5359 2581 5429 viduas,
2626 5362 2757 5414 olea:
2798 5374 2977 5413 ramos
3002 5357 3319 5430 bajulantes,
3353 5370 3405 5417 et
3436 5362 3489 5417 in

1902 5453 2222 5525 patriarchae
2248 5453 2504 5524 obsequio
2534 5464 2743 5518 euntes,
2782 5463 2837 5506 et
2864 5451 2929 5515 ad
2951 5452 3235 5517 ecclesiam
3267 5470 3492 5526 pergen-

1896 5552 1999 5599 tes.
2033 5544 2147 5599 Non
2177 5545 2350 5600 solum
2376 5546 2505 5611 duo,
2535 5555 2627 5598 aut
2651 5545 2861 5607 decem,
2907 5552 3000 5597 aut
3029 5554 3242 5611 centum
3272 5548 3487 5603 satisfa-

1896 5638 2102 5701 ctioues
2127 5649 2269 5706 sunt,
2304 5654 2398 5707 per
2440 5654 2571 5708 quas
2596 5638 2796 5691 scimus
2825 5636 2971 5692 clare
2998 5640 3245 5709 quoniam
3272 5651 3487 5698 sancto-

1896 5745 2012 5789 rum
2045 5746 2323 5785 numerum
2364 5730 2558 5785 meruit
2598 5733 2959 5789 memorabilis
2988 5732 3107 5798 hic;
3140 5734 3232 5801 sed
3260 5751 3387 5792 ecce
3434 5744 3490 5792 et

1896 5822 2033 5888 aliae,
2066 5836 2197 5890 quas
2224 5821 2559 5889 subsequens
2588 5822 2758 5881 forma
2787 5826 3038 5882 ostendit.
