4142 6350
598 408 693 471 SOI

1628 410 1718 468 DE
1762 408 1938 469 VITIS
1980 406 2265 470 PATRUM
2298 408 2499 468 LIBER
2541 408 2805 470 PRIMUS.

3748 407 3854 473 ὄπ

597 538 725 595 laris
753 533 1085 609 synodusibi
1119 532 1296 587 habita
1339 532 1426 585 sit.
1461 530 1553 586 Vel
1576 532 1841 609 __inte|lige_
1875 532 2161 587 secundam
2191 532 2246 592 Α
2268 529 2393 609 dum
2425 529 2605 597 habet,
2634 539 2692 584 tit
2718 528 2859 609 nulla
2889 528 3309 609 mihidubitatio
3334 530 3405 586 sit
3432 528 3561 601 quin
3588 537 3645 585 et
3686 529 3854 589 Ieta-

597 602 855 679 synodum
885 608 940 679 in,
960 606 1132 659 Nicaea
1157 611 1412 679 reSpectu
1424 602 1611 672 synodi
1637 602 2018 672 apostolorum,
2044 618 2162 673 qute

598 672 831 735 omnium
866 678 1033 745 prima
1057 672 1315 745 generalis
1344 672 1459 745 fuit.

671 750 784 820 (79)
802 742 977 820 Porta
1006 743 1198 820 Solis.]_
1225 744 1394 797 Locus
1421 742 1775 820 Alexandria},
1807 746 1894 799 cui
1925 744 2163 814 proxima

597 813 690 875 est'
704 813 925 874 ecclesia
956 816 1123 870 sancti
1150 817 1351 879 Metrte,
1382 822 1439 866 ut
1467 814 1550 866 hic
1575 813 1831 880 sequitur.

670 890 786 959 (80)
816 889 881 941 In
912 887 1120 941 ecclesia
1161 881 1386 1006 Metron}
1419 883 1593 937 Editlo
1620 884 1974 949 Coloniensis,
2004 885 2057 938 in
2085 901 2166 937 rc-

670 961 752 1006 m‘a
780 968 958 1006 melre.
990 956 1166 1006 Vetus.
1201 957 1253 1006 in
1283 970 1364 1006 ecc
1388 955 1495 1006 esia
1525 964 1695 1006 metre.
1732 955 1967 1006 Manusc.
1999 955 2165 1006 Antii-

598 955 958 1014 clesia’metre.
990 956 1166 1018 Vetus,
1201 957 1253 1009 in
1283 955 1495 1008 ecclesia
1525 964 1695 1007 ntetre.
1732 955 1967 1009 Manusc.
1999 955 2165 1024 Aqui-

598 1031 878 1093 cinctinus,
906 1029 959 1080 in
987 1028 1197 1080 ecclesia
1239 1034 1426 1079 metm.
1461 1025 1780 1096 Manuscrip.
1811 1026 1973 1096 210
2001 1025 2167 1096 Gem.

598 1100 882 1163 blacensis,
914 1099 966 1151 in
992 1096 1201 1151 ecclesia
1231 1094 1581 1149 meretricula.
1614 1094 1946 1161 MetrasfsEu
1978 1094 2169 1150 Metra-

596 1186 697 1225 nus
726 1179 927 1238 martyr
956 1168 1311 1231 Alexandriae,
1338 1165 1401 1217 51
1433 1165 1696 1238 Januarii.
1731 1165 2163 1238 Martyrologium

598 1234 927 1303 Romanum,
957 1238 1019 1291 51
1056 1237 1287 1291 Januarii
1314 1254 1328 1289 :
1364 1254 1383 1286 s
1414 1234 1750 1289 Alexandriae
1781 1234 1971 1290 natalis
1998 1234 2167 1290 sancti

598 1311 821 1365 Metrani
854 1309 1119 1379 martyris,
1147 1309 1236 1377 qui
1262 1307 1361 1379 sub
1386 1305 1546 1379 Decio
1575 1307 1704 1379 imp.
1729 1320 1848 1379 cum
1881 1307 1945 1359 ad
1972 1305 2169 1379 jussio-

598 1396 720 1435 item
752 1374 1076 1450 paganorum
1106 1374 1267 1432 nollet
1298 1375 1654 1450 impiahverba
1688 1374 1944 1450 proferre,
1976 1377 2053 1430 illi
2086 1387 2167 1429 to-

598 1461 707 1505 tum
738 1446 853 1521 ejus
896 1464 1087 1521 corpus
1127 1450 1349 1521 fustibus
1378 1446 1723 1521 colliserunt,
1758 1446 2069 1521 vultumque
2114 1455 2169 1500 et

600 1516 782 1575 oculos
831 1516 1110 1588 prteacutis
1154 1516 1372 1573 calamis
1406 1516 1757 1588 terebrantes,
1806 1516 2165 1588 ipsumextra

598 1592 780 1646 urbem
810 1585 928 1645 cum
959 1590 1280 1644 cruciatibus
1319 1587 1663 1653 expulerunt,
1695 1585 1875 1655 ibique
1906 1586 2167 1655 lapidibus

596 1676 907 1731 oppressum
937 1662 1340 1731 interemerunt.

668 1725 784 1801 (8i)
818 1728 1034 1801 Denos.]
1064 1730 1137 1784 lta
1168 1738 1389 1801 uterque
1415 1726 1513 1781 Ms.
1559 1725 1731 1801 Editi,
1763 1727 2017 1801 denarios.
2063 1728 2167 1801 Ju—

596 1797 1032 1857 bebat’dominus'
1060 1810 1117 1854 ut
1138 1799 1367 1869 quinque
1399 1811 1644 1851 nummos
1660 1797 1941 1865 iuraretur,
1969 1799 2054 1853 ille
2074 1799 2167 1854 de-

596 1886 692 1926 nos
722 1872 1016 1926 iurabatur.

665 1912 1183 2011 (SET-Fa-c'i‘l'missas
1213 1942 1265 2011 in
1298 1939 1531 2011 oratorio
1571 1955 1685 2011 suo,
1739 1938 1938 2011 nullum
1982 1940 2169 1994 habens
2198 1912 2247 1972 Β

597 2008 695 2066 nisi
734 2008 1019 2065 ministrum
1066 2008 1261 2081 suum.]
1296 2010 1430 2065 Ecce
1472 2025 1623 2063 usum
1656 2008 1705 2061 in
1741 2009 1976 2065 Ecclesia
2022 2012 2168 2066 cele-

597 2084 780 2138 brandi
813 2084 1001 2136 missas
1033 2081 1298 2150 privatim.

666 2152 778 2223 (83)
810 2148 1052 2224 Pejerant
1089 2148 1320 2224 corpus.)
1351 2151 1426 2224 lota
1456 2159 1680 2224 uterque
1710 2164 1979 2224 manuscr.
2005 2151 2170 2208 Vetus

597 2222 774 2288 editio,
799 2222 1043 2293 petierant
1063 2239 1264 2291 corpus.
1285 2222 1636 2287 Coloniensis,
1658 2222 1866 2294 indigne
1887 2224 2173 2293 percipiunt

596 2310 794 2349 cornus.

813 2364 971 2419 Ficus
1002 2363 1285 2435 turbatur.]
1319 2364 1391 2417 Ita
1421 2372 1575 2419 vetus
1602 2371 1658 2416 et
1695 2363 2028 2419 Coloniensis
2056 2367 2171 2421 edi-

596 2434 690 2503 tio,
720 2434 773 2490 et
816 2450 1055 2490 manusc.
1097 2434 1393 2505 Aquicinct.
1427 2438 1494 2489 At
1522 2434 1575 2487 in
1624 2449 1863 2489 manusc.
1894 2435 2167 2493 Gemblac.

596 2515 703 2573 est,
736 2507 862 2574 ﬁcus
893 2507 1143 2561 tunditur.

666 2572 781 2647 (85)
826 2577 1081 2643 Simeoni,
1113 2578 1202 2647 qui
1249 2578 1303 2631 in
1348 2576 1599 2630 columnis
1649 2572 1827 2647 stetit.]
1871 2576 2015 2631 Visio
2057 2579 2171 2635 haec

593 2646 743 2703 deest
766 2646 823 2702 in
851 2648 970 2703 Vita
1013 2646 1277 2703 Simeonis
1306 2647 1532 2717 Stylitze,
1561 2660 1679 2717 sup.
1713 2646 1801 2699 Ait
1826 2657 2004 2702 autem
2046 2663 2168 2704 eum

594 2720 806 2775 stetisse
826 2719 878 2772 in
898 2720 1168 2784 columnis,
1187 2719 1307 2788 quia
1323 2716 1497 2772 varias
1517 2716 1792 2771 columnas
1817 2717 2009 2772 institit
2028 2719 2167 2775 idem

594 2790 984 2859 Simeon.Vide
1012 2803 1191 2859 supra,
1219 2790 1273 2843 in
1307 2788 1423 2841 Vita
1451 2788 1587 2856 ejus,
1610 2800 1728 2859 cap.
1756 2788 1807 2841 5.

666 2860 785 2936 (86)
815 2858 1046 2936 Femina:
1080 2856 1312 2929 legitime
1353 2859 1547 2936 dudum
1578 2856 1921 2936 conjunctus.]
1953 2859 2067 2936 Non
2088 2862 2172 2936 ait

594 2928 807 2987 feminae
844 2928 1186 3000 conjunctum
1224 2944 1343 3000 cum
1389 2928 1691 3000 patriarcha
1732 2928 1917 2991 esset,
1944 2932 2035 2984 sed
2067 2933 2170 2986 du-

594 3001 754 3069 dum,
785 3014 839 3059 et
876 2998 985 3072 jam
1030 3002 1176 3055 oliui.
1211 2998 1363 3054 Clare
1412 2998 1797 3067 Metaphrastes
1841 3001 1993 3056 initio
2036 3002 2171 3057 Vitae

593 3088 724 3128 ειυς.

619 3089 781 3216 u“($87)
811 3140 1188 3216 Thuribulum.]
1209 3140 1674 3216 Simitecastitatis
1696 3142 1997 3212 exemplum
2021 3158 2166 3216 sup.,

593 3214 645 3272 in
675 3212 792 3270 Vita
822 3215 993 3269 sancti
1022 3212 1226 3278 Basilii,
1257 3228 1376 3282 cap.
1398 3212 1453 3269 9.

2268 604 2512 669 phrastes
2537 615 2655 655 eam
2681 616 2751 655 ex
2782 600 3002 655 Leontio
3030 600 3310 657 hauserit.-

2341 672 2451 743 Etsi
2478 686 2605 743 vero
2633 685 2774 743 anno
2800 672 2837 743 6_
2865 670 3089 743 Heraclii
3136 672 3242 743 (cui
3289 673 3482 727 Baron.
3517 668 3722 743 Christi
3752 688 3852 728 an-

2269 756 2394 795 num
2418 741 2524 795 6l5
2545 742 2802 811 assignat)
2825 741 3018 797 habeat
3039 741 3235 798 Paulus
3257 743 3519 797 Diaconos
3542 741 3596 796 in
3622 742 3854 800 Historia

2270 811 2541 885 miscella,
2561 811 2598 865 l.
2626 827 2783 885 xviii,
2815 811 3005 885 Persas
3038 813 3331 885 Egyptum
3373 812 3757 885 depopulatos,
3778 823 3853 867 ta-

2270 897 2393 937 men
2422 882 2599 935 statim
2630 883 2696 934 ad
2728 882 2935 951 pr0pria
2973 881 3270 938 redierunt.
3300 881 3429 937 Post
3456 896 3584 936 vero
3612 882 3848 938 immine-

2270 952 2362 1005 bat
2404 952 2582 1021 gravis
2628 962 2941 1020 tempestas,
2972 968 3077 1021 qua
3110 968 3215 1007 non
3256 961 3461 1007 tantum
3491 966 3643 1020 opes,
3678 951 3773 1007 sed
3801 965 3854 1009 et

2269 1022 2379 1092 vita
2408 1022 2836 1077 Christianorum
2867 1023 3294 1092 periclitabatur;
3324 1022 3391 1076 de
3418 1037 3521 1092 qua
3547 1022 3687 1077 idem
3720 1022 3854 1077 Pau-

2270 1090 2393 1149 lus:
2433 1112 2451 1144 ι
2480 1094 2636 1147 Anno
2666 1092 2725 1144 II
2762 1090 2969 1163 imperii
3004 1093 3229 1163 Heraclii
3260 1090 3739 1163 durus'Chosroes
3755 1093 3845 1163 ju-

2269 1176 2394 1231 gum
2438 1177 2591 1216 suum
2620 1176 2782 1231 super
2825 1162 3012 1218 Omnes
3047 1162 3290 1217 homines
3328 1162 3453 1217 fecit
3493 1164 3545 1216 in
3592 1162 3852 1219 eﬂ'usiOne

2274 1233 2551 1297 sanguinis
2570 1241 2632 1302 (et
2676 1234 2882 1288 ratione
2932 1233 3268 1287 tributorum.
3296 1251 3314 1285 ›
3350 1236 3524 1302 Atque
3553 1247 3674 1287 eam
3717 1241 3855 1286 tem-

2272 1310 2528 1371 pestatem
2559 1300 2690 1373 fugit
2714 1302 2946 1358 Joannes
2973 1313 3171 1365 noster,
3198 1317 3301 1371 qua
3329 1300 3613 1373 occasione
3636 1311 3853 1373 arrepta

2272 1378 2353 1441 (ut
2380 1382 2562 1443 narrat
2590 1372 2842 1428 Leontius
2868 1384 2923 1428 et
2950 1371 3360 1443 Metaphrastes)
3386 1372 3568 1427 Niceta
3594 1371 3854 1442 patricius

2271 1456 2393 1496 eum
2420 1442 2487 1497 ad
2513 1446 2885 1511 imperatorem
2918 1443 3183 1499 deducere
3210 1442 3408 1507 voluit,
3432 1446 3529 1513 ,qui
3557 1458 3616 1513 se
3642 1442 3755 1513 jam
3785 1443 3853 1497 ad

2272 1512 2471 1567 bellum
2502 1522 2689 1567 contra
2723 1514 2913 1569 Persas
2938 1514 3273 1582 accingebat,
3301 1523 3359 1568 ut
3382 1512 3471 1568 illi
3486 1512 3732 1569 videlicet
3758 1516 3855 1568 be-

2270 1582 2627 1637 nedictionem
2652 1598 2799 1638 suam
2829 1586 2982 1652 impei
2999 1586 3206 1638 tirctur.

2346 1654 2462 1725 (90)
2491 1652 2555 1706 In
2591 1653 2875 1725 Rhodum]
2909 1655 2979 1708 Ita
3012 1662 3235 1724 uterque
3264 1669 3536 1711 manuscr.
3566 1653 3736 1723 Editi,
3768 1656 3853 1709 in—

2272 1725 2495 1777 terdum.
2526 1725 2815 1779 NOtissima
2845 1726 3016 1778 insula
3048 1725 3289 1780 Rhodus.

2344 1794 2459 1864 (91)
2497 1794 2626 1867 Veni
2668 1793 2830 1867 iube]
2875 1795 3227 1867 ltaiManusc.
3259 1795 3560 1867 Aquicinct.
3594 1795 3851 1852 Gembla-

2273 1867 2471 1929 censis,
2502 1866 2633 1937 veni.
2668 1866 2841 1937 Editi’,
2870 1866 3039 1937 venire
3058 1866 3280 1937 juberis.
3320 1866 3428 1921 Vox
3461 1867 3574 1922 haec
3609 1868 3787 1935 iubeo,
3821 1881 3853 1923 ι

2276 1936 2587 2060 posterioris
2618 1937 2717 1990 sevi
2744 1936 3105 2006 Scriptoribus
3134 1937 3280 1991 varie
3308 1944 3578 2008 usurpata.
3603 1939 3853 1993 Aurelius

2326 2005 2459 2060 ictor
2485 2023 2497 2060 :
2536 2024 2555 2057 ‹
2587 2006 2959 2060 Maximianum
3008 2006 3382 2060 imperatorem
3414 2008 3580 2060 iubet.
3610 2027 3628 2059 ι
3666 2008 3809 2060 Idem
3831 2023 3852 2060 :

2326 2005 2459 2060 ictor
2485 2023 2497 2060 :
2536 2024 2555 2057 ‹
2587 2005 2959 2062 Maximianum
3008 2006 3382 2075 imperatorem
3409 2005 3580 2076 jubet.
3610 2027 3628 2059 ι
3666 2008 3809 2062 Idem
3831 2023 3852 2063 :

2280 2076 2577 2131 iCzesarem
2602 2077 2771 2146 jubet.
2786 2095 2806 2130 s
2833 2076 2984 2145 Quod
2996 2077 3365 2142 Casaubouus,
3387 2078 3527 2133 notis
3543 2078 3609 2132 ad
3628 2078 3855 2135 Atilium.

2274 2146 2472 2202 Verum
2522 2147 2822 2217 Spartiani,
2863 2148 3008 2217 capit
3057 2162 3153 2217 pro
3190 2158 3348 2203 creat.
3394 2150 3483 2205 Sic
3528 2164 3630 2203 non
3669 2149 3855 2217 jubere

2272 2218 2471 2345 gictulm
2522 2229 2671 2302 notat
2715 2234 2811 2289 pro
2860 2218 3145 2288 prohibere,
3193 2218 3247 2274 in
3296 2219 3604 2274 Alexandro
3650 2218 3856 2276 Severo

2318 2304 2409 2345 nar
2439 2304 2564 2344 iam.

2350 2289 2564 2344 artiani.

2316 2304 2851 2432 ?(|Slr;)aglmathunta.]
2896 2360 2969 2416 Ita
3000 2360 3365 2432 Iormabantur
3394 2360 3519 2432 hocA
3531 2361 3731 2416 saeculo
3758 2375 3857 2417 no-

2271 2428 2716 2503 minajémathus
2745 2428 3040 2503 Ptolomaeo
3068 2442 3153 2503 est
3198 2430 3679 2503 oppidumCypri,
3717 2442 3776 2486 ut
3824 2449 3855 2487 a

2273 2498 2446 2555 Persis
2464 2500 2720 2556 Persidos
2746 2502 3046 2557 formabant
3076 2498 3296 2557 Persida
3334 2498 3667 2557 nominandi
3690 2516 3819 2558 casu
3834 2542 3854 2569 ,

2272 2571 2343 2625 ita
2382 2572 2450 2626 ab
2498 2574 2743 2627 Amathus
2786 2573 3113 2627 Amathuntis
3157 2575 3455 2628 formarunt
3503 2572 3852 2641 Amathunta,

2274 2641 2433 2696 etiam
2462 2642 2768 2698 nominandi
2795 2659 2940 2700 casu.
2998 2686 3009 2697 η

2345 2713 2457 2785 (95)
2491 2713 2607 2767 Hoc
2644 2713 2895 2785 econtra.)
2937 2715 3129 2771 Totum
3164 2714 3266 2771 hoc
3308 2714 3605 2771 membrum
3632 2727 3854 2771 contra-

2271 2782 2444 2849 rium,
2477 2794 2531 2839 et
2560 2796 2734 2839 tamen
2765 2782 2943 2840 sensui
2990 2786 3348 2843 necessarium
3370 2829 3385 2854 ,
3417 2786 3573 2841 deest
3600 2788 3855 2842 omoibus

2273 2854 2615 2926 editiouihus.
2644 2856 2896 2925 Supplevi
2921 2872 2984 2911 ex
3017 2870 3242 2926 utroque
3270 2858 3655 2926 Manuscripto.

2346 2927 2459 2997 (94)
2488 2924 2789 2998 Tychonis]
2820 2927 3056 2983 Manusc.
3085 2924 3407 2995 Aquicinct.,
3442 2924 3701 2998 Ihiconis.
3738 2927 3854 2982 Ma-

2274 2997 2871 3069 nuscr.#Gemblace’n.,
2916 2998 3177 3052 Tia/tonis.
3229 3001 3402 3065 Editi,
3443 2997 3683 3069 Tyronis.
3724 2998 3856 3055 Om-

2276 3069 2403 3122 nino
2451 3067 2703 3139 Tychonis
2746 3070 3060 3139 legendum,
3092 3073 3242 3137 cujus
3272 3067 3529 3125 memoria
3570 3080 3747 3125 exstat
3792 3072 3848 3124 in

2276 3140 2470 3211 tabulis
2512 3140 2911 3195 ecclesiasticis.
2941 3140 3375 3211 Martyrologium
3418 3141 3752 3211 llomauuiu,
3786 3140 3855 3196 I6

2276 3208 2455 3264 Junii:
2496 3228 2513 3262 t
2544 3211 2882 3283 Amathunta:
2912 3213 2968 3283 in
2980 3208 3169 3283 Cypro
3202 3208 3383 3283 sancti
3428 3210 3701 3283 Tychonis
3724 3212 3847 3283 epi-

662 3287 779 3357 (88)
817 3285 987 3340 Unum
1012 3281 1334 3357 mendacium,
1359 3281 1798 3357 propteroDeumJ
1830 3283 1969 3341 Cave
2012 3287 2167 3344 intel-
2196 3287 2242 3352 α
2269 3284 2415 3350 scopi
2446 3291 2686 3357 tempore
2706 3281 2993 3357 Theodosii
3018 3281 3297 3351 junioris.»
3324 3281 3680 3353 Menologium
3701 3282 3854 3339 Gm-

596 3356 728 3425 ligas
756 3354 859 3411 ulla
901 3370 1130 3426 unquam
1176 3354 1384 3410 ratione
1422 3354 1805 3410 mentiendum.
1842 3357 1958 3425 Ipse
1984 3373 2042 3413 se
2071 3374 2166 3413 ex-

594 3429 755 3495 plicat
783 3427 1048 3498 quomodo
1080 3426 1218 3495 piam
1249 3427 1386 3480 lianc
1413 3426 1650 3498 fraudem
1685 3427 2033 3493 intellexerit,
2063 3430 2168 3485 etsi

594 3498 727 3551 alter
758 3496 940 3553 verum
967 3498 1018 3551 in
1050 3505 1188 3551 terra
1215 3500 1440 3565 pretium
1467 3496 1738 3551 inventum
1769 3498 2126 3555 existimabat.

667 3568 781 3639 (89)
812 3568 1029 3639 Quando
1056 3564 1371 3639 permittente
1390 3564 1544 3637 Deo.)
1568 3567 1784 3639 Baron.,
1807 3568 2001 3639 LVIII,
2026 3586 2166 3627 anno

597 3636 791 3693 Christi
839 3638 963 3704 620,
1000 3636 1254 3693 IlOnifacii
1286 3638 1324 3691 V
1366 3636 1601 3707 papaa'i’),
1638 3638 1865 3692 Heraclii
1911 3640 2041 3708 imp.
2072 3643 2162 3697 II.

602 3709 830 3780 «Porro,
880 3707 1078 3777 inquit,
1113 3712 1201 3779 qui
1248 3708 1633 3780 exscripsitex
1666 3718 1948 3780 prototypo
1991 3707 2162 3767 Meta-

596 3779 867 3904 Ehrastem
916 3781 1312 3849 paraphrastice
1359 3778 1559 3850 aliquid
1607 3778 1989 3863 addidisse’ad
2032 3783 2163 3838 Acta

640 3860 834 3904 eontn.
867 3865 970 3904 non
1002 3865 1279 3904 negamus.
1314 3859 1374 3904 ut
1413 3865 1530 3904 uua:
1575 3860 1753 3904 postea
1782 3850 1984 3904 addidit
2026 3854 2163 3904 haud

640 3852 799 3905 eonlii
820 3896 834 3920 ,
867 3865 970 3905 non
1002 3865 1279 3920 negamus,
1314 3859 1374 3904 ut
1413 3865 1530 3919 qua:
1574 3860 1753 3919 postea
1782 3850 1984 3905 addidit
2026 3854 2165 3908 haud

596 3923 818 3976 veritate
846 3922 1143 3976 constantia
1170 3922 1346 3977 verbis
1387 3922 1535 3974 istis:
1574 3938 1592 3971 ι
1621 3920 1716 3975 Hic
1755 3936 1941 3976 revera
1989 3923 2165 3979 bonus

596 4002 800 4061 pastor,
845 3992 1053 4046 divinus
1094 3994 1304 4061 inquam
1346 3991 1682 4060 patriarcha,
1731 3992 1955 4047 credens
2009 3992 2163 4050 Prin-

595 4063 698 4130 cipi
725 4072 993 4134 pastorum
1020 4062 1251 4134 Christo,
1276 4064 1365 4130 qui
1390 4061 1583 4134 jubet:
1616 4062 1675 4117 Si
1703 4067 1949 4134 persecuti
1978 4068 2166 4134 fuerint

596 4148 679 4185 vos
706 4133 760 4185 in
802 4148 904 4204 una
947 4132 1168 4199 civitate,
1194 4132 1353 4203 fugite
1389 4133 1443 4204 in
1479 4132 1636 4186 aliam
1680 4132 1897 4204 (Matth.
1921 4132 2015 4204 x)‘:
2044 4151 2164 4191 cum

596 4212 740 4256 esset
765 4203 1083 4257 Alexandria
1112 4205 1364 4259 tradenda
1390 4203 1671 4258 Persorum
1692 4203 1964 4271 manibus,
1988 4208 2164 4262 divina

598 4273 925 4342 providentia
966 4272 1107 4327 illinc
1134 4273 1347 4343 quidem
1387 4274 1617 4343 recedit,
1662 4275 1854 4344 migrat
1891 4287 2068 4332 autem
2113 4281 2163 4334 in

595 4358 743 4397 suam
773 4344 992 4413 patriam
1015 4344 1268 4415 Cyprum,
1301 4360 1453 4399 suum
1483 4347 1531 4399 ei
1562 4359 1757 4416 corpus
1784 4347 2087 4416 largiturus,
2108 4360 2165 4405 ut

592 4428 711 4485 quae
740 4426 858 4491 eum
891 4415 1127 4480 aluerat;
1172 4417 1510 4491 praesciverat
1548 4415 1689 4470 enim
1728 4416 1839 4486 jam
1870 4415 2168 4490 appropin-

592 4484 753 4541 ouare
783 4484 1080 4542 decessum.
1110 4506 1129 4538 ι

670 4575 687 4630 t
721 4557 865 4630 llaec,
897 4557 1240 4630 i_n_quam,_ab
1269 4559 1385 4627 ipso
1415 4556 1610 4630 addita,
1639 4556 1784 4612 nulla
1815 4562 2047 4630 estapud
2080 4579 2165 4620 me

592 4625 871 4682 dubitatio.
902 4625 1105 4681 Eienim
1152 4625 1431 4683 Persarum
1478 4629 1839 4683 incursionem
1884 4625 2073 4687 factam
2108 4637 2160 4689 in

592 4677 878 4775 satyrus
894 4677 1462 4775 aetatesaetas.
1478 4677 2160 4775 Eéiiuh'fés'i"ei'ii§"iiu§
2193 4677 2240 4736 υ

589 4768 1013 4844 superius__dicta
1059 4780 1351 4844 sunt,_quo
1397 4770 1789 4844 temporeipse
1818 4768 2153 4844 nequaquam

589 4854 738 4913 suam
788 4837 998 4908 reliquit
1041 4837 1346 4909 ecclesiam,
1375 4852 1428 4895 et
1447 4837 1519 4913 _si
1544 4837 1796 4910 latebras,
1825 4837 2160 4913 ne'cap'tivus

588 4910 893 4982 duceretur,
925 4922 1167 4980 captasse
1212 4915 1396 4981 potuit.
1429 4911 1691 4968 Caeterum
1723 4914 1883 4982 hujus
1926 4910 2159 4972 Alexan-

589 4980 701 5053 dria
750 4980 1092 5053 profectionis
1131 4983 1236 5037 alia
1276 4997 1434 5037 causa
1484 4982 1750 5053 longeque
1795 4980 2006 5041 diversa
2037 4989 2155 5044 luit.

587 5050 890 5125 Cuuienim
935 5052 1182 5107 virtutem
1228 5054 1355 5108 tanti
1387 5054 1487 5107 viri
1530 5050 1742 5109 Hicetas
1773 5056 2023 5125 patricius
2069 5074 2160 5114 co-

588 5123 875 5195 gnovisset,
894 5126 1104 5195 aptavit
1131 5139 1256 5179 eum
1282 5126 1477 5180 ducere
1503 5125 1571 5178 ad
1613 5123 1990 5195 imperatorem
2021 5130 2157 5185 Con-

586 5193 1027 5267 stantinopolim,
1058 5209 1163 5264 quo
1209 5197 1275 5251 ab
1316 5197 1457 5267 ipso,
1472 5193 1719 5267 percepta
1766 5198 2154 5267 benedictione,

586 5266 824 5337 securior
851 5264 939 5319 ille
967 5266 1032 5320 ad
1064 5267 1335 5322 Persicum
1380 5264 1575 5320 bellum
1621 5264 2069 5337 proficisceretur.
2102 5264 2157 5325 Id

584 5334 723 5402 quod
750 5334 1118 5411 demonstrant
1144 5339 1310 5409 ipsius
1339 5339 1498 5391 verba
1526 5334 1751 5404 Leontii,
1780 5355 1897 5409 quas
1925 5355 2159 5411 sequun-

585 5414 689 5459 tur.
715 5423 733 5457 s
766 5406 1027 5461 Hactenus
1057 5406 1330 5466 Baronius.

656 5478 932 5547 Optassem
961 5480 1231 5549 equidem,
1264 5482 1493 5537 Baronio
1523 5481 1574 5535 in
1621 5482 1877 5537 memoria
1910 5483 2154 5549 haesisse,

584 5552 722 5626 quod
750 5551 1039 5626 scripserat
1064 5554 1117 5626 iu
1144 5553 1523 5626 Martyrologio
1552 5553 1794 5626 Romano
1821 5554 1887 5608 ad
1918 5555 2059 5611 diem
2084 5557 2156 5612 25

583 5617 839 5694 Januarii,
862 5617 958 5675 'ubi
985 5626 1059 5676 ait
1087 5617 1351 5694 duplicem
1380 5617 1502 5680 esse
1528 5624 1815 5680 editionem
1845 5633 1900 5681 et
1930 5630 2155 5682 transla-

584 5692 779 5768 tionem
809 5701 1059 5768 Actorum
1090 5692 1348 5768 Joannis;
1380 5712 1484 5750 non
1512 5696 1578 5751 de
1609 5698 1828 5766 periodo
1857 5699 1969 5763 illa,
2000 5701 2151 5768 quasi

584 5764 998 5834 alletaphraste
1043 5766 1241 5820 inserta
1271 5766 1375 5833 sit,
1410 5769 1483 5821 illi
1528 5769 1580 5821 in
1610 5764 1856 5823 tuentem
1897 5764 2149 5824 γυηίἒδει.

583 5832 713 5889 Nam
740 5832 797 5891 et
821 5834 1099 5905 Leontius,
1130 5851 1287 5908 quem
1320 5832 1405 5894 hic
1433 5839 1665 5909 edimus,
1706 5841 1947 5896 eamdem
1981 5843 2153 5912 perio-

2269 3365 2392 3407 cum
2418 3362 2470 3407 et
2502 3354 2721 3419 Mentea,
2748 3354 2813 3408 I6
2836 3352 2998 3407 Junii.

2341 3423 2454 3497 (95)
2483 3423 2712 3497 Corpora
2740 3424 3205 3497 suaseparantes.]
3235 3424 3408 3480 Etiam
3438 3425 3493 3497 in
3520 3425 3856 3497 primogeuil

2268 3492 2505 3549 EcCleSia
2533 3494 2705 3549 simile
2730 3496 2855 3563 quid
2894 3492 3109 3560 factum.
3143 3492 3350 3552 Tertul.
3379 3497 3417 3551 ι.
3450 3492 3766 3562 ἀθίΑιιίιηξι,
3795 3511 3847 3551 c.

2268 3565 2334 3619 5I
2366 3582 2377 3616 :
2417 3583 2435 3617 ‹
2468 3567 2560 3619 Est
2586 3576 2639 3620 et
2662 3565 2777 3636 alia
2800 3567 2989 3621 relatio
3018 3568 3156 3636 apud
3182 3575 3420 3635 nostros,
3452 3567 3505 3621 in
3535 3569 3857 3624 coemeterio

2269 3648 2466 3705 corpus
2511 3638 2721 3705 corpori
2761 3634 2912 3706 juxta
2955 3634 3307 3703 collocando,
3355 3642 3583 3706 spatium
3633 3652 3855 3695 recessu

2268 3714 2710 3778 communicasse.
2740 3710 2798 3762 Si
2828 3717 2880 3762 et
2927 3708 3066 3777 apud
3096 3709 3341 3763 ethnicos
3373 3708 3476 3763 tale
3513 3709 3643 3778 quid
3687 3710 3858 3764 tradi-

2270 3787 2377 3851 tur,
2409 3779 2593 3851 utique
2620 3777 2759 3832 Deus
2790 3781 3069 3851 potestatis
3104 3794 3215 3851 sua:
3243 3780 3390 3851 signa
3423 3777 3712 3851 proponit,
3740 3778 3854 3836 suis

2268 3849 2323 3902 in
2346 3850 2616 3915 solatium,
2641 3850 2908 3904 extraneis
2932 3851 2985 3904 in
3011 3850 3393 3905 testimonium.
3409 3870 3428 3901 ι
3449 3849 3655 3906 Similia
3678 3865 3857 3906 exem-

2269 3920 2354 3989 pla
2381 3922 2583 3991 iugaliis
2611 3929 2915 3975 sanctorum
2940 3922 3063 3991 vitis
3093 3921 3284 3991 legisse
3309 3920 3683 3991 videorstide
3712 3920 3856 3977 Gre-

2267 4006 2385 4061 gor.
2418 3990 2784 4046 Turonensem
2814 3992 2882 4047 de
2911 3990 3090 4047 Gloria
3119 3989 3380 4058 confess,
3411 4006 3460 4046 c.
3488 3990 3584 4058 '52,
3610 3993 3679 4047 de
3708 3992 3853 4047 duo-

2269 4060 2369 4141 bus
2394 4064 2719 4129 amantibus,
2749 4063 2837 4117 ubi
2865 4064 3108 4132 sepulcra
3138 4079 3167 4116 a
3196 4078 3256 4119 se
3281 4065 3506 4118 invicem
3533 4072 3761 4120 exarata
3788 4078 3853 4121 se

2294 4147 2513 4191 unxere.

2545 4202 2775 4277 Rhoda]
2803 4202 2875 4259 Ita
2902 4213 3125 4277 uterque
3152 4206 3249 4263 Ms.
3275 4206 3448 4277 Editi,
3477 4206 3703 4272 Arbodo,
3731 4219 3857 4277 pss-

2268 4288 2424 4331 Slllle.

2365 4348 2455 4419 97)
2486 4346 2811 4419 Piltacium.]
2855 4347 2928 4404 Ita
2958 4360 3180 4419 uterque
3222 4351 3322 4405 Ms.
3354 4349 3527 4416 Editi,
3558 4360 3849 4419 peccatum.

2268 4416 2373 4496 _Sed
2407 4416 2673 4496 pittacium
2700 4416 2904 4474 reciutn
2946 4416 3353 4496 essefsuadent
3381 4416 3679 4496 sequentia.
3708 4421 3852 4476 Scri-

2268 4488 2410 4561 bitur
2443 4490 2749 4561 plerumque
2778 4500 3065 4561 pyctactum
3107 4494 3187 4548 vel
3219 4488 3513 4561 pictacium.
3546 4494 3737 4553 πύκτας
3766 4502 3849 4547 est

2268 4559 2500 4625 libellus,
2519 4560 2766 4628 epistola,
2790 4559 3003 4616 tabella.
3023 4560 3153 4618 Vide
3173 4559 3450 4619 Onomast.
3472 4562 3658 4620 Simile
3678 4578 3853 4619 exem-

2271 4631 2642 4704 pluinin‘ﬁta
2674 4630 2881 4704 Basilii,
2913 4648 3092 4702 supra,
3121 4649 3241 4704 cap.
3269 4652 3324 4690 x.

2338 4699 2737 4776 (98)“Lipsani.]
2765 4701 2837 4757 Ita
2868 4699 3013 4758 recte
3058 4699 3282 4775 uterque
3308 4706 3409 4761 Ms.
3436 4705 3505 4761 Et
3531 4706 3724 4776 Aquic.
3752 4720 3847 4762 su-

2264 4774 2669 4847 per-scribebat:
2702 4775 2755 4847 id
2786 4784 2889 4847 est,
2910 4777 3151 4847 corporis
3178 4774 3254 4830 uel
3296 4774 3653 4847 reliquiarum.
3685 4776 3853 4833 Vetus

2263 4842 2450 4919 editio,
2478 4846 2682 4919 (ipsum.
2712 4843 2863 4899 Unde
2886 4842 3229 4919 Coloniensis
3258 4842 3415 4916 fecit,
3444 4849 3579 4919 ipsa.

2335 4916 2446 4990 (99)
2480 4913 2595 4969 Uno
2624 4913 2742 4990 hinc
2770 4926 2817 4990 et
2844 4915 3004 4990 altera
3036 4920 3153 4971 hinc
3180 4913 3563 4990 aspitantibiss.]
3606 4918 3687 4973 ιω
3731 4918 3847 4973 Ma-

2262 4988 2570 5056 nuscriptus
2608 4985 3029 5053 Aquicinctinus.
3062 4990 3202 5044 Editi
3233 4985 3251 5043 :'
3288 5004 3389 5042 uno
3430 4985 3563 5044 hinc—
3589 4996 3636 5044 et
3682 4991 3851 5044 altero

2261 5056 2379 5130 inde
2407 5060 2450 5109 ei
2472 5057 2847 5130 assistentibus.
2874 5059 2952 5113 Ex
2983 5062 3210 5116 lectione
3237 5061 3595 5130 Aquicinctini
3625 5058 3846 5115 Codicis

2261 5124 2371 5201 fors
2394 5129 2510 5201 quis
2537 5127 2796 5183 divinabit
2822 5130 3102 5199 legendum
3120 5170 3135 5197 ,
3163 5124 3445 5185 astantibus
3468 5133 3548 5186 vel
3573 5141 3848 5201 aspectan-

2262 5198 2414 5271 tibus.
2439 5199 2833 5271 lteprteseriitavi
2857 5198 3416 5269 veterem'lectionem,
3440 5203 3484 5256 si
3508 5198 3647 5256 forte
3674 5202 3846 5271 proba

2263 5268 2363 5337 sit,
2395 5280 2449 5324 et
2477 5270 2600 5323 alibi
2627 5270 2789 5325 etiam
2817 5274 3135 5342 reperiatur.
3174 5268 3407 5328 Invenio
3429 5272 3485 5326 in
3513 5268 3722 5329 Glossis
3752 5272 3852 5329 lsi-

2262 5339 2378 5393 dori
2406 5358 2418 5394 :
2448 5340 2658 5400 Aspita.
2688 5342 2858 5397 ruina.
2892 5344 2969 5399 Ita
2994 5356 3048 5400 et
3089 5347 3139 5399 in
3186 5342 3456 5400 Glossario
3487 5344 3582 5399 Ms.
3613 5342 3852 5400 Canthe-

2338 5357 2378 5393 l'I
2406 5358 2418 5394 2
2448 5357 2658 5419 ᾼσριια,
2688 5357 2858 5397 ruma.
2892 5357 2969 5399 lla
2994 5357 3048 5400 et
3089 5361 3139 5399 In
3186 5357 3456 5400 ωοεειηο
3487 5357 3853 5419 Μεσμαηιυθ-

2261 5424 2474 5467 roncnsn

2333 5482 2486 5557 (I00)
2514 5484 2695 5557 Sancti
2719 5485 2961 5556 martyris
2987 5482 3239 5556 Mennim]
3264 5485 3481 5542 Festum
3507 5487 3623 5557 ejus
3652 5503 3852 5544 occur-

2262 5550 2408 5632 ritip
2430 5550 3059 5632 Menologioerﬁtaaneis
3092 5559 3152 5632 Il
3197 5550 3627 5632 Novgmbristt
3657 5568 3846 5619 tamen

2261 5624 2314 5699 in
2344 5624 2531 5699 iisdem
2559 5624 2779 5681 Joannis
2807 5627 2998 5682 fesuim
3032 5629 3243 5699 ponitur
3277 5626 3342 5680 12
3385 5629 3721 5687 Novembris.
3756 5633 3847 5690 An

2259 5694 2361 5770 hoc
2387 5698 2585 5770 factum
2617 5713 2680 5751 ex
2711 5694 3059 5755 translatione
3087 5701 3236 5766 festi,
3263 5701 3404 5770 quod
3449 5701 3671 5759 Meums
3700 5708 3851 5761 cele-

2258 5766 2523 5845 berrimus
2552 5777 2670 5823 erat
2698 5780 2901 5845 martyr
2932 5778 3053 5845 toto
3067 5766 3296 5828 Oriente
3318 5776 3513 5829 notus?
3546 5775 3612 5830 Ut
3642 5777 3848 5834 Joauni

2260 5838 2402 5891 diem
2435 5849 2749 5910 sequentem
2773 5838 3059 5898 dederint?
