4142 6350
246 435 3528 487 W

1711 588 1875 633 JULII
1922 590 2056 636 νηί.

1045 730 1525 844 νιτΔ
1601 729 2732 848 εΔΝαι-οιιπινι

624 949 1647 1129 EPICTETI
1768 960 3157 1112 PRESBYTERI

746 1252 1717 1523 .ASTIONIS
1816 1204 2765 1521 ftiONACHI
2824 1445 2998 1571 (υ,

1291 1615 1862 1702 AUCTORE
1915 1616 2479 1703 INCERTO.

308 1886 489 1945 Cum
516 1886 1189 1955 annuum—Temporibus
1221 1884 1537 1941 Diocletiani
1568 1886 1832 1957 profanis-
1858 1894 1911 1952 Α
1944 1902 2068 1943 cum
2103 1889 2291 1959 pignus
2318 1904 2411 1959 per
2441 1899 2583 1945 tuam
2614 1890 2837 1961 gratiam
2864 1907 3183 1965 recuperare
3208 1897 3262 1953 in
3293 1898 3526 1969 priorem
3571 1894 3575 1898 ’

226 1978 361 2037 simi
392 1979 726 2048 imperatoris
759 1979 861 2051 (2),
892 1987 1005 2033 erat
1032 1979 1248 2051 quidam
1268 1980 1552 2053 presbyter
1580 1983 1631 2037 in
1661 1982 1826 2052 parti-

225 2068 336 2128 bus
382 2072 656 2138 Orientis,
704 2071 921 2129 nomine
964 2073 1255 2144 Epictetus,
1308 2077 1616 2146 religiosam
1662 2078 1825 2131 vitam

226 2178 422 2234 agens,
456 2172 510 2222 et
538 2177 716 2222 castus
747 2167 799 2221 in
830 2166 973 2221 omni
1001 2181 1095 2222 sua
1131 2168 1538 2224 conversatione
1567 2168 1823 2224 existens.

226 2253 334 2314 Ilic
364 2274 592 2328 namque
618 2274 647 2313 a
680 2272 840 2329 parva
870 2266 1029 2313 aetate
1059 2258 1111 2312 in
1134 2258 1357 2315 servitio
1386 2259 1598 2315 Domini
1626 2262 1828 2315 enutri-

226 2360 355 2420 tus,
400 2354 754 2409 exercebatur
795 2352 848 2408 in
890 2352 1138 2409 omnibus
1185 2354 1656 2424 justiﬁcationibus
1701 2355 1827 2410 Jesu

223 2444 431 2501 Christi
476 2445 673 2517 (Psal.
731 2445 964 2517 cxvnt).
1012 2445 1144 2501 Cum
1213 2456 1392 2502 autem
1448 2446 1513 2501 ad
1564 2455 1827 2501 maturam

229 2538 579 2609 pervenisset
642 2549 895 2603 aetatem,
941 2547 1001 2593 ut
1056 2537 1270 2594 Samuel
1332 2538 1599 2609 quondam
1651 2536 1829 2607 ephod

220 2632 566 2688 sacerdotale
588 2634 886 2703 promeruit
912 2642 1128 2703 portare
1172 2630 1228 2704 (Ι
1262 2632 1389 2705 Reg.
1441 2632 1524 2703 ιι),
1576 2646 1643 2688 eo
1686 2631 1827 2702 quod

220 2725 396 2780 multa
454 2726 606 2795 signa
668 2740 732 2782 ac
798 2725 1038 2798 prodigia
1084 2740 1180 2796 per
1239 2740 1361 2781 eum
1420 2724 1602 2779 divina
1658 2724 1828 2795 gratia

218 2816 275 2876 in
349 2820 598 2875 omnibus
628 2852 639 2861 -
670 2818 1040 2889 operabatur.-
1072 2819 1310 2891 Denique
1372 2832 1637 2874 caecorum
1686 2832 1829 2888 saepe

218 2910 783 2968 oculosorationihus
810 2912 1163 2979 illuminabat,
1208 2912 1306 2969 sed
1362 2920 1416 2969 et
1466 2914 1706 2982 leprosos
1761 2911 1829 2967 ad

218 3018 281 3062 Ie
312 3005 592 3061 venientes
627 3004 974 3073 emundabat,
1006 3005 1323 3077 paralyticos
1352 3005 1595 3073 sanabat,
1650 3020 1711 3061 ac
1763 3004 1830 3061 de

218 3099 463 3157 obsessis
487 3099 801 3169 corporibus
828 3098 1091 3154 daemonia
1135 3097 1418 3169 eﬁ‘ugabat.

289 3192 426 3249 Car.
461 3192 525 3247 ll.
553 3224 619 3232 —
644 3192 809 3264 Igitur
836 3208 937 3248 una
974 3207 1005 3248 e
1036 3192 1245 3256 diebus,
1277 3192 1403 3246 dum
1430 3191 1580 3247 solus
1627 3205 1720 3246 sua
1767 3191 1822 3246 in

1934 1983 2175 2038 habitum
2197 1984 2434 2055 dignare,
2460 1992 2518 2039 ut
2541 1997 2797 2056 agnoscat
2817 1987 2932 2043 haec
2953 1991 3225 2059 generatio
3249 1993 3525 2051 incredula

1931 2085 1984 2130 et
2017 2091 2285 2145 perversa,
2319 2086 2562 2133 sanctum
2595 2088 2649 2135 et
2671 2081 2906 2136 terribile
2928 2097 3121 2138 nomen
3148 2093 3292 2140 tuum
3318 2087 3524 2153 colere,

1931 2178 1985 2225 et
2014 2186 2269 2227 enarrare
2298 2170 2559 2231 mirabilia
2592 2181 2681 2227 tua
2713 2175 2765 2227 in
2794 2174 2935 2228 omni
2970 2184 3230 2245 tempore.
3263 2178 3329 2232 Et
3374 2180 3525 2235 linita

1931 2263 2195 2328 oratione,
2218 2262 2287 2317 de
2309 2263 2641 2318 sanctiﬁcato
2656 2263 2778 2318 oleo
2797 2265 2985 2333 puellre
3009 2266 3249 2322 membra
3272 2268 3524 2326 universa

1933 2356 2207 2427 perunxit.
2235 2356 2366 2424 Quae
2390 2358 2527 2413 hanc
2552 2359 2832 2415 sanitatem
2851 2374 2912 2414 ac
2931 2362 3189 2417 medelam
3217 2373 3524 2433 consecuta,

1933 2464 2038 2504 una
2060 2464 2178 2503 cum
2204 2450 2514 2519 parentibus
2534 2451 2644 2506 suis
2668 2450 2955 2507 Dominum
2975 2454 3346 2511 benedicehat.
3368 2456 3524 2512 Tunc

1931 2549 2149 2597 sanctus
2180 2542 2453 2611 Epictetus
2480 2544 2739 2614 prmcepit'
2777 2545 2913 2613 patri
2946 2546 3138 2614 puellas
3182 2546 3365 2603 dicens
3399 2564 3415 2602 :
3464 2547 3524 2606 Si

1933 2634 2103 2705 cupis,
2129 2648 2161 2689 0
2188 2634 2503 2692 charissime
2535 2637 2626 2701 mi,
2653 2647 2710 2691 ut
2733 2637 2876 2692 nulla
2905 2638 2973 2694 de
2999 2639 3210 2710 reliquo
3240 2637 3527 2697 inﬁrmitas

1933 2743 2029 2782 seu
2051 2728 2263 2783 vexatio
2290 2728 2466 2799 aliqua
2489 2729 2541 2784 in
2566 2729 2730 2785 domo
2759 2738 2850 2785 tua
2876 2732 3181 2801 praevaleat,
3215 2748 3310 2803 per
3338 2735 3530 2804 singu—

1933 2822 2014 2877 las
2036 2822 2363 2892 septimanas
2389 2838 2509 2879 cum
2546 2825 2692 2879 omni
2717 2834 2804 2879 tua
2830 2825 3023 2881 familia
3054 2826 3322 2884 dominica
3345 2842 3529 2885 sacra-

1933 2924 2114 2971 menta
2142 2930 2263 2971 cum
2294 2915 2582 2972 devotione
2611 2918 2797 2973 intnna
2829 2927 2883 2973 et
2915 2920 3113 2975 mundo
3154 2920 3319 2976 corde
3348 2921 3526 2991 perci-

1934 3022 2060 3077 pere
2090 3008 2303 3063 festina.
2336 3008 2460 3064 llaec
2485 3023 2605 3064 cum
2635 3009 2880 3079 dixisset,
2911 3010 3090 3067 laetum
3122 3028 3245 3067 eum
3291 3022 3349 3069 et
3383 3013 3527 3070 bono

1934 3101 2113 3156 animo
2137 3115 2257 3155 cum
2290 3100 2539 3156 omnibus
2561 3101 2628 3156 ad
2658 3102 2869 3171 propria
2896 3102 3046 3158 abire
3073 3104 3316 3173 imperat.

2006 3190 2139 3245 CAP.
2178 3190 2268 3246 lll.
2295 3220 2366 3231 —
2390 3192 2519 3247 ltem
2550 3191 2655 3247 alio
2703 3202 2975 3261 tempore,
3003 3193 3363 3250 daemoniacus
3403 3195 3527 3266 qui-

218 3286 361 3343 eella
387 3285 676 3351 resideret,
698 3302 762 3342 ac
785 3287 972 3344 solitas
993 3276 1264 3343 orationes
1283 3285 1499 3341 Christo
1519 3285 1818 3354 exhiberet,
1851 3292 1901 3355 Β
1925 3281 2049 3337 dam
2089 3282 2157 3337 ad
2187 3298 2311 3339 eum
2337 3283 2620 3339 deductus.
2653 3284 2822 3351 Quem
2850 3299 2971 3340 cum
2995 3300 3177 3341 secum
3205 3287 3402 3365 degere
3427 3286 3526 3343 Dei

217 3380 475 3451 quaedam
499 3382 676 3450 puella
696 3380 911 3437 comitis
929 3381 1206 3451 cujusdam
1229 3380 1360 3446 ﬁlia,
1382 3379 1632 3434 omnibus
1651 3393 1821 3434 mem-

218 3469 333 3528 bris
362 3483 564 3543 praeter
593 3472 829 3544 linguam
861 3482 967 3528 tota
995 3483 1203 3529 mortua
1234 3472 1298 3527 ad
1331 3488 1453 3528 eum
1484 3472 1818 3544 perducitur.

217 3565 467 3636 Cumque
514 3578 614 3635 pro
643 3564 849 3621 foribus
879 3566 997 3637 ejus
1046 3576 1196 3637 pater
1222 3567 1382 3621 ﬁliam
1431 3565 1720 3638 posuisset,
1743 3567 1825 3621 in-

219 3672 439 3729 gressus
470 3659 585 3729 ipse
615 3673 680 3714 ac
708 3668 976 3726 sanctum,
1005 3660 1228 3732 genibus
1257 3659 1374 3730 ejus
1396 3661 1574 3717 subito
1604 3660 1826 3716 advoluo

218 3757 327 3817 tus,
363 3751 544 3806 taliter
568 3750 807 3807 clamans
832 3762 886 3808 et
910 3752 1096 3808 dicens
1122 3770 1135 3806 :
1162 3754 1417 3809 Miserere
1444 3755 1571 3821 mei,
1600 3769 1635 3809 ο
1661 3754 1825 3810 homo

217 3839 321 3898 Dei
352 3843 581 3912 excelsi,
615 3857 682 3897 eo
709 3845 849 3915 quod
891 3844 1031 3902 Deus
1061 3853 1201 3913 tuus,
1249 3855 1389 3901 totus
1417 3845 1727 3902 misericors
1772 3855 1828 3903 et

219 3936 517 3994 miserator
545 3956 577 3996 a
606 3941 778 3997 servis
802 3939 914 3996 suis
961 3940 1355 4008 pronuntiatur.
1410 3939 1489 3994 Ne
1537 3940 1669 3996 velis
1714 3933 1822 4011 me,

220 4046 433 4102 quaeso,
471 4034 733 4104 projicere
766 4049 795 4088 a
825 4032 957 4088 facie
979 4041 1092 4101 ttta,
1121 4047 1244 4087 cum
1269 4031 1358 4087 ille
1377 4040 1649 4102 gratanter
1667 4032 1827 4089 susci-

222 4124 337 4193 piat
386 4139 580 4180 omnes
609 4126 675 4182 ad
718 4142 779 4182 se
826 4125 1216 4198 confugientes.
1270 4125 1383 4195 Ego
1425 4126 1566 4181 enim
1613 4127 1827 4184 unicam

221 4214 402 4271 habeo
432 4217 598 4273 tiliam
632 4233 801 4274 annos
845 4216 961 4274 fere
988 4234 1058 4273 xv
1086 4218 1258 4273 aetatis
1286 4227 1555 4288 agentem,
1588 4218 1683 4274 sed
1716 4218 1830 4274 haec

228 4324 333 4380 per
357 4311 649 4367 triennium
673 4312 928 4381 temporis
948 4326 978 4366 a
1010 4312 1171 4368 nimia
1198 4312 1427 4385 paralysi
1447 4312 1704 4367 dissoluta
1726 4321 1827 4368 est.

219 4400 413 4471 Itaque
445 4420 554 4460 non
582 4404 770 4460 dubito
798 4406 940 4476 quod
972 4405 1062 4461 ille
1090 4405 1182 4476 qui
1212 4421 1286 4461 xu
1333 4420 1595 4462 annorum
1629 4404 1831 4461 ﬂuxum

220 4502 510 4572 sanguinis
541 4501 817 4558 restrinxit
845 4499 1056 4573 (Matth.
1094 4500 1195 4572 rx),
1237 4502 1452 4570 poterit,
1490 4501 1538 4556 si
1575 4501 1827 4568 voluerit,

218 4602 285 4650 et
319 4596 440 4651 lilia:
466 4610 603 4651 meae
624 4610 718 4664 per
741 4603 794 4651 te
816 4595 1079 4666 integram
1103 4595 1523 4651 incolumitatem
1556 4604 1831 4664 praestare,

1930 3380 2092 3434 homo
2115 3377 2351 3445 fecisset,
2376 3379 2539 3448 coepit
2566 3378 2800 3434 triduum
2834 3380 3010 3435 taliter
3030 3379 3275 3437 diabolus
3305 3382 3372 3437 ad
3401 3396 3525 3438 eum

1926 3470 2209 3526 vociferari
2240 3477 2296 3526 et
2334 3470 2514 3526 dicere
2544 3489 2558 3526 :
2590 3469 2634 3524 Ο
2671 3485 2822 3539 crux,
2851 3484 2888 3526 o
2918 3480 3206 3543 tormenta,
3249 3489 3372 3546 quae
3409 3475 3528 3531 sine

1927 3577 2087 3620 causa
2117 3563 2312 3632 patior.
2342 3562 2513 3634 Quam
2553 3563 2693 3620 bene
2739 3563 2868 3620 mihi
2915 3580 3130 3636 semper
3180 3568 3232 3622 in
3285 3567 3529 3638 l'hrygia

1928 3659 2170 3730 partibus
2216 3667 2370 3729 erat,
2415 3659 2689 3730 quomodo
2730 3659 2970 3731 quotidie
3012 3662 3321 3718 hominibus
3368 3666 3531 3735 212

1930 3766 2111 3807 meum
2155 3752 2480 3809 sacriﬁcium
2529 3754 2797 3823 ritumque
2840 3754 3168 3809 suadebam?
3217 3754 3273 3810 in
3320 3756 3536 3825 quantis

1929 3844 2109 3915 itaque
2138 3844 2432 3901 honoribus
2461 3861 2561 3917 ego
2592 3847 2758 3902 miser
2788 3846 2899 3901 illic
2926 3845 3211 3915 degebam,
3242 3846 3338 3902 sed
3382 3860 3529 3902 nunc

1931 3953 2101 4008 usque
2130 3952 2234 3993 non
2268 3937 2523 4004 intellexi,
2555 3952 2622 3994 eo
2668 3938 2809 4009 quod
2864 3938 3085 3995 levitate
3133 3940 3364 4010 quadam
3408 3939 3537 3997 inde

1930 4030 2133 4087 recessi
2155 4040 2211 4086 et
2238 4032 2339 4087 huc
2371 4031 2611 4101 perveni.
2642 4032 2754 4102 Ego
2777 4032 2857 4105 (3)
2885 4047 3117 4103 namque
3144 4047 3262 4089 sum
3295 4036 3405 4104 ille,
3437 4033 3533 4105 qui

1934 4136 2030 4192 per
2062 4121 2375 4176 Montanum
2406 4122 2638 4192 plurima
2680 4124 2865 4186 verba,
2897 4131 2952 4179 et
2996 4121 3329 4194 blasphemia
3378 4124 3538 4196 plena

1932 4217 2155 4286 protuli.
2188 4216 2302 4287 Ego
2330 4231 2425 4287 per
2455 4217 2801 4273 Maximillam
2828 4217 3039 4273 diversa
3083 4219 3385 4289 perpetravi
3415 4233 3533 4276 sce-

1935 4308 2074 4367 lera.
2122 4308 2231 4380 Ego
2264 4320 2431 4364 totam
2458 4309 2606 4365 illam
2635 4310 2908 4381 regionem
2940 4310 3007 4365 ad
3056 4326 3231 4366 meam
3274 4312 3538 4367 culturam

1936 4402 2233 4472 sordesque
2256 4401 2485 4458 detraxi.
2514 4401 2629 4474 Ego
2660 4417 2756 4471 per
2785 4402 2970 4457 Arium
2996 4402 3412 4458 Alexandrinam
3444 4419 3537 4459 ur-

1937 4494 2061 4550 bem
2094 4495 2286 4563 invasi,
2323 4504 2483 4565 atque
2510 4504 2570 4550 ut
2598 4494 2794 4549 Filium
2826 4494 2921 4550 Dei
2967 4494 3071 4548 vivi
3119 4505 3423 4550 creaturam
3453 4496 3538 4551 di-

1939 4598 2110 4653 ceret,
2141 4589 2403 4657 persuasi.
2430 4587 2545 4659 Ego
2577 4602 2672 4656 per
2690 4586 2897 4641 Manem
2927 4586 3340 4645 Manichaeorum
3366 4592 3538 4647 luere-

219 4700 300 4742 α)
329 4686 473 4757 quod
506 4688 629 4743 ﬁdei
660 4688 829 4758 ipsius
857 4701 955 4742 nos
986 4686 1247 4753 vovimus,
1278 4694 1334 4741 et
1374 4686 1470 4741 lilii
1500 4694 1701 4742 sancta:
1729 4686 1832 4741 Ec-
1863 4677 1911 4742 (Ξ
1940 4681 2040 4735 sim
2092 4680 2323 4747 institui,
2375 4688 2535 4749 atque
2583 4688 2640 4733 ut
2690 4678 2818 4733 mihi
2861 4679 3063 4749 jejunia
3115 4694 3497 4740 consecrarent
3519 4723 3536 4751 ,

215 4780 416 4837 etesia:
446 4780 753 4847 existimus,
780 4791 938 4852 atque
978 4782 1031 4836 in
1064 4781 1280 4837 nomine
1328 4780 1502 4836 Patris
1534 4790 1589 4837 et
1633 4779 1754 4835 Filii
1782 4789 1838 4836 et

218 4871 474 4944 Spiritus
511 4874 685 4931 sancti
721 4889 907 4931 sumus
932 4874 1209 4945 baptizati.
1234 4873 1346 4929 Hoc
1384 4877 1609 4929 audiens
1656 4888 1837 4929 sacer-

218 4964 339 5021 dos
364 4964 597 5035 Domini,
612 4966 775 5038 jussit
794 4965 1023 5037 puellam
1050 4967 1194 5022 intro
1216 4964 1283 5021 ad
1311 4980 1374 5021 se
1404 4965 1643 5036 perduci.
1667 4966 1839 5033 Quam

216 5070 363 5112 cum
392 5068 516 5113 ante
540 5057 710 5127 ipsius
743 5058 906 5127 pedes
937 5067 1089 5127 pater
1120 5056 1406 5127 posuisset,
1442 5056 1623 5112 taliter
1650 5071 1747 5126 pro
1774 5071 1837 5111 ea

220 5148 408 5204 homo
430 5149 522 5205 Dei
546 5164 735 5220 preces
761 5148 997 5220 profudit
1023 5149 1088 5204 ad
1114 5148 1397 5204 Dominum
1423 5148 1593 5205 Deum
1616 5147 1835 5204 dicens:

223 5239 392 5296 Deus
419 5252 639 5309 aeterne,
666 5243 891 5312 agitator
911 5240 1211 5307 cherubim,
1240 5241 1330 5312 qui
1350 5241 1418 5297 de
1444 5240 1585 5297 ctelo
1614 5240 1840 5296 descen-

219 5331 393 5396 disti,
423 5343 480 5389 ut
527 5334 779 5406 paradiso
818 5334 1097 5390 exulatum
1141 5335 1195 5389 in
1244 5336 1513 5406 antiquam
1556 5334 1842 5391 reduceres

219 5427 663 5495 possessionem,
698 5427 788 5497 qui
818 5441 915 5497 per
944 5426 1290 5482 humanitatis
1342 5438 1444 5482 tua:
1490 5426 1845 5497 dispensatio-

216 5533 373 5576 nem
404 5531 639 5578 nostram
671 5521 1035 5577 inﬁrmitatem
1082 5521 1385 5591 suscepisti,
1436 5529 1494 5576 ut
1541 5531 1593 5577 te
1641 5536 1737 5578 nos
1788 5522 1841 5575 in

220 5612 447 5669 nostris
462 5615 604 5668 vasis
621 5614 871 5669 ﬁctilibus
894 5613 1170 5683 possidere
1192 5627 1616 5683 promereamnr,
1636 5627 1839 5683 quaeso,

1944 4771 2183 4828 ostendi.
2216 4771 2330 4842 Ego
2364 4786 2459 4840 per
2486 4771 2750 4825 Donatum
2782 4779 2950 4828 totam
2982 4773 3213 4831 Africam
3244 4763 3539 4832 devastavi.

1944 4867 2016 4922 Et
2042 4880 2188 4932 ecce,
2220 4879 2362 4920 nunc
2394 4865 2462 4919 ab
2490 4879 2599 4920 uno
2628 4866 2827 4922 famulo
2857 4875 2947 4922 tuo
2971 4876 3028 4922 ut
3056 4870 3379 4941 mancipium
3409 4868 3545 4937 tugi-

1944 4958 2116 5015 tivum
2148 4957 2343 5028 ligatus
2364 4966 2569 5025 teneor,
2600 4971 2633 5012 o
2657 4956 2890 5015 Christe.
2925 4958 3056 5017 Haec
3084 4969 3137 5015 et
3166 4961 3319 5031 plura
3347 4960 3538 5014 horum

1945 5052 2195 5108 daemone
2230 5050 2580 5118 vociferante,
2608 5065 2640 5105 a
2666 5050 2824 5109 beato
2850 5053 2970 5109 viro
3017 5054 3348 5122 increpatus,
3380 5052 3544 5108 tertio

1949 5145 2039 5201 die
2086 5160 2116 5199 a
2168 5158 2268 5200 suo
2317 5142 2591 5199 domicilio
2634 5144 2894 5211 recessit,
2943 5152 3273 5214 purgataque
3317 5154 3546 5212 persona

1954 5236 2171 5293 Christo
2205 5236 2431 5292 Domino
2457 5237 2659 5306 gratias
2688 5236 2971 5293 referebat.

2023 5331 2150 5387 Car.
2183 5328 2274 5387 IV.
2301 5330 2513 5386 ——Alio
2551 5345 2740 5386 rursus
2781 5340 3023 5398 tempore
3052 5341 3194 5383 caeca
3242 5326 3437 5382 mulier
3479 5328 3548 5385 ad

1952 5438 2074 5479 eum
2102 5422 2357 5493 perducta
2385 5432 2486 5489 est,
2514 5430 2568 5478 et
2606 5432 2755 5479 stans
2785 5435 2965 5476 coram
2996 5420 3135 5488 ipso,
3170 5418 3348 5476 taliter
3376 5420 3548 5478 deﬁe-

1954 5515 2047 5571 bat
2077 5515 2260 5571 dicens
2293 5533 2307 5569 :
2341 5516 2442 5583 Qui
2473 5515 2569 5579 sis,
2600 5527 2832 5583 agnosco
2858 5529 2871 5578 ;
2908 5511 3001 5568 sed
3030 5523 3086 5568 et
3110 5522 3367 5581 quantum
3406 5513 3548 5584 apud

1955 5608 2127 5663 Deum
2155 5609 2355 5676 valeas,
2392 5607 2576 5665 credo.
2611 5606 2689 5661 Ne
2713 5620 2841 5676 ergo
2883 5605 3017 5661 velis
3045 5605 3323 5675 deSpicere
3362 5607 3545 5663 ﬁctum

219 5702 495 5773 Domine,
521 5721 726 5774 quaeso,
768 5706 989 5777 dignare
1020 5707 1293 5776 respicere
1340 5704 1394 5760 in
1445 5704 1604 5760 tidem
1656 5703 1841 5760 famuli
1872 5670 1927 5731 Β
1948 5719 2153 5770 meum,
2184 5718 2284 5758 nec
2321 5703 2374 5757 in
2403 5715 2601 5757 vanum
2630 5701 2827 5755 ducere
2870 5700 3299 5757 obsecrationem
3344 5715 3545 5757 meam.

218 5795 323 5851 tui
348 5812 369 5861 ;
398 5805 451 5850 et
487 5799 627 5854 sicut
656 5799 817 5855 ﬁliam
857 5798 1267 5870 archisynagogi
1319 5799 1387 5854 de
1438 5800 1626 5853 mortis
1667 5798 1843 5868 januis

214 5893 513 5948 revocasti
543 5891 612 5947 ad
640 5892 805 5947 vitam
835 5891 1029 5964 (Marc.
1064 5892 1143 5963 v),
1176 5893 1249 5949 ita
1278 5901 1331 5950 et
1359 5906 1504 5949 nunc
1529 5890 1692 5963 hujus
1720 5891 1843 5950 uni-

535 5966 839 6048 Pa'raor...
865 5982 1151 6049 LXXIII.

1950 5796 2140 5851 Totius
2172 5808 2401 5863 namque
2430 5793 2717 5863 provincia:
2748 5792 2905 5863 hujus
2946 5794 3138 5851 medici
3170 5809 3319 5849 suam
3367 5794 3420 5847 in
3464 5807 3551 5845 me

1954 5887 2292 5961 prudentiam
2337 5886 2761 5962 industriamque
2789 5903 3127 5957 exercentes,
3170 5890 3224 5946 in
3250 5887 3397 5945 nullo
3428 5902 3524 5957 pro

2998 5983 3074 6043 13
