4142 6350
613 342 722 407 595

1658 344 1746 399 DE
1790 343 1969 400 VITIS
2009 342 2293 401 PATRUM
2334 340 2538 401 LIBER
2578 340 2848 401 PRIMUS.

3800 340 3901 426 393’

614 460 772 515 desse
816 467 1127 527 potuerunt;
1160 456 1255 513 sed
1296 465 1348 511 et
1377 466 1631 525 quantum
1659 457 1712 511 in
1737 472 1823 511 me
1849 472 2003 511 suam
2030 464 2199 511 artem
2229 462 2277 520 Α
2310 459 2534 528 partitur
2560 457 2746 511 dicens
2780 474 2793 509 :
2822 452 3036 510 Suadeo
3067 452 3160 509 tibi
3184 468 3366 510 emere
3386 470 3417 508 a
3445 469 3531 510 me
3555 467 3745 509 aurum
3769 456 3899 525 igni-

614 553 1140 617 demonstraverunt,
1191 552 1241 604 in
1288 559 1490 604 tantum
1540 566 1638 620 ego
1685 552 1883 607 misera
1929 552 2203 607 doloribus

612 646 965 703 dissolvebar.
1016 646 1165 700 Unde
1196 643 1422 698 obsecro
1460 645 1795 700 sanctitatem
1831 655 1972 699 tuam
2022 656 2077 699 ut
2123 646 2205 700 di-

544 715 556 783 l
609 742 792 809 gneris
818 740 1186 792 tantummodo
1208 737 1482 790 dexteram
1502 747 1644 791 tuam
1667 751 1828 806 super
1852 738 2038 791 oculos
2053 752 2203 793 meos

612 830 663 884 in
699 832 912 885 nomine
937 827 1135 884 Christi
1165 830 1236 882 tui
1270 830 1563 898 imponere,
1598 838 1651 885 et
1696 830 1859 885 credo
1907 830 2048 899 quod
2080 846 2204 884 mox

609 937 847 975 meorum
880 921 1139 976 luminum
1174 922 1306 975 visio
1333 937 1429 991 per
1459 934 1509 977 te
1556 923 1684 977 mihi
1718 922 1999 977 tribuatur.
2053 924 2205 979 Tunc

607 1024 822 1068 sanctus
875 1002 1147 1084 Epicletus
1198 1014 1468 1069 admirans
1524 1016 1681 1083 hujus
1730 1018 1941 1070 feminae
1998 1015 2156 1070 ﬁdem
2187 1056 2200 1081 ,

605 1109 879 1162 dexteram
910 1123 1060 1161 suam
1091 1122 1252 1175 super
1282 1107 1468 1161 oculos
1501 1107 1617 1175 ejus
1667 1107 1860 1175 posuit,
1898 1104 2204 1175 glorilicans

603 1200 819 1256 Domini
873 1201 1187 1268 bonitatem,
1238 1212 1291 1255 et
1336 1200 1520 1255 dicens
1567 1200 1633 1253 ad
1678 1216 1793 1255 eam
1840 1217 1852 1252 :
1896 1199 2201 1255 Secundum

605 1295 747 1364 quod
776 1294 1077 1361 credidisti,
1107 1310 1138 1347 ο
1162 1294 1290 1359 lilia,
1327 1293 1415 1367 ﬁat
1445 1294 1562 1348 tibi.
1594 1294 1784 1347 Adhuc
1816 1295 1977 1347 verba
2010 1294 2062 1347 in
2107 1308 2203 1349 ore

603 1387 802 1442 Christi
834 1385 1539 1450 sacerdotis.volvebantur,
1572 1394 1624 1440 et
1652 1396 1871 1453 repente
1924 1385 2203 1454 patefactis

603 1480 772 1533 oculis
823 1480 1018 1533 mulier
1070 1480 1247 1533 lumen
1299 1481 1526 1547 aspexit,
1577 1479 1817 1534 clamans
1865 1490 1918 1533 et
1966 1481 2196 1533 dicens:

602 1571 783 1626 Gloria
818 1572 944 1637 tibi,
978 1574 1121 1626 Deus
1168 1570 1618 1637 Christianorum,
1674 1574 1762 1641 qui
1814 1588 1917 1627 non
1967 1572 2201 1638 despicis

601 1673 913 1734 peccatores
946 1664 1000 1716 in
1051 1677 1237 1718 errore
1284 1664 1509 1732 positos,
1542 1666 1634 1717 sed
1688 1673 1903 1731 propter
1955 1677 2198 1731 magnam

599 1758 1026 1812 misericordiam
1060 1765 1202 1810 tuam
1234 1757 1459 1825 suscipis
1507 1767 1559 1810 et
1586 1756 1761 1809 salvas
1794 1756 1858 1809 ad
1894 1765 1943 1810 te
1976 1770 2201 1810 conver-

2308 558 2421 605 tum
2454 550 2757 619 probatum,
2795 558 2853 603 ut
2891 548 3133 617 locuples
3163 549 3258 602 ﬁas
3302 560 3357 603 et
3383 548 3723 603 vestimentis
3769 549 3901 606 albis

2308 643 2584 713 induaris,
2638 652 2694 698 ut
2739 658 2844 699 non
2893 650 3151 713 appareat
3199 639 3443 697 confusio
3497 640 3754 697 nuditatis
3802 652 3901 699 tuae

2309 738 2499 807 (Apoc.
2530 738 2633 805 ιιι).
2666 739 2866 790 Aurum
2896 746 3026 805 ergo
3056 733 3157 790 hoc
3183 734 3407 806 ignitum
3434 736 3714 804 probatum
3743 735 3900 792 Chri-

2308 838 2425 883 stus
2454 828 2711 883 Dominus
2738 836 2921 882 noster
2946 836 3047 881 est.
3077 827 3162 890 Et,
3188 826 3282 891 ﬁli,
3312 828 3402 897 qui
3428 827 3655 882 voluerit
3694 842 3819 883 eum
3847 827 3899 882 in

2308 920 2435 975 sede
2464 920 2545 974 sui
2578 920 2808 989 pectoris
2826 919 3050 985 habere,
3074 918 3253 975 statim
3276 919 3490 991 divitias
3509 921 3765 976 cmlestes
3784 936 3901 989 pro-

2308 1013 2623 1076 merebitur,
2656 1022 2711 1067 et
2737 1013 3075 1069 vestimentis
3099 1012 3236 1066 albis
3267 1011 3533 1077 induetur,
3567 1014 3618 1068 id
3642 1024 3751 1081 est,
3777 1013 3899 1081 ﬁde,

2308 1118 2404 1170 spe
2459 1111 2513 1157 et
2540 1103 2822 1169 charitate,
2857 1120 2952 1175 per
2977 1120 3109 1175 quas
3138 1105 3207 1159 de
3236 1105 3443 1174 reliquo
3472 1120 3578 1161 non
3611 1107 3753 1162 hunc
3776 1106 3903 1163 visi-

2307 1194 2469 1249 bilem
2496 1197 2752 1251 tnundum
2779 1208 3004 1266 tantum,
3034 1198 3127 1252 sed
3152 1207 3203 1252 et
3232 1196 3527 1262 diabolum,
3550 1215 3710 1268 quem
3734 1214 3832 1254 vos
3848 1207 3906 1256 ut

2307 1288 2584 1345 dominum
2617 1290 2820 1356 colitis,
2844 1306 2965 1349 cum
3001 1290 3265 1347 universis
3310 1290 3509 1361 angelis
3550 1290 3667 1359 ejus
3706 1293 3904 1359 poteris

2308 1394 2583 1450 superare.
2614 1380 2745 1435 Nam
2792 1391 2846 1436 et
2872 1390 3028 1452 pater
3066 1390 3190 1438 tuus
3241 1383 3341 1460 iste
3376 1382 3480 1457 qui
3530 1382 3765 1449 videtur,
3809 1382 3903 1449 ﬁli,

2309 1488 2415 1527 non
2444 1484 2526 1527 est
2572 1488 2730 1527 verus
2784 1482 2956 1541 pater,
2990 1476 3084 1528 sed
3131 1458 3473 1541 omnipOtens
3520 1474 3718 1527 dicitur
3764 1472 3904 1528 Deus

2308 1562 2470 1621 Pater
2501 1574 2644 1639 tuus,
2673 1574 2729 1620 et
2754 1565 2875 1620 ideo
2907 1566 3041 1619 alius
3062 1550 3257 1620 dicitur
3280 1566 3383 1629 ille,
3418 1577 3469 1620 et
3495 1565 3627 1620 alius
3658 1568 3759 1620 iste
3788 1583 3905 1635 pro-

2308 1658 2606 1733 nuntiatur.
2632 1658 2726 1713 llle
2755 1659 2914 1730 213
2938 1674 3168 1729 namque
3194 1658 3473 1714 invisibilis
3494 1668 3548 1715 et
3572 1660 3907 1715 inenarrabi-

2312 1753 2377 1805 lis
2407 1752 2609 1817 existit,
2645 1750 2731 1806 hic
2760 1767 2886 1806 vero
2920 1753 3141 1807 visibilis
3170 1763 3225 1808 et
3254 1754 3616 1823 corruptibilis
3657 1763 3763 1808 est.
3816 1756 3907 1813 Ille

600 1848 777 1904 tentes
808 1865 885 1903 se.
922 1849 985 1901 Et
1014 1863 1133 1902 cum
1167 1846 1283 1902 haec
1310 1846 1552 1911 dixisset,
1587 1847 1765 1903 statim
1798 1864 1916 1901 cum
1952 1849 2199 1905 universi
2234 1844 2284 1905 B
2313 1844 2875 1914 incomprehensibilis
2908 1854 3184 1911 permanet
3212 1856 3266 1901 et
3296 1845 3634 1912 immortalis,
3670 1845 3759 1901 hic
3782 1861 3903 1902 coro

599 1941 761 1997 domo
788 1956 884 1997 sua
906 1940 1135 1995 credidit
1160 1940 1210 1995 in
1236 1941 1404 1995 Deum
1437 1941 1791 1996 Salvatorum.
1826 1942 1888 1996 Et
1918 1944 2037 2011 quia
2070 1945 2199 1999 satis

599 2036 813 2105 IOngum
833 2043 935 2100 est,
960 2036 1005 2089 si
1029 2034 1252 2089 velimus
1267 2035 1517 2089 universa
1545 2035 1806 2089 mirabilia
1830 2054 1944 2105 quis
1962 2055 2056 2107 per
2073 2054 2196 2094 eunt

598 2128 857 2184 Dominus
881 2138 1131 2197 operatus
1152 2138 1233 2183 est
1258 2127 1500 2182 studioso
1528 2126 1714 2182 lectori
1742 2143 2013 2198 exponere
2032 2172 2046 2195 ,
2081 2130 2146 2184 Ιι.ι
2168 2145 2199 2186 c

598 2224 811 2278 interim
844 2236 1008 2292 pauca
1053 2223 1115 2274 de
1151 2221 1331 2276 multis
1374 2222 1427 2274 in
1476 2230 1786 2275 transcursu
1817 2222 2197 2291 perstrinxisse

596 2312 848 2368 sufﬁciat.
881 2312 1033 2367 Nunc
1061 2327 1187 2368 vero
1219 2311 1283 2367 ad
1316 2312 1646 2383 propositum
1671 2328 1804 2382 opus
1832 2324 2191 2370 revertamur.

665 2409 795 2463 CAP.
830 2408 890 2461 V.
920 2436 991 2447 »—
1020 2407 1138 2464 Una
1162 2409 1339 2477 itaque
1364 2423 1396 2463 e
1426 2408 1639 2479 diebus,
1676 2410 1801 2462 dum
1825 2408 2040 2479 quidam
2065 2410 2195 2464 ado-

595 2503 809 2557 lescens
838 2501 1061 2557 nimium
1094 2502 1320 2557 decorus
1368 2504 1538 2567 vultu,
1581 2511 1635 2557 et
1682 2504 1905 2572 pulcher
1951 2513 2192 2573 aSpectu,

594 2592 785 2651 Astin‘n
818 2597 1057 2659 nomine,
1090 2596 1413 2650 visitationis
1442 2598 1612 2665 gratia
1642 2597 1709 2651 ad
1740 2612 1861 2651 eum
1890 2596 2199 2653 devenisset

596 2692 754 2757 atque
781 2687 930 2756 juxta
962 2702 1022 2743 se
1054 2704 1173 2743 eum
1198 2688 1390 2743 sedere
1413 2688 1601 2743 beatus
1626 2691 1910 2761 presbyter
1931 2701 2191 2760 rogasset,

594 2786 801 2845 ponens
833 2792 1047 2832 manum
1079 2793 1237 2847 super
1266 2788 1427 2847 caput
1456 2779 1605 2849 ejus,
1633 2781 1802 2850 etapit
1831 2797 1954 2837 eum
1980 2782 2196 2838 blandis

593 2871 935 2925 sermonibus
956 2872 1129 2926 taliter
1153 2871 1219 2925 ad
1245 2871 1405 2927 ﬁdem
1434 2872 1647 2928 Domini
1668 2874 1937 2932 cohortari
1964 2878 2149 2932 dicens
2178 2896 2192 2932 :

593 2965 741 3033 Quis,
775 2965 962 3035 inquit,
998 2982 1056 3021 es
1087 2976 1162 3032 tu,
1196 2982 1229 3021 ο
1256 2966 1568 3023 dulcissime
1598 2968 1669 3023 ﬁli
1694 3015 1707 3037 ,
1742 2982 1794 3025 et
1829 2972 1968 3028 unde
2020 2973 2193 3038 venis,

592 3067 683 3109 ant
714 3072 819 3127 quo
847 3056 1026 3111 vadis?
1057 3065 1149 3111 aut
1174 3058 1327 3129 cujus
1358 3059 1499 3113 ﬁlius
1524 3074 1617 3116 seu
1651 3064 1864 3130 generis
1893 3063 1968 3118 sis
2016 3064 2194 3118 indica
2254 3110 2255 3113 η

594 3149 746 3204 mihi.
779 3151 850 3207 At
871 3150 962 3207 ille
992 3151 1329 3221 respondens
1357 3153 1490 3208 dixit
1514 3154 1579 3208 ad
1602 3169 1725 3209 eum
1753 3174 1764 3207 :
1799 3156 2073 3227 Originem
2104 3159 2195 3213 vel

2311 1938 2580 2007 ruptibilis
2609 1945 2662 1992 et
2686 1938 2929 1992 mortalis
2959 1938 3011 1992 in
3042 1939 3288 1993 omnibus
3318 1938 3480 2007 degit.
3512 1939 3614 1993 Per
3634 1939 3784 1994 illius
3804 1940 3907 2011 igi-

2308 2042 2394 2087 tur
2423 2032 2880 2100 dispensationem
2902 2040 3153 2087 constant
3181 2036 3448 2099 universa,
3480 2047 3574 2103 per
3596 2033 3751 2089 istius
3774 2049 3900 2089 vero

2304 2124 2703 2179 ordinationem
2754 2123 2886 2178 nihil
2932 2134 3207 2193 permanet
3237 2124 3548 2180 stabilitum.
3586 2125 3680 2180 llle
3719 2127 3900 2196 jussit,

2304 2228 2357 2274 et
2396 2219 2567 2274 factus
2595 2232 2692 2285 es;
2728 2218 3020 2285 mandavit,
3053 2230 3105 2275 et
3136 2220 3189 2274 in
3231 2232 3384 2275 utero
3414 2222 3601 2276 matris
3644 2220 3904 2277 formatus

2304 2326 2400 2377 es;
2432 2313 2709 2382 praecepit,
2739 2320 2791 2367 et
2817 2327 3063 2382 egressus
3109 2328 3195 2380 es;
3249 2314 3548 2382 imperavit,
3582 2324 3635 2369 et
3670 2314 3738 2369 ad
3773 2315 3905 2369 hanc

2300 2405 2595 2473 iuvenilem
2624 2413 2837 2459 aetatem
2866 2404 3154 2473 perductus
3185 2419 3263 2460 es.
3297 2404 3361 2460 Et
3391 2405 3604 2475 quidem
3648 2406 3751 2460 iste
3781 2406 3905 2459 visi-

2303 2492 2426 2549 bilis
2450 2504 2600 2564 patcr
2629 2495 2976 2550 honorandus
3005 2505 3107 2563 est,
3145 2496 3237 2563 ﬁli,
3271 2512 3377 2552 non
3407 2506 3583 2553 tamen
3607 2498 3750 2556 sicut
3775 2499 3899 2566 ille;

2302 2601 2370 2643 eo
2395 2587 2535 2657 quod
2567 2588 2656 2644 ille
2682 2590 2746 2642 ad
2781 2588 3066 2658 imaginem
3096 2599 3149 2645 et
3176 2589 3578 2646 similitudinem
3617 2606 3771 2647 suam
3808 2608 3906 2649 nos

2303 2682 2542 2735 condidit
2565 2692 2618 2737 et
2645 2688 2868 2748 creavit,
2888 2683 3216 2740 intellectum
3240 2699 3454 2755 quoque
3476 2701 3537 2741 ac
3559 2690 3906 2757 prudentiam

2303 2774 2544 2843 donavit,
2574 2788 2794 2830 sensum
2824 2776 3161 2848 pervigilem,
3192 2786 3245 2832 et
3276 2780 3588 2834 memoriam
3641 2781 3907 2838 bonorum

2305 2866 2506 2922 habere
2538 2869 2827 2935 concessit,
2859 2879 3017 2939 atque
3048 2884 3210 2940 super
3238 2872 3412 2926 omnia
3444 2887 3606 2942 opera
3659 2887 3759 2929 sua
3807 2889 3907 2932 nos

2303 2962 2582 3017 constituit
2611 2962 3000 3030 dominatores,
3030 2979 3094 3020 ex
3124 2966 3293 3019 servis
3327 2966 3381 3019 in
3421 2966 3558 3020 ﬁlios
3604 2975 3658 3021 et
3706 2965 3908 3023 fratres

2301 3065 2462 3125 atque
2487 3055 2688 3110 amicos
2716 3070 2813 3110 nos
2844 3055 2947 3111 sibi
2974 3070 3069 3126 per
3090 3070 3240 3111 suam
3261 3056 3486 3127 gratiam
3514 3057 3820 3126 adoptavit;
3851 3066 3908 3114 et

2305 3148 2427 3202 ideo
2463 3147 2606 3203 hunc
2638 3163 2823 3204 verum
2865 3157 3095 3218 patrem,
3128 3150 3217 3218 qui
3260 3150 3414 3204 nobis
3460 3160 3601 3205 tanta
3654 3153 3907 3221 praestitit

593 3255 759 3311 genus
806 3258 1008 3305 mcum.
1056 3244 1284 3315 qualiter
1342 3245 1660 3302 beatitudini
1715 3260 1818 3304 tuac
1846 3264 2133 3320 exponam,
2161 3268 2194 3308 ο
2220 3235 2272 3307 α
2302 3243 2474 3312 bona,
2511 3254 2727 3313 semper
2756 3246 3028 3312 convenit.
3063 3246 3165 3313 ﬁli,
3220 3261 3511 3317 agnoscere
3555 3257 3609 3302 el
3651 3250 3907 3307 adorare.

594 3332 904 3391 beatissime
937 3346 1107 3405 pater,
1137 3337 1352 3408 ignoro.
1384 3338 1498 3394 Hoc
1528 3354 1655 3410 ergo
1703 3343 1842 3410 quod
1887 3344 2022 3412 scio,
2071 3356 2192 3401 tan-

594 3427 869 3482 tummodo
897 3429 1131 3483 breviter
1158 3440 1211 3484 et
1239 3431 1291 3484 in
1325 3441 1634 3487 transcursu
1664 3434 1758 3490 tibi
1790 3436 2060 3493 indicabo.
2091 3439 2196 3493 Pa-

595 3530 675 3575 ter
698 3534 847 3576 meus
876 3521 1165 3590 primarius
1197 3524 1344 3579 urbis
1376 3526 1534 3595 hujus
1567 3535 1620 3581 et
1643 3528 1863 3584 nimium
1895 3531 2194 3588 ditissimus

593 3614 851 3684 habetur;
886 3629 1058 3673 mater
1084 3634 1211 3674 vero
1239 3619 1305 3675 de
1336 3620 1622 3677 illustrium
1651 3638 1849 3693 genere
1891 3636 1945 3680 et
1994 3625 2193 3685 Juliani

594 3710 859 3765 senaturis
886 3711 1090 3767 exstitit
1122 3710 1251 3780 ﬁlia,
1287 3715 1375 3785 qui
1410 3731 1493 3770 nne
1525 3715 1763 3785 quotidie
1789 3719 1941 3789 quasi
1975 3722 2190 3778 unicum

593 3804 784 3874 pignus
812 3818 875 3859 ac
899 3806 1339 3873 pretiosissimam
1370 3806 1664 3875 inSpiciunt
1709 3815 2071 3883 margaritam.
2126 3814 2195 3870 Et

553 3882 559 3887 ’
592 3900 809 3950 Sanetus
835 3896 901 3949 ad
930 3897 1042 3951 haec
1078 3914 1091 3951 :
1127 3897 1268 3953 Bcne
1310 3899 1516 3966 dixisti,
1546 3900 1617 3955 ini
1671 3882 1837 3966 nate,
1872 3903 1996 3973 quia
2047 3906 2195 3961 velut

592 3985 936 4054 margaritam
980 3988 1301 4059 inspiciunt;
1336 4007 1442 4044 non
1492 3991 1633 4047 enim
1680 3994 1789 4062 jam
1836 3994 2063 4063 habent;
2096 3997 2191 4053 sed

592 4078 882 4147 inspiciunt
935 4083 1324 4148 tantummodo,
1374 4099 1441 4139 eo
1480 4087 1620 4155 quod
1682 4088 1959 4143 benedicta
2010 4094 2189 4146 anima

592 4176 684 4224 tua
716 4171 1000 4239 pretiosior
1028 4173 1174 4228 omni
1207 4177 1759 4247 margaritaomnique
1786 4182 2003 4238 metallo
2025 4184 2191 4240 hahe-

595 4268 681 4316 t‘ur
707 4260 943 4330 Christo,
969 4280 1126 4332 quam
1166 4267 1266 4321 sibi
1300 4273 1413 4339 ipse
1459 4270 1701 4324 Salvator
1752 4283 1936 4328 noster
1979 4276 2087 4344 jam
2135 4279 2187 4333 in

592 4371 747 4411 suum
778 4356 1135 4413 ministerium
1168 4370 1219 4414 ct
1253 4359 1317 4416 ad
1347 4364 1685 4418 serviendum
1718 4365 1898 4436 elegit,
1931 4377 1985 4421 ut
2008 4369 2185 4424 video.

600 4450 727 4505 Veni
752 4466 899 4521 ergo,
938 4452 1008 4506 ini
1037 4463 1179 4521 nate,
1213 4462 1266 4509 et
1299 4470 1491 4525 respue
1522 4472 1584 4510 ca
1616 4473 1732 4528 quae
1773 4456 1825 4512 in
1858 4461 2056 4516 mundo
2088 4462 2189 4519 hoc

594 4546 879 4609 habentur,
912 4554 969 4601 ut
996 4562 1115 4601 cum
1150 4550 1352 4604 sanctis
1384 4550 1633 4606 omnibus
1659 4552 1745 4606 illa
1779 4552 1828 4606 in
1862 4553 2037 4609 futuro
2066 4572 2189 4625 per-

2300 3335 2433 3390 Nam
2464 3345 2519 3391 et
2548 3337 2653 3392 isto
2703 3336 2895 3392 visibili
2930 3337 3067 3407 patri
3108 3338 3173 3392 ad
3210 3338 3310 3394 hoc
3357 3347 3559 3394 tantum
3604 3340 3778 3396 honor
3815 3352 3906 3398 est

2300 3427 2622 3484 deferendos
2644 3472 2657 3494 ,
2688 3430 2828 3497 quod
2861 3429 3003 3485 servi
3036 3431 3391 3487 ministerium
3437 3447 3561 3501 erga
3608 3448 3709 3488 nos
3757 3450 3908 3505 saepe

2299 3526 2540 3579 exercmt
2588 3524 2643 3578 in
2672 3538 2839 3594 parva
2871 3532 3027 3582 atate
3065 3526 3408 3595 conStitutos,
3440 3526 3751 3600 frequenter
3796 3534 3906 3587 nos

2305 3618 2429 3672 dum
2461 3619 2626 3687 pavit,
2656 3618 2855 3687 saepius
2886 3620 3011 3676 dum
3052 3621 3312 3677 sollicitus
3340 3620 3441 3678 fuit
3467 3625 3534 3679 ad
3559 3639 3618 3679 ea
3666 3642 3785 3695 quae
3816 3627 3908 3681 in-

2297 3708 2480 3765 fantia:
2528 3720 2727 3765 nostra:
2770 3723 2923 3767 erant
2973 3715 3307 3781 necessaria,
3354 3717 3477 3772 dum
3528 3719 3767 3773 osculata
3815 3730 3909 3777 est

2296 3815 2423 3855 caro
2450 3817 2567 3871 quae
2596 3803 2774 3859 carnis
2802 3816 2943 3868 sunt,
2977 3807 3102 3862 dum
3130 3810 3544 3865 sollicitudinem
3580 3811 3763 3866 habuit
3796 3827 3907 3883 pro

2300 3892 2595 3948 visceribus
2628 3896 2877 3964 propriis.
2923 3894 3063 3952 Ecce
3110 3899 3288 3970 itaque
3340 3918 3435 3970 pro
3480 3903 3671 3959 talibus
3717 3904 3905 3965 causis

2298 3982 2471 4038 honor
2498 3985 2547 4038 ei
2577 3984 2903 4043 deferendos
2931 3997 3034 4044 est.

2369 4077 2476 4132 Sed
2521 4086 2575 4133 et
2621 4090 2791 4135 mater
2838 4092 3018 4137 nostra
3062 4083 3164 4139 alia
3213 4085 3453 4153 habetur,
3488 4086 3582 4142 ﬁli.
3618 4088 3734 4145 Non
3781 4091 3907 4150 haec

2300 4170 2558 4238 visibilis,
2608 4174 2701 4229 sed
2750 4175 3067 4230 immortalis
3117 4189 3424 4247 permanet;
3483 4194 3535 4235 et
3583 4199 3704 4251 qua:
3734 4184 3907 4255 digne

2295 4262 2558 4321 Salvatori
2590 4279 2776 4325 nostro
2807 4278 2889 4324 est
2938 4270 3295 4340 desponsata,
3333 4284 3493 4345 atque
3547 4289 3641 4343 per
3670 4279 3904 4347 angelos

2294 4371 2377 4413 est
2408 4362 2683 4428 adornata,
2718 4378 2812 4433 per
2846 4366 3140 4435 prophetas
3170 4377 3426 4423 exornata
3448 4410 3461 4434 ,
3493 4384 3589 4439 per
3618 4373 3904 4440 apostolos

2295 4450 2611 4522 gloriﬁcata,
2646 4471 2742 4525 per
2772 4465 3040 4528 martyres
3069 4469 3123 4515 et
3151 4461 3489 4517 confessores
3526 4463 3781 4528 excitata,
3811 4476 3906 4519 at-

2296 4562 2399 4616 que
2430 4547 2482 4602 in
2514 4549 2750 4615 Christo,
2781 4562 2836 4606 et
2867 4567 2964 4622 per
3004 4551 3279 4610 Christum
3325 4558 3377 4610 in
3406 4557 3613 4613 caelesti
3650 4558 3901 4614 thalamo

591 4638 758 4706 cipias
785 4653 903 4708 quae
934 4640 1019 4695 hic
1050 4658 1158 4697 non
1195 4644 1465 4698 videntur.
1500 4644 1604 4699 lsta
1649 4645 1789 4701 enim
1843 4649 2022 4704 omnia
2070 4667 2188 4719 quae
2214 4627 2273 4694 Ῑ)
2298 4650 2381 4695 εει
2409 4642 2639 4707 elevata.
2673 4659 2788 4713 quas
2817 4654 2873 4700 et
2900 4646 2969 4702 ab
2998 4646 3299 4703 hominibus
3346 4651 3459 4704 hac
3489 4660 3673 4706 sancta
3719 4659 3907 4707 mater

592 4729 679 4784 hic
708 4730 1006 4799 intuentur,
1038 4735 1343 4789 transitoria
1376 4745 1500 4790 sunt
1527 4745 1579 4791 et
1605 4740 1864 4807 peritura;
1894 4740 1981 4794 illa
2006 4750 2185 4797 autem

591 4840 709 4891 qua)
742 4820 885 4878 Deus
918 4823 1019 4879 sibi
1067 4826 1430 4881 servientibus
1484 4829 1815 4897 praeparavit,
1870 4843 2085 4886 manent
2131 4833 2183 4887 in

591 4928 875 4981 aeternum,
906 4920 1174 4987 quomodo
1206 4930 1257 4974 et
1284 4921 1395 4989 ipse
1423 4931 1604 4976 manet
1648 4924 1699 4977 in
1729 4935 2009 4980 aeternum.
2049 4926 2180 4982 Nam

591 5024 776 5063 aurum
811 5009 930 5073 hoc,
965 5008 1057 5075 ﬁli,
1100 5008 1239 5080 quod
1291 5011 1521 5079 videtur,
1566 5030 1671 5068 non
1712 5026 1795 5070 est
1842 5033 2048 5086 verum,
2084 5020 2179 5073 sed

592 5105 833 5173 quasdam
881 5106 1087 5158 vanitas
1135 5116 1217 5160 est
1265 5107 1577 5173 phantasim,
1630 5116 1725 5177 per
1765 5124 1923 5179 quam
1972 5112 2025 5166 in
2080 5114 2180 5168 huc

594 5198 792 5251 mundo
825 5198 1119 5253 illuduntur
1151 5199 1344 5253 anima:
1388 5200 1675 5268 jUslorum.
1709 5203 1968 5258 Similiter
1992 5215 2045 5260 et
2096 5223 2182 5260 ar-

591 5302 807 5356 gentum
842 5291 980 5360 quod
1024 5291 1137 5345 istis
1183 5290 1350 5345 oculis
1400 5292 1655 5352 cernitur,
1708 5278 1897 5348 falsum
1947 5297 2183 5364 possidet

595 5396 813 5447 nomen,
846 5386 983 5452 quod
1033 5383 1098 5436 ab
1130 5385 1378 5437 omnibus
1411 5383 1699 5437 fabricatur
1726 5394 1779 5439 et
1805 5387 2036 5451 limatur,
2067 5397 2183 5444 tan-

596 5477 869 5529 tummodo
903 5486 959 5530 ut
991 5477 1220 5546 decipiat
1250 5492 1469 5545 rapaces
1501 5486 1555 5531 et
1585 5477 1805 5533 suadeat
1849 5480 2179 5550 insipientes.

592 5571 728 5628 Veni
757 5590 905 5643 ergo,
938 5582 991 5629 et
1031 5575 1153 5628 audi
1186 5590 1293 5639 me,
1342 5574 1415 5627 ﬁli
1463 5572 1791 5641 dulcissime,
1836 5586 1890 5630 et
1938 5592 2035 5647 ego
2087 5574 2182 5636 tibi

590 5668 819 5722 ostendo
864 5668 1019 5737 quale
1048 5681 1235 5721 aurum
1270 5667 1362 5723 tibi
1406 5674 1490 5721 est
1536 5667 1860 5739 eligendum,
1897 5670 1978 5725 vel
2027 5671 2184 5741 quale

589 5773 871 5829 argentum
923 5758 990 5811 sit
1040 5761 1561 5828 concupiscendum,
1610 5761 1741 5817 illud
1788 5761 1993 5819 scilicet
2042 5764 2184 5835 quod

594 5851 852 5907 Dominus
882 5860 1063 5908 noster
1089 5863 1247 5921 atque
1276 5852 1518 5909 Salvator
1548 5853 1601 5908 in
1630 5868 1688 5912 se
1717 5854 2058 5915 credentibus
2086 5858 2186 5916 im-

2302 4736 2537 4790 Ecclesia
2569 4740 2973 4805 pronuntiatur.
3006 4740 3168 4810 Cujus
3213 4757 3337 4809 vox,
3372 4752 3427 4798 ut
3458 4744 3676 4798 turtutis
3720 4744 3906 4801 habe-

2298 4837 2403 4894 tur,
2435 4829 2500 4882 ad
2528 4829 2684 4899 cujus
2715 4831 2849 4885 labia
2883 4832 3143 4888 distillant
3164 4846 3423 4903 aromata,
3450 4836 3653 4892 scilicet
3676 4850 3913 4907 aposto—

2295 4922 2466 4977 lorum
2488 4924 2754 4979 doctrina.
2782 4926 2945 4993 Cujus
2975 4930 3135 4993 oculi,
3166 4929 3271 4984 duo
3286 4930 3859 4987 suntcmliluminaria
3888 4935 3904 4989 !

2291 5016 2442 5084 cujus
2470 5016 2654 5071 (lt'lllCS
2681 5030 2804 5072 sunt
2833 5021 3072 5087 candidi,
3097 5030 3153 5077 et
3172 5023 3320 5094 quasi
3344 5023 3557 5079 lavacro
3583 5025 3908 5082 ascenden-

2291 5111 2377 5163 tis.
2408 5110 2578 5175 Qucm
2614 5112 2897 5181 mysticum
2930 5129 3145 5168 sensum
3177 5117 3360 5186 viginti
3388 5124 3621 5187 quatuor
3650 5116 3777 5174 libri
3805 5116 3907 5193 (4)

2291 5201 2651 5255 sacratissima
2702 5203 2901 5258 habent
2952 5207 3004 5258 in
3056 5206 3248 5275 ﬁgura.
3306 5210 3382 5263 De
3429 5211 3583 5278 cujus
3638 5210 3845 5266 manib-
3882 5230 3911 5265 s

2293 5292 2461 5347 atillat
2491 5295 2730 5365 myrrha,
2763 5297 2903 5365 quod
2933 5307 3017 5352 est
3042 5298 3249 5369 iustitia
3282 5310 3335 5357 et
3379 5302 3512 5358 ﬁdes
3543 5318 3689 5359 vera.
3718 5303 3817 5373 Guj
3879 5322 3915 5362 s

2293 5386 2479 5441 decem
2509 5388 2688 5458 digiti,
2721 5388 2962 5459 decalogi
3006 5392 3257 5447 virtutem
3299 5396 3582 5451 continent
3618 5405 3674 5453 et
3703 5409 3915 5453 sacra-

2296 5488 2555 5536 mentum.
2588 5482 2753 5550 Cujus
2781 5483 2942 5540 ubera
2995 5486 3102 5541 duo
3149 5498 3275 5542 sunt
3313 5487 3660 5546 Testamenta
3684 5534 3701 5561 ,
3736 5492 3918 5565 Moy-

2290 5575 2434 5629 saica
2474 5576 2680 5631 scilicet
2728 5577 2812 5632 lex
2838 5623 2851 5645 ,
2885 5588 2938 5634 et
2977 5576 3253 5652 Evangelii
3286 5586 3479 5654 gratia.
3524 5586 3691 5657 Cujus
3724 5589 3919 5657 pedes

2288 5668 2491 5724 similes
2543 5679 2666 5725 sunt
2703 5673 3044 5741 aurichalco;
3092 5676 3243 5747 cujus
3281 5690 3468 5734 venter
3509 5688 3564 5735 et
3623 5681 3917 5741 interiora

2290 5764 2636 5820 sacratissimi
2668 5764 2867 5823 fontem
2898 5769 3156 5840 Baptismi
3186 5781 3239 5829 et
3257 5774 3495 5830 omnium
3521 5775 3763 5845 gentium
3786 5776 3921 5833 de-

2289 5857 2496 5916 clarant
2542 5864 3030 5932 regenerationem.
3084 5860 3216 5925 chi
3249 5882 3377 5940 ergo
3400 5907 3415 5936 ,
3455 5868 3773 5927 dulcissime
3813 5873 3920 5935 mi

3180 5994 3234 6009 κ’.
