4142 6350
232 439 329 498 397

721 436 1340 497 VlTA'SANCTORUM
1383 439 1444 492 El
1473 435 1698 493 lCTETl
1737 433 2169 492 PRESBYTERI
2211 433 2298 490 ET
2340 436 2651 496 ASTIONIS
2691 426 3014 499 MONACHI.

3391 441 3496 501 398

233 568 372 622 nate,
403 564 458 613 et
485 555 644 627 hujus
677 557 970 611 verissima:
1002 557 1185 610 matris
1223 564 1325 609 tua:
1358 554 1517 610 ubera
1553 568 1717 622 suge;
1752 559 1803 606 et
1833 555 1886 613 Α
1916 549 2269 612 ᾶιξνριιι-ιιιηι,
2307 551 2392 604 tibi
2443 553 2620 608 nullus
2648 534 2762 609 erat
2795 556 2883 625 qui
2913 569 3008 610 eos
3053 564 3136 611 vet
3163 569 3349 612 eorum
3393 569 3496 628 pa-

230 649 577 720 acquiescens
598 649 1006 715 monitionibus,
1034 664 1225 718 respue
1254 663 1372 717 quae
1399 649 1449 702 in
1480 647 1581 701 hoc
1613 647 1811 702 sreculo

233 742 492 804 videntur,
528 746 586 793 ut
624 739 728 794 illis
780 739 880 794 frui
915 741 1204 804 merearis,
1239 755 1356 807 qua:
1389 739 1440 792 in
1495 738 1665 792 futura
1698 737 1806 791 vita

231 833 337 886 suis
367 831 492 884 ﬁliis
525 846 582 884 se
615 830 756 886 Deus
789 832 1094 899 repromisit
1128 831 1352 887 donare.
1399 831 1504 886 Sed
1539 840 1596 886 et
1632 843 1813 884 verum

179 955 186 962 -
233 924 440 978 Patrem
473 933 715 977 nostrum
748 923 873 976 audi
898 924 1162 978 dicentem
1189 941 1202 976 :
1232 923 1330 976 Exi
1359 922 1426 978 de
1457 933 1594 978 terra
1628 933 1736 987 tua,
1760 930 1816 978 et

231 1018 296 1074 de
327 1020 646 1087 cognatione
690 1024 775 1072 tua
804 1058 818 1083 ,
853 1026 907 1072 et
949 1018 1068 1072 veni
1110 1019 1162 1072 in
1213 1018 1355 1073 illam
1387 1026 1582 1073 terram
1608 1058 1621 1082 ,
1655 1030 1813 1087 quam

231 1111 676 1166 demonstravero
709 1109 801 1164 tibi
836 1107 990 1180 (Gen.
1024 1109 1156 1180 xn);
1192 1111 1245 1164 in
1278 1120 1472 1166 terram
1504 1109 1706 1166 scilicet
1737 1109 1816 1163 vi-

232 1203 494 1267 ventium,
519 1211 573 1257 et
593 1202 864 1271 regionem
895 1211 1194 1257 sanctorum
1221 1218 1236 1257 :
1263 1203 1312 1256 in
1344 1212 1536 1257 terram
1565 1201 1815 1257 fluentem

233 1295 376 1352 lacte
406 1303 461 1349 et
507 1294 700 1359 melle,
733 1294 782 1348 id
823 1304 934 1362 est,
978 1295 1030 1350 in
1077 1296 1316 1350 doctrina
1358 1297 1718 1366 apostolorum
1764 1302 1820 1349 et

235 1388 640 1460 prophetarum.
677 1389 742 1443 Et
772 1403 892 1444 cum
938 1389 1180 1444 universa
1213 1406 1332 1458 qua:
1361 1390 1454 1445 tibi
1490 1397 1819 1459 praeceperat

233 1479 562 1550 expleveris,
599 1489 724 1533 tunc
770 1478 940 1533 tradet
984 1479 1351 1548 possessiones
1382 1479 1652 1549 paradisi,
1685 1493 1816 1549 pan-

231 1575 320 1629 det
355 1574 448 1629 tibi
475 1583 806 1628 sacramenta
832 1573 1072 1629 cmlestia
1093 1615 1106 1639 ,
1140 1575 1360 1632 donabit
1385 1577 1530 1646 regni
1559 1576 1817 1632 caelorum

229 1667 482 1738 gloriam,
511 1665 904 1722 demonstrabit
929 1667 1297 1734 apostolorum
1336 1667 1652 1724 immensam
1679 1668 1818 1723 laeti-

233 1757 386 1822 tiam,
413 1765 708 1827 martyrum
735 1758 953 1820 choros,
985 1758 1295 1828 angelorum
1328 1768 1488 1829 atque
1523 1759 1822 1830 archange-

233 1854 410 1908 lorum
436 1851 790 1920 frequentiam
824 1851 1020 1921 saepius
1050 1852 1360 1910 declarabit.
1391 1853 1496 1909 Sed
1523 1868 1683 1923 super
1705 1854 1821 1908 haec

1923 643 2074 697 triam
2110 653 2284 710 posset
2326 659 2640 714 agnoscere.

1991 734 2115 787 Car.
2159 734 2264 787 VII.
2289 764 2355 774 —-
2381 735 2540 804 Igitur
2571 752 2690 792 cum
2722 739 2857 792 hanc
2885 747 3123 795 sanctam
3152 739 3329 811 fugam
3372 744 3498 800 bea-

1922 827 2114 882 tissimi
2159 829 2262 883 viri
2294 843 2725 899 perpetrassent,
2761 845 3037 904 coeperunt
3077 847 3323 905 parentes
3371 839 3496 896 sau-

1919 919 1989 972 cti
2022 920 2257 974 Astionis
2292 937 2384 988 per
2414 923 2621 977 diversa
2656 925 2770 978 loca
2807 940 2926 980 eum
2972 929 3264 995 requirere,
3301 939 3354 985 et
3401 947 3498 985 tto-

1923 1028 2046 1068 men
2098 1014 2237 1084 ejus,
2293 1016 2397 1069 huc
2449 1016 2678 1084 illucque
2727 1018 3108 1084 discurrentes,
3163 1035 3285 1074 cum
3337 1021 3501 1077 nimio

1925 1124 2159 1164 mmrore
2193 1111 2504 1165 inclamare.
2549 1110 2820 1179 Siquidem
2857 1122 3005 1179 pater
3033 1113 3150 1180 ejus
3181 1113 3508 1168 vociferaba-

1923 1212 2030 1268 tur,
2065 1205 2288 1260 dicens:
2324 1203 2430 1259 Fili
2479 1205 2811 1270 dulcissime,
2846 1213 2899 1259 et
2947 1206 3158 1259 unicum
3205 1222 3381 1261 meum
3433 1208 3510 1275 pi~

1924 1313 2078 1366 gnus,
2115 1296 2302 1350 Astion
2353 1296 2695 1362 charissime,
2729 1296 2851 1365 quid
2894 1297 2987 1351 tibi
3034 1297 3228 1352 factum
3278 1305 3395 1362 est,
3427 1299 3510 1352 vel

1923 1387 2096 1458 qualis
2125 1387 2239 1442 fera
2268 1398 2316 1441 te
2347 1388 2520 1442 subito
2545 1387 2845 1451 devoravit,
2873 1396 2930 1441 ut
2959 1403 3057 1442 nec
3084 1403 3271 1458 parum
3303 1389 3507 1458 aliquid

1925 1479 2271 1548 reliquiarum
2322 1489 2530 1535 tuarum
2583 1482 2847 1549 potuerim
2877 1482 3150 1550 reperire?
3200 1482 3244 1536 0
3281 1483 3509 1539 baculus

1922 1571 2214 1624 senectutis
2248 1585 2403 1636 mete,
2433 1579 2486 1626 et
2519 1571 2784 1626 viscerum
2815 1585 3056 1626 meorum
3086 1573 3299 1639 lumen,
3333 1574 3423 1629 ubi
3454 1582 3508 1630 te

1919 1662 2030 1734 jam
2063 1663 2288 1719 ulterius
2318 1663 2586 1734 requiram
2622 1665 2804 1720 nescio
2829 1708 2844 1732 ,
2876 1677 2931 1722 et
2972 1667 3022 1721 in
3051 1683 3207 1736 quam
3235 1670 3512 1738 regionem

1925 1767 2146 1827 propter
2179 1766 2230 1814 te
2278 1772 2428 1812 meos
2475 1760 2679 1812 mittam
2728 1758 2957 1814 famulos
2996 1760 3206 1828 ignoro.
3247 1760 3324 1814 Tu
3368 1761 3513 1817 enim

1932 1865 2056 1904 eras
2087 1850 2234 1903 urbis
2267 1849 2426 1918 hujus
2477 1849 2865 1919 pretiosissima
2909 1854 3194 1920 margarita
3219 1898 3233 1922 ,
3265 1860 3324 1908 tu
3368 1854 3516 1910 inter

233 1945 440 2009 omnia,
471 1953 529 1998 ut
568 1944 738 1998 ﬁlium
765 1953 820 2000 et
845 1943 1068 2001 fratrem
1103 1955 1152 2002 te
1182 1947 1281 2002 sibi
1313 1963 1408 2016 per
1433 1949 1660 2018 gratiam
1693 1948 1821 2002 ado-
1854 1958 1902 2020 Β
1933 1953 2052 1998 tuos
2088 1941 2235 1997 cives
2263 1951 2321 1996 ut
2344 1942 2591 1997 columba
2624 1941 2978 2012 pulcherrima
3009 1943 3330 2010 incedebas;
3363 1953 3421 2000 tu
3451 1954 3513 2001 ut

237 2036 432 2108 piabit.
465 2035 594 2092 Hac
613 2037 840 2092 audiens
863 2039 1082 2104 juvenis
1111 2040 1560 2108 sapientissimus,
1599 2041 1827 2109 procidit

234 2131 295 2184 ad
329 2131 482 2185 senis
504 2145 698 2200 genua,
729 2138 784 2186 et
810 2145 1000 2200 rogare
1025 2147 1146 2186 eum
1178 2135 1360 2202 erepit,
1387 2141 1442 2187 ut
1466 2132 1542 2187 illi
1569 2148 1628 2187 se
1653 2135 1827 2202 potius

233 2223 480 2291 offerret,
509 2225 594 2279 cui
626 2225 739 2294 ipse
766 2224 831 2279 ab
864 2226 1082 2280 ineunte
1110 2234 1267 2281 aetate
1296 2226 1622 2291 deserviret,
1654 2228 1744 2295 qui
1775 2236 1830 2282 et

246 2328 411 2374 tantm
440 2319 693 2389 potentiae
719 2328 775 2374 et
814 2320 1195 2389 magnitudinis
1227 2321 1375 2375 solus
1416 2321 1726 2376 haberetur.
1763 2322 1830 2376 Et

239 2414 356 2484 quia
389 2422 610 2483 propter
631 2427 814 2469 servos
842 2429 936 2469 seu
967 2414 1266 2480 ministros,
1293 2414 1412 2482 quia
1441 2414 1507 2468 ad
1540 2413 1656 2483 ejus
1677 2423 1830 2469 erant

235 2505 579 2574 obsequium,
607 2519 677 2559 ne
713 2505 977 2575 quispiam
1019 2521 1206 2562 eorum
1237 2505 1351 2562 bare
1379 2506 1514 2575 patri
1545 2506 1825 2573 indicaret,

236 2597 472 2666 amplius
505 2597 638 2652 nihil
668 2597 858 2652 Astiou
892 2599 943 2653 in
972 2601 1060 2654 die
1090 2599 1180 2653 illa
1212 2599 1277 2653 ad
1315 2599 1590 2656 hominem
1622 2600 1719 2656 Dei
1751 2600 1830 2655 lo-

237 2701 390 2746 cutus
425 2700 528 2745 est.

305 2782 444 2839 CAP.
483 2783 568 2839 Vl.
596 2812 663 2824 —
687 2785 800 2838 Alia
835 2799 962 2839 vero
992 2783 1082 2840 die
1109 2798 1335 2857 surgens
1360 2786 1536 2854 primo
1575 2784 1830 2849 diluculo,

242 2887 292 2934 ut
319 2882 444 2949 apis
479 2878 918 2948 prudentiSsima,
949 2877 1017 2932 ad
1056 2880 1304 2934 eumdem
1343 2879 1520 2934 locum
1563 2878 1703 2932 unde
1733 2878 1830 2933 lie-

241 2982 425 3030 sterna
457 2973 545 3028 die
572 2973 817 3029 ccelestes
849 2971 1007 3028 flores
1047 2971 1222 3027 fuerat
1251 2972 1506 3042 depastus
1526 3013 1540 3037 ,
1571 2985 1832 3041 propera-

248 3071 333 3122 vit.
370 3069 450 3122 Et
481 3069 756 3139 ingressus
783 3067 835 3121 in
885 3068 1219 3123 mansionem
1256 3066 1548 3123 sacerdotis
1581 3067 1832 3132 Domini,

243 3162 421 3218 taliter
455 3177 576 3216 eum
608 3161 879 3226 salutavit,
912 3160 1093 3217 dicens
1121 3177 1134 3214 :
1172 3160 1306 3228 Ave,
1339 3176 1372 3214 o
1397 3160 1642 3230 apostole
1675 3158 1833 3214 Chri—

246 3255 309 3309 5ti
331 3296 346 3320 ,
371 3264 433 3310 et
468 3254 589 3309 novi
615 3253 942 3310 Testamenti
965 3254 1229 3310 minister.
1265 3254 1330 3308 Et
1351 3263 1567 3309 sanctus
1596 3254 1663 3310 ad
1687 3254 1831 3310 haec:

1939 2035 2118 2090 radius
2143 2033 2273 2090 solis
2311 2035 2456 2089 inter
2482 2050 2671 2090 omnes
2715 2035 2984 2104 fulgebas;
3018 2047 3073 2092 tu
3103 2047 3160 2092 ut
3184 2039 3514 2109 Splendidis-

1931 2128 2065 2183 sima
2095 2128 2217 2182 luna
2245 2128 2385 2182 inter
2409 2128 2664 2198 populare
2691 2130 2877 2199 vulgus
2901 2132 3223 2185 coruscabas
3248 2149 3261 2196 ;
3291 2141 3349 2185 tu
3373 2131 3516 2189 inter

1932 2222 2204 2290 sapientes
2238 2220 2534 2289 sapientior
2584 2223 2881 2276 existebas.
2915 2223 2979 2275 Et
3008 2221 3133 2291 quid
3163 2223 3370 2277 multa?
3417 2223 3520 2280 Per

1932 2324 2021 2369 tua
2065 2314 2318 2370 melliflua
2347 2315 2506 2369 verba
2555 2316 2832 2369 universos
2861 2317 2925 2371 ad
2960 2315 3033 2369 tui
3074 2316 3273 2370 amoris
3300 2314 3517 2372 deside-

1932 2407 2073 2462 rium
2120 2407 2470 2475 provocabas.
2504 2405 2630 2461 Hzec
2661 2407 2874 2477 quidem
2918 2419 3085 2478 pater.
3117 2407 3226 2464 Sed
3266 2417 3322 2465 et
3349 2419 3523 2466 mater

1934 2498 2186 2554 scindens
2217 2500 2534 2554 vestimenta
2558 2513 2674 2566 sua,
2706 2514 2768 2554 ac
2794 2499 2990 2555 feriens
3021 2500 3268 2556 manibus
3296 2512 3478 2572 pectus
3503 2545 3520 2570 ,

1934 2593 2025 2647 tali
2059 2591 2218 2646 modo
2249 2591 2500 2655 deflebit,
2531 2594 2753 2648 dicens:
2779 2594 2910 2662 Quis
2937 2603 2990 2649 te
3037 2611 3067 2650 a
3113 2611 3198 2653 me
3230 2598 3521 2668 separavit,

1936 2690 2022 2745 vel
2051 2689 2170 2759 quis
2212 2688 2455 2742 seduxit?
2479 2703 2573 2743 seu
2601 2690 2774 2758 qualis
2800 2689 2915 2744 avis
2955 2691 3179 2747 demens
3209 2693 3278 2748 de
3303 2691 3522 2763 gremiis

1943 2783 2141 2852 rapuit,
2169 2797 2201 2836 ο
2231 2781 2546 2836 dulcissime
2573 2782 2648 2836 ﬁli
2677 2784 2889 2851 Astion,
2919 2785 3124 2854 ignoro.
3153 2785 3284 2854 Sed,
3315 2796 3373 2841 ut
3402 2801 3523 2842 sus-

1937 2875 2106 2946 picor,
2143 2873 2280 2929 forte
2303 2874 2396 2929 ille
2440 2872 2864 2930 Christianorum
2893 2877 3065 2942 Deus,
3095 2891 3257 2932 unum
3290 2881 3436 2935 misit
3458 2882 3526 2939 de

1937 2970 2069 3036 suis,
2099 2978 2153 3025 et
2177 2970 2434 3040 pervertit
2463 2985 2558 3024 cor
2582 2981 2749 3037 tuum,
2777 2980 2831 3027 et
2858 2971 3180 3028 abalienavit
3210 2985 3260 3030 te
3287 2990 3315 3029 a
3341 2975 3520 3031 nobis.

1939 3070 2006 3125 Et
2034 3085 2173 3125 nunc
2200 3083 2280 3123 vae
2309 3069 2436 3123 mihi
2467 3069 2678 3124 misera:
2702 3070 2832 3133 soli,
2868 3085 2931 3125 eo
2957 3070 3095 3139 quod
3121 3071 3326 3125 inﬁnita
3359 3073 3527 3126 tristi—

1941 3163 2038 3228 tia,
2073 3172 2124 3216 et
2150 3161 2505 3216 intolerabilis
2529 3161 2684 3215 dolor
2714 3176 2800 3217 me
2841 3165 3229 3230 apprehendit,
3260 3172 3315 3218 et
3341 3170 3524 3220 tanto-

1940 3269 2055 3308 rum
2088 3269 2349 3309 annorum
2384 3254 2533 3308 labor
2575 3253 2746 3308 inanis
2775 3253 3024 3310 inventus
3055 3265 3160 3312 eat.
3193 3254 3397 3313 Cecidit
3429 3272 3528 3313 co-

245 3348 352 3404 Ave
378 3357 441 3402 et
474 3357 553 3413 tu,
583 3345 795 3416 juvenis
821 3387 836 3413 ,
869 3346 959 3416 qui
990 3345 1233 3416 martyrii
1278 3345 1467 3401 stolam
1495 3355 1552 3400 et
1575 3359 1831 3400 coronam
1857 3337 1908 3403 C
1941 3358 2070 3398 rona
2098 3345 2288 3412 capitis
2312 3344 2438 3398 mei.
2464 3344 2617 3398 Aruit
2645 3345 2912 3413 siquidem
2941 3344 3143 3401 fructus
3166 3348 3371 3404 ventris
3399 3350 3533 3418 mei,

247 3441 400 3496 rariis
435 3439 671 3510 gemmis
715 3445 1018 3492 contextam
1069 3437 1122 3491 in
1155 3435 1330 3507 capite
1367 3447 1569 3507 gestas.
1597 3435 1838 3506 Cumque

248 3533 383 3606 juxta
417 3550 487 3588 se
517 3548 638 3589 eum
671 3532 862 3588 sedere
891 3533 1128 3597 fecisset,
1162 3532 1339 3588 taliter
1366 3532 1430 3586 ad
1462 3547 1586 3587 eum
1628 3533 1840 3586 locutus

249 3638 323 3682 est
348 3646 360 3681 :
387 3627 534 3695 Quid
567 3635 669 3692 est,
692 3626 765 3680 ﬁli
789 3627 807 3679 ?
830 3628 966 3680 Sent.
991 3643 1021 3679 n
1043 3626 1401 3693 Dominicum,
1425 3625 1566 3696 quod
1590 3625 1840 3681 hesterna

251 3719 326 3776 die
358 3722 408 3775 in
451 3731 654 3774 terram
687 3719 867 3774 cordis
899 3719 970 3772 tui
1005 3734 1100 3787 per
1143 3717 1376 3773 divinam
1406 3718 1628 3787 gratiam
1678 3718 1842 3772 semi-

251 3815 517 3878 navimus,
550 3813 792 3868 ascendit
822 3812 886 3867 ad
916 3813 1176 3876 fructum,
1212 3828 1278 3866 an
1311 3811 1482 3866 adhuc
1508 3810 1843 3866 infidelitatis

254 3909 375 3963 vitio
421 3906 738 3962 detinetur?
789 3905 856 3959 Et
896 3904 1082 3960 Astion
1123 3909 1199 3960 ait
1237 3904 1347 3960 :Ut
1388 3905 1533 3959 novit
1570 3904 1844 3960 beatitudo

257 4012 358 4068 tua,
387 4020 420 4057 υ
450 3999 798 4057 sanctissime
845 4009 1016 4068 pater,
1051 4000 1239 4054 unicus
1285 3998 1388 4054 mei
1434 3999 1691 4068 genitoris
1713 4041 1728 4065 ,
1765 3999 1845 4054 ni-

255 4098 529 4166 miumque
560 4099 755 4150 cliarus
791 4096 998 4161 exislo;
1031 4103 1085 4150 et
1113 4095 1241 4149 satis
1275 4098 1435 4149 timeo
1457 4137 1472 4161 ,
1507 4095 1551 4148 si
1579 4091 1844 4148 Christia-

263 4207 354 4245 nus
385 4191 619 4246 effectus
653 4190 824 4250 fuero,
857 4188 946 4242 ille
979 4203 1088 4256 prae
1119 4186 1279 4241 niinia
1313 4185 1687 4254 desperatione
1709 4224 1725 4248 ,
1757 4195 1846 4238 aut

264 4282 446 4350 spiritu
487 4281 749 4336 violenter
782 4289 982 4344 careat,
1017 4290 1104 4332 aut
1136 4279 1186 4333 in
1221 4277 1538 4347 profundum
1569 4277 1732 4331 maris
1763 4291 1848 4330 se-

261 4378 554 4443 metipsum
590 4373 884 4443 praecipitet
911 4389 923 4435 ;
955 4381 1009 4426 et
1037 4381 1128 4425 aut
1157 4385 1301 4434 vere,
1335 4369 1476 4438 quod
1508 4369 1646 4423 absit
1673 4408 1688 4433 ,
1720 4383 1846 4436 pro-

267 4475 377 4529 pter
409 4482 500 4520 me
547 4479 735 4518 amens
766 4462 1062 4526 efﬁciatur;
1092 4471 1249 4530 atque
1281 4463 1418 4515 unde
1461 4462 1589 4514 mihi
1621 4463 1847 4514 salutem

263 4571 416 4626 spero
445 4558 731 4623 devenire,
770 4556 842 4611 illi
888 4567 1111 4612 mortem
1147 4565 1452 4623 perpetuam
1495 4565 1550 4610 et
1589 4556 1849 4624 gehennae

267 4665 560 4720 praeparent
611 4651 781 4720 ignes.
820 4649 959 4719 Ergo
989 4649 1033 4705 si
1082 4647 1315 4718 dignaris
1355 4650 1640 4704 consilium
1671 4663 1847 4704 meum

1943 3451 1997 3497 et
2027 3441 2190 3496 sedeo
2224 3450 2283 3494 nt
2311 3441 2502 3495 civitas
2548 3441 2805 3496 desolata.
2844 3441 3012 3497 Mater
3039 3444 3115 3497 fui
3161 3459 3329 3514 usque
3375 3445 3536 3501 uodie

1945 3551 2039 3604 per
2070 3546 2145 3599 te,
2181 3535 2254 3589 ﬁli
2302 3535 2404 3600 mi,
2437 3549 2499 3588 ac
2529 3536 2731 3604 regina,
2763 3544 2818 3590 et
2859 3551 2999 3590 nunc
3031 3547 3082 3591 te
3112 3539 3362 3592 amittens
3383 3579 3398 3605 ,
3432 3554 3535 3594 nec

1945 3627 2147 3696 regina:
2188 3626 2408 3696 gloriam
2436 3667 2450 3691 ,
2486 3641 2583 3680 nec
2631 3626 2813 3680 matris
2844 3626 3092 3697 gaudium
3123 3627 3314 3683 habeo.
3349 3628 3452 3684 Sed
3481 3639 3537 3685 et

1949 3727 2024 3782 tu,
2059 3727 2180 3773 nate
2216 3719 2546 3783 dulcissime,
2579 3718 2741 3772 arbor
2769 3717 2953 3787 fuisti,
2985 3730 3040 3774 et
3066 3721 3241 3775 excisa
3271 3735 3359 3787 es;
3393 3737 3536 3775 mar-

1945 3816 2136 3884 garita,
2169 3823 2222 3868 et
2250 3827 2279 3865 a
2308 3813 2545 3866 Galilaeis
2575 3811 2652 3882 (6)
2683 3812 2891 3867 furatus
2916 3827 3003 3877 es;
3037 3828 3248 3880 gemma
3280 3813 3535 3884 pretiosa,

1947 3916 2001 3962 et
2031 3907 2081 3961 in
2115 3906 2346 3960 obscuro
2390 3905 2682 3959 collocatus
2715 3919 2806 3969 es;
2839 3914 2896 3958 ut
2927 3904 3160 3974 lampas,
3194 3916 3246 3960 et
3275 3906 3536 3962 exstincta

1951 4019 2045 4070 es;
2076 4005 2319 4059 columna
2353 4016 2498 4066 eras,
2531 4011 2585 4057 et
2611 4001 2852 4070 dejectus
2889 4013 2981 4066 es;
3015 4001 3206 4072 regalis
3237 4012 3412 4057 statua
3435 4044 3451 4070 ,
3484 4013 3538 4058 et

1958 4113 2175 4155 eversus
2207 4111 2285 4152 es.
2335 4097 2398 4150 Et
2437 4094 2561 4165 quid
2611 4094 2812 4149 multa?
2841 4094 3012 4149 Homo
3041 4093 3215 4163 fuisti,
3250 4095 3383 4149 etin
3413 4112 3532 4152 mo-

1950 4193 2115 4248 menti
2149 4190 2301 4254 hora,
2329 4198 2390 4244 ut
2419 4188 2684 4258 suspicor,
2719 4188 2896 4241 subito
2919 4198 3161 4242 mortuus
3192 4203 3272 4242 es.
3303 4184 3370 4242 Et
3398 4203 3541 4243 nunc

1950 4291 2172 4352 propter
2204 4291 2288 4345 te,
2323 4280 2394 4334 ﬁli
2443 4281 2549 4345 mi,
2584 4293 2770 4334 amens
2803 4278 2991 4334 effecta
3025 4295 3143 4333 sum
3166 4321 3178 4342 ,
3215 4289 3271 4334 ut
3317 4295 3414 4335 nec
3455 4280 3540 4336 vel

1953 4377 2137 4438 vitam,
2168 4375 2252 4428 vel
2282 4389 2474 4427 nomen
2505 4387 2682 4426 meum
2715 4373 3022 4441 intelligam.
3059 4371 3182 4425 llaec
3209 4382 3262 4426 et
3291 4371 3543 4439 hujusce-

1954 4469 2097 4522 modi
2131 4467 2290 4523 verba
2315 4477 2469 4536 pater
2501 4465 2614 4534 ejus
2643 4475 2697 4520 et
2725 4473 2894 4519 mater
2916 4465 3177 4531 dicentes,
3203 4467 3350 4520 nullo
3381 4467 3540 4520 modo

1955 4577 2013 4617 se
2048 4569 2292 4630 peierarit
2318 4576 2346 4611 a
2380 4573 2611 4613 moerere
2642 4559 2878 4612 maximo
2909 4557 3172 4611 relevare.

2029 4654 2155 4709 Car.
2195 4653 2318 4707 VIII.
2349 4681 2419 4691 —
2443 4651 2602 4721 Igitur
2631 4665 2750 4706 cum
2782 4651 2835 4704 in
2867 4660 3157 4706 memorata
3185 4651 3336 4714 urbe,
3365 4655 3537 4707 sancti

264 4746 505 4815 accipere
532 4786 544 4808 ,
583 4745 743 4798 facile
791 4743 1003 4798 interim
1041 4757 1162 4812 quae
1200 4742 1337 4796 dico.
1379 4740 1513 4796 .lubc
1556 4757 1642 4797 me
1692 4743 1850 4799 hodie
1879 4730 1935 4790 D
1960 4747 2052 4802 Dei
2089 4745 2334 4800 homines
2368 4745 2671 4799 mansiones
2699 4745 2800 4798 sibi
2832 4754 2981 4814 aptas
3008 4745 3367 4812 invenissent,
3399 4746 3450 4800 iu
3481 4761 3543 4801 ea

266 4835 368 4893 ﬁeri
418 4836 911 4903 eatechumenum,
955 4843 1010 4889 et
1055 4835 1270 4904 impone
1319 4833 1449 4887 mihi
1487 4834 1749 4903 jejunium
1798 4837 1853 4890 in

268 4941 492 4999 quantos
525 4928 763 4985 volueris
792 4928 928 4993 dies,
961 4937 1015 4981 et
1046 4937 1166 4995 post
1194 4925 1308 4982 dies
1337 4927 1585 4981 deﬁuitos
1616 4928 1745 4981 mihi
1773 4944 1856 4983 san

269 5030 606 5074 crumentum
653 5018 989 5087 baptismatis
1020 5018 1210 5073 tribue.
1242 5017 1482 5087 Cumque
1513 5020 1691 5072 omnia
1737 5035 1856 5087 quae

271 5113 596 5170 Christianae
645 5113 912 5182 pertinent
958 5112 1200 5182 religioni
1246 5112 1557 5183 explevere,
1589 5123 1715 5167 tunc
1739 5129 1856 5183 pre-

271 5222 353 5263 cor
377 5221 436 5265 ut
471 5210 678 5279 pariter
702 5208 768 5263 ab
812 5207 910 5262 bac
952 5207 1083 5261 urbe
1112 5207 1270 5264 ambo
1295 5207 1658 5277 egrediamur,
1702 5216 1756 5262 et
1799 5210 1852 5263 in

273 5313 542 5373 regionem
586 5301 955 5371 longinquam,
991 5299 1152 5371 214.
1197 5299 1286 5355 ubi
1338 5315 1434 5355 nos
1471 5300 1700 5370 Spiritus
1731 5316 1855 5355 san-

271 5404 375 5449 ctus
407 5394 744 5464 perduxerit,
776 5406 1147 5463 properemus,
1182 5406 1248 5446 ne
1290 5392 1684 5446 immaculatam
1726 5407 1855 5447 con-

274 5487 554 5542 scientiam
602 5502 776 5542 meam
829 5500 924 5554 per
973 5499 1098 5539 suas
1139 5483 1399 5554 lacrymas
1433 5485 1633 5552 polluat
1681 5494 1854 5554 pater.

273 5578 512 5652 Cumque
543 5585 598 5636 in
649 5580 1062 5650 prudentissimo
1088 5578 1285 5649 juvene
1308 5620 1322 5644 ,
1372 5593 1490 5648 quae
1521 5579 1857 5647 diSposuerat

275 5669 403 5739 itte,
445 5665 822 5729 consummata
862 5671 1108 5738 fuissent,
1145 5678 1264 5738 post
1306 5670 1420 5724 dies
1472 5684 1689 5739 paucos,
1733 5684 1858 5724 ora-

275 5764 410 5821 tione
461 5766 536 5821 ad
568 5765 837 5822 Christum
878 5765 1154 5835 praemissa
1178 5804 1192 5818 .
1224 5762 1380 5818 ambo
1420 5762 1486 5816 ab
1535 5762 1666 5816 urbe
1705 5776 1860 5831 egre-

275 5855 490 5913 diuntur
524 5876 536 5909 :
567 5870 620 5914 et
647 5858 1038 5916 descendentes
1066 5855 1270 5920 navim,
1304 5855 1354 5909 in
1387 5853 1706 5924 Scytharum
1730 5854 1864 5907 ﬁnes

278 5949 506 6022 ingressi
535 5963 686 6020 sunt,
713 5962 875 6024 atque
913 5952 966 6010 in
1006 5948 1448 6007 Almiridensium
1477 5947 1746 6004 civitatem
1779 5947 1865 6016 (5)

1960 4839 2253 4909 gratiarum
2277 4836 2516 4891 actiones
2545 4836 2644 4890 soli
2671 4835 2780 4891 Deo
2801 4835 3142 4892 exhibebant.
3176 4837 3237 4891 Et
3261 4835 3380 4907 quia
3410 4835 3546 4891 scri-

1961 4939 2109 4998 ptum
2141 4935 2222 4984 est
2247 4947 2257 4980 :
2287 4927 2403 4982 Non
2433 4937 2607 4998 potest
2633 4928 2822 4984 civitas
2840 4929 3092 4985 abscondi
3123 4944 3281 4998 super
3309 4935 3542 4981 montem

1964 5021 2132 5088 posita
2180 5018 2399 5090 (Matth.
2440 5020 2499 5089 ν)
2527 5062 2541 5087 ,
2596 5035 2768 5089 neque
2809 5021 2985 5076 divina
3029 5023 3193 5089 gratia
3241 5021 3404 5074 latere
3451 5017 3550 5073 sub

1962 5111 2180 5177 modio,
2214 5114 2378 5182 cmpit
2427 5111 2618 5167 iterum
2670 5113 2906 5169 ccclesiis
2955 5115 3120 5166 virtus
3171 5127 3263 5178 per
3305 5119 3548 5165 sanctqu

1965 5206 2266 5275 Epitectum
2300 5207 2446 5274 plura
2473 5206 2622 5275 signa
2649 5214 2703 5262 et
2734 5205 2968 5276 prodigia
2995 5207 3046 5259 in
3079 5203 3296 5274 regione
3323 5203 3550 5276 Scytha-

1965 5313 2109 5362 rum,
2143 5313 2300 5367 quam
2333 5313 2394 5352 ea
2424 5313 2542 5366 qua:
2574 5299 2626 5352 in
2649 5297 2884 5352 Orientis
2915 5295 3150 5363 partibus
3190 5294 3390 5348 fecerat
3416 5309 3550 5364 ope-

1965 5390 2090 5444 rari.
2123 5389 2252 5444 Nam
2281 5406 2383 5445 una
2435 5389 2640 5445 dierum
2690 5390 2930 5459 quaedam
2973 5385 3163 5440 mulier
3192 5387 3257 5440 ad
3293 5401 3414 5442 eum
3458 5403 3546 5443 ve-

1968 5479 2140 5547 niens,
2168 5481 2362 5536 obtulit
2391 5483 2438 5536 ei
2469 5483 2632 5535 ﬁlium
2664 5496 2841 5543 suum,
2875 5492 3134 5532 annorum
3162 5479 3272 5534 fere
3301 5495 3389 5543 xv,
3430 5496 3548 5534 mu-

1969 5582 2078 5627 tum
2109 5582 2163 5627 et
2190 5574 2434 5635 surdum,
2458 5583 2512 5627 et
2538 5573 2743 5626 aridum
2774 5574 3122 5636 existentem;
3157 5571 3552 5642 projiciensque

1966 5685 2088 5731 eum
2115 5670 2180 5724 ad
2214 5673 2377 5738 pedes
2401 5670 2571 5722 sancti
2601 5668 2824 5737 Epiteeti
2844 5710 2856 5732 ,
2892 5669 3064 5722 taliter
3094 5668 3160 5723 ad
3187 5663 3335 5723 illum
3369 5667 3552 5736 loque-

1969 5763 2146 5826 batur,
2192 5763 2411 5817 dicens:
2443 5759 2593 5814 Unde
2639 5761 2922 5816 adveneris
2956 5763 3135 5816 nescio
3159 5806 3173 5830 ,
3225 5760 3308 5816 vei
3339 5759 3408 5814 de
3451 5775 3554 5828 qua

1969 5857 2188 5924 regione
2238 5855 2439 5907 existas
2487 5854 2696 5924 ignoro.
2755 5857 2864 5912 Hoc
2935 5871 3111 5916 autem
3185 5858 3555 5915 tantummodo

1971 5949 2151 6017 credo,
2179 5947 2298 6017 quia
2329 5948 2374 6002 si
2405 5952 2482 6003 vis
2507 5988 2523 6015 ,
2557 5961 2706 6018 potes
2749 5952 3122 6023 languentibus
3160 5952 3406 6008 sanitatis
3437 5965 3552 6004 me-
