4142 6350
584 411 691 477 899

1624 413 1713 469 DE
1753 404 1932 470 VITIS
1972 410 2255 470 PATRUM
2294 412 2501 469 LIBER
2544 409 2826 469 PRIMUS.

3768 420 3881 482 400

585 533 761 592 delam
791 539 1068 602 praestare,
1099 545 1166 586 eo
1191 529 1331 599 quod
1376 528 1585 583 habitus
1617 535 1737 582 tuus
1779 536 1939 597 atque
1982 528 2170 596 religio
2199 533 2250 594 Α
2347 527 2479 583 αλιι.
2512 526 2577 582 Χ.
2603 557 2674 569 -
2695 526 2829 582 item
2859 524 2965 581 alio
2996 532 3240 598 tempore
3282 530 3415 585 vidit
3457 531 3729 589 hominem
3784 539 3874 607 qui

583 626 849 683 Nazareni
881 624 1025 679 illius
1059 633 1109 677 te
1139 638 1259 677 esse
1286 621 1607 689 discipulum
1652 621 1910 676 declaret.
1945 619 2171 675 Audivi-

582 734 705 776 mtts
721 718 986 789 siquidem
1006 725 1202 786 quanta
1234 717 1383 785 signa
1406 725 1459 770 et
1484 715 1722 785 prodigia
1748 716 1836 770 alii
1860 717 1927 770 de
1951 731 2175 772 numero

582 821 679 868 tuo
702 816 755 865 in
785 811 924 865 illius
947 819 1072 864 sunt
1103 809 1318 863 nomine
1350 808 1576 878 Operati.
1611 809 1748 878 Ergo
1779 811 1901 877 quia
1935 825 2070 862 unus
2101 824 2172 863 ex

583 903 736 961 illius
810 901 1084 971 discipulis
1158 900 1416 967 haberis,
1486 900 1711 956 subveni
1784 900 2176 956 inﬁrmitatibus

589 996 812 1053 nostris.
869 994 1107 1049 Prmdica
1160 994 1313 1047 nobis
1372 994 1438 1047 de
1497 992 1829 1047 mirabilibus
1863 993 2025 1061 illius,
2080 1009 2176 1048 ex-

581 1102 724 1157 pone
755 1087 821 1140 de
871 1086 1089 1139 natione
1144 1084 1341 1153 ipsius,
1398 1099 1492 1140 seu
1538 1083 1831 1137 divinitatis
1874 1099 2179 1139 sacramen-

585 1194 719 1249 tum,
744 1191 805 1237 ut
834 1191 886 1237 et
912 1197 1007 1235 nos
1033 1181 1176 1236 servi
1201 1182 1318 1247 ejus
1339 1194 1435 1249 per
1460 1186 1512 1232 te
1540 1177 1680 1233 eflici
1704 1192 2027 1234 mereamur.
2055 1178 2177 1233 Haec

582 1277 808 1331 audiens
836 1275 1087 1329 sacerdos
1115 1273 1355 1339 Domini,
1386 1272 1562 1326 taliter
1591 1272 1800 1327 mulieri
1835 1272 2044 1327 locutus
2073 1281 2174 1340 est,

582 1370 770 1425 dicens
800 1386 815 1424 :
841 1370 899 1424 Si
924 1369 1146 1423 credere
1177 1367 1256 1421 vis
1286 1366 1478 1420 mulier
1507 1367 1557 1419 in
1582 1380 1703 1420 eum
1731 1381 1889 1435 quem
1922 1381 2022 1437 ego
2050 1381 2181 1435 pra:-

582 1464 704 1521 dico
736 1465 927 1530 Deum,
958 1471 1013 1517 et
1037 1463 1241 1516 nullum
1271 1459 1521 1530 deinceps
1548 1460 1877 1515 inﬁdelitatis
1906 1461 2091 1514 vitium
2125 1462 2181 1515 in

581 1556 767 1611 animo
798 1565 890 1609 tuo
914 1553 1197 1619 resederit,
1230 1553 1323 1607 sed
1346 1551 1637 1606 credideris
1662 1567 1727 1605 ex
1758 1561 1868 1605 toto
1895 1551 2057 1607 corde
2086 1559 2181 1607 tuo

586 1650 732 1722 quod
768 1650 882 1717 ipse
906 1650 975 1704 sit
1004 1648 1251 1704 conditor
1274 1646 1397 1703 cceli
1421 1656 1476 1701 et
1500 1654 1677 1710 terrae,
1708 1648 1871 1700 maris
1892 1661 2105 1716 quoque
2126 1654 2182 1701 et

518 1804 521 1805 ν
582 1742 811 1797 fontium
864 1754 1153 1810 aquarum,
1184 1747 1239 1793 et
1286 1739 1523 1792 omnium
1556 1753 1675 1806 quae
1707 1737 1757 1791 in
1785 1738 1867 1793 eis
1893 1749 2053 1804 sunt,
2083 1736 2183 1792 erit

583 1832 728 1904 quod
758 1830 957 1899 petisti.
987 1830 1099 1884 Nec
1128 1828 1271 1883 enim
1305 1829 1462 1897 longe
1504 1836 1589 1882 est
1625 1828 1692 1882 ab
1722 1843 2048 1898 unoquoque
2079 1842 2179 1882 uo-

2278 620 2346 675 de
2380 622 2537 674 nimia
2564 620 2848 675 altitudine
2880 620 3083 691 lapsus,
3104 622 3487 680 semimortuus
3514 629 3877 695 a‘parentibus

2280 712 2333 767 in
2360 712 2576 767 domum
2609 710 2877 781 propriam
2919 712 3235 769 ducebatur.
3281 714 3528 787 Cumque
3576 719 3876 776 intueretur

2281 806 2402 861 illos
2428 807 2495 861 de
2522 806 2798 875 repentino
2829 806 2971 862 facto
3002 807 3223 863 nimium
3256 808 3564 876 lamentari,
3595 812 3679 880 pia
3711 813 3875 869 mise-

2282 902 2489 956 ratione
2515 910 2832 967 commotus,
2863 905 3086 958 secessit
3107 902 3159 958 in
3183 905 3467 975 quemdam
3494 905 3669 960 locum
3696 911 3875 962 occul-

2284 999 2426 1059 tum;
2456 1001 2508 1047 et
2536 1002 2702 1058 stans,
2737 993 2915 1049 taliter
2947 994 3232 1051 Dominum
3258 1006 3499 1051 nostrum
3528 1014 3625 1067 pro
3656 1014 3721 1053 eo
3754 1015 3879 1068 pre-

2282 1094 2434 1138 catus
2489 1094 2589 1151 est,
2629 1084 3090 1151 dicens;Christe
3144 1088 3305 1153 Deus,
3354 1089 3442 1157 qui
3502 1105 3602 1159 per
3658 1092 3876 1146 beatum

2284 1176 2504 1232 Paulum
2536 1181 2858 1248 apostolum,
2892 1181 3190 1253 Eutychum
3220 1181 3285 1238 de
3316 1182 3551 1237 fenestra
3581 1193 3826 1239 ruentem
3847 1200 3877 1240 a

2285 1272 2474 1325 mortis
2516 1271 2691 1340 januis
2744 1271 3006 1328 revocasti
3053 1273 3119 1328 ad
3160 1274 3320 1328 vitam
3346 1274 3484 1345 (Act.
3522 1274 3651 1345 xx),
3684 1287 3738 1331 et
3789 1278 3877 1345 qui

2285 1360 2474 1417 Enen:
2501 1363 2568 1417 ab
2595 1377 2749 1418 amns
2775 1380 2915 1418 Lxxx
2941 1365 2992 1419 in
3024 1365 3484 1435 grabatojacenti.
3510 1382 3605 1435 per
3632 1377 3877 1423 sanctum

2286 1456 2501 1511 Petrum
2534 1457 2877 1512 stabilitatem
2921 1457 3151 1512 tribuisti
3185 1458 3573 1524 membrorum,
3600 1468 3658 1514 et
3684 1459 3881 1514 claudo

2286 1562 2349 1602 ex
2379 1556 2532 1602 utero
2563 1550 2746 1604 matris
2774 1548 3026 1606 existenti
3049 1550 3310 1619 integram
3342 1551 3626 1607 sanitatem
3660 1553 3881 1622 praesti-

2288 1640 2396 1695 tisti
2422 1641 2555 1711 (Act.
2585 1640 2761 1711 tu),et
2790 1657 2951 1707 nunc,
2980 1656 3180 1711 quaeso.
3213 1641 3457 1707 Domine,
3481 1643 3691 1713 respice
3718 1658 3881 1713 super

2285 1728 2447 1786 istum
2482 1735 2772 1799 hominem,
2804 1736 2891 1804 qui
2925 1749 3019 1803 per
3045 1733 3245 1789 diaboli
3273 1735 3643 1804 operationem
3672 1750 3704 1789 a
3734 1743 3883 1793 tanta

2287 1825 2482 1880 cecidit
2510 1824 2818 1893 altitudine;
2851 1826 2991 1881 dona
3018 1828 3066 1882 ei
3100 1828 3360 1897 integram
3407 1829 3715 1895 sanitatem,
3748 1829 3883 1884 taci-

586 1903 785 1988 strum,
809 1938 875 1977 eo
900 1921 1041 1991 quod
1069 1922 1121 1974 in
1153 1921 1268 1990 ipso
1294 1935 1499 1986 smnus,
1531 1921 1781 1983 vivimus,
1812 1928 1870 1975 et
1900 1934 2176 1974 movemur
2204 1903 2254 1964 Β
2283 1922 2444 1984 teque
2472 1930 2593 1971 eum
2628 1931 2748 1972 esse
2776 1918 2846 1973 de
2876 1933 3103 1973 numero
3130 1934 3351 1990 gregum
3382 1928 3593 1974 tuorum
3615 1964 3629 1987 ,
3663 1920 3789 1990 quia
3820 1932 3876 1975 tu

588 2014 729 2083 (Act.
758 2013 876 2083 vn).
911 2013 1036 2068 llaec
1057 2012 1264 2077 dicens,
1294 2027 1517 2081 puerum
1541 2012 1856 2067 dissolutum
1883 2011 2038 2083 jubet
2060 2014 2173 2068 ele-

585 2108 736 2169 vari;
774 2114 829 2161 et
868 2106 1163 2161 sublevatis
1198 2104 1367 2159 oculis
1401 2104 1469 2159 ad
1502 2105 1731 2170 caelum,
1760 2103 1936 2160 taliter
1976 2119 2073 2171 pro
2110 2118 2176 2159 eo

585 2200 873 2255 Dominum
920 2198 1330 2268 deprecabatur,
1368 2198 1551 2253 dicens
1584 2198 1973 2266 :Omnipotens
2005 2196 2172 2265 Deus,

584 2294 675 2366 qni
702 2309 761 2350 es
786 2294 1085 2349 immensus
1124 2302 1178 2347 et
1206 2292 1513 2355 invisibilis,
1541 2290 1918 2345 inenarrabilis
1965 2304 2179 2360 quoque

585 2397 641 2443 et
689 2384 1288 2456 incomprehensibilis,
1333 2384 1482 2441 salus
1523 2382 1975 2444 Christianorum,
2029 2382 2178 2436 inﬁr-

586 2482 849 2540 mantium
879 2484 1150 2545 medicus,
1178 2479 1507 2550 gubernator
1534 2481 1921 2548 navigantium,
1965 2475 2177 2545 pericli-

588 2575 817 2631 tantium
851 2582 1057 2644 portus,
1084 2572 1262 2627 lumen
1291 2585 1577 2636 caecorum,
1606 2583 1700 2639 pes
1729 2568 2063 2635 claudorum,
2092 2568 2177 2621 via

589 2667 907 2733 errantium,
934 2667 1165 2734 respice,
1190 2677 1397 2735 quaeso,
1425 2660 1670 2727 Domine,
1718 2674 1880 2728 super
1916 2658 2058 2713 hunc
2094 2657 2175 2711 fa-

593 2761 801 2816 mulum
851 2770 1032 2824 tuum,
1078 2769 1131 2813 et
1175 2759 1323 2815 solve
1366 2756 1640 2811 vinculum
1694 2755 1889 2825 linguae
1922 2753 2068 2807 illius
2110 2750 2176 2806 ad

591 2850 805 2907 laudem
837 2850 1072 2905 nominis
1097 2850 1191 2904 tui.
1227 2848 1389 2919 Aperi
1432 2862 1643 2918 quoque
1686 2860 1842 2901 aures
1888 2845 2080 2915 ipsius,
2111 2842 2177 2898 ad

592 2943 915 3000 audiendum
947 2953 1035 2999 tua
1085 2944 1321 2999 crelestia
1370 2951 1728 2997 sacramenta.
1761 2938 1901 2995 Sana
1928 2938 2178 2992 universa

592 3036 833 3092 membra
864 3037 980 3105 ejus
1009 3036 1257 3101 contrita,
1296 3044 1402 3089 tam
1426 3034 1653 3088 animam
1685 3047 1842 3103 quam
1870 3032 2031 3085 etiam
2060 3044 2181 3084 cor-

592 3144 718 3200 pus,
748 3129 887 3184 sicut
919 3128 1059 3182 illius
1088 3126 1369 3199 paralytici
1402 3141 1558 3197 quem
1586 3134 1709 3196 post
1740 3125 1954 3196 triginta
1979 3133 2034 3179 et
2058 3130 2180 3178 octo

592 3235 763 3275 annos
793 3230 912 3275 tuus
940 3220 1263 3275 venerabilis
1288 3218 1549 3274 adventus
1585 3218 1793 3289 integra
1833 3216 2053 3271 donavit
2084 3232 2176 3271 sa-

594 3311 762 3366 nitate
794 3309 974 3380 (Joan.
1006 3309 1096 3381 v),
1135 3320 1193 3364 ut
1228 3318 1525 3382 agnoscant
1575 3324 1769 3364 nomen
1814 3317 1960 3363 tuum
1997 3307 2089 3377 qui
2128 3315 2181 3362 te

594 3418 701 3457 non
735 3414 1027 3469 noverunt,
1061 3403 1222 3475 215
1254 3415 1307 3459 et
1343 3402 1565 3459 credant
1606 3404 1729 3473 quia
1778 3412 1830 3458 tu
1858 3419 1915 3459 es
1950 3404 2097 3479 solus
2128 3412 2183 3460 et

599 3507 762 3550 verus
792 3495 950 3559 Deus,
982 3495 1070 3563 qui
1100 3510 1291 3565 regnas
1316 3508 1367 3550 et
1401 3510 1683 3565 permaues
1722 3511 1828 3549 una
1862 3511 1980 3551 cum
2026 3496 2183 3553 Patre

595 3596 651 3641 et
677 3586 876 3656 Spiritu
905 3594 1092 3641 sancto
1117 3586 1169 3639 in
1200 3586 1394 3641 smcula
1426 3588 1768 3642 saeculorum.
1802 3586 2025 3655 Expleta
2062 3601 2183 3640 ora-

596 3680 760 3743 tione,
791 3678 1003 3747 exspuit
1043 3687 1123 3733 ter
1152 3678 1204 3732 in
1251 3693 1312 3733 os
1343 3678 1562 3733 infantis
1587 3719 1603 3747 ,
1635 3687 1793 3749 atque
1838 3679 2182 3748 interrogans

595 3785 739 3834 eum,
786 3769 960 3824 dixit:
992 3768 1124 3835 Fili,
1162 3771 1211 3823 in
1258 3785 1415 3840 quem
1456 3770 1621 3825 Deum
1655 3786 1753 3825 nos
1788 3772 2039 3827 convenit
2066 3785 2184 3826 cre-

597 3862 747 3929 dere,
779 3862 830 3916 iu
861 3861 1001 3918 idola
1037 3877 1157 3933 quae
1201 3862 1268 3917 ab
1298 3862 1601 3917 hominibus
1626 3863 1777 3927 ﬁunt,
1812 3871 1903 3916 aut
1930 3864 1981 3917 in
2004 3861 2184 3916 Jesum

601 3956 875 4011 Christum
916 3956 1263 4020 crucifixum,
1289 3956 1379 4026 qui
1420 3963 1473 4011 te
1516 3956 1673 4011 hodie
1708 3971 1898 4011 sanare
1941 3956 2185 4025 dignatus

600 4053 724 4106 est?
757 4054 825 4105 At
854 4053 942 4105 ille
986 4066 1107 4107 cum
1140 4066 1330 4122 magna
1368 4067 1501 4107 voce
1527 4053 1847 4108 exclamavit
1881 4052 2103 4107 dicens:
2130 4051 2184 4107 ln

603 4142 787 4199 Jesum
817 4143 1090 4199 Christum
1127 4160 1225 4199 nos
1254 4145 1503 4201 convenit
1531 4146 1776 4211 credere,
1800 4159 1832 4198 ο
1855 4143 2186 4210 beatissime,

604 4240 695 4309 qui
744 4248 890 4293 tanta
935 4239 1195 4295 beneﬁcia
1237 4255 1453 4310 semper
1489 4249 1545 4296 et
1585 4255 1751 4311 usque
1789 4240 1840 4293 in
1870 4248 2188 4308 prmsentem

603 4335 744 4389 diem
768 4336 820 4387 in
846 4334 1149 4389 hominibus
1176 4344 1444 4405 operatur.
1477 4336 1715 4405 Cumque
1740 4334 1842 4389 hoc
1873 4333 2187 4389 miraculum

602 4437 849 4485 cerneret
894 4426 1340 4483 Almiridensium
1410 4428 1695 4483 multitudo
1722 4471 1737 4494 ,
1782 4428 1928 4483 dedit
1960 4429 2187 4499 gloriam

605 4519 739 4587 Deo,
764 4528 819 4576 et
850 4520 1131 4591 plusquam
1153 4521 1302 4575 mille
1326 4521 1521 4575 anima:
1546 4520 1596 4575 in
1624 4520 1711 4575 illa
1735 4520 1825 4576 die
1848 4521 2191 4577 crediderunt

606 4610 661 4665 in
693 4610 974 4665 Dominum
1006 4612 1362 4667 Salvatorem.

2281 2024 2342 2065 es
2392 2020 2572 2081 pastor
2620 2022 2821 2078 noster,
2846 2014 3003 2068 verus
3046 2012 3325 2081 Dominus,
3367 2014 3457 2085 qui
3487 2015 3539 2069 in
3569 2024 3662 2068 tuo
3690 2023 3879 2071 sancto

2277 2104 2573 2176 Evangelio
2596 2106 2805 2164 locutus
2836 2122 2917 2173 es,
2943 2107 3127 2163 dicens
3155 2108 3337 2176 (Joan.
3370 2107 3425 2179 x)
3455 2126 3465 2161 :
3495 2108 3603 2178 Ego
3633 2124 3753 2162 sum
3787 2124 3880 2177 pa-

2277 2210 2391 2258 stor
2443 2202 2634 2268 bonus,
2661 2212 2716 2257 et
2763 2217 3027 2271 cognosco
3076 2218 3225 2257 meas
3273 2217 3420 2267 oves,
3450 2211 3506 2257 et
3548 2209 3881 2271 cognoscunt

2278 2311 2365 2351 me
2395 2310 2551 2351 meae.
2582 2296 2731 2351 Sicut
2763 2298 2909 2350 novit
2952 2311 3037 2350 me
3083 2294 3276 2362 Pater,
3305 2304 3356 2349 et
3387 2309 3486 2364 ego
3515 2307 3752 2364 agnosco
3780 2290 3883 2346 Pa-

2285 2397 2444 2454 trem,
2475 2395 2529 2443 et
2572 2387 2804 2441 animam
2838 2402 3008 2442 meam
3041 2402 3181 2457 pono
3211 2401 3306 2456 pro
3335 2386 3524 2441 ovibus
3552 2388 3709 2441 meis.
3739 2384 3884 2440 Ora-

2286 2480 2434 2536 tione
2466 2481 2632 2546 ﬁnita,
2664 2480 2929 2536 accedens
2952 2480 3103 2549 juxta
3133 2479 3425 2545 hominem,
3459 2479 3636 2534 taliter
3662 2477 3731 2532 ad
3759 2492 3880 2532 cum

2280 2575 2487 2629 locutus
2516 2582 2617 2642 est,
2651 2573 2871 2629 dicens:
2899 2572 2955 2627 lu
2979 2573 3196 2628 nomine
3227 2572 3352 2627 Jesu
3384 2570 3586 2627 Christi
3614 2585 3780 2642 surge
3826 2578 3881 2626 et

2280 2666 2932 2735 ambula.Etapprehensa
2948 2664 3064 2735 ejus
3079 2680 3234 2719 manu
3254 2665 3476 2719 dextera
3488 2665 3880 2728 elevaviteum;

2282 2769 2334 2816 et
2363 2760 2606 2830 protinus
2634 2759 2981 2813 consolidatze
3008 2767 3133 2812 sunt
3163 2758 3321 2812 bases
3349 2755 3466 2825 ejus
3493 2766 3547 2811 et
3578 2756 3803 2824 plantat,
3827 2764 3883 2812 et

2283 2852 2519 2907 exsilivit
2548 2860 2603 2907 et
2630 2852 2942 2907 ambulavit.
2992 2852 3060 2905 Et
3101 2850 3322 2905 veniens
3349 2864 3455 2905 una
3488 2864 3608 2905 cum
3644 2851 3885 2919 parenti-

2282 2945 2383 3000 bus
2404 2949 2518 3001 suis
2540 2961 2710 3016 usque
2730 2946 2797 3001 ad
2816 2944 3178 3001 habitaculum
3206 2953 3537 3013 sanctorum,
3558 2946 3886 3000 exclamavit

2284 3054 2476 3109 magna
2504 3054 2656 3107 voce,
2677 3041 2863 3096 dicens
2890 3058 2901 3093 :
2930 3040 3077 3096 Unus
3100 3040 3241 3095 Deus
3271 3038 3493 3109 Epicteti
3524 3047 3581 3094 et
3612 3038 3883 3103 Astionis,

2288 3148 2417 3190 vere
2445 3149 2580 3189 unus
2612 3134 2751 3191 Deus
2781 3134 3207 3190 Christianorum
3233 3150 3246 3199 ;
3289 3133 3514 3204 ideoque
3545 3148 3654 3188 non
3685 3132 3890 3188 recedo

2289 3229 2445 3298 hinc,
2477 3228 2582 3285 nisi
2624 3228 2786 3285 hodie
2835 3229 3170 3284 Christianus
3216 3242 3336 3283 cum
3381 3227 3516 3283 meis
3571 3228 3891 3296 parentibus

2210 3288 2257 3351 Ω
2286 3322 2439 3380 fuero
2468 3323 2710 3379 eﬁ‘ectus.
2756 3322 2905 3378 Tunc
2940 3322 3192 3379 sacerdos
3233 3321 3442 3379 Domini
3473 3336 3758 3377 assumens
3791 3324 3882 3377 ho-

2286 3423 2640 3486 minem,cum
2668 3419 2930 3475 universis
2958 3418 3048 3488 qui
3079 3418 3324 3484 aderant,
3358 3417 3545 3473 eadem
3580 3419 3712 3471 hora
3740 3423 3889 3471 cate-

2285 3513 2581 3568 chumenos
2627 3512 2825 3577 eﬂ'ecit,
2858 3522 2911 3567 et
2942 3519 3061 3581 post
3104 3525 3301 3578 paucos
3328 3510 3444 3567 dies
3472 3518 3882 3565 sacramentum

2286 3605 2363 3660 eis
2396 3602 2645 3674 baptismi
2674 3602 2911 3658 tradidit.

2357 3696 2485 3753 CAP.
2515 3694 2605 3750 ΧΙ.
2630 3723 2699 3737 -
2720 3697 2838 3751 Alio
2862 3710 3074 3766 quoque
3102 3704 3362 3765 tempore,
3392 3693 3522 3749 dum
3541 3692 3607 3747 ad
3630 3692 3882 3747 haurien-

2287 3789 2409 3846 dam
2438 3804 2631 3860 aquam
2662 3805 2725 3845 ex
2758 3790 2976 3845 ﬂumine
3005 3791 3122 3859 ipse
3149 3788 3490 3843 beatissimus
3517 3787 3733 3852 Astion,
3765 3786 3883 3840 sine

2283 3884 2523 3954 jussione
2548 3884 2632 3939 vel
2662 3884 3132 3940 commendatione
3154 3883 3300 3938 senis
3330 3882 3683 3953 perrexisset,
3713 3878 3884 3947 turpis

2288 3975 2531 4043 qumdam
2561 3974 2813 4045 cogitatio
2842 3975 2903 4043 in
2924 3975 3009 4028 via
3038 3982 3200 4030 eunte
3230 3974 3340 4037 illo,
3377 3982 3612 4028 mentem
3642 3971 3767 4041 ejus
3797 3986 3883 4023 su-

2289 4067 2401 4122 bito
2429 4068 2643 4125 invasit.
2694 4067 2764 4123 Et
2792 4083 2914 4123 eum
2946 4084 3039 4138 per
3068 4068 3300 4123 triduum
3333 4067 3420 4123 hic
3447 4067 3567 4123 talis
3596 4081 3657 4121 ac
3704 4075 3885 4120 tantus

2292 4160 2373 4213 vir
2419 4175 2528 4215 non
2558 4160 2820 4228 potuisset
2843 4160 2909 4215 de
2936 4175 3033 4215 suo
3067 4169 3283 4229 pectore
3312 4174 3430 4215 eam
3457 4158 3770 4223 extrudere,
3805 4156 3884 4210 ni-

2292 4252 2455 4307 mium
2483 4250 2652 4307 tristis
2672 4250 2894 4306 effectus
2916 4261 3020 4317 est,
3040 4261 3093 4305 et
3124 4250 3299 4305 vultus
3325 4250 3441 4320 ejus
3468 4249 3626 4304 valde
3655 4265 3753 4317 pro
3783 4247 3882 4302 hoc

2293 4344 2642 4415 permanebat
2669 4346 2941 4398 confusus.
2974 4343 3142 4410 Quem
3193 4342 3407 4398 intuens
3434 4341 3763 4397 venerabilis
3793 4354 3881 4394 se-

2292 4436 2432 4502 nior,
2466 4434 2535 4489 ait
2564 4434 2632 4490 ad
2662 4450 2785 4491 eum
2807 4452 2819 4487 :
2845 4434 2983 4503 Quid
3011 4445 3095 4489 est
3125 4434 3245 4499 hoc,
3280 4434 3375 4499 ﬁli,
3400 4433 3542 4501 quod
3572 4435 3652 4489 sic
3676 4433 3882 4486 tristem

2294 4537 2349 4584 te
2392 4528 2624 4597 intueor,
2656 4536 2712 4582 et
2742 4527 2955 4583 insolito
3002 4542 3233 4583 mmrore
3281 4528 3483 4597 aspicio
3529 4522 3885 4582 confectum?

2295 4623 2421 4678 Haec
2445 4622 2705 4692 siquidem
2734 4620 2965 4687 tristitia,
2991 4636 3108 4689 quae
3136 4628 3188 4676 te
3207 4634 3347 4675 nunc
3367 4619 3606 4674 detinere
3632 4618 3871 4679 videtur,

670 4702 801 4757 CAP.
827 4702 918 4757 IX.
935 4703 1133 4759 —Non
1161 4705 1332 4759 solum
1360 4703 1521 4775 igitur
1544 4716 1761 4762 sanctus
1786 4708 2076 4777 Epictetus,
2096 4708 2182 4764 sed

2298 4730 2403 4775 n0n
2435 4726 2517 4773 est
2544 4716 2635 4771 illa
2662 4730 2821 4785 quam
2866 4714 3036 4769 sancti
3075 4712 3249 4768 solent
3280 4712 3478 4767 habere
3509 4712 3560 4766 in
3591 4711 3765 4776 vultu,
3795 4707 3883 4764 vel

607 4803 663 4851 ct
690 4794 1034 4851 beatissimus
1059 4799 1245 4852 Astion
1271 4798 1494 4866 plurima
1520 4800 1776 4854 miracula
1793 4802 1843 4855 in
1864 4802 2081 4857 nomine
2101 4804 2193 4858 Do-

602 4888 735 4944 mini
756 4888 1095 4959 operabatur.
1124 4880 1359 4961 Denique
1377 4892 1568 4947 collata
1583 4902 1665 4948 est
1680 4895 1759 4948 eis
1784 4895 2006 4963 plurima
2022 4897 2191 4965 gratia

603 4980 863 5036 adversus
890 4995 1078 5037 omnes
1109 4982 1467 5048 inﬁrmitates,
1499 4985 1593 5040 sed
1619 4994 1673 5039 et
1702 4995 1890 5041 contra
1920 4988 2190 5044 daemones

602 5072 838 5126 maxima
865 5069 970 5128 illis
992 5082 1232 5141 potestas
1260 5074 1453 5128 tributa
1480 5086 1579 5129 est.
1610 5076 1723 5132 Una
1752 5078 1909 5147 igitur
1930 5094 1961 5134 e
1977 5080 2186 5145 diebus,

600 5164 728 5221 dum
758 5165 826 5221 ad
869 5166 1224 5220 hauriendum
1257 5181 1446 5235 aquam
1479 5181 1724 5239 pergeret
1767 5171 1835 5226 ad
1870 5171 2192 5240 Danubium,

602 5261 839 5316 Otcurrit
878 5260 927 5317 ei
960 5258 1120 5316 homo
1157 5259 1247 5329 qui
1276 5274 1306 5313 a
1331 5259 1599 5316 daemonio
1652 5264 1968 5319 vexabatur.
1999 5264 2065 5318 Et
2101 5279 2195 5334 ap-

602 5356 855 5425 propians
900 5356 1050 5426 juxta
1097 5355 1269 5421 illum,
1301 5364 1354 5409 et
1383 5371 1545 5411 orans
1584 5372 1680 5427 pro
1730 5374 1794 5412 eo
1838 5356 2191 5425 sufﬁcienter,

604 5448 837 5503 salutare
868 5450 1075 5517 signum
1104 5448 1155 5502 in
1203 5451 1379 5503 fronte
1407 5450 1523 5518 ejus
1551 5451 1693 5516 fecit,
1726 5460 1779 5505 et
1810 5466 1904 5519 per
1945 5453 2193 5507 universa

605 5540 845 5596 membra
893 5539 1010 5610 ejus
1040 5539 1303 5608 depinxit.
1332 5542 1432 5609 Qui
1465 5543 1653 5597 eidem
1683 5543 1811 5597 liora
1842 5558 2089 5612 egressus
2111 5554 2195 5600 est

600 5636 669 5692 ab
698 5651 784 5693 eo.
815 5636 1050 5707 Fugiens
1091 5647 1269 5692 autem
1312 5639 1578 5703 diabolus,
1612 5640 1827 5694 dicebat
1854 5658 1867 5694 :
1896 5641 2052 5697 Fides
2084 5650 2192 5710 tua,

600 5747 635 5787 ο
665 5731 881 5797 Astion,
904 5745 968 5784 ac
991 5731 1193 5799 puritas
1223 5734 1441 5799 mentis,
1467 5749 1713 5804 magnam
1740 5736 2000 5790 adversus
2026 5750 2193 5806 genus

603 5834 847 5882 nostrum
872 5838 904 5879 a
933 5824 1212 5880 Salvatore
1260 5828 1467 5896 accepit
1511 5838 1851 5898 potestatem.
1880 5827 1950 5886 Et
1980 5833 2095 5886 haec
2122 5830 2197 5887 di-

605 5932 757 5984 cens,
784 5931 1044 5986 nusquam
1074 5919 1399 5986 comparuit.

2300 4810 2619 4881 ptenitentes
2650 4822 2748 4878 pro
2786 4822 2879 4861 sua
2920 4806 3191 4861 communi
3218 4806 3421 4871 salute;
3451 4805 3544 4860 sed
3587 4814 3714 4873 puto
3748 4805 3885 4858 hanc

2298 4916 2419 4959 esse
2449 4902 2592 4957 illam
2626 4899 2954 4956 mortiferam
2986 4898 3253 4954 tristitiam
3278 4940 3295 4968 ,
3323 4914 3440 4967 quae
3470 4907 3561 4953 aut
3587 4909 3884 4968 apostatam

2299 4998 2488 5055 Judam
2533 4995 2760 5069 (Matth.
2791 4994 2994 5065 xxv"),
3020 4994 3106 5049 vel
3136 4993 3454 5063 Acbitophel
3483 4992 3886 5048 consiliatorem

2301 5091 2586 5147 Absalonis
2626 5092 2839 5146 necavit
2864 5086 2988 5162 (III
3019 5086 3157 5159 Reg.
3190 5088 3349 5158 xvn).
3395 5087 3545 5142 Tunc
3591 5087 3682 5141 ille
3709 5105 3724 5142 :
3752 5091 3888 5143 Ante

2301 5186 2401 5241 hoc
2431 5184 2664 5240 triduum
2691 5224 2707 5250 ,
2738 5182 2951 5254 quando
2984 5191 3070 5237 tua
3099 5180 3477 5237 venerabilitas
3505 5195 3625 5235 cum
3660 5180 3888 5235 homini-

2297 5280 2398 5334 bus
2428 5278 2532 5333 illis
2561 5277 2629 5331 de
2650 5277 2857 5333 caelesti
2892 5273 3148 5347 mysterio
3179 5274 3519 5343 loquebatur,
3556 5273 3762 5343 pudore
3792 5287 3882 5327 ve.

2298 5379 2465 5435 tante,
2510 5384 2634 5439 ego,
2664 5377 2715 5424 te
2757 5368 3030 5423 nesciente
3055 5411 3068 5437 ,
3100 5366 3166 5421 ad
3198 5364 3550 5421 hauriendam
3595 5380 3789 5433 aquam
3821 5362 3885 5417 ad

2298 5464 2513 5517 ﬂuvium
2532 5462 2766 5531 perrexi.
2795 5463 2967 5517 Eunte
2991 5476 3077 5516 me
3098 5474 3227 5515 vero
3247 5460 3298 5515 in
3322 5462 3429 5525 via,
3450 5459 3621 5527 turpis
3643 5458 3883 5527 quaedam

2298 5564 2351 5610 et
2376 5555 2507 5608 satis
2537 5553 2751 5607 sordida
2797 5554 3067 5624 cogitatio,
3099 5562 3175 5618 et,
3206 5560 3263 5606 ut
3308 5560 3453 5620 puto,
3490 5566 3585 5618 per
3611 5550 3879 5604 diabolum

2299 5647 2349 5701 in
2382 5656 2616 5702 mentem
2663 5645 2793 5701 mihi
2820 5645 3085 5701 ascendit.
3119 5645 3187 5700 Et
3212 5659 3355 5699 nunc
3398 5645 3595 5713 itaque,
3628 5656 3756 5697 ecce
3776 5640 3882 5709 jam

2299 5757 2391 5810 per
2439 5741 2707 5809 triduum,
2737 5750 2995 5809 quantum
3025 5739 3179 5794 valeo
3222 5753 3341 5793 cum
3375 5736 3628 5807 lacrymis
3674 5745 3729 5790 et
3771 5746 3888 5788 ora-

2300 5834 2443 5889 tione
2484 5832 2877 5902 Scripturarum
2924 5831 3109 5886 laboro
3152 5830 3219 5885 ad
3261 5828 3634 5899 expellet-dam
3662 5840 3804 5891 eam,
3833 5830 3887 5877 et

2298 5928 2446 5984 nullo
2473 5926 2633 5984 modo
2677 5925 2836 5983 valeo
2861 5939 3138 5997 superare.
3188 5923 3341 5981 Tunc
3368 5931 3586 5983 sanctus
3614 5920 3885 5992 Epictetus
