4142 6350
293 366 392 422 401

801 358 966 417 VITA
1002 356 1419 416 SANGTORUM
1463 354 1780 414 EPICTETI
1822 354 2261 417 PRESBYTER!
2303 362 2391 418 ET
2431 360 2744 420 ASTIONIS
2783 356 3108 416 MONACHI.

3469 362 3578 418 402

291 476 589 538 terribilem
620 474 671 531 ei
703 488 860 529 suum
901 472 1103 528 vultum
1143 468 1469 538 OStendens,
1503 478 1559 526 et
1602 470 1885 540 indignans
1916 472 1968 531 Α
1993 486 2111 539 nus,
2143 474 2246 529 hoc
2272 476 2477 544 patria;
2502 485 2556 531 et
2586 475 2717 530 nihil
2748 475 2891 530 aliud
2915 491 3118 540 sumus,
3152 490 3309 546 quam
3338 477 3452 532 veri
3484 475 3579 535 Dei

292 567 691 644 quodammodo
721 565 977 621 adversus
1007 563 1533 629 daemonem,taliter
1556 562 1626 618 ad
1653 579 1775 619 cum
1807 564 1886 619 loc

290 674 447 722 cutus
495 670 606 727 est,
636 656 953 714 dicens:Et
999 670 1163 726 quare
1203 656 1405 722 absque
1450 669 1571 711 mea
1616 657 1885 712 sententia

288 756 493 814 Ostium
523 750 735 807 cellulae
775 762 1023 820 egressus
1054 763 1133 812 es,
1166 748 1250 803 vel
1276 748 1393 804 sine
1422 750 1667 805 oratione
1686 748 1887 805 Christi

284 843 588 900 sacerdOtis
632 840 915 910 perrexisti
963 839 1030 895 ad
1072 840 1334 895 ﬂuvium?
1364 841 1446 896 An
1498 842 1714 911 ignoras
1764 842 1887 913 quia

283 936 691 995 commendatio
719 934 992 1005 praepositi
1022 949 1234 1006 semper
1257 934 1556 1004 junioribus
1584 952 1769 992 murus
1798 938 1884 991 in-

285 1031 682 1103 expugnabilis,
704 1039 758 1086 et
780 1029 945 1085 lorica
967 1029 1111 1093 ﬁdei,
1138 1029 1204 1084 ad
1228 1030 1589 1098 superandum
1610 1030 1885 1088 diabolum

283 1127 510 1185 existit?
542 1124 610 1181 Et
649 1126 763 1181 haec
793 1125 976 1181 dicens
1000 1166 1016 1191 ,
1046 1124 1200 1194 jubet
1229 1138 1351 1179 eum
1384 1125 1587 1195 pariter
1614 1141 1797 1182 secum
1830 1125 1887 1184 in

285 1220 539 1278 oratione
585 1226 707 1273 ante
758 1217 1043 1271 Dominum
1090 1227 1453 1286 prosternere.
1503 1218 1755 1299 Cumque.
1796 1218 1887 1275 diu

288 1316 628 1384 multumque
673 1312 965 1367 Salvatoris
996 1314 1159 1383 216
1208 1311 1633 1369 misericordiam
1680 1314 1889 1383 precati

292 1408 544 1471 fuissent,
574 1413 628 1461 et
656 1404 800 1459 finita
829 1405 1078 1459 oratione
1109 1419 1175 1460 ex
1198 1405 1312 1459 solo
1342 1405 1726 1471 surrexissent,
1754 1405 1889 1462 vidit

289 1497 488 1553 beatus
513 1495 699 1551 Astion
731 1508 956 1563 puerum
989 1494 1276 1563 quemdam
1319 1495 1533 1564 nigrum
1582 1508 1704 1551 cum
1734 1496 1889 1566 ignea

293 1587 469 1644 facula
510 1586 577 1641 de
600 1600 697 1642 suo
727 1586 847 1641 sinu
874 1586 1270 1657 egredientem,
1294 1601 1356 1642 ac
1385 1588 1511 1643 talia
1556 1588 1660 1644 sibi
1705 1588 1888 1645 dicen-

294 1691 405 1739 tem
432 1695 448 1736 :
474 1678 754 1736 Confessio
792 1687 902 1745 tua,
935 1680 1150 1748 Astion,
1182 1694 1403 1749 magnas
1449 1695 1598 1736 meas
1637 1683 1890 1737 contrivit

294 1773 461 1830 hodie
491 1774 656 1838 vires,
688 1782 740 1828 et
770 1788 873 1827 una
904 1772 1078 1827 oratio
1099 1780 1274 1827 vestra
1292 1788 1378 1829 me
1399 1772 1659 1829 inermem
1689 1774 1741 1828 in
1772 1788 1888 1831 om-

1981 565 2241 621 .cnltores.
2279 567 2345 621 Et
2365 568 2555 623 iterum
2577 586 2590 621 :
2611 567 2667 621 Si
2697 567 2849 622 nobis
2875 579 2995 637 post
3020 568 3156 623 hanc
3179 568 3577 624 confessionem

1990 658 2249 726 supplicia
2288 658 2511 727 jusserit
2553 659 2819 725 adhiberi,
2852 660 2982 714 nihil
3025 659 3164 715 aliud
3198 660 3250 714 in
3296 662 3583 717 tormentis

1993 750 2150 818 positi
2179 750 2437 815 dicamus,
2467 751 2569 806 nisi
2595 768 2609 806 :
2636 752 2861 807 Domine
2881 752 3031 819 Jesu,
3059 761 3148 808 tua
3171 754 3417 809 voluntas
3440 769 3585 811 sem-

1993 857 2089 913 per
2120 844 2211 898 ﬁat
2238 844 2289 898 in
2322 845 2495 900 nobis.

2063 938 2192 994 Car.
2224 938 2359 993 Xlll.
2387 970 2459 982 —
2494 940 2658 1009 igitur
2688 940 2791 995 alia
2814 939 2922 1007 die,
2954 938 3127 1010 primo
3158 939 3393 996 diluculo
3436 940 3590 1011 jubet

1992 1031 2346 1087 Latronianus
2385 1032 2493 1086 dux
2539 1032 2775 1087 tribunal
2822 1032 3109 1102 praeparari
3156 1031 3211 1087 in
3242 1033 3417 1088 media
3449 1034 3584 1089 civi-

1996 1134 2130 1193 tate,
2164 1136 2217 1182 et
2266 1127 2605 1197 praeconibus
2653 1127 2880 1196 imperat
2909 1134 2969 1181 ut
2996 1138 3115 1182 cum
3148 1125 3321 1181 nimio
3351 1127 3589 1183 clamore

1993 1219 2060 1275 ad
2090 1228 2197 1274 tam
2224 1218 2517 1274 nefandum
2551 1227 2605 1273 et
2635 1217 2911 1273 horridum
2952 1217 3317 1287 spectaculum
3347 1218 3588 1272 multitu-

1993 1312 2174 1368 dinem
2208 1313 2389 1383 populi
2420 1312 2729 1366 invitarent.
2764 1310 2831 1366 Et
2874 1311 3017 1366 facta
3043 1311 3154 1381 jam
3184 1312 3312 1365 hora
3342 1311 3451 1366 diei
3479 1319 3588 1365 ter-

1995 1405 2088 1471 tia,
2120 1405 2270 1474 quasi
2301 1404 2582 1459 furibunda
2611 1404 2781 1459 bestia
2824 1402 3178 1459 Latronianus
3210 1402 3484 1473 procedit.
3521 1402 3589 1455 Et

1994 1496 2195 1565 populo
2224 1495 2460 1563 undique
2486 1502 2855 1563 exspectante,
2879 1494 3074 1550 sedens
3101 1508 3199 1564 pro
3228 1492 3475 1547 tribunali
3500 1491 3591 1562 ju-

1994 1586 2089 1643 bet
2116 1586 2310 1641 adduci
2356 1595 2571 1642 sanctos
2600 1602 2654 1642 m
2684 1595 2975 1657 conspectu
3005 1602 3122 1642 suo.
3170 1586 3409 1655 Cumque
3436 1584 3592 1641 exhi-

1994 1679 2094 1734 biti
2126 1694 2308 1733 coram
2338 1694 2405 1734 eo
2432 1687 2687 1746 astarent,
2722 1694 2845 1735 mox
2892 1690 2952 1735 ut
3000 1680 3129 1735 vidit
3177 1694 3302 1747 eos,
3336 1694 3366 1733 a
3395 1693 3592 1748 pavore

1993 1770 2163 1826 nimio
2193 1780 2335 1826 totus
2363 1770 2631 1840 obriguit;
2666 1787 2772 1826 non
2802 1773 2949 1828 enim
2981 1781 3193 1841 poterat
3224 1772 3504 1828 intendere
3531 1772 3590 1828 in

300 1867 460 1921 nibus
500 1863 731 1921 reddidit
760 1878 822 1918 ac
852 1863 1173 1919 desolatum.
1203 1862 1436 1931 Ideoque
1464 1877 1714 1934 egressus
1740 1864 1887 1932 hinc,
1918 1861 1969 1924 B
1997 1871 2233 1927 sanctos,
2258 1876 2323 1918 eo
2352 1863 2494 1933 quod
2525 1864 2694 1918 instar
2722 1864 2871 1930 solis,
2905 1878 3014 1932 ιιι-ω
3042 1863 3207 1918 nimia
3232 1865 3400 1933 gratia
3426 1878 3592 1933 quam

295 1956 510 2015 intrabo
536 1956 588 2011 in
618 1970 711 2011 cor
753 1954 1059 2010 Latroniani
1088 1954 1240 2009 ducis
1270 1952 1383 2027 (7),
1409 1963 1462 2010 et
1485 1955 1735 2011 excitabo
1763 1970 1887 2012 eum

293 2052 582 2107 adversum
628 2066 725 2107 vos
773 2051 1041 2120 celeriter,
1075 2059 1129 2105 et
1167 2064 1261 2119 per
1302 2050 1451 2105 varia
1498 2052 1889 2121 suppliciorum

292 2158 497 2217 genera
532 2157 627 2197 vos
657 2146 942 2213 expendet,
978 2142 1218 2211 eo'quod
1248 2143 1472 2213 ingressi
1505 2145 1657 2208 estis,
1688 2152 1744 2198 ut
1774 2144 1892 2215 qui-

294 2236 423 2294 dam
463 2236 696 2290 latrones
727 2236 840 2291 sive
884 2234 1132 2300 maleﬁci,
1168 2236 1218 2289 in
1262 2235 1590 2304 provinciam
1622 2236 1810 2305 ipsius.
1839 2247 1894 2293 et

296 2330 497 2387 multos
519 2330 760 2385 homines
788 2344 817 2383 a
836 2330 1041 2384 cultura
1068 2329 1288 2385 deorum
1311 2327 1479 2397 ipsius
1508 2344 1605 2399 per
1629 2329 1892 2386 veneﬁcia

299 2435 475 2482 vestra
507 2432 831 2489 avertentes,
859 2423 969 2478 Deo
1003 2430 1184 2477 vestro
1211 2423 1449 2478 sociatis.
1475 2420 1541 2479 Et
1572 2421 1687 2478 ham
1709 2422 1895 2479 dicens

296 2518 533 2583 dmmon,
559 2519 698 2571 ultra
728 2531 831 2570 non
859 2514 1180 2584 comparuit.

372 2610 502 2667 Car.
537 2609 934 2683 Xll.—lgitur
981 2624 1102 2663 cum
1150 2606 1521 2677 hujuscemodi
1567 2606 1895 2678 spiritalibus

297 2704 577 2761 exercitiis
606 2703 775 2758 sancti
797 2703 889 2757 Dei
918 2701 1102 2757 famuli
1130 2710 1609 2767 conversarentur,
1628 2709 1684 2756 et
1710 2702 1894 2757 Salva-

301 2796 407 2851 tori
440 2804 627 2851 nostro
673 2794 800 2850 Jesu
832 2793 1046 2848 Christo
1093 2791 1148 2847 in
1202 2792 1421 2861 psalmis
1469 2799 1524 2847 et
1565 2792 1898 2849 orationibus

303 2890 634 2946 unanimiter
675 2887 1043 2952 deservirem;
1075 2900 1138 2940 ac
1176 2885 1343 2940 multa
1372 2884 1643 2941 mirabilia
1672 2899 1776 2939 non
1810 2899 1898 2940 so-

302 2981 415 3038 lum
444 2982 497 3036 in
525 2980 854 3044 hominibus,
885 2994 1069 3034 verum
1100 2978 1261 3033 etiam
1306 2986 1363 3034 et
1406 2978 1460 3033 in
1502 2977 1788 3048 pecoribus
1816 2977 1901 3032 di-

303 3076 430 3132 vina
471 3080 637 3146 gratia
690 3089 786 3143 per
834 3075 1052 3128 eosdem
1101 3081 1438 3141 Operaretur,
1473 3071 1652 3126 subito
1682 3070 1899 3127 advenit

306 3170 667 3225 Latronianus
685 3167 793 3223 dux
815 3167 867 3221 in
892 3165 1329 3221 Almiridensium
1358 3166 1649 3222 civitatem.
1681 3165 1747 3219 Et
1775 3179 1897 3219 cum

1997 1954 2596 2025 gerebant,fulgebant
2644 1954 2812 2011 facies
2862 1970 3073 2011 eorum.
3131 1955 3263 2010 Erat
3317 1954 3588 2027 siquidem

1995 2057 2214 2103 sanctus
2259 2048 2532 2117 Epictetus
2578 2063 2846 2105 annorum
2890 2050 3003 2105 fere
3051 2050 3350 2119 sexaginta,
3382 2058 3589 2105 statura

1992 2152 2277 2210 procerus,
2310 2138 2473 2194 barba
2502 2138 2733 2209 prolixa,
2764 2149 2818 2195 et
2856 2141 3145 2211 splendore
3173 2141 3398 2197 caniciei
3430 2142 3591 2197 deco-

1996 2240 2166 2288 ratus.
2215 2231 2479 2287 Similiter
2529 2244 2585 2287 et
2634 2233 2977 2290 beatissimus
3030 2233 3217 2289 Astion
3271 2236 3591 2303 monachus,

1995 2331 2205 2379 Statura
2254 2332 2311 2379 et
2365 2324 2481 2393 ipse
2528 2338 2786 2393 procerus
2833 2325 3127 2389 existebat;
3158 2325 3250 2381 sed
3283 2334 3337 2381 et
3370 2326 3594 2383 nimium

1999 2415 2223 2484 pulcher
2247 2428 2309 2468 ac
2332 2413 2612 2481 delicatus,
2642 2423 2696 2471 et
2724 2420 2877 2485 quasi
2909 2417 3120 2487 triginta
3152 2418 3385 2488 quinque
3412 2433 3585 2475 annos

2001 2506 2174 2562 aetatis
2195 2522 2380 2576 agens.
2407 2507 2647 2577 Cumque
2670 2510 2826 2563 unius
2855 2509 3002 2565 horae
3025 2512 3255 2579 spatium
3282 2511 3587 2579 transisset,

2002 2601 2354 2671 interrogavit
2396 2615 2493 2657 eos
2523 2602 2877 2657 Latronianus
2905 2602 3035 2669 dux,
3059 2604 3243 2660 dicens
3267 2623 3281 2659 :
3302 2603 3435 2672 Quae
3467 2613 3594 2661 sunt

2001 2693 2261 2749 vocabula
2293 2701 2489 2757 vestra,
2520 2695 2662 2764 quod
2691 2711 2882 2766 genus,
2911 2711 3007 2751 seu
3042 2696 3110 2753 de
3138 2698 3283 2769 quali
3319 2699 3596 2767 provincia

2003 2802 2101 2843 vos
2126 2788 2257 2843 estis
2280 2786 2514 2855 oriundi,
2542 2788 2773 2845 nobisin
2797 2800 3085 2860 conspectu
3111 2792 3268 2861 hujus
3291 2791 3594 2847 multitudi-

2002 2883 2089 2939 nis
2136 2884 2438 2953 explanate.
2491 2883 2900 2955 Respondeutes
2946 2885 3143 2950 sancti,
3171 2884 3599 2942 dixerunt:Nos

2004 2977 2295 3033 Christiani
2328 2993 2538 3043 sumus,
2570 2987 2626 3034 et
2654 2980 2721 3034 de
2749 2979 3061 3046 parentibus
3100 2981 3210 3035 nati
3254 2980 3598 3050 Christianis,

2004 3080 2167 3142 atque
2200 3072 2270 3127 de
2297 3071 2725 3128 Christianorum
2769 3073 2941 3142 patria
2982 3087 3082 3128 nos
3127 3089 3314 3129 sumus
3362 3074 3599 3131 oriundi.

2006 3162 2368 3220 Latronianus
2397 3165 2508 3219 dux
2536 3164 2671 3220 dixit
2701 3165 2855 3237 :Ego
2896 3166 3113 3221 nomina
3156 3172 3337 3222 vestra
3386 3168 3603 3225 interim

303 3277 406 3337 per
454 3260 687 3317 triduum
739 3274 901 3328 opera
952 3258 1164 3328 publica
1192 3267 1245 3313 et
1276 3258 1574 3327 imperialia
1604 3256 1898 3312 ministeria
1928 3245 1976 3309 C
2008 3256 2153 3311 volui
2176 3256 2383 3312 audire.
2425 3257 2555 3312 Nam
2584 3271 2651 3313 eo
2680 3257 2821 3326 quod
2853 3258 2921 3313 de
2947 3258 3035 3313 illa
3063 3258 3345 3314 maledicta
3379 3259 3605 3329 perﬁdia

307 3371 428 3429 qua:
471 3354 668 3410 ibidem
716 3363 870 3409 erant
919 3352 1256 3420 pervidisset,
1285 3359 1475 3421 quarta
1504 3350 1592 3404 die
1624 3348 1904 3405 nuntiave-

309 3459 431 3505 runt
461 3449 509 3505 ei
537 3448 750 3517 quidam
779 3446 846 3501 de
876 3446 1056 3501 ofﬁcio
1085 3446 1153 3500 de
1182 3443 1506 3499 beatissimis
1534 3443 1687 3509 viris,
1718 3442 1904 3498 dicen-

308 3551 392 3598 tes
417 3543 488 3607 ei,
517 3549 571 3596 et
597 3540 735 3610 quod
769 3538 993 3593 maleﬁci
1021 3546 1141 3593 sunt
1168 3545 1223 3592 et
1252 3536 1411 3606 magi,
1443 3536 1641 3591 multos
1672 3550 1770 3605 per
1800 3550 1899 3590 sua

311 3634 568 3690 veneﬁcia
615 3639 917 3688 averterent
942 3631 1052 3701 jam
1085 3646 1116 3685 a
1160 3629 1441 3685 sacriﬁciis
1484 3628 1729 3684 deorum.
1779 3627 1906 3682 Hmc

312 3742 436 3784 cum
466 3726 559 3780 ille
584 3724 856 3791 audisset,
888 3724 1143 3778 continuo
1173 3723 1401 3792 imperat
1426 3721 1636 3792 aliquos
1665 3735 1728 3776 ex
1760 3735 1903 3790 quae-

311 3818 616 3883 stionariis,
647 3826 705 3872 ut
735 3825 854 3887 post
884 3816 1014 3872 solis
1044 3830 1296 3871 occasum
1341 3823 1627 3885 pergerent
1658 3812 1725 3867 ad
1755 3812 1909 3867 habi-

312 3911 547 3968 taculum
579 3920 883 3966 sanctorum
908 3951 922 3977 ,
954 3918 1008 3965 et
1031 3908 1455 3978 comprehensos
1486 3921 1580 3962 eos
1613 3907 1755 3961 ferro
1782 3907 1903 3960 vin-

308 4017 429 4063 ctos
473 4005 828 4076 perducerent
854 4006 904 4059 in
937 4005 1233 4061 custodiam
1284 4004 1535 4060 carceris.
1594 4001 1728 4057 Cum
1777 4017 1907 4073 ergo

311 4099 691 4169 comprehensi
712 4097 1003 4154 beatissimi
1026 4098 1149 4163 viri,
1168 4097 1221 4151 in
1237 4096 1646 4151 vinculatorium
1665 4094 1910 4167 (8)duce-

311 4200 523 4257 rentur,
549 4190 848 4261 psallebant
874 4190 1112 4243 dicentes
1137 4206 1149 4241 :
1179 4187 1321 4243 Deus
1347 4194 1531 4243 noster
1560 4186 1824 4257 refugium
1854 4194 1910 4242 et

313 4287 508 4351 virtus,
537 4283 752 4354 adjutor
780 4284 833 4337 in
868 4281 1297 4337 tribulationibus
1323 4295 1441 4350 qua:
1463 4280 1782 4335 invenerunt
1811 4293 1907 4335 nos

310 4378 471 4433 nimis
496 4375 667 4446 (Psal.
689 4374 841 4442 ην).
875 4375 939 4429 Et
970 4374 1161 4429 iterum
1187 4390 1201 4426 :
1228 4373 1487 4429 Dominus
1513 4373 1767 4427 virtutum
1812 4387 1909 4427 n0-

310 4472 542 4535 hiscum,
572 4477 855 4538 susceptor
903 4476 1085 4523 noster
1132 4467 1271 4521 Deus
1312 4465 1478 4523 Jacob
1526 4465 1740 4535 (Ibid.).
1771 4465 1908 4521 Rur-

308 4577 539 4632 sinuque
566 4579 580 4613 :
605 4560 783 4616 Multae
835 4559 1204 4615 tribulationes
1247 4556 1514 4626 justorum
1543 4599 1558 4624 ,
1592 4566 1645 4611 et
1674 4572 1777 4612 non
1808 4558 1908 4612 im-

2006 3352 2161 3418 estis,
2192 3362 2249 3408 et
2274 3366 2375 3422 ego
2396 3353 2544 3419 novi,
2569 3360 2624 3408 et
2655 3351 2896 3408 universi
2924 3354 3354 3409 circumstantes.
3379 3354 3459 3406 Ad
3485 3353 3604 3410 hac

2006 3445 2179 3500 sancti
2220 3456 2484 3516 martyres
2514 3444 2803 3501 dixerunt:
2832 3444 2939 3502 Nos
2987 3445 3279 3502 Christiani
3308 3460 3515 3517 sumus,
3547 3455 3606 3503 et

2007 3538 2189 3594 Jesum
2240 3538 2512 3595 Christum
2563 3539 2850 3595 Dominum
2895 3550 3159 3605 nostrum,
3214 3541 3265 3597 in
3305 3542 3461 3609 cujus
3510 3556 3605 3610 po-

2009 3638 2205 3686 testate
2250 3640 2440 3687 cuncta
2490 3631 2777 3699 habentur,
2802 3633 3141 3701 agnoscimus
3189 3644 3244 3689 et
3288 3640 3604 3702 adoramus,

2010 3724 2264 3778 universa
2294 3724 2433 3779 idola
2475 3732 2565 3778 tua
2612 3725 3009 3791 abominamur,
3039 3725 3258 3782 dicente
3285 3726 3560 3796 Scriptura
3586 3744 3602 3782 :

2009 3814 2225 3870 Similes
2274 3815 2380 3869 illis
2415 3814 2547 3870 ﬁant
2578 3817 2668 3886 qui
2710 3815 2913 3871 faciunt
2958 3831 3043 3881 ea,
3073 3817 3166 3871 sed
3199 3823 3253 3870 et
3278 3832 3467 3872 omnes
3512 3819 3606 3887 qui

2011 3907 2287 3964 conﬁdunt
2314 3909 2368 3964 in
2396 3909 2474 3965 eis
2506 3909 2688 3982 (Psal.
2718 3909 2906 3979 cxm).
2954 3909 3081 3965 Haec
3112 3909 3335 3965 audiens
3360 3909 3490 3973 dux,
3519 3910 3602 3966 ni-

2013 4000 2177 4056 mium
2224 4000 2390 4057 iratus
2436 4011 2538 4065 est,
2569 4011 2624 4057 et
2669 3990 2901 4073 imperat
2931 4010 2990 4057 ut
3019 4002 3349 4072 exspoliatos
3396 4002 3606 4058 fortiter

2011 4096 2379 4149 verberarent.
2429 4096 2666 4167 Cumque
2709 4110 2741 4150 a
2773 4095 3035 4151 ministris
3084 4096 3285 4153 Christi
3335 4106 3601 4169 martyres

2013 4186 2368 4254 caaderentur,
2402 4189 2689 4244 oculorum
2718 4205 2940 4246 suorum
2964 4192 3204 4247 obtutum
3230 4192 3509 4248 elevantes
3534 4192 3603 4249 ad

2011 4285 2225 4350 malum,
2260 4283 2439 4340 taliter
2468 4284 2724 4340 dicebant
2749 4303 2760 4338 :
2788 4286 3013 4342 Domine
3039 4286 3186 4355 Jesu,
3218 4289 3472 4358 magister
3498 4303 3601 4349 no-

2012 4384 2142 4441 ster,
2174 4385 2258 4430 tua
2310 4377 2557 4432 voluntas
2599 4377 2692 4432 ﬁat
2730 4378 2785 4433 in
2831 4379 3005 4433 nobis.
3053 4378 3161 4433 Sed
3193 4395 3313 4433 cum
3345 4380 3436 4434 diu
3468 4380 3608 4435 mul-

2014 4479 2232 4539 tumque
2256 4470 2615 4534 caederentur,
2640 4478 2695 4524 et
2717 4469 2849 4525 nihil
2877 4469 2995 4539 ejus
3017 4470 3323 4527 immanitas
3342 4472 3602 4528 adversus

2012 4561 2107 4616 Dei
2135 4561 2368 4617 cultores
2399 4558 2770 4629 praevaluisset
2794 4600 2808 4624 ,
2842 4558 3027 4614 taliter
3056 4560 3220 4614 iratus
3266 4570 3458 4616 contra
3503 4576 3600 4619 eos

310 4628 556 4726 piorum;
600 4653 692 4709 sed
743 4660 922 4708 tamen
965 4666 1031 4706 ex
1086 4650 1333 4705 omnibus
1385 4649 1469 4704 his
1520 4648 1769 4705 liberabit
1815 4628 2371 4707 eosDLatronianus
2404 4628 2635 4705 locutus
2680 4660 2795 4713 est,
2823 4649 3048 4706 dicens:
3076 4652 3177 4708 Ubi
3220 4663 3302 4710 est
3349 4656 3607 4712 mirabilis

310 4747 596 4803 Dominus.
623 4744 868 4801 Custodit
887 4741 1144 4797 Dominus
1166 4740 1344 4794 omnia
1366 4754 1487 4795 ossa
1514 4755 1722 4806 eorum,
1740 4755 1907 4794 unum

307 4853 375 4893 ex
410 4836 496 4890 his
523 4851 629 4889 non
659 4842 966 4889 conteretur
988 4829 1162 4905 (Psal.
1183 4829 1395 4902 χχχιιι).
1420 4827 1660 4899 Cumque
1683 4830 1911 4899 ingressi

309 4928 545 4985 fuissent
575 4928 626 4981 in
654 4941 924 4983 carcerem
951 4968 966 4992 ,
1000 4932 1167 4979 totam
1199 4931 1412 4978 noctem
1448 4936 1597 4977 more
1623 4922 1723 4978 sibi
1750 4922 1911 4977 solito

308 5023 365 5079 in
393 5020 617 5090 psalmis
641 5028 695 5074 et
714 5017 1045 5073 orationibus
1070 5022 1462 5086 transegerunt.
1492 5015 1619 5069 Post
1640 5015 1910 5084 expletam

307 5125 492 5170 autem
530 5111 830 5181 vigiliarum
882 5110 1300 5175 solemnitatem,
1336 5109 1438 5163 hoc
1478 5108 1641 5162 modo
1689 5116 1908 5164 sanctus

311 5207 601 5278 Epictetus
632 5205 696 5259 ad
728 5205 941 5259 beatum
977 5205 1252 5259 Astionem
1289 5202 1498 5259 locutus
1534 5212 1647 5268 est,
1679 5203 1864 5259 dicens
1891 5221 1905 5260 :

313 5303 370 5357 Si
407 5314 528 5367 nos,
562 5314 593 5353 ο
624 5298 937 5354 dulcissime
962 5298 1074 5366 ﬁli,
1105 5299 1340 5354 crastino
1381 5298 1469 5355 die
1501 5298 1912 5367 interrogaverit

311 5391 507 5463 judex,
535 5391 723 5446 dicens
749 5407 762 5444 ς
788 5390 940 5456 Quod
971 5405 1160 5460 genus,
1194 5389 1279 5444 vel
1310 5404 1427 5461 qua:
1459 5391 1673 5445 nomina
1702 5399 1906 5459 vestra,

314 5485 402 5539 vel
430 5499 499 5540 ex
528 5499 632 5554 qua
655 5481 932 5553 provincia
958 5482 1109 5548 estis,
1136 5492 1188 5539 et
1212 5481 1352 5538 unde
1382 5482 1485 5538 huc
1517 5483 1781 5538 venistis?
1809 5499 1909 5539 nos

313 5576 447 5631 nihil
477 5576 555 5631 illi
585 5577 796 5647 penitus
827 5574 1279 5644 respondeamus;
1328 5590 1499 5646 neque
1524 5591 1691 5647 genus
1722 5577 1794 5644 ei,
1828 5577 1911 5633 vel

316 5668 533 5727 nomina
562 5677 744 5724 nostra
774 5667 1102 5734 indicemus;
1130 5668 1225 5725 sed
1254 5683 1355 5723 nec
1376 5668 1622 5738 patriam,
1650 5670 1791 5725 unde
1821 5684 1911 5725 su-

319 5778 438 5819 mus
461 5762 696 5829 oriundi,
728 5762 806 5817 illi
829 5761 1121 5828 fateamur;
1151 5760 1253 5816 nisi
1282 5763 1383 5817 hoc
1409 5769 1613 5817 tantum
1644 5763 1905 5831 dicamus,

320 5859 441 5925 quia
468 5855 762 5914 Christiani
792 5870 997 5922 sumus,
1028 5861 1084 5911 et
1113 5854 1214 5911 hoc
1241 5869 1437 5913 nomen
1470 5856 1651 5927 nobis,
1687 5857 1790 5914 hoc
1816 5872 1911 5929 ge-

2016 4746 2105 4801 ille
2135 4754 2309 4799 vester
2352 4741 2626 4809 defensor,
2656 4757 2814 4812 quem
2843 4743 2962 4798 sine
2989 4745 3290 4801 cessatione
3322 4748 3479 4820 217
3509 4763 3606 4804 vo-

2016 4840 2098 4893 bis
2125 4839 2179 4892 in
2206 4837 2460 4892 auxilium
2493 4835 2822 4892 invocastis?
2853 4836 3051 4893 Veniat
3074 4838 3254 4909 itaque
3284 4852 3444 4903 nunc,
3472 4846 3528 4891 et
3553 4839 3603 4893 si

2017 4938 2213 5002 potest,
2236 4929 2305 4984 de
2335 4928 2470 4984 meis
2492 4943 2586 4984 vos
2613 4929 2806 4999 eripiat
2836 4931 3103 4986 manibus.
3130 4929 3312 4986 Sancti
3338 4929 3603 4999 martyres

2016 5024 2263 5079 dixerunt
2289 5040 2303 5078 :
2327 5022 2617 5079 Christiani
2648 5038 2855 5090 sumus,
2881 5042 2912 5079 ο
2944 5025 3327 5097 tyranne,~ﬁat
3356 5024 3605 5080 voluntas

2014 5115 2110 5170 Dei
2154 5116 2319 5170 nostri
2354 5117 2405 5169 in
2439 5115 2611 5171 nobis.
2645 5116 2769 5171 Haec
2799 5132 2919 5172 cum
2949 5116 3193 5173 audisset
3224 5115 3605 5184 Latronianus,

2011 5204 2171 5276 jussit
2204 5221 2298 5261 eos
2330 5206 2379 5261 in
2409 5207 2654 5263 eculeum
2698 5207 2886 5272 levari,
2919 5216 2972 5263 et
2999 5208 3208 5263 fortiter
3253 5208 3466 5279 ungulis
3493 5208 3602 5264 fer-

2016 5298 2122 5354 reis
2148 5298 2282 5354 radi.
2313 5300 2551 5369 Cumque
2572 5300 2907 5362 raderentur,
2929 5300 3122 5353 iterum
3146 5298 3430 5354 dicebant:
3459 5301 3609 5356 Chri-

2017 5392 2177 5447 stiani
2222 5408 2407 5447 sumus
2433 5434 2448 5460 ,
2479 5407 2511 5445 o
2552 5402 2778 5463 tyranne
2821 5389 3146 5445 Latroniane
3170 5433 3185 5458 ,
3217 5390 3309 5445 flat
3356 5391 3609 5448 voluntas

2022 5483 2115 5538 Dei
2145 5486 2312 5539 nostri
2343 5485 2394 5537 in
2432 5483 2606 5539 nobis.
2658 5482 2807 5537 Tunc
2835 5480 3029 5537 deinde
3070 5483 3228 5552 jussit
3260 5494 3520 5556 tyrannus
3546 5493 3609 5542 ut

2020 5576 2299 5647 lampades
2321 5576 2590 5641 ardentes,
2630 5590 2750 5629 cum
2782 5573 2958 5631 adhuc
2987 5574 3042 5631 in
3072 5579 3258 5634 eculeo
3284 5579 3603 5649 penderent,

2021 5668 2087 5723 ad
2134 5670 2301 5723 latera
2349 5682 2534 5723 eorum
2576 5666 2923 5737 applicarent.
2978 5668 3219 5741 Cumque
3266 5684 3319 5728 et
3350 5670 3452 5726 hoc
3492 5680 3604 5726 tor—

2019 5760 2187 5816 menti
2237 5773 2407 5830 genus
2465 5759 2875 5830 magnanitniter
2926 5762 3253 5832 tolerarent,
3296 5761 3542 5819 dicebant
3586 5778 3603 5816 :

2018 5854 2309 5914 Christiani
2356 5870 2560 5925 sumus,
2591 5870 2623 5911 ο
2672 5864 2938 5928 tyranne,
2974 5858 3067 5915 fiat
3114 5858 3360 5916 voluntas
3407 5858 3501 5914 Dei
3550 5856 3605 5913 in
