4142 6350
539 363 651 422 403

1580 354 1669 410 DE
1712 352 1887 409 Vl’l‘lS
1923 350 2209 409 PATRUM
2249 349 2451 406 LIBER
2498 347 2767 406 PRIMUS.

3714 348 3818 405 406

541 486 719 545 nobis.
752 487 819 541 Et
857 498 976 539 cum
1004 482 1112 553 jam
1141 481 1271 535 hora
1302 476 1527 546 septima
1559 474 1697 530 facta
1727 473 1936 538 fuisset,
1964 472 2121 541 jussit
2148 466 2197 533 Α
2226 469 2355 525 dine
2380 468 2530 523 verbi
2562 467 2746 531 divini,
2773 475 2825 521 et
2852 466 3028 522 deillo
3059 478 3194 536 pane
3222 467 3313 536 qui
3339 466 3407 522 de
3432 467 3570 524 coelo
3594 466 3818 523 descen-

541 596 638 639 eos
665 580 1017 637 Latronianus
1058 576 1127 632 de
1168 573 1355 630 eculeo
1383 571 1602 640 deponi,
1634 569 1773 624 etin
1822 566 2121 623 custodiam

539 677 775 731 carceris
802 669 1037 739 perduci.

614 766 746 821 Car.
778 760 1146 818 XIV—Unus
1165 765 1343 813 autem
1367 770 1432 810 ex
1469 752 1881 825 qumstionarils,
1909 750 2126 805 nomine

542 854 883 926 Vigilantius,
912 852 1135 905 audiens
1165 852 1308 903 hunc
1332 844 1658 901 versrculum
1686 852 1899 897 sanctos
1927 853 2127 914 marty-

542 965 638 1009 res
668 948 722 1005 in
754 946 1033 1003 tormentis
1053 945 1279 1013 positos,
1307 940 1617 1012 frequenter
1647 948 1702 993 et
1740 937 1935 1003 sapius
1964 936 2127 991 itera-

466 1080 467 1083 η
541 1058 625 1106 re,
653 1041 708 1097 id
742 1048 845 1105 est,
899 1036 1187 1098 Christiani
1218 1049 1425 1100 sumus,
1454 1048 1487 1086 ο
1516 1041 1740 1103 tyranne
1784 1029 2121 1094 Latroniane,

538 1138 637 1191 ﬁat
664 1133 914 1188 voluntas
939 1131 1031 1186 Dei
1056 1132 1223 1184 nostri
1255 1130 1309 1184 in
1332 1128 1508 1193 nobis,
1527 1126 1840 1182 existimans
1863 1123 2003 1195 quod
2026 1124 2128 1178 ali-

540 1237 703 1297 quam
734 1221 1034 1291 magnificas
1065 1218 1502 1289 praecantationis
1531 1217 1585 1272 in
1618 1231 1677 1271 se
1707 1216 1927 1271 haberet
1955 1215 2127 1268 virtu-

546 1326 685 1381 tem,
718 1314 844 1383 quia
873 1312 1127 1367 dicebant
1155 1310 1301 1365 nullo
1329 1310 1490 1365 modo
1540 1323 1697 1379 posse
1748 1306 2130 1362 meditantibus

544 1424 671 1467 eum
702 1408 945 1463 dolorem
970 1406 1193 1471 sentire,
1216 1392 1380 1472 recepit
1413 1406 1552 1457 hunc
1597 1404 1767 1475 ipsum
1808 1400 2130 1455 versiculum

540 1499 852 1557 incessabili
885 1498 1233 1555 meditatione
1261 1496 1553 1557 rumiuare,
1585 1494 1721 1549 infra
1754 1493 1972 1547 domum
2000 1500 2054 1546 et
2080 1492 2132 1546 iu

540 1595 756 1666 plateis,
789 1595 1065 1650 dormiens
1086 1602 1245 1663 atque
1273 1605 1592 1661 exsurgens,
1625 1599 1681 1647 et
1711 1591 1765 1646 in
1808 1591 1953 1646 omni
2002 1599 2136 1646 tem-

540 1700 678 1757 pore
717 1686 1029 1743 decantare.
1081 1685 1325 1755 Cumque
1370 1699 1465 1755 per
1516 1683 1751 1737 triduum
1788 1682 1988 1754 jugiter
2028 1697 2134 1738 non

2229 562 2329 625 dit,
2364 561 2603 630 quotidie
2648 560 3048 626 reﬁciebantur,
3093 572 3252 628 atque
3283 560 3651 616 indesinenter
3678 561 3819 629 psal-

2230 653 2432 717 lebant,
2466 654 2707 708 dicentes
2741 670 2753 706 :
2781 651 2922 707 Deus
2952 655 3271 708 misereatur
3301 654 3491 719 nostri,
3515 663 3570 706 et
3595 654 3817 708 benedi-

2229 756 2316 803 cat
2345 749 2525 814 nobis;
2561 748 2821 802 illuminet
2844 747 3049 801 vultum
3081 762 3233 801 suum
3273 761 3435 816 super
3484 762 3603 812 nos,
3635 758 3690 802 et
3712 748 3816 801 mi-

2230 849 2475 895 sereatur
2500 840 2700 905 nostri;
2733 849 2792 894 ut
2812 853 3198 910 cognoscamus
3228 839 3279 894 in
3311 849 3452 896 terra
3483 841 3623 894 viam
3649 849 3815 909 tuam,

2232 936 2286 991 in
2314 936 2560 989 omnibus
2591 935 2837 1006 gentibus
2865 935 3096 990 salutare
3128 943 3296 992 tuum.

2301 1027 2431 1084 CAP.
2460 1028 2674 1084 XVI.—
2696 1030 2854 1100 Igitur
2873 1046 2993 1084 cum
3022 1028 3075 1083 in
3094 1030 3227 1085 urbe
3241 1028 3675 1085 Almiridensium
3700 1044 3822 1084 san-

2231 1125 2302 1179 cti
2326 1134 2596 1198 martyres
2632 1125 2747 1182 haec
2768 1133 3034 1181 tormenta
3080 1140 3177 1195 pro
3201 1123 3400 1180 Christi
3446 1125 3663 1179 nomine
3690 1126 3824 1179 tole-

2232 1226 2440 1285 rarent,
2500 1218 2715 1289 quidam
2757 1218 3069 1289 peregrinus
3110 1217 3338 1288 quodam
3367 1218 3456 1271 die
3486 1217 3675 1271 videns
3704 1216 3825 1271 bea-

2233 1313 2501 1369 tissimum
2533 1313 2813 1370 Astionem
2845 1322 2972 1369 ante
3017 1312 3247 1368 tribunal
3292 1311 3487 1383 judicis
3525 1311 3827 1366 consisten-

2238 1414 2367 1470 tem,
2401 1415 2455 1460 et
2481 1419 2812 1474 cognoscens
2839 1408 2956 1476 quis
2986 1405 3246 1476 cujusque
3273 1406 3486 1475 generis
3514 1402 3822 1470 haberetur.

2239 1501 2557 1556 festinanter
2588 1503 2839 1571 navigans
2868 1501 2921 1555 in
2973 1500 3211 1569 partibus
3253 1498 3485 1555 Orientis
3514 1496 3822 1564 descendit,

2237 1603 2297 1651 et
2324 1593 2547 1650 veniens
2569 1595 2624 1648 in
2655 1594 2925 1649 civitatem
2953 1593 3099 1649 unde
3129 1600 3244 1647 crat
3265 1590 3543 1654 oriundus,
3562 1586 3828 1644 nuntiavit

2237 1688 2375 1761 patri
2406 1690 2525 1761 ejus
2556 1701 2608 1745 et
2639 1690 2795 1745 matri
2822 1689 2936 1746 haec
2966 1691 3210 1745 universa
3243 1704 3360 1759 quae
3390 1688 3466 1743 illi
3498 1686 3825 1753 acciderant,

541 1782 854 1849 quiesceret
877 1778 1233 1844 decantando,
1252 1785 1438 1847 quarta
1469 1776 1684 1831 demum
1707 1775 1793 1830 die
1818 1777 1979 1845 coepit
2004 1788 2135 1832 voce

2244 1787 2423 1842 dicens
2444 1803 2565 1842 eum
2597 1802 2716 1843 cum
2748 1801 2875 1842 sene
2920 1786 3149 1857 quodam
3198 1784 3524 1849 Christiano,
3581 1782 3829 1851 Epicteto

543 1872 763 1941 WW0“
786 1871 1139 1941 ΡιὌοΙθπιθτθν
1165 1869 1351 1924 dicens
1380 1885 1393 1922 ε
1427 1869 1539 1937 E80
1568 1869 1902 1923 Chii-“ianus
1929 1882 2069 1931 51"“.
2098 1880 2131 1922 0
2160 1859 2209 1922 Β
2245 1882 2484 1946 nomine,
2516 1881 2567 1935 in
2601 1880 2863 1953 martyrio
2894 1880 3209 1935 consistere.
3250 1878 3508 1934 Similiter
3533 1891 3727 1934 nomen
3756 1875 3829 1931 ci-

548 1972 783 2036 tyrauue
806 1962 1150 2021 Latroniane.
1176 1962 1271 2015 fiat
1294 1962 1541 2016 voluntas
1561 1961 1655 2017 Dei
1685 1962 1853 2016 nostri
1878 1962 1929 2016 in
1961 1959 2136 2015 nobis.

549 2057 624 2112 Et
671 2059 992 2127 perveniens
1021 2054 1086 2109 ad
1117 2055 1461 2110 beati<simos
1491 2064 1755 2126 martyres
1803 2056 1856 2109 in
1897 2054 2138 2109 custodia

544 2150 809 2214 carceris,
835 2148 1165 2219 signaculum
1183 2147 1306 2202 vitaz
1332 2147 1400 2201 ab
1420 2148 1498 2202 eis
1518 2148 1811 2216 promeruit
1836 2146 2135 2216 percipere;

554 2250 610 2296 et
637 2252 756 2294 cum
788 2242 931 2296 omni
956 2240 1118 2294 domo
1148 2251 1241 2292 sua
1268 2238 1498 2292 credens
1523 2239 1573 2291 in
1597 2238 1765 2293 Deum
1782 2237 2136 2301 Salvatorem,

545 2330 827 2387 beatorum
854 2340 1039 2386 sancta
1086 2343 1313 2400 corpora
1344 2329 1460 2399 ipse
1508 2330 1853 2400 postmodum
1893 2343 2014 2384 cum
2044 2327 2142 2382 ho-

543 2442 683 2488 nore
707 2428 943 2485 maximo
971 2428 1237 2498 sepelivit.

619 2520 749 2577 Car.
782 2520 1144 2590 XV.—lgitur
1177 2531 1297 2591 post
1343 2521 1581 2590 quintam
1612 2519 1826 2575 demum
1867 2517 2031 2588 diem,
2056 2531 2140 2573 se-

545 2615 685 2672 deus
730 2615 925 2671 iterum
956 2615 1314 2669 Latronianus
1360 2614 1467 2669 dux
1523 2630 1619 2683 pro
1665 2612 1938 2678 tribunali,
1982 2614 2141 2683 jussit

546 2715 794 2762 sanctum
848 2705 1152 2777 Epictetum
1203 2707 1600 2776 presbyterum,
1641 2716 1694 2760 et
1722 2705 1994 2760 Astionem
2022 2722 2139 2762 mo-

548 2798 782 2853 mettum
806 2800 857 2852 in
873 2804 1167 2866 conspectu
1190 2811 1290 2851 suo
1311 2796 1551 2866 perduci.
1573 2796 1813 2866 Cumque
1828 2811 1857 2850 a
1882 2796 2139 2851 ministris

549 2892 861 2948 daemonum
888 2891 1233 2956 ducerentur,
1281 2889 1598 2960 psallebant,
1641 2886 1879 2945 dicentes
1926 2907 1939 2943 :
1987 2889 2044 2944 ln
2091 2900 2140 2945 te

550 2986 801 3043 inimicos
830 2993 1045 3041 nostros
1068 2983 1466 3048 ventilabimus,
1493 2983 1735 3049 Domine,
1766 2992 1822 3039 et
1850 2985 1900 3037 in
1926 2984 2141 3040 nomine

550 3083 649 3133 tuo
691 3092 1011 3148 spernemus
1063 3077 1403 3147 insurgentes
1443 3075 1497 3129 in
1525 3074 1701 3130 nobis.
1747 3074 1861 3129 Non
1909 3076 2051 3130 enim
2088 3078 2138 3130 in

552 3186 684 3229 arcu
737 3180 925 3229 nostro
966 3183 1267 3240 speramus,
1296 3180 1351 3225 et
1393 3167 1603 3239 gladius
1645 3167 1910 3223 humanus
1940 3183 2141 3239 nequa-

550 3279 715 3335 quam
744 3266 955 3321 salvare
984 3278 1081 3319 nos
1106 3261 1333 3334 poterit;
1366 3262 1459 3317 sed
1507 3261 1725 3317 dextera
1778 3269 1887 3329 tua,
1930 3270 1983 3316 et
2025 3261 2148 3316 bra-
2173 3249 2221 3316 C

551 3357 737 3412 chium
770 3368 939 3424 tuum,
974 3363 1030 3411 et
1060 3354 1381 3410 illuminatio
1414 3354 1597 3410 vultus
1646 3354 1746 3420 tui,
1789 3352 2042 3424 quoniam
2092 3362 2147 3409 tu

552 3447 926 3516 eomplacuisti
950 3446 1002 3500 in
1030 3448 1186 3505 nobis
1206 3446 1376 3518 (Psal.
1406 3445 1582 3517 xum).
1613 3444 1853 3516 Cumque
1876 3455 1998 3502 ante
2021 3447 2147 3502 sult-

553 3540 766 3595 sellium
798 3540 1162 3609 profanissimi
1206 3541 1357 3595 ducis
1401 3540 1603 3595 Christi
1653 3551 1918 3614 martyres
1949 3544 2148 3599 astitis-

553 3643 704 3700 aent,
725 3632 801 3687 ait
830 3632 897 3688 ad
917 3647 1013 3688 eos
1043 3633 1399 3689 Latronianus
1437 3633 1541 3688 dux
1572 3650 1588 3687 :
1620 3632 1973 3704 Acquiescitis
1995 3638 2145 3703 mihi,

552 3738 612 3785 et
631 3728 948 3784 sacriﬂcatis
972 3729 1096 3795 diis,
1130 3744 1195 3783 an
1227 3729 1399 3785 adhuc
1428 3730 1479 3784 in
1513 3740 1689 3786 vestra
1716 3731 1919 3787 insania
1951 3735 2147 3805 perdu-

558 3823 731 3879 ratis?
763 3823 993 3880 Sanctus
1037 3824 1317 3893 Epictetus
1356 3823 1637 3893 reSpondit
1671 3842 1683 3878 :
1713 3824 1921 3896 Saepius
1947 3842 2045 3882 nos
2070 3828 2151 3882 in-

559 3918 866 3986 terrogasti,
918 3915 1223 3986 frequenter
1277 3915 1431 3991 nobis
1486 3916 1759 3972 blanditus
1816 3916 1901 3984 es,
1956 3918 2151 3973 multo-

555 4006 768 4077 tiesque
790 4007 929 4063 dona
960 4007 1186 4076 plurima
1213 4014 1269 4061 et
1298 4007 1532 4064 honores
1558 4009 1716 4065 nobis
1739 4010 2003 4065 maximos
2022 4027 2149 4080 pro-

559 4098 780 4164 misisti,
812 4106 869 4154 et
897 4107 1071 4153 tamen
1102 4098 1316 4169 penitus
1347 4098 1480 4154 nihil
1512 4100 1656 4155 aliud
1711 4116 1739 4155 a
1787 4101 1942 4156 nobis
1966 4102 2149 4157 audire

552 4190 915 4263 potuisti,nisi
944 4192 1065 4261 quia
1092 4189 1381 4246 Christiani
1413 4206 1621 4261 sumus,
1653 4202 1705 4249 et
1726 4208 1852 4249 ecce
1884 4210 2023 4250 nunc
2048 4195 2147 4251 hnc

557 4287 735 4357 ipsum
780 4288 975 4344 iterare
1006 4301 1111 4342 non
1148 4287 1494 4356 quiescimus.
1541 4287 1675 4343 Cum
1707 4296 1884 4344 autem
1912 4291 2149 4346 audisset

554 4380 918 4440 Latronianus
946 4380 1061 4436 haec
1089 4380 1265 4435 omnia
1299 4381 1485 4447 verba,
1508 4379 1655 4437 dedit
1678 4384 1936 4453 mugitum
1964 4394 2020 4439 ut
2038 4383 2143 4453 leo;

555 4488 613 4535 et
640 4478 950 4535 exclamans
978 4490 1111 4539 voce
1132 4490 1344 4547 magna,
1375 4477 1552 4533 taliter
1581 4478 1644 4534 ad
1688 4493 1812 4534 suos
1841 4479 2039 4536 milites
2069 4481 2147 4535 Ιοι

557 4581 717 4627 cutus
738 4581 842 4638 est,
866 4573 1050 4627 dicens
1083 4589 1096 4625 :
1122 4570 1415 4634 Velociter,
1446 4586 1480 4627 ο
1507 4572 1736 4628 ministri
1771 4574 1926 4643 hujus
1967 4574 2145 4642 splen-

2240 1972 2424 2027 vitatis
2456 1973 2509 2027 in
2538 1987 2640 2041 qua
2685 1979 2887 2038 essent,
2936 1970 3344 2043 diligentissime
3379 1985 3473 2025 eos
3496 1969 3731 2025 edocuit.
3765 1969 3829 2022 At

2242 2066 2319 2122 illi
2354 2067 2467 2122 haec
2494 2067 2796 2133 audientes,
2823 2081 2945 2120 mox
2968 2066 3033 2120 ad
3065 2080 3235 2136 genua
3278 2066 3377 2120 sibi
3417 2066 3517 2120 ista
3547 2062 3830 2119 referentis

2242 2158 2632 2226 advolvuntur;
2666 2169 2719 2214 et
2752 2160 2960 2215 fortiter
2983 2175 3107 2214 eum
3145 2172 3335 2229 rogare
3362 2166 3658 2226 creperum,
3690 2165 3830 2210 utea

2241 2264 2360 2320 quae
2389 2265 2515 2305 vera
2544 2258 2733 2306 essent
2760 2251 2839 2305 eis
2859 2250 3088 2305 diceret.
3120 2252 3188 2305 At
3217 2250 3305 2305 ille
3331 2247 3681 2320 jurejurando
3708 2261 3831 2301 vera

2240 2339 2358 2396 haec
2380 2355 2497 2395 esse
2529 2340 2851 2396 affirmabat.
2880 2340 3031 2396 Tunc
3068 2342 3230 2410 coepit
3274 2342 3451 2396 dicere
3494 2347 3644 2409 pater
3670 2337 3788 2407 ejus
3817 2356 3830 2390 :

2241 2436 2299 2491 Si
2330 2451 2429 2507 ego
2458 2436 2639 2492 infelix
2673 2436 2896 2492 meritus
2950 2436 3099 2491 fuero
3148 2445 3205 2489 ut
3247 2435 3458 2490 videam
3514 2432 3702 2487 facient
3739 2431 3831 2486 lilii

2245 2531 2374 2598 mei,
2406 2530 2663 2600 quidquid
2698 2529 2828 2583 illud
2857 2538 2937 2584 est
2959 2528 3102 2599 quod
3142 2527 3269 2584 mihi
3297 2526 3631 2582 mandaverit
3656 2534 3710 2579 et
3740 2525 3833 2579 do-

2247 2621 2437 2686 cuerit,
2473 2623 2574 2676 hoc
2604 2623 2719 2677 sine
2746 2621 2917 2691 aliqua
2963 2635 3113 2675 mora
3148 2621 3377 2675 facturus
3403 2634 3542 2673 sum.
3577 2618 3832 2674 Similiter

2245 2729 2374 2770 vero
2400 2724 2454 2767 et
2474 2723 2644 2769 mater
2675 2715 2884 2770 dicebat
2919 2732 2931 2768 :
2962 2714 3072 2785 Ego
3098 2712 3414 2768 miserabilis
3463 2720 3513 2767 et
3556 2711 3835 2767 lmmiliata

2246 2822 2345 2878 per
2369 2810 2571 2875 omnia,
2598 2808 2639 2864 si
2660 2809 2805 2862 illum
2837 2807 3013 2862 adhuc
3036 2807 3086 2861 in
3113 2806 3215 2861 hoc
3236 2819 3461 2875 corpore
3478 2802 3668 2859 merita
3686 2802 3836 2857 fuero

2245 2897 2462 2963 intueri,
2497 2901 2661 2971 218
2707 2908 2761 2955 et
2810 2899 3031 2955 domum
3063 2900 3471 2967 universumque
3509 2910 3683 2951 meam
3714 2895 3836 2950 sub-

2249 2992 2503 3046 stantiam
2538 2992 2933 3061 derelinquam,
2959 3000 3014 3047 et
3045 2991 3116 3046 illi
3147 2989 3246 3047 soli
3277 2989 3586 3054 adhaerebo,
3609 3002 3677 3043 eo
3697 2986 3836 3058 quod

2246 3096 2409 3151 super
2460 3083 2577 3138 hare
2612 3085 2789 3138 omnia
2822 3083 2935 3151 ipse
2963 3083 3108 3138 solus
3148 3082 3276 3136 mihi
3308 3082 3521 3136 charior
3549 3088 3603 3136 et
3632 3079 3839 3135 dulcior

2248 3176 2530 3232 habeatur.
2580 3178 2732 3244 Quod
2767 3186 2821 3234 et
2866 3181 2908 3234 si
2944 3195 3027 3234 me
3058 3177 3399 3249 imperaverit
3431 3176 3545 3231 ﬁeri
3575 3174 3836 3231 Christia-

2252 3286 2396 3339 nam,
2426 3288 2525 3329 nec
2554 3274 2653 3327 hoc
2694 3274 2956 3328 recusabo
2988 3272 3183 3341 facere,
3214 3280 3265 3326 et
3296 3287 3413 3325 cum
3460 3271 3577 3340 ipso
3602 3279 3839 3338 postmo-

2252 3366 2402 3434 dum,
2432 3366 2475 3421 si
2498 3366 2748 3428 voluerit.
2778 3373 2956 3435 parata
2990 3381 3106 3419 sum
3167 3374 3430 3419 tormenta
3473 3362 3763 3427 sustinere,
3790 3368 3841 3415 et

2252 3469 2482 3514 mortem
2508 3466 2782 3530 gratanter
2809 3457 3074 3528 accipere.
3103 3456 3167 3511 Et
3191 3456 3305 3510 hanc
3330 3454 3590 3517 dicentes,
3625 3453 3843 3508 univer-

2252 3566 2365 3606 sam
2395 3550 2749 3605 substantiam
2775 3565 2924 3603 suam
2958 3556 3025 3603 ac‘
3056 3549 3271 3603 divitias
3324 3548 3421 3601 sub
3471 3545 3744 3599 actoribus
3790 3550 3844 3597 et

2252 3645 2693 3714 procuratoribus
2746 3642 3100 3710 reliquerunt.
3147 3641 3210 3694 Et
3265 3638 3465 3709 egressi
3519 3652 3640 3693 cum
3674 3634 3844 3692 tribus

2256 3740 2433 3809 pueris
2462 3738 2529 3792 de
2558 3737 2720 3793 domo
2750 3751 2869 3803 sua,
2904 3736 3079 3790 navim
3109 3734 3352 3805 protinus
3391 3731 3841 3797 conscenderunt,

2253 3842 2304 3888 et
2337 3832 2590 3901 navigare
2626 3837 2927 3899 creperum,
2953 3828 3077 3881 utin
3109 3825 3425 3897 Scytharum
3465 3831 3661 3878 terram
3684 3829 3844 3890 atque

2252 3927 2303 3980 in
2338 3923 2775 3981 Almiridensium
2804 3923 3074 3977 civitatem
3127 3919 3460 3975 devenirent.
3511 3914 3675 3985 Cujus
3715 3930 3843 3983 pro-

2251 4019 2441 4074 vincia:
2473 4028 2599 4073 tunc
2655 4016 2891 4086 pontifex
2943 4024 2995 4069 et
3038 4014 3358 4083 praepositus
3388 4019 3693 4067 sanctarum
3750 4009 3845 4065 Dei

2252 4111 2628 4174 ecclesiarum,
2664 4108 3002 4163 beatissimus
3048 4104 3383 4176 evangelicus
3414 4102 3494 4176 (9)
3521 4101 3843 4157 habebatur.

2323 4204 2451 4265 Cap.
2486 4202 2891 4270 XVll.-lgitur
2923 4201 3137 4271 expleto
3188 4212 3413 4254 numero
3464 4195 3685 4266 triginta
3730 4193 3847 4249 die-

2251 4315 2392 4368 rum,
2443 4297 2604 4369 jussit
2660 4309 2916 4367 tyrannus
2976 4302 3032 4349 ut
3074 4295 3244 4348 sancti
3276 4301 3541 4362 martyres
3570 4305 3752 4344 coram
3786 4303 3846 4344 se

2250 4388 2653 4446 exhiberentur.
2686 4387 2787 4455 Qui
2817 4401 2937 4442 cum
2972 4385 3127 4440 hilari
3174 4385 3352 4438 animo
3384 4390 3438 4437 et
3484 4380 3633 4435 vultu
3664 4380 3847 4448 splen-

2251 4482 2381 4537 dido
2413 4495 2594 4536 coram
2629 4480 2722 4534 illo
2752 4478 3137 4544 constitissent,
3170 4477 3249 4533 sic
3276 4476 3342 4531 ad
3365 4491 3458 4533 eos
3487 4474 3848 4531 Latronianus

2250 4574 2358 4630 dux
2388 4574 2597 4628 locutus
2645 4581 2749 4639 est,
2799 4572 2981 4627 dicens
3018 4570 3266 4640 :Saepins
3305 4584 3401 4624 vos
3447 4568 3515 4623 de
3564 4570 3843 4623 nominum

556 4662 822 4717 didissimi
856 4660 1127 4728 culminis,
1157 4662 1235 4716 sal
1254 4671 1307 4717 et
1333 4672 1541 4718 acetum
1565 4664 1666 4719 huc
1693 4642 1901 4727 alierte,
1927 4672 1981 4719 et
1999 4665 2143 4733 prio-
2172 4642 2227 4704 D
2250 4676 2554 4722 vestrorum
2580 4664 2838 4720 vocabulo
2866 4664 3212 4734 interrogavi,
3230 4662 3311 4717 vel
3339 4675 3558 4732 genere,
3586 4672 3681 4715 seu
3704 4659 3847 4714 unde

552 4755 704 4811 ribus
721 4768 904 4810 eorum
922 4755 1334 4811 lacerationibus
1356 4756 1950 4826 confricate,simnlque
1973 4759 2143 4828 picen

554 4858 611 4905 et
634 4848 845 4920 adipem
871 4850 922 4903 in
947 4850 1202 4903 cacabum
1233 4862 1439 4903 aeneum
1472 4850 1684 4915 mittite,
1709 4860 1897 4906 etcum
1921 4852 2147 4922 coeperit

556 4943 772 4997 fortiter
801 4942 1047 5010 ebullire,
1096 4956 1188 4997 eos
1237 4942 1289 4997 iu
1338 4943 1582 4999 eumdem
1640 4947 1852 5001 mittite.
1880 4946 1945 5002 Et
1974 4949 2143 5003 sincti

554 5040 674 5097 haec
702 5037 984 5093 audientes
1009 5036 1260 5093 dicebant
1282 5035 1598 5094 :Cbristiani
1618 5054 1822 5107 sumus,
1842 5057 1874 5094 o
1893 5051 2141 5112 tyranne,

550 5131 648 5187 fiat
668 5132 914 5186 voluntas
943 5131 1033 5187 Dei
1061 5133 1112 5187 in
1137 5132 1310 5187 nobis.
1342 5131 1581 5204 Cumque
1613 5134 1716 5189 hoc
1760 5137 2012 5191 tormenti
2043 5151 2131 5206 ge-

553 5238 659 5278 nus
692 5240 787 5293 pro
814 5222 1018 5281 Christi
1044 5225 1260 5279 nomine
1285 5225 1698 5295 magnanimiter
1721 5227 2062 5295 tolerassent,
2088 5237 2141 5282 et

547 5320 604 5376 in
662 5321 808 5375 nullo
853 5323 1063 5390 penitus
1107 5322 1216 5376 laesi
1272 5320 1521 5388 fuissent,
1556 5320 1788 5390 imperat
1812 5322 2138 5377 saevissimus

548 5418 811 5483 tyrannus
843 5424 899 5467 ut
929 5414 1052 5469 inde
1079 5428 1171 5468 eos
1195 5413 1473 5482 ejicerent,
1506 5424 1559 5470 et
1594 5414 1647 5468 in
1691 5414 1985 5469 custodiam
2017 5429 2135 5467 car-

547 5505 689 5558 ceris
718 5504 894 5559 denuo
925 5505 1279 5573 perducerent
1308 5521 1321 5559 :
1355 5506 1431 5561 Ne
1473 5506 1633 5572 forte,
1686 5505 1876 5577 inquit,
1927 5516 1980 5560 et
2009 5521 2135 5561 con-

545 5595 741 5651 stantia
772 5611 956 5651 eorum
988 5596 1143 5652 nobis
1174 5598 1520 5668 ignominiam
1565 5608 1618 5655 et
1671 5597 1990 5653 Christianis
2041 5614 2133 5654 au-

547 5687 751 5744 daciam
786 5700 1045 5759 generare
1087 5690 1352 5747 videatur.
1396 5692 1463 5747 Et
1487 5692 1563 5746 sic
1584 5693 1741 5763 jussit
1787 5702 1843 5745 ut
1888 5707 1979 5757 per
2029 5708 2131 5746 xxx

544 5780 667 5836 dies
712 5782 889 5837 nullus
938 5783 1002 5838 ad
1055 5799 1148 5839 eos
1176 5784 1444 5852 introiret,
1480 5802 1649 5855 neque
1676 5786 1743 5840 ab
1772 5785 1951 5854 aliquo
1980 5785 2131 5841 cibus

544 5885 811 5943 potusque
842 5875 1161 5934 deferretur.
1188 5875 1292 5930 Sed
1323 5877 1536 5932 athleta:
1564 5878 1761 5934 Christi
1794 5879 1861 5933 de
1903 5879 2133 5949 plenitu-

2254 4760 2384 4817 estis
2409 4758 2645 4826 oriundi,
2705 4768 2759 4813 et
2799 4772 3067 4827 nunquam
3109 4757 3237 4813 mihi
3288 4756 3566 4811 veritatem
3610 4753 3845 4815 dixistis.

2252 4852 2405 4908 Nunc
2437 4852 2633 4921 itaque,
2665 4865 2789 4905 cum
2814 4864 2911 4904 nec
2942 4849 3164 4919 patriam
3190 4848 3335 4911 novi,
3356 4862 3453 4902 nec
3483 4860 3653 4917 genus
3680 4860 3844 4916 agno-

2252 4957 2366 5011 sco,
2391 4942 2483 4996 sed
2518 4956 2617 4996 nec
2649 4943 2866 4995 nomina
2891 4950 3065 4996 vestra
3092 4939 3240 5010 potui
3274 4938 3572 5001 addiscere,
3604 4937 3708 4993 hoc
3755 4951 3846 4993 c0-

2251 5034 2413 5106 gitavi
2445 5033 2582 5102 apud
2613 5032 3006 5101 tnemetipsum,
3030 5031 3247 5085 dicens:
3277 5029 3355 5084 Eo
3378 5030 3520 5100 quod
3544 5028 3678 5084 nihil
3700 5027 3843 5084 aliud

2249 5142 2347 5183 vos
2378 5143 2495 5182 esse
2521 5125 2797 5195 videmini,
2840 5126 2942 5179 nisi
2985 5124 3229 5193 corporei
3262 5124 3557 5187 daemones,
3590 5121 3679 5193 qui
3726 5122 3845 5177 sine

2250 5221 2465 5277 nomine
2496 5222 2577 5277 vel
2601 5236 2799 5292 genere
2817 5235 2937 5277 esse
2968 5231 3291 5286 noscuntur;
3320 5230 3371 5274 et
3395 5219 3516 5275 ideo
3542 5218 3839 5274 secundum

2247 5316 2391 5388 quod
2423 5316 2567 5386 digni
2600 5319 2747 5383 estis,
2784 5316 2886 5369 hoc
2934 5330 3030 5370 vos
3078 5314 3339 5369 vocabulo
3382 5314 3723 5383 nuncupabo.
3778 5312 3842 5369 Et

2245 5410 2443 5481 adjecit
2492 5410 2672 5464 dicere
2720 5409 2786 5463 ad
2828 5424 2922 5463 eos
2956 5426 2967 5462 :
3001 5407 3171 5463 Dicite
3204 5407 3336 5463 mihi
3383 5423 3499 5474 vos,
3532 5423 3566 5462 ο
3594 5406 3838 5481 corporei

2244 5502 2541 5565 daemones,
2577 5503 2621 5557 si
2647 5518 2750 5557 non
2784 5500 3097 5557 sacrificatis
3122 5499 3515 5556 immortalibus
3544 5499 3669 5569 diis,
3703 5500 3839 5555 facio

2244 5598 2406 5654 hodie
2436 5607 2493 5652 ut
2524 5598 2695 5667 capita
2728 5606 2903 5651 vestra
2936 5595 3550 5652 abscindantur.Christi
3574 5606 3837 5666 martyres

2244 5690 2501 5747 dixerunt
2534 5711 2546 5747 :
2574 5692 2680 5746 Nos
2708 5689 2996 5745 Christiani
3020 5704 3226 5754 sumus,
3246 5695 3301 5744 et
3321 5688 3374 5745 in
3401 5689 3619 5745 nomine
3638 5685 3835 5743 Christi

2243 5786 2541 5847 daemones,
2582 5801 2716 5854 quos
2748 5800 2840 5839 vos
2871 5793 2925 5838 ut
2955 5782 3083 5838 deos
3112 5782 3350 5837 adoratis
3394 5790 3451 5837 et
3505 5781 3703 5848 colitis,
3738 5793 3834 5835 nos

2242 5878 2310 5935 tle
2371 5879 2604 5934 obsessis
2656 5876 2969 5946 corporibus
3028 5874 3342 5947 eﬂ‘ugatnus.
3409 5873 3621 5931 Utinam
3678 5874 3730 5929 in
3784 5884 3833 5927 te
