4142 6350
242 375 357 438 105

764 373 925 432 VITA
969 374 1393 433 SANCTORUM
1432 372 1748 431 EPICTETI
1790 368 2223 428 PBESBYTERl
2266 369 2350 425 ET
2389 366 2702 429 ASTIONIS
2743 364 3071 424 MONACIII.

3431 362 3543 425 406

244 495 461 553 daemon
493 494 758 561 pessimus
780 503 887 543 non
918 488 1195 544 habitaret.
1236 487 1346 542 Hoc
1367 487 1589 542 audiens
1609 498 1839 541 vesanus
1869 485 1925 551 Α
1954 482 2007 537 in
2052 483 2211 536 bono.
2262 482 2327 536 Et
2357 496 2532 548 nunc,
2563 495 2889 550 quaesumus,
2922 466 3167 543 Domine,
3200 490 3412 547 suscipe
3439 490 3543 535 nos

246 589 360 653 ille,
390 595 446 641 et
476 584 804 648 horrendus,
826 581 1053 637 nimium
1076 580 1330 639 elleratus
1351 588 1462 645 est;
1494 578 1723 649 etjussit
1740 577 1842 631 mi-

254 678 441 733 nistris
462 676 576 731 suis
606 671 664 728 ut
692 688 814 728 cum
843 671 1111 741 iapidibus
1141 687 1233 726 ora
1264 674 1568 727 sanctorum
1613 678 1845 733 contun-

245 772 456 827 derent.
496 765 698 823 Deinde
729 767 1013 835 imperavit
1062 772 1122 820 ut
1163 764 1342 834 virgas
1399 764 1655 819 aﬁ'erreut
1683 762 1849 816 fraxi-

250 880 405 931 neas,
437 872 491 916 et
521 862 600 917 sic
630 875 696 916 ex
728 859 808 916 eis
834 871 939 912 tam
969 858 1060 913 diu
1088 874 1184 913 eos
1207 859 1577 924 verberarent,
1609 856 1847 927 quandiu

252 958 506 1029 spiritum
533 953 874 1009 exbalarent.
910 952 1356 1005 Beatissimivero
1398 952 1613 1005 athleta:
1643 950 1845 1006 Christi

254 1048 435 1103 taliter
465 1044 756 1115 patientes,
786 1042 918 1098 nihil
952 1042 1100 1097 aliud
1143 1041 1413 1105 dicebant,
1447 1041 1548 1095 nisi
1577 1058 1590 1094 :
1624 1041 1849 1098 Domine

257 1141 402 1199 Deus
428 1146 637 1203 noster,
667 1144 756 1193 tua
791 1135 1037 1189 voluntas
1068 1133 1160 1187 ﬁat
1187 1136 1237 1187 in
1267 1133 1441 1187 nobis.
1478 1132 1583 1188 Sed
1614 1147 1732 1186 cum
1757 1133 1849 1187 diu

244 1235 599 1301 multumque
623 1229 980 1298 caederentur,
1009 1238 1063 1283 et
1101 1242 1315 1295 semper
1348 1227 1543 1283 hilares
1578 1228 1851 1296 magnani-

256 1339 486 1391 ntesque
515 1324 568 1376 in
600 1320 939 1377 confessione
980 1320 1190 1374 Domini
1246 1318 1621 1387 perdurarent,
1661 1317 1850 1373 videns

256 1418 511 1473 minister
535 1415 631 1470 ille
658 1414 863 1471 diaboli
893 1428 959 1468 eo
985 1412 1129 1482 quod
1144 1412 1292 1467 nullo
1309 1411 1470 1466 modo
1488 1411 1852 1478 prmvaluisset

255 1511 374 1575 e;us
402 1507 610 1569 insania
637 1516 825 1561 contra
855 1505 1094 1574 ipsorum
1125 1504 1508 1567 constantiam,
1552 1502 1712 1573 jussit
1750 1502 1851 1556 mi-

254 1597 443 1653 nistris
471 1597 737 1652 scelerum
764 1595 888 1650 duci
936 1608 1031 1651 eos
1069 1594 1199 1650 foris
1239 1594 1531 1659 civitatem,
1574 1600 1631 1647 et
1677 1594 1851 1661 capita

254 1705 444 1745 eorum
475 1687 655 1760 gladio
685 1686 976 1756 amputari.
1029 1686 1279 1755 Cumque
1308 1684 1635 1740 ducerentur
1658 1682 1853 1752 psalle-

251 1782 407 1850 bant,
462 1777 1020 1835 dicentes:Laudate
1070 1792 1272 1832 nomen
1326 1776 1562 1843 Domini,
1616 1776 1849 1843 laudate,

1954 573 2010 628 in
2044 572 2290 627 manibus
2320 572 2423 627 tuis
2471 572 2833 643 sempiternis,
2879 579 2936 625 ct
2964 570 3209 624 introduc
3238 582 3336 623 nos
3366 568 3421 627 in
3452 567 3543 645 Jee

1951 664 2186 720 rusalem
2217 664 2519 733 caelestem,
2552 679 2671 733 quze
2719 673 2798 717 εει
2858 660 3027 717 mater
3065 662 3303 717 omnium
3328 671 3545 729 sancto-

1950 772 2094 823 rum,
2122 757 2276 825 cujus
2306 758 2421 826 ipse
2441 770 2501 811 es
2532 757 2735 822 lumen,
2765 764 2820 810 et
2859 768 3109 826 sponsus,
3140 755 3386 819 conditor
3406 770 3517 833 quo

1949 865 2059 921 que
2086 866 2149 905 ac
2199 850 2510 920 fabricator,
2540 860 2599 904 ut
2631 865 2731 905 una
2761 863 2881 905 cum
2933 850 3135 920 angelis
3166 859 3217 904 et
3249 850 3544 918 archange-
3624 910 3628 915 ,

1954 941 2042 1008 lis,
2075 941 2337 1012 patribus,
2369 941 2711 1012 patriarchis,
2745 941 3037 1017 prophetis,
3076 943 3236 1017 219
3262 943 3543 1010 apostolis,

1959 1033 2311 1102 martyribus,
2368 1029 2787 1097 confessoribus,
2828 1032 3029 1103 jugiter
3080 1032 3445 1089 collaudemus
3493 1040 3548 1087 et

1957 1123 2317 1190 gloriﬁcamus
2340 1123 2584 1191 Patrem,
2614 1132 2669 1179 et
2696 1123 2911 1186 Filium,
2935 1132 2989 1179 et
3019 1124 3275 1193 Spiritum
3304 1134 3544 1179 sanctum

1958 1219 2010 1269 in
2039 1216 2234 1271 saecula
2261 1216 2601 1270 saeculorum.

2027 1306 2155 1363 CAP.
2199 1296 2343 1362 XIX.
2376 1338 2444 1349 --
2487 1308 2553 1364 Ει
2601 1322 2721 1363 cum
2762 1308 3164 1378 respondissent
3192 1310 3545 1363 circumstan-

1958 1407 2059 1464 tes,
2091 1399 2286 1465 Amen,
2310 1414 2499 1469 rogare
2515 1401 2676 1468 cmpit
2702 1400 2982 1454 carniﬁces
3005 1409 3223 1455 sanctus
3248 1400 3544 1470 Epictetus,

1956 1504 2017 1548 ut
2042 1503 2166 1549 ante
2196 1509 2255 1549 se
2286 1496 2435 1563 prius
2467 1496 2675 1550 beatum
2708 1506 3055 1566 percuterent
3100 1497 3399 1557 Astionem.
3443 1496 3549 1552 Sed

1958 1603 2080 1644 cum
2113 1589 2199 1645 ille
2218 1589 2458 1644 diceret:
2488 1589 2621 1656 Quia
2648 1598 2701 1647 te
2732 1592 2962 1660 primum
2992 1591 3167 1660 decet,
3186 1606 3218 1648 ο
3240 1590 3551 1655 beatissime

1960 1682 2138 1748 Pater,
2172 1683 2309 1737 hanc
2338 1684 2670 1739 salutiferam
2699 1687 3082 1756 propriamque
3108 1685 3548 1756 propitiationem

1960 1775 2178 1841 mereri,
2212 1784 2429 1831 sanctus
2461 1775 2738 1845 Epictetus
2779 1776 3098 1847 respondit:
3137 1778 3427 1842 Veterana,
3467 1777 3548 1839 in-

255 1872 422 1937 servi,
452 1870 735 1925 Dominum
761 1869 933 1939 (Psal.
964 1868 1212 1935 cxxxrvi,
1236 1868 1358 1937 quia
1381 1868 1517 1923 facta
1548 1876 1632 1925 est
1655 1868 1845 1925 volun-
1874 1871 1927 1949 β
1953 1870 2091 1939 quit,
2141 1868 2405 1924 calliditas
2453 1869 2742 1939 serpentis,
2794 1870 2926 1925 satis
2958 1868 3170 1935 subtilis
3216 1878 3272 1923 et
3317 1869 3554 1924 circum-

254 1975 336 2021 tas
365 1963 460 2018 Dei
489 1964 659 2018 nostri
693 1963 747 2017 in
778 1961 933 2017 nobis
960 1976 1055 2030 per
1085 1960 1282 2016 omnia.

326 2055 459 2111 CAP.
486 2053 883 2113 XVlll.—Cum
934 2064 1112 2111 autem
1154 2056 1528 2124 pervenissent
1575 2056 1643 2111 ad
1673 2058 1850 2112 locum

254 2149 347 2204 ubi
378 2148 605 2204 feriendi
638 2158 841 2214 essent,
869 2156 1075 2203 stantes
1120 2156 1307 2202 contra
1328 2137 1564 2215 'partem
1595 2149 1848 2211 Orientis,

257 2242 515 2311 expansis
545 2239 817 2307 manibus,
866 2249 921 2296 et
969 2240 1263 2296 sublevatis
1311 2240 1483 2296 oculis
1531 2242 1582 2294 in
1631 2242 1852 2308 coelum,

261 2334 441 2390 taliter
471 2333 755 2389 Dominum
778 2342 1092 2398 oraverunt,
1116 2334 1357 2390 dicentes
1383 2352 1398 2388 :
1428 2333 1747 2389 Benedictus
1768 2349 1853 2404 es,

257 2426 488 2482 Domine
534 2426 674 2482 Deus
718 2436 930 2497 patrum
980 2434 1316 2490 nostrorum,
1368 2435 1424 2480 et
1465 2426 1766 2493 laudabilis,
1801 2436 1857 2482 et

256 2523 692 2591 superexaltatus
721 2522 774 2578 in
808 2522 1028 2589 saecula,
1060 2538 1126 2578 eo
1158 2522 1305 2593 quod
1335 2536 1441 2577 non
1474 2522 1725 2588 humana,
1759 2522 1856 2578 sed

260 2626 352 2672 tua
384 2617 631 2672 voluntas
655 2630 752 2687 per
782 2617 961 2672 omnia
989 2617 1131 2681 facta
1152 2626 1237 2672 est
1258 2616 1308 2671 in
1340 2616 1515 2671 nobis.
1533 2616 1612 2671 Tu
1632 2630 1690 2673 es
1709 2617 1854 2672 enim

258 2709 348 2779 qui
373 2709 605 2766 docesin
630 2719 684 2765 te
699 2711 1009 2777 credentes,
1033 2721 1092 2766 ut
1118 2710 1319 2767 faciant
1335 2711 1665 2767 voluntatem
1685 2721 1853 2779 tuam,

256 2816 310 2861 et
339 2814 400 2863 ut
430 2806 755 2862 annuutient
778 2806 1041 2861 mirabilia
1094 2816 1183 2863 tua
1232 2808 1285 2861 in
1316 2809 1761 2876 omnitempore,
1790 2820 1859 2862 eo

258 2897 406 2969 quod
434 2897 669 2969 Spiritus
718 2909 841 2955 tuus
875 2906 1092 2957 sanctus
1117 2899 1380 2969 gubernat
1423 2914 1855 2969 unumquemque

256 2990 313 3047 in
336 2991 483 3046 bono
511 2990 806 3047 secundum
839 2990 1167 3061 propositum
1206 2992 1390 3047 cordis
1417 2992 1525 3058 sui,
1559 2998 1615 3047 et
1661 3005 1855 3046 secun-

263 3085 393 3141 dum
422 3087 694 3156 propriam
724 3085 1074 3145 voluntatem.
1110 3086 1189 3140 Tu
1213 3102 1273 3141 es
1300 3087 1446 3141 enim
1470 3086 1559 3156 qui
1587 3085 1860 3141 Abraham

263 3178 565 3233 secundum
602 3188 745 3233 tuam
767 3179 1097 3232 voluntatem
1122 3192 1338 3247 semper
1352 3177 1683 3248 gubernasti,
1715 3176 1861 3232 Isaac

1958 1969 2181 2017 ventosa
2213 1968 2322 2028 est,
2352 1958 2458 2027 ﬁli;
2488 1968 2545 2016 et
2574 1960 2695 2016 ideo
2720 1960 2865 2031 quod
2909 1976 3048 2015 nunc
3079 1960 3246 2031 juheo
3280 1959 3416 2026 ﬁeri,
3452 1975 3551 2031 pro

1960 2066 2049 2110 tua
2078 2056 2251 2111 salute
2279 2068 2342 2111 ac
2367 2068 2485 2109 mea
2516 2056 2702 2125 requie
2724 2054 2969 2110 habetur.
3005 2054 3179 2110 Hodie
3206 2068 3438 2125 namque
3461 2055 3555 2109 de-

1959 2161 2077 2201 cem
2098 2156 2153 2202 et
2179 2155 2384 2216 septem
2412 2161 2582 2201 annos
2605 2160 2700 2217 per
2720 2146 2954 2201 divinam
2981 2147 3207 2217 gratiam
3242 2162 3436 2201 mimus
3461 2160 3551 2202 ca-

1959 2252 2100 2295 stum
2133 2239 2639 2310 immaculatumque
2671 2248 2723 2295 te
2751 2239 2996 2303 servavi,
3028 2248 3082 2294 et
3122 2239 3282 2304 modo
3309 2239 3387 2293 vis
3416 2247 3473 2293 ut
3502 2239 3555 2294 in

1960 2341 2158 2402 puncto
2187 2333 2341 2387 unius
2372 2331 2519 2387 horze
2546 2340 2816 2387 tantorum
2845 2346 3111 2385 annorum
3160 2330 3400 2387 laborem
3434 2344 3555 2400 per-

1962 2427 2123 2480 dam?
2155 2425 2268 2483 Non
2300 2426 2392 2480 ita.
2420 2425 2571 2493 Quod
2598 2428 2743 2481 enim
2771 2428 2928 2494 cupio
2961 2425 3160 2492 facere,
3200 2424 3271 2479 mi
3300 2424 3405 2492 ﬁli,
3457 2438 3553 2499 per

1962 2517 2365 2587 inspirationem
2412 2516 2646 2588 Spiritus
2676 2519 2845 2572 sancti
2876 2517 3034 2572 facio.
3086 2518 3175 2573 Sic
3205 2517 3348 2587 enim
3389 2516 3556 2575 Abra-

1964 2613 2086 2663 ham
2117 2609 2168 2664 in
2205 2608 2571 2665 holocaustum
2622 2610 2768 2664 Isaac
2799 2610 2964 2664 ﬁlium
2996 2609 3223 2677 obtulit;
3254 2608 3447 2681 .lepbte
3493 2610 3557 2675 ﬁ-

1961 2702 2090 2758 liam
2124 2703 2351 2758 Domino
2380 2703 2434 2757 in
2462 2703 2787 2758 sacriﬁcium
2818 2703 3098 2769 exhibuit;
3125 2703 3317 2781 Petrus
3337 2718 3552 2781 quoque

1964 2796 2294 2866 Stephanum
2323 2805 2447 2850 ante
2467 2810 2528 2852 se
2555 2795 2609 2850 in
2641 2795 2951 2861 ccelestibus
2975 2778 3253 2866 praemisit.
3280 2778 3349 2851 Et
3373 2810 3556 2867 quam-

1963 2887 2047 2942 vis
2077 2902 2175 2957 ego
2210 2902 2315 2942 non
2347 2887 2547 2957 possim
2579 2900 2701 2942 esse
2732 2886 3036 2942 incredulus
3068 2885 3135 2942 de
3162 2886 3400 2942 bonitate
3432 2885 3558 2951 Dei.

1965 2994 2031 3034 eo
2061 2980 2204 3046 quod
2235 2988 2411 3048 potest
2441 2988 2493 3036 te
2517 2990 2573 3037 et
2596 2981 2716 3035 sine
2746 2996 2861 3036 mea
2896 2981 3182 3052 praesentia
3210 2983 3264 3038 in
3309 2982 3559 3039 omnibus

1964 3060 2315 3140 conservare,
2362 3075 2505 3131 sicut
2547 3084 2603 3130 et
2642 3090 2810 3146 usque
2840 3076 2894 3131 in
2942 3076 3254 3133 hodiernam
3287 3077 3426 3133 diem
3470 3091 3561 3132 cu~

1973 3167 2192 3222 stodivit
2239 3167 2677 3233 immaculatum;
2725 3176 2899 3223 tamen
2950 3184 3241 3240 agnoscere
3286 3170 3469 3236 debes,
3500 3184 3565 3227 eo

268 3270 647 3339 sanetiﬁcasti,
681 3280 735 3325 et
766 3285 887 3326 cum
917 3269 1082 3325 Jacob
1108 3270 1428 3325 colluctatus
1463 3284 1544 3336 es,
1576 3270 1861 3337 imponens
1883 3248 1934 3323 β
1966 3261 2111 3330 quod
2156 3262 2327 3317 bonus
2364 3270 2547 3333 pastor
2578 3277 2791 3334 semper
2821 3279 2917 3333 pro
2948 3265 3136 3319 ovibus
3166 3265 3278 3320 suis
3325 3265 3559 3320 animam

264 3364 338 3423 illi
370 3378 570 3420 nomen
603 3377 800 3419 novum
830 3364 1022 3430 Israel;
1073 3365 1163 3434 qui
1212 3364 1412 3435 Josepb
1433 3378 1466 3419 a
1497 3366 1860 3433 persuasioni-

265 3456 361 3511 hus
390 3455 657 3526 [Egyptiae
688 3464 741 3517 et
789 3454 1172 3517 blandimentis
1200 3465 1409 3511 castum
1457 3455 1757 3521 custodisti,
1803 3440 1861 3513 et

264 3548 561 3602 Susanuam
595 3548 845 3603 similiter
872 3562 903 3602 a
928 3546 1225 3617 pollutione
1265 3547 1643 3611 insidiatorum
1668 3548 1860 3603 imma-

266 3642 494 3696 eulatam
546 3641 903 3706 conservasti;
958 3642 1047 3709 qui
1107 3648 1415 3695 sanctorum
1474 3639 1859 3711 prophetarum

272 3744 481 3788 tuorum
507 3734 670 3787 corda
695 3732 1018 3804 puriﬁcasti,
1037 3740 1093 3787 et
1118 3733 1548 3793 beatissimorum
1582 3734 1858 3801 apostolo-

268 3843 384 3881 rum
420 3836 632 3880 mentes
660 3841 756 3895 per
801 3826 1000 3881 donum
1050 3826 1223 3880 sancti
1269 3824 1502 3893 Spiritus
1552 3825 1857 3891 illustrasti,

270 3921 455 3975 dicens
483 3921 551 3975 ad
579 3934 675 3975 eos
694 3936 709 3974 :
729 3920 969 3989 Accipite
982 3919 1238 3990 Spiritum
1270 3928 1514 3973 sanctum
1535 3916 1717 3990 (Joan.
1743 3917 1859 3983 xx);

270 4010 357 4078 qui
390 4010 627 4065 athletas
661 4019 778 4064 tuos
806 4024 902 4080 per
931 4008 1158 4079 gratiam
1192 4018 1335 4063 tuam
1368 4009 1658 4075 coronasti,
1688 4017 1743 4063 et
1768 4022 1864 4078 pro

269 4102 492 4157 nomine
540 4112 632 4158 tuo
680 4102 1062 4158 dimicantibus
1110 4117 1325 4173 semper
1348 4102 1630 4159 victoriam
1666 4102 1865 4158 condo-

272 4197 443 4261 uasti;
469 4195 563 4265 qui
586 4210 683 4250 nos
712 4194 1043 4252 humillimos
1070 4204 1126 4251 et
1152 4204 1463 4266 peccatores
1493 4195 1721 4251 famulos
1746 4205 1866 4252 tuos

274 4287 339 4340 ad
370 4286 513 4341 hanc
544 4286 770 4355 patriam
824 4284 1144 4355 perduxisti,
1194 4295 1253 4340 ut
1280 4288 1661 4342 annuntiemus
1692 4286 1746 4340 in
1778 4299 1864 4352 ea,

273 4394 335 4436 ac
360 4380 722 4451 praedicemus
746 4380 1020 4451 Evangelii
1052 4380 1125 4436 tui
1156 4379 1479 4451 doctrinam,
1504 4381 1586 4437 bis
1612 4381 1701 4451 qui
1727 4381 1779 4435 in
1803 4393 1864 4435 ea

279 4472 556 4540 habitant;
584 4474 676 4543 qui
700 4482 880 4529 noster
910 4474 1239 4544 gubernator
1264 4487 1329 4531 ac
1354 4476 1629 4545 magister,
1672 4488 1735 4530 ac
1772 4476 1868 4530 bo-

274 4587 374 4625 nus
397 4570 652 4641 provisor
681 4570 734 4626 in
756 4570 1005 4626 omnibus
1030 4570 1318 4638 exstitisti;
1350 4571 1442 4641 qui
1459 4584 1626 4640 usque
1640 4569 1708 4625 ad
1728 4570 1865 4624 hanc

1966 3355 2117 3425 ponit
2142 3353 2319 3427 (Joan.
2354 3358 2435 3427 ι).
2469 3356 2613 3428 Ergo
2640 3357 2781 3427 quod
2808 3355 2971 3425 facio,
3012 3372 3111 3428 pro
3131 3372 3218 3413 me
3246 3366 3301 3413 et
3328 3368 3378 3412 te
3400 3358 3561 3422 facio,

1964 3449 2062 3503 ﬁli.
2106 3448 2225 3503 Noli
2254 3446 2415 3520 igitur
2458 3449 2652 3506 amodo
2703 3450 2770 3505 de
2820 3465 2936 3505 mea
2982 3451 3241 3507 societate
3292 3450 3561 3509 dubitare.

1964 3540 2136 3597 Credo
2167 3540 2481 3615 enimquod
2507 3540 2619 3611 jam
2649 3549 2870 3597 sanctus
2893 3540 3118 3597 Michael
3156 3555 3279 3597 cum
3322 3542 3527 3613 angelis
3547 3582 3561 3606 ,

1964 3642 2019 3688 et
2051 3633 2179 3688 Abel
2202 3648 2322 3688 cum
2348 3632 2643 3704 prophetis.
2674 3634 2865 3689 Petrus
2888 3649 3102 3706 quoque
3127 3648 3250 3690 cum
3276 3634 3561 3705 apostolis,

1966 3726 2269 3797 Stephanus
2295 3743 2415 3783 cum
2444 3729 2806 3800 martyribus,
2843 3729 3027 3784 Daniel
3073 3743 3198 3785 cum
3229 3729 3562 3784 confessori-

1965 3818 2086 3886 bus,
2130 3818 2180 3872 iu
2213 3833 2498 3873 occursum
2549 3819 2644 3873 tibi
2676 3819 2902 3882 venerit,
2936 3818 3035 3885 ﬁli,
3086 3819 3177 3888 qui
3225 3826 3282 3873 te
3334 3819 3559 3875 nuncin

1966 3912 2077 3968 suis
2105 3912 2324 3981 gremiis
2351 3912 2671 3979 suscipiant,
2712 3920 2765 3967 et
2793 3926 2963 3982 usque
2992 3910 3061 3966 ad
3086 3911 3337 3968 thronum
3362 3911 3563 3969 Christi

1966 4004 2257 4067 Salvatoris
2288 4005 2455 4059 nostri
2495 4018 2617 4059 cum
2664 4004 2879 4077 hymnis
2906 4013 2962 4061 et
3005 4005 3230 4061 canticis
3267 4005 3563 4077 spirituali—

1967 4096 2068 4151 bus
2090 4096 2405 4167 perducant.
2441 4096 2565 4153 Haec
2596 4104 2650 4154 et
2677 4098 2869 4154 horum
2899 4098 3160 4170 ampliora
3187 4100 3411 4157 audiens
3435 4100 3563 4156 bea-

1966 4190 2206 4244 tissimus
2248 4188 2469 4256 Astion,
2521 4191 2832 4263 reSpondit,
2885 4193 3070 4250 dicens
3103 4211 3118 4248 :
3150 4194 3270 4253 Fiat
3315 4195 3562 4252 voluntas

1968 4282 2063 4339 Dei
2097 4294 2147 4338 et
2182 4292 2291 4350 tua,
2340 4299 2372 4339 ο
2399 4284 2651 4341 sacerdos
2696 4286 2819 4355 Dei,
2852 4302 2915 4344 ac
2941 4288 3249 4346 venerande
3277 4299 3450 4361 pater.
3499 4290 3565 4346 Et

1968 4375 2170 4434 faciens
2190 4378 2526 4448 signaculum
2573 4381 2751 4435 crucis
2778 4381 2832 4435 in
2866 4381 3042 4438 fronte
3069 4396 3187 4447 sua,
3221 4382 3399 4441 taliter
3438 4399 3563 4441 ora-

1968 4471 2043 4527 vit
2072 4472 2138 4527 ad
2189 4472 2499 4541 Dominum,
2534 4472 2718 4528 dicens
2746 4491 2756 4525 :
2790 4473 3051 4543 Quoniam
3114 4484 3170 4530 tu
3201 4489 3261 4533 es
3291 4486 3563 4546 protector

1969 4578 2144 4631 meus,
2177 4563 2424 4629 Domine,
2455 4564 2511 4619 in
2556 4578 2748 4619 manus
2786 4576 2904 4619 tuas
2941 4567 3266 4623 commendo
3312 4570 3559 4637 spiritum

270 4630 464 4719 hora'm
510 4662 808 4718 secundum
839 4672 983 4718 tuam
1014 4630 1343 4717 voluntalel'n
1367 4630 1487 4717 ἠοε
1530 4630 1744 4730 gemper
1767 4678 1863 4732 ευ.
1889 4630 1947 4693 D
1972 4653 2335 4727 meum(Psal.
2362 4654 2512 4725 XXX).
2536 4655 2602 4711 Εῑ
2625 4655 2742 4715 haec
2758 4655 2961 4723 dicens,
2984 4659 3164 4713 statim
3187 4674 3214 4712 3
3238 4630 3563 4729 spiculatore

272 4756 539 4814 bernasti.
572 4755 910 4823 Quaesumus,
943 4754 1194 4821 Domine,
1224 4763 1281 4809 ut
1298 4752 1536 4822 digneris
1561 4753 1718 4809 nobis
1739 4769 1864 4810 san-

272 4859 387 4907 ctos
410 4857 539 4905 tuos
566 4846 786 4917 angelos
808 4845 1301 4917 transmittere,qu
1326 4859 1425 4899 nos
1448 4845 1676 4901 liberent
1696 4855 1749 4900 et
1771 4846 1866 4901 de-

274 4942 504 4997 fendant
529 4939 599 4994 ab
629 4938 1059 4995 adversariorum
1090 4944 1377 5007 potestate,
1405 4944 1460 4992 et
1507 4935 1737 4991 victores
1767 4950 1867 4991 nos

275 5048 337 5088 ac
368 5031 794 5102 triumphator-es
826 5046 921 5101 per
950 5037 1094 5085 tuam
1126 5028 1350 5099 gratiam
1402 5026 1684 5098 usquead
1715 5026 1868 5083 thro-

274 5141 401 5187 num
454 5134 565 5183 tuae
613 5123 912 5193 maiestatis
967 5121 1281 5190 perducant.
1309 5119 1414 5175 Sed
1454 5129 1508 5175 et
1539 5118 1685 5174 viros
1714 5118 1871 5189 hujus

276 5219 522 5290 regionis
550 5232 648 5273 seu
669 5216 900 5273 civitatis
930 5228 1187 5270 conserva
1215 5212 1268 5268 in
1294 5214 1485 5268 timore
1509 5220 1622 5276 tuo,
1654 5221 1874 5282 protege

278 5310 331 5366 in
355 5308 733 5366 misericordia
755 5314 870 5374 tua,
900 5305 1111 5367 cuStodi
1141 5305 1193 5359 in
1220 5305 1461 5369 bonitate
1489 5314 1601 5371 tua,
1633 5305 1873 5373 guberna

282 5405 587 5475 secundum
610 5403 940 5459 voluntatem
975 5411 1118 5459 tuam
1152 5416 1167 5452 :
1201 5399 1427 5454 benedic
1449 5399 1657 5469 pusillis
1686 5413 1871 5454 eorum

283 5513 403 5553 cum
438 5496 674 5569 magnis,
702 5505 862 5566 atque
893 5508 989 5564 pro
1022 5494 1225 5551 honore
1277 5507 1435 5562 quem
1466 5492 1622 5548 nobis
1659 5502 1874 5561 propter

283 5607 483 5648 nomen
512 5600 758 5647 sanctum
811 5600 961 5645 tuum
998 5587 1378 5656 exhibuerunt,
1439 5594 1766 5655 repraesenta
1794 5586 1875 5642 eis

288 5684 597 5742 mercedem
629 5683 683 5738 in
711 5682 1044 5740 beatitudine
1065 5682 1414 5751 sempiterna.
1443 5679 1641 5736 Tribue
1662 5694 1877 5751 quoque

282 5777 447 5833 nobis
473 5776 750 5843 ﬁduciam,
790 5785 846 5831 ut
872 5775 1295 5847 quotiescunque
1322 5773 1556 5830 divinant
1588 5783 1731 5829 tuam
1760 5788 1874 5829 nta-

284 5867 537 5942 iestatem
555 5869 980 5936 exoraverimus,
1010 5868 1309 5939 adimpleas
1350 5869 1634 5937 petitiones
1666 5876 1875 5924 nostras

1973 4759 2135 4821 caput
2161 4749 2279 4819 ejus
2305 4756 2631 4819 amputatur.
2663 4749 2928 4813 ﬂoccum
2958 4751 3153 4809 factum
3186 4754 3402 4826 fuisset,
3445 4770 3563 4811 cer-

1976 4858 2109 4899 nens
2133 4850 2349 4897 sanctus
2379 4840 2683 4913 Epictetus,
2713 4842 3106 4915 deditgloriam
3150 4847 3284 4904 Deo.
3309 4849 3379 4902 Et
3405 4846 3564 4918 proji-

1977 4940 2123 4994 ciens
2172 4952 2232 4993 se
2279 4952 2439 5007 super
2488 4939 2870 5008 corpusculum
2916 4940 3064 5012 ejus,
3108 4956 3302 5012 rogare
3343 4941 3565 5010 cmpita

1977 5029 2317 5086 carniﬁcibus
2350 5038 2407 5085 ut
2453 5030 2724 5100 quomodo
2748 5029 2954 5101 jaceret
2983 5047 3145 5101 super
3172 5032 3402 5089 cadaver
3440 5045 3565 5086 san-

1978 5121 2050 5178 cti
2071 5122 2344 5191 martyris,
2368 5119 2447 5177 sic
2472 5129 2526 5176 et
2554 5122 2727 5192 ipsum
2757 5132 3121 5193 percuterent.
3151 5122 3303 5189 Quod
3325 5137 3445 5177 cum
3476 5137 3565 5178 ex-

1978 5215 2177 5284 pletum
2208 5212 2413 5279 fuisset,
2448 5212 2717 5271 intuentes
2749 5217 2982 5271 universi
3012 5216 3101 5286 qui
3142 5217 3368 5269 aderant
3403 5214 3567 5271 Chri-

1978 5306 2137 5362 stiani
2172 5304 2368 5375 pariter
2396 5320 2459 5361 ac
2481 5308 2734 5376 gentiles,
2758 5308 2824 5364 de
2849 5308 2988 5363 bono
3010 5306 3267 5376 magistro
3294 5304 3565 5377 Epicteto,

1978 5414 2040 5454 ac
2062 5399 2127 5454 de
2158 5400 2388 5469 periecta
2418 5399 2661 5471 discipuli
2692 5399 3018 5465 obedientia,
3043 5412 3165 5453 cum
3188 5398 3439 5471 lacrymis
3454 5401 3565 5456 Deo

1982 5491 2180 5564 gratias
2211 5494 2529 5548 retulerunt.

2056 5589 2184 5644 CAP.
2202 5586 2317 5643 XX.
2333 5617 2400 5629 —-
2419 5586 2621 5642 Etdum
2647 5585 2723 5640 illi
2744 5584 2934 5640 darent
2955 5586 3065 5643 Deo
3078 5587 3303 5659 gloriam
3316 5600 3368 5643 et
3390 5589 3563 5644 hono-

1984 5696 2099 5738 rem
2126 5722 2139 5748 ,
2168 5696 2293 5735 ecce
2339 5680 2515 5735 subito
2567 5692 2795 5747 corpora
2842 5690 3151 5737 sanctorum
3192 5692 3484 5755 martyrum
3516 5684 3566 5740 in

1987 5774 2202 5830 modum
2233 5773 2369 5826 nivis
2396 5770 2507 5823 visa
2528 5778 2653 5824 sunt
2674 5771 2895 5829 candida
2920 5792 2933 5839 ;
2961 5784 3121 5846 atque
3152 5791 3260 5846 prae
3289 5777 3568 5832 nimietate

1986 5863 2303 5935 splendoris,
2338 5861 2490 5931 quasi
2518 5864 2648 5917 solis
2690 5868 2819 5921 radii
2850 5884 2969 5926 esse
2994 5870 3327 5926 videbantur.
3371 5870 3568 5931 Omnes
