4142 6350
626 352 735 411 407

1654 350 1742 407 DE
1781 351 1959 409 VITIS
1998 348 2289 408 PATRUM
2331 351 2530 410 LIBER
2574 352 2853 415 PRIMUS.

3800 368 3899 427 ωε

619 471 710 542 qui
736 485 767 526 a
791 483 1112 541 quacunque
1136 470 1445 527 infirmitate
1474 472 1677 529 delenti
1706 490 1826 530 esse
1853 474 2198 543 videbantur,
2227 472 2282 532 Α
2308 473 2424 542 ejus
2447 475 2695 534 dicebat:
2731 478 2842 547 Ego
2869 476 2914 533 si
2939 477 3085 534 illum
3116 494 3210 551 per
3242 489 3316 551 te,
3345 496 3382 539 ο
3403 480 3644 556 juvenis,
3687 502 3899 549 merear

615 566 798 622 statim
830 574 887 619 ut
912 566 1171 629 cadavera
1198 565 1437 636 ipsorum
1460 580 1523 620 ex
1552 567 1656 621 fide
1684 568 2086 636 contingebant,
2113 582 2211 622 seu

614 674 739 716 cum
773 659 1118 713 veneratione
1147 659 1619 728 deosculabantur,
1654 660 1909 716 continuo
1956 662 2210 717 universa

616 753 860 810 anxietas
887 767 983 807 seu
1015 752 1167 807 dolor
1189 752 1256 807 ab
1281 752 1360 808 eis
1393 752 1694 822 fugabalur.
1727 752 1879 809 Circa
1913 754 2043 810 solis
2077 769 2211 813 vero

616 859 867 901 occasum
898 844 1115 899 veniens
1152 842 1462 914 Vigilantius
1491 859 1610 900 cum
1638 847 1785 900 omni
1816 845 1976 902 domo
2020 861 2115 902 sua
2155 854 2212 903 et

615 952 742 994 cum
774 938 893 993 aliis
920 934 1265 1002 Christianis,
1300 937 1511 992 occulte
1568 937 1688 992 tulit
1740 953 1967 1008 corpora
1996 947 2211 995 sancto-

617 1046 737 1085 rum
763 1039 1087 1099 martyrum:
1122 1039 1175 1085 et
1197 1030 1520 1100 perfundens
1548 1045 1610 1086 ea
1634 1031 1851 1102 myrrha
1874 1041 1928 1087 et
1956 1033 2212 1089 aromati-

623 1123 725 1177 bus
753 1122 1179 1191 pretiosissimis,
1213 1124 1265 1176 in
1295 1123 1412 1179 loco
1438 1138 1675 1195 congruo
1705 1134 1756 1180 et
1788 1127 2062 1195 aptissimo
2086 1143 2210 1182 cum

626 1215 844 1288 hymnis
872 1224 925 1270 et
956 1216 1207 1287 psalmis,
1252 1224 1306 1270 et
1332 1231 1453 1271 cum
1488 1232 1677 1288 magna
1706 1217 1994 1274 devotione
2014 1220 2211 1284 sepeli-

617 1308 803 1365 vit..in
834 1324 940 1379 quo
972 1310 1091 1365 loco
1126 1310 1291 1364 multa
1325 1311 1473 1381 signa
1504 1321 1558 1367 et
1612 1313 1851 1383 prodigia
1897 1312 1963 1367 ad
1998 1314 2207 1370 laudent

616 1404 855 1460 nominis
886 1403 1085 1458 Christi
1111 1418 1280 1473 usque
1309 1405 1359 1458 iu
1408 1415 1731 1474 praesentem
1758 1405 1898 1461 diem
1931 1407 2209 1462 celebran-

619 1507 727 1553 tur.
757 1497 1113 1552 Latronianus
1141 1512 1271 1552 vero
1300 1499 1717 1565 superveniente
1757 1509 1913 1554 nocte
1943 1500 2211 1555 invaditur

616 1603 648 1643 a
678 1589 914 1658 pessimo
943 1587 1206 1652 daemone,
1241 1596 1295 1641 et
1324 1603 1550 1659 surgens
1581 1590 1757 1658 primo
1797 1590 2034 1646 diluculo
2062 1592 2212 1647 venit

614 1682 673 1736 in
696 1678 1025 1749 praetorium,
1058 1687 1219 1749 atque
1242 1679 1312 1733 ibi
1339 1680 1543 1749 positus
1574 1682 1739 1750 coepit
1772 1684 1995 1750 plurima
2021 1698 2209 1738 anien-

613 1772 711 1855 tiae
731 1772 1013 1840 inaniaque
1036 1771 1205 1826 verba
1230 1771 1508 1838 proferre;
1536 1772 1732 1828 deinde
1763 1788 1978 1845 arrepto
2007 1776 2203 1846 gladio,

2317 567 2475 623 hodie
2524 570 2726 635 videre,
2766 571 3077 628 indumenta
3101 589 3235 631 auro
3281 585 3424 633 texta
3473 590 3525 635 te
3571 581 3904 656 adaperiam,

2313 669 2473 728 atque
2519 662 2801 718 dimidium
2835 664 3093 721 bonorum
3141 684 3384 726 meorum
3418 673 3512 728 tibi
3564 676 3906 735 condonaho.

2314 754 2394 809 Ad
2426 756 2539 811 haec
2570 756 2888 827 Vigilantius
2915 760 3191 829 respondit
3218 779 3231 816 :
3258 764 3352 821 llle
3378 774 3504 822 ante
3527 769 3764 827 triduum
3787 773 3907 831 hinc

2313 863 2583 921 egressus,
2614 852 2665 907 in
2695 854 2969 922 regionem
3011 857 3306 914 ambulavit
3328 861 3703 934 longinquam,
3751 877 3911 939 atque

2313 941 2587 999 dimidium
2619 946 2932 1003 substantia
2983 961 3095 1004 sua:
3135 966 3238 1006 una
3268 967 3389 1009 cum
3428 954 3591 1010 domo
3622 959 3754 1014 mihi
3785 974 3908 1018 cum

2298 1035 2540 1106 quadam
2590 1038 2832 1093 chartula
2883 1043 3308 1112 commendavit,
3340 1046 3572 1104 dicens:
3624 1048 3681 1108 Si
3714 1052 3905 1123 aliquis

2311 1129 2545 1196 venerit,
2578 1129 2771 1187 missus
2802 1147 2829 1185 a
2856 1142 3011 1202 patre
3042 1150 3163 1191 meo
3190 1138 3256 1192 ad
3285 1142 3636 1208 quzereudum
3669 1160 3780 1214 me,
3824 1145 3909 1202 in-

2313 1220 2504 1276 troduc
2532 1237 2653 1276 eum
2688 1223 2741 1277 in
2769 1222 2907 1279 hanc
2933 1224 3312 1284 domunculam
3337 1246 3531 1299 meam,
3556 1244 3608 1289 et
3630 1234 3799 1292 dicito
3816 1239 3866 1294 ei
3891 1256 3908 1294 :
3932 1222 3945 1237 ’

2314 1310 2439 1365 ηενρ
2460 1311 2591 1366 dicit
2624 1314 2811 1370 Aslion
2845 1317 3138 1375 monachus
3166 1339 3179 1376 :
3211 1320 3427 1378 Sustine
3471 1339 3557 1380 me
3583 1326 3670 1381 hic
3699 1328 3908 1397 quoad-

2316 1416 2484 1472 usque
2529 1404 2744 1460 redeam
2778 1408 2843 1462 ad
2876 1417 2929 1464 te
2956 1426 3075 1465 eum
3113 1414 3304 1468 salute.
3339 1415 3494 1481 Quod
3525 1430 3579 1473 ct
3607 1420 3651 1475 si
3674 1421 3910 1478 volneris

2314 1495 2487 1551 haeres
2519 1513 2652 1555 mem
2673 1502 2985 1557 substantiae
3015 1520 3155 1569 esse,
3184 1508 3373 1563 festina
3398 1510 3649 1568 universa
3675 1515 3761 1569 illa
3788 1530 3911 1585 quae

2314 1588 2366 1643 in
2400 1590 2500 1646 hoc
2531 1591 2666 1648 libro
2694 1597 2890 1665 scripta
2921 1608 3048 1652 sunt
3091 1600 3407 1670 adimplere,
3443 1614 3497 1658 et
3541 1615 3657 1660 esto
3683 1608 3915 1666 feliciter

2313 1681 2443 1736 nihil
2474 1683 2743 1741 dubitans.
2780 1686 2844 1742 Et
2870 1700 3047 1745 mater
3083 1707 3095 1745 :
3126 1692 3256 1759 Quae
3299 1693 3515 1760 dicitur,
3546 1696 3735 1767 inquit,
3762 1700 3914 1772 regio

2314 1773 2421 1841 illa,
2446 1790 2552 1845 quo
2575 1780 2813 1847 porrexit
2842 1780 3185 1840 dulcissimus
3216 1800 3367 1842 meus
3386 1797 3440 1843 et
3470 1789 3659 1846 unicus
3678 1792 3913 1859 Astion!

614 1864 831 1934 priores
856 1878 1095 1934 quosque
1122 1864 1188 1919 de
1217 1863 1401 1920 officio
1430 1880 1528 1920 suo
1560 1867 1766 1937 insequi
1796 1879 1851 1924 et
1880 1870 2200 1942 vulnerare;
2237 1867 2285 1927 B
2316 1868 2628 1938 Vigilanlius
2671 1874 2945 1942 respondit
2973 1892 2988 1929 :
3024 1876 3188 1947 Regio
3238 1879 3601 1948 robustorum,
3655 1898 3751 1940 seu
3798 1886 3918 1941 for-

615 1970 782 2024 super
811 1956 948 2010 alios
976 1970 1105 2010 vero
1132 1964 1192 2010 ut
1214 1956 1363 2012 canis
1386 1957 1601 2013 rabidus
1634 1962 1872 2024 insnlire,
1904 1973 2062 2030 atque
2086 1962 2211 2017 alio-

612 2062 737 2104 rum
781 2048 1088 2103 indumenta
1119 2047 1409 2114 dilanians,
1455 2048 1558 2105 huc
1607 2052 1837 2120 illucque
1884 2052 2204 2111 discurrere.

612 2138 732 2195 Hoc
768 2140 845 2195 iHi
875 2139 1146 2196 intuentes
1175 2147 1231 2195 et
1270 2140 1537 2207 videntes,
1573 2146 1698 2211 quia
1740 2158 1928 2201 amens
1956 2156 2009 2202 et
2053 2147 2209 2202 insa-

614 2247 719 2289 nus
748 2235 1036 2302 exstiterit,
1066 2235 1432 2306 despoliantes
1466 2241 1638 2307 illum,
1670 2246 1859 2311 pugnis
1881 2257 1942 2298 ac
1972 2245 2209 2301 verberi-

612 2325 717 2383 bus
740 2338 979 2386 mactare
1005 2329 1217 2387 fortiter
1238 2345 1540 2403 coeperunt,
1570 2349 1633 2391 ac
1663 2336 1859 2393 deinde
1893 2340 2068 2409 ligatis
2092 2340 2207 2410 ejus

608 2421 863 2479 manibus
886 2436 949 2479 ac
977 2424 1202 2494 pedibus
1233 2426 1285 2480 in
1319 2428 1639 2497 parvissimo
1664 2430 1937 2486 domicilio
1964 2433 2204 2503 proiece-

610 2524 757 2572 runt.
791 2517 890 2584 Qui
918 2527 1041 2588 post
1079 2519 1300 2575 biduum
1330 2522 1622 2579 suffocatus
1652 2538 1680 2577 a
1705 2525 1973 2592 daemone,
2002 2528 2206 2583 violen-

610 2614 699 2664 ter
721 2609 967 2678 spiritum
996 2609 1284 2667 exhalavit.

685 2700 815 2756 Car.
866 2701 1010 2757 XXI.
1062 2733 1132 2743 —
1181 2704 1346 2773 Igitur
1394 2720 1514 2761 cum
1559 2707 1676 2763 dies
1728 2710 1878 2763 tertia
1934 2710 2205 2779 passionis

611 2801 926 2849 sanctorum
954 2806 1253 2867 martyrum
1280 2797 1559 2865 illuxisset,
1589 2812 1643 2856 et
1679 2800 1997 2872 \‘igilantius
2021 2805 2086 2858 ad
2116 2818 2202 2860 se-

612 2884 857 2953 pulcrum
904 2901 1095 2942 eorum
1128 2890 1393 2946 orationis
1439 2892 1611 2962 gratia
1655 2888 1984 2964 ilevcnisset,
2026 2898 2204 2955 subito

608 2977 930 3046 apparuitei
962 2978 1148 3035 beatus
1191 2981 1398 3050 AStion,
1431 2993 1483 3039 et
1522 2984 1651 3041 dicit
1683 2987 1750 3041 ad
1779 3002 1899 3043 eum
1932 3006 1944 3042 :
1978 2990 2203 3047 Genito-

608 3080 700 3121 res
746 3067 852 3122 mei
894 3067 961 3122 ad
1002 3071 1351 3139 quaerendum
1385 3087 1470 3129 me
1498 3075 1567 3131 de
1612 3078 1781 3144 patria
1812 3090 1996 3136 nostra
2043 3080 2205 3138 hodie

608 3157 719 3215 huc
761 3169 887 3215 sunt
931 3163 1165 3217 venturi.
1202 3163 1352 3235 Rogo
1382 3165 1542 3237 igitur
1575 3178 1645 3228 te.
1672 3170 1839 3227 frater
1863 3174 2199 3242 charissime,

2316 1962 2443 2017 tium
2494 1962 2751 2021 virorum.
2786 1967 2853 2021 Et
2883 1978 3054 2024 mater
3089 1986 3100 2024 :
3136 1957 3277 2035 Sunt
3320 1973 3484 2041 aliqui
3516 1974 3762 2032 homines
3806 1978 3917 2033 ibi-

2312 2054 2434 2111 dem
2465 2060 2907 2115 commanentes?
2942 2060 3258 2133 Vigilantius
3288 2067 3566 2134 respondit
3592 2085 3604 2123 :
3640 2068 3827 2125 Plures
3855 2080 3916 2128 et

2311 2147 2466 2203 valde
2510 2149 2717 2207 nobiles
2746 2152 3035 2222 habentur,
3067 2170 3294 2226 quorum
3330 2161 3600 2228 possessio
3628 2163 3913 2231 paradisus

2309 2240 2545 2307 dicitur;
2593 2259 2819 2312 quorum
2867 2247 3213 2304 tabernacula
3268 2264 3332 2306 ex
3366 2252 3566 2309 lumine
3610 2266 3734 2311 sunt
3771 2271 3914 2312 con-

2308 2343 2545 2401 structa;
2596 2353 2821 2407 quorum
2853 2340 2960 2395 vita
2996 2341 3135 2398 Deus
3180 2353 3286 2408 est,
3320 2355 3377 2401 et
3421 2350 3760 2403 conversatio
3806 2350 3916 2405 iiu-

2310 2428 2554 2483 mortalis
2601 2430 2818 2497 existit;
2867 2447 3094 2503 quorum
3124 2447 3304 2493 vestes
3358 2440 3616 2510 sanguine
3663 2450 3785 2496 sunt
3815 2458 3917 2498 re-

2309 2534 2545 2590 spersae,
2582 2532 2635 2578 et
2662 2524 2713 2578 iu
2745 2524 2922 2595 capite
2947 2542 3164 2585 coronae
3191 2545 3258 2586 ex
3303 2545 3436 2588 auro
3464 2534 3751 2604 purissimo
3780 2551 3917 2593 cum

2311 2612 2538 2679 gemmis
2561 2613 2725 2669 variis
2748 2612 3020 2672 fabricatae
3043 2618 3329 2676 habentur.
3348 2621 3451 2678 Sed
3474 2634 3525 2678 et
3547 2624 3657 2679 Rex
3680 2626 3917 2684 nimium

2311 2703 2713 2773 potentissimus
2741 2722 2805 2764 ac
2851 2713 3172 2769 metuendus
3218 2724 3304 2770 est
3341 2715 3395 2770 in
3427 2717 3616 2773 eadem
3643 2719 3915 2789 regione,

2309 2797 2463 2869 cujus
2480 2815 2672 2856 nomen
2690 2801 2829 2857 Deus
2845 2802 3067 2860 deorum
3085 2806 3406 2876 etjDominus
3421 2808 3803 2866 dominantium
3823 2827 3919 2885 ap-

2311 2890 2570 2958 pellatur;
2591 2890 2746 2963 cujus
2765 2894 3130 2965 nuntiiangeli
3148 2896 3398 2953 dicuntur
3412 2899 3656 2969 justiiize,
3674 2918 3916 2972 quorum

2308 2979 2474 3037 vestis
2486 2997 2589 3036 una
2601 2993 2684 3038 est
2698 2985 2965 3051 omnibus,
2984 2997 3039 3042 et
3056 2997 3232 3046 tactus
3243 3003 3431 3047 eorum
3450 2991 3556 3062 igni
3577 2995 3918 3054 assimilatur

2309 3072 2506 3127 urenti.
2539 3072 2646 3129 Sed
2673 3083 2728 3131 et
2756 3086 2978 3132 senatus
3024 3078 3184 3150 hujus
3238 3080 3575 3152 imperatoris
3604 3086 3757 3142 valde
3796 3089 3921 3146 cla-

2308 3178 2401 3219 rus
2432 3164 2689 3232 habetur;
2736 3177 2792 3224 et
2832 3170 3008 3226 media
3035 3187 3165 3241 pars
3210 3174 3487 3244 prophetae
3529 3189 3915 3248 nuncupatur,

607 3248 806 3308 festina
835 3252 1161 3310 descendere
1203 3255 1270 3313 ad
1303 3268 1537 3328 ροηυω,
1571 3272 1625 3316 ei
1654 3265 1866 3334 suscipe
1900 3269 2077 3323 cos'in
2106 3270 2199 3324 (ιο.
2234 3247 2285 3314 C
2313 3256 2405 3311 alii
2436 3272 2565 3312 vero
2591 3260 2816 3328 apostoli
2846 3262 3283 3330 pronuntiantur.
3312 3266 3419 3321 Sed
3448 3276 3504 3323 et
3531 3268 3720 3324 civitas
3745 3269 3917 3329 istius

607 3360 760 3402 mum
788 3355 956 3417 tuam,
984 3360 1147 3421 atque
1178 3369 1273 3423 per
1298 3357 1479 3411 omnia
1511 3360 1794 3416 consolare
1823 3377 1938 3429 eos,
1966 3378 2032 3418 eo
2061 3366 2202 3435 quod

607 3450 831 3510 propter
855 3459 942 3499 me
970 3447 1144 3502 valida
1170 3458 1297 3503 sunt
1339 3450 1555 3508 tristitia
1607 3458 1898 3521 macerati;
1930 3459 2025 3514 sed
2056 3469 2111 3514 et
2152 3462 2206 3516 in

608 3542 889 3601 postremo
919 3535 987 3591 de
1016 3538 1307 3596 Salvatoris
1335 3545 1505 3599 nostri
1534 3544 1636 3600 fide
1661 3556 1821 3616 atque
1840 3548 2073 3605 diversis
2094 3564 2205 3605 ma-

610 3623 858 3693 gnalibus
887 3625 1053 3683 facias
1074 3643 1168 3685 eos
1197 3647 1438 3692 monere.
1474 3637 1597 3694 Hrec
1623 3649 1678 3694 et
1708 3642 1856 3707 plura
1888 3643 2078 3699 horum
2110 3660 2204 3701 au-

608 3714 768 3774 diens
794 3717 1140 3790 Vigilantius,
1168 3724 1317 3781 dedit
1341 3727 1567 3798 gloriam
1590 3730 1719 3800 Deo,
1769 3742 1825 3789 et
1867 3738 2049 3793 statim
2080 3754 2201 3795 cum

609 3806 961 3867 festinatione
988 3811 1057 3868 ad
1086 3815 1304 3871 ﬂuvium
1337 3818 1633 3876 descendit.
1665 3826 1731 3880 Et
1763 3842 1910 3895 ecce,
1936 3829 2078 3886 circa
2108 3834 2205 3889 bo-

607 3915 725 3956 ram
755 3904 979 3973 itertiam
1004 3910 1177 3964 cernit
1217 3912 1520 3970 naviculam
1568 3932 1790 3986 parvam
1823 3921 2004 3978 subito
2031 3924 2203 3993 appli-

606 3993 788 4050 cuisse
835 3997 902 4051 ad
947 4008 1180 4067 portum.
1210 4003 1449 4073 Cumque
1475 4011 1676 4076 egressi
1708 4011 1776 4066 de
1821 4014 1942 4067 navi
1974 4015 2203 4084 epibataa

608 4084 730 4153 (10)
754 4085 999 4155 fuissent,
1031 4106 1314 4163 coeperunt
1340 4113 1371 4152 a
1392 4105 1867 4160 clreumstantibus
1896 4107 2095 4163 ibidem
2120 4110 2202 4166 vi-

608 4176 690 4233 ris
713 4179 943 4237 sollicite
996 4185 1291 4256 inquirere,
1343 4191 1387 4243 si
1432 4192 1627 4261 aliquis
1677 4210 1863 4251 eorum
1913 4198 2201 4269 aliquando

607 4269 849 4327 audisset
876 4272 1096 4339 ibidem,
1122 4287 1213 4333 aut
1244 4278 1466 4337 vidisset
1485 4281 1760 4351 juvenem.
1791 4287 1980 4345 Astion
2002 4307 2201 4352 nomen

605 4363 919 4424 habentem.
952 4369 1193 4442 Cumque
1234 4375 1386 4429 multi
1420 4377 1583 4431 multa
1612 4379 1679 4434 de
1706 4394 1773 4436 eo
1810 4382 2070 4452 dicerent,
2108 4387 2201 4443 Vi-

607 4457 863 4529 gilantius
892 4465 1226 4532 supervenit,
1257 4474 1311 4521 et
1340 4467 1473 4521 dixit
1501 4486 1512 4521 :
1546 4468 1660 4539 Ego
1689 4487 1813 4528 vere
1851 4475 1956 4531 vidi
1979 4484 2036 4533 et
2074 4480 2200 4536 novi

604 4563 754 4605 eum.
786 4551 891 4608 Sed
925 4555 1139 4611 interim
1174 4559 1349 4615 venite
1380 4561 1435 4615 in
1483 4562 1700 4619 domum
1745 4581 1943 4635 meam,
1966 4578 2020 4625 et
2049 4573 2202 4642 quie-

2313 3348 2477 3421 Iiegis
2507 3350 2661 3407 valde
2687 3361 2771 3409 est
2815 3356 3105 3426 praeclara,
3137 3373 3444 3430 nomenque
3470 3360 3587 3431 ejus
3608 3361 3917 3421 Christico-

2310 3441 2376 3499 lis
2406 3445 2778 3513 pronuntiatur
2802 3447 2957 3518 cujus
2996 3464 3178 3506 murus
3207 3467 3271 3507 ex
3302 3467 3435 3508 auro
3476 3455 3767 3524 purissimo
3821 3468 3917 3515 est

2309 3547 2671 3609 constructus,
2704 3540 2907 3599 habens
2937 3552 3119 3613 portas
3146 3544 3429 3602 duodecim
3456 3559 3509 3602 et
3542 3549 3593 3603 in
3627 3550 3757 3619 ipsis
3790 3552 3917 3607 sin-

2310 3630 2447 3699 gula:
2475 3631 2782 3701 dependent
2808 3636 3131 3706 margaritas,
3181 3644 3341 3708 atque
3365 3640 3560 3710 singuli
3588 3656 3653 3697 ex
3680 3653 3915 3699 senato-

2308 3720 2460 3777 ribus
2490 3738 2586 3793 per
2632 3724 2869 3796 singulas
2918 3727 3109 3784 sedent
3137 3729 3504 3789 indesinenter
3531 3735 3717 3803 (Apoc.
3763 3736 3911 3807 xxi).

2310 3812 2378 3868 Et
2405 3814 2574 3884 prima
2604 3818 2817 3887 quidem
2850 3829 3004 3890 porta
3035 3820 3231 3877 dicitur
3260 3823 3436 3892 Petri,
3467 3827 3702 3883 secunda
3726 3828 3912 3898 Pauli,

2308 3908 2463 3963 tertia
2493 3909 2744 3975 Andreae,
2775 3920 2964 3980 quarta
2992 3912 3236 3984 Joannis,
3268 3916 3453 3987 quinta
3482 3918 3702 3990 Jacobi,
3750 3932 3913 3981 sexta

2308 3999 2563 4069 Philippi,
2586 4002 2810 4070 septima
2840 4004 3240 4076 Bartholomaei,
3271 4018 3457 4065 octava
3489 4011 3735 4081 Thomtc,
3763 4030 3913 4076 nona

2279 4081 2568 4155 'Matthaei,
2613 4088 2821 4145 decima
2851 4090 3095 4159 Thadaei,
3151 4096 3433 4153 undecima
3464 4099 3725 4168 Simonis,
3769 4103 3915 4160 duo-

2306 4178 2515 4235 decima
2543 4180 2799 4239 Matthire.
2826 4184 2931 4240 Sed
2962 4196 3017 4242 et
3038 4190 3296 4259 templum
3321 4192 3601 4249 mirificum
3630 4205 3716 4251 est
3742 4196 3907 4267 inea,

2306 4270 2510 4330 habens
2527 4274 2721 4332 Sancta
2738 4290 3045 4334 sanctorum
3075 4290 3130 4335 et
3158 4282 3328 4339 altare
3340 4299 3559 4341 aureum
3577 4302 3591 4351 ;
3608 4295 3733 4343 ante
3747 4288 3910 4359 cujus

2306 4376 2654 4439 conspectum
2686 4370 2769 4426 vir
2787 4372 3005 4442 quidam
3030 4383 3170 4430 astat
3199 4377 3477 4446 mirificus,
3500 4387 3692 4437 tenens
3708 4381 3908 4440 decem

2304 4461 2627 4517 chordarum
2645 4464 2984 4533 psalterium,
3009 4483 3073 4523 ac
3092 4468 3292 4539 jugiter
3322 4470 3521 4527 ibidem
3544 4473 3805 4543 degentes
3832 4477 3907 4531 ad

2304 4555 2517 4612 laudem
2540 4556 2700 4626 Regis
2724 4556 2864 4613 illius
2877 4559 3209 4628 cohortatur,
3223 4563 3438 4620 dicens:
3463 4565 3698 4623 Laudale
3715 4566 3911 4625 Domi-

604 4643 741 4698 scije
769 4647 931 4716 220
961 4649 1235 4718 pusillum,
1283 4667 1349 4707 eo
1379 4656 1520 4723 quod
1550 4658 1708 4714 valde
1748 4659 1950 4733 fatigati
1979 4668 2109 4721 esus
2141 4666 2196 4722 in
2225 4645 2279 4709 D
2304 4663 2429 4703 num
2451 4649 2518 4705 de
2540 4650 2713 4719 caelis,
2743 4651 2956 4710 laudate
2969 4670 3090 4711 eum
3105 4671 3291 4713 omnes
3306 4660 3480 4731 angeli
3499 4661 3650 4731 ejus,
3677 4662 3906 4721 laudate

603 4733 749 4801 navi,
782 4746 836 4791 et
865 4742 1228 4811 postmodum,
1258 4746 1302 4799 si
1333 4747 1514 4816 vultis,
1551 4766 1651 4821 ego
1682 4768 1777 4808 vos
1802 4755 1869 4810 ad
1902 4772 2046 4824 eum,
2071 4775 2192 4815 cum

605 4837 967 4910 opportunum
1016 4833 1194 4902 fuerit,
1246 4838 1365 4893 sine
1393 4841 1569 4911 aliqua
1602 4859 1747 4899 mora
1782 4849 2091 4923 perducam.
2124 4854 2194 4908 At

516 4918 523 4927 '
602 4919 682 4976 illi
702 4924 1041 4991 procidentes
1053 4927 1119 4981 ad
1145 4942 1318 4999 genua
1335 4933 1453 5001 ejus
1468 4948 1743 5005 coeperunt
1760 4918 1970 4997 fortiter
1983 4945 2191 5013 plantas

601 5012 722 5086 ejus
738 5017 1453 5089 constringere,osculantes
1478 5036 1635 5098 atque
1657 5012 2025 5100 obsecrantes,
2059 5048 2115 5092 ut
2144 5040 2189 5094 si

599 5109 856 5179 possibile
868 5112 968 5168 sibi
982 5123 1145 5183 esset,
1162 5124 1448 5188 antequam
1467 5122 1643 5178 cibum
1656 5131 2191 5199 caperent,perduce-

595 5212 718 5258 rent
735 5218 829 5261 eos
857 5206 922 5261 ad
953 5205 1121 5263 illum.
1145 5209 1210 5263 Et
1238 5209 1557 5280 Vigilantius
1577 5216 1643 5270 ad
1670 5216 1813 5274 hmc:
1845 5220 2025 5277 Facite
2042 5225 2191 5292 prius

590 5298 643 5350 in
660 5299 815 5353 terim
835 5314 954 5369 quae
981 5317 1134 5373 rogo,
1161 5313 1291 5360 utet
1318 5319 1419 5375 ego
1440 5318 1671 5363 vestram
1694 5312 2001 5380 petitionem
2030 5325 2192 5387 alque

586 5388 935 5447 voluntatem
960 5395 1233 5465 impleam.
1258 5396 1503 5469 Cumque
1528 5402 1743 5456 domum
1775 5403 1940 5472 ipsius
1962 5406 2187 5476 ingressi

586 5480 847 5551 fuissent,
900 5496 957 5541 et
985 5489 1050 5543 ad
1103 5506 1343 5548 mensam
1372 5495 1781 5565 consedissent,
1815 5498 1976 5569 coepit
2016 5511 2189 5557 mater

593 5575 768 5630 sancti
797 5570 1033 5636 Astioi'iis
1054 5584 1121 5639 ad
1155 5582 1493 5657 Vigilantiam
1525 5590 1701 5646 taliter
1724 5589 1905 5647 dicere
1933 5611 1945 5646 :
1977 5593 2033 5651 Si
2057 5594 2188 5651 mihi

592 5666 773 5725 locum
802 5670 1276 5747 demonstraveris,
1309 5698 1340 5735 υ
1366 5683 1679 5740 dulcissime
1701 5684 1883 5752 frater,
1934 5686 2021 5741 ubi
2050 5704 2187 5743 nunc

593 5774 749 5817 meus
778 5760 971 5817 unicus
1013 5765 1324 5826 demoratur
1352 5776 1562 5842 Astion,
1594 5775 1753 5833 hodie
1796 5790 2049 5833 coronam
2092 5793 2187 5833 au-

591 5865 742 5912 ream
766 5855 928 5924 capiti
961 5866 1047 5914 tuo
1083 5859 1373 5930 imponam.
1419 5867 1675 5926 Similiter
1703 5884 1917 5945 quoque
1952 5880 2005 5928 et
2033 5880 2187 5941 pater

2299 4755 2421 4796 eum
2443 4756 2632 4797 omnes
2651 4744 2876 4800 virtutes
2899 4745 3017 4815 ejus
3050 4746 3221 4819 (Psal.
3239 4750 3488 4821 CXLVIII).
3518 4753 3684 4823 llujus
3712 4755 3908 4826 itaque

2299 4836 2697 4904 nomen,l)avid
2712 4836 3003 4897 filiusJesse
3015 4845 3587 4912 pronuntiatur.Sedet
3601 4850 3792 4919 plateae
3806 4851 3909 4907 hu.

2292 4928 2380 4999 jus
2398 4930 2697 4987 civitatisex
2718 4946 2850 4989 auro
2868 4936 3156 5003 purissimo
3173 4949 3298 4995 sunt
3314 4943 3679 5013 stratae,cujus
3696 4942 3908 5003 ﬂuvius

2297 5021 2465 5077 vitam
2488 5031 2748 5079 aeternam
2779 5038 3011 5094 emanat,
3038 5030 3191 5101 cujus
3230 5033 3491 5101 pomifera
3523 5050 3617 5105 per
3643 5037 3902 5107 singulos

2299 5130 2514 5171 menses
2548 5116 2778 5174 reddunt
2808 5120 3009 5178 fructus
3037 5139 3187 5190 suos,
3217 5134 3271 5181 et
3298 5126 3425 5183 folia
3454 5143 3640 5185 eorum
3673 5132 3742 5187 ad
3772 5147 3907 5190 me-

2297 5207 2659 5265 dicamentum
2692 5216 2989 5281 procedunt
3032 5218 3367 5287 animarum;
3402 5225 3553 5292 cujus
3584 5222 3767 5280 lumen
3810 5224 3907 5281 in-

2295 5300 2600 5358 enarrabile
2622 5311 2725 5368 est,
2744 5312 2798 5359 et
2820 5314 2986 5375 porta:
3007 5322 3278 5381 nunquam
3301 5312 3645 5382 clauduntur,
3659 5331 3726 5372 eo
3748 5319 3906 5388 quod

2294 5405 2564 5459 nunquam
2598 5392 2668 5448 ibi
2698 5409 2803 5449 nox
2849 5398 2975 5465 erit,
3010 5414 3108 5455 nec
3141 5402 3264 5457 ulla:
3311 5405 3547 5463 tenebrae
3599 5406 3904 5483 habentur,

2297 5481 2390 5537 sed
2421 5496 2634 5552 semper
2658 5486 2909 5553 gaudium
2937 5498 2992 5545 et
3021 5501 3275 5561 perpetua
3312 5496 3495 5551 laetitia
3519 5497 3717 5555 ibidem
3742 5481 3905 5572 jugié

2298 5582 2381 5630 ter
2408 5585 2797 5633 commoratur.
2831 5580 2900 5634 Et
2944 5582 3137 5639 mulier
3166 5584 3233 5640 ad
3289 5585 3406 5643 haec
3452 5591 3778 5659 respondit:
3822 5592 3907 5652 Et

2297 5683 2404 5722 non
2429 5668 2763 5739 intellexisti,
2786 5671 3100 5731 charissime
3122 5675 3304 5745 frater,
3338 5696 3368 5734 a
3395 5695 3503 5751 quo
3528 5694 3753 5741 vocatus
3776 5685 3904 5745 illic

2295 5772 2448 5814 meus
2495 5757 2682 5817 Astion
2712 5765 2975 5835 perrexit,
3004 5782 3073 5825 ne
3098 5768 3152 5824 in
3195 5770 3371 5843 aliqua
3398 5774 3555 5845 culpa
3583 5775 3906 5847 deprehen-

2295 5873 2387 5915 sus
2411 5860 2500 5929 sit,
2532 5863 2617 5920 vel
2643 5878 2712 5921 ne
2734 5867 2998 5953 quispiam
3027 5884 3095 5928 ex
3126 5873 3413 5935 comitibus
3441 5885 3532 5936 aut
3553 5892 3587 5936 e
3613 5881 3903 5940 soanori—
