4142 6350
283 364 392 422 ιοθ

776 363 934 420 VITA
972 360 1390 426 SANCTORUM
1431 367 1746 425 EPICTET!
1785 365 2226 428 PRESBYTERI
2263 370 2352 430 ET
2390 371 2700 431 ASTIONIS
2739 371 3075 430 MONACHI.

3462 377 3567 435 “0

283 482 384 540 bus
414 482 502 551 qui
531 480 643 536 illic
666 480 1014 538 demorentur
1035 501 1155 539 eum
1179 485 1518 547 convocavit,
1551 493 1603 539 et
1625 485 1724 539 sibi
1752 485 1860 538 for-
1894 482 1946 542 Α
1971 483 2198 551 nientes,
2233 485 2663 555 praedicaverunt
2695 503 2818 544 eum
2866 501 2987 543 esse
3018 496 3333 556 venturum,
3362 502 3420 546 et
3457 506 3568 549 non

278 579 422 632 sitan
469 589 579 644 pra:
626 577 789 629 nimia
840 578 1236 644 pulchritudine
1284 581 1402 647 ejus
1457 581 1506 633 in
1533 577 1695 633 filium
1749 592 1868 632 eum

279 669 590 736 adeptavit?
621 668 686 722 Et
735 669 1090 738 Vigilantins:
1123 672 1205 726 Ab
1237 672 1370 740 ipso,
1405 672 1598 742 inquit,
1631 672 1872 740 principe

281 763 520 833 regionis
550 762 696 816 iliius
724 777 846 816 curn
873 764 1040 818 multo
1071 763 1274 818 honore
1302 771 1357 819 et
1381 764 1642 819 comitatu
1670 765 1871 820 ibidem

277 866 506 912 vocatus
536 856 789 925 perrexit.
823 856 933 926 Ego
958 855 1222 925 siquidem
1255 865 1378 912 tunc
1405 857 1677 912 ministros
1725 858 1870 928 ipsos

281 948 471 1004 videre
498 964 602 1002 non
631 947 810 1016 potui;
841 959 1080 1004 attamen
1110 950 1250 1005 sicut
1273 951 1386 1019 ipse
1415 951 1543 1004 mihi
1577 952 1866 1020 referebat,

279 1041 437 1096 valde
469 1041 829 1112 pulcherrimo
877 1058 939 1098 ac
987 1043 1271 1113 Splendido
1312 1044 1459 1099 vultu
1512 1044 1865 1110 habebantur,

277 1145 528 1206 gerentes
556 1151 717 1191 aurea
770 1152 916 1191 arma
964 1148 1018 1192 et
1047 1137 1388 1210 hyacinthina
1422 1137 1750 1194 indumenta.
1806 1141 1870 1196 Et

278 1231 403 1298 quia
437 1230 486 1283 in
532 1229 633 1284 hac
685 1242 863 1286 nostra
911 1232 1129 1302 regione
1169 1232 1398 1288 fideliter
1443 1249 1505 1288 ex
1550 1245 1659 1288 toto
1689 1235 1870 1289 animo

277 1338 404 1392 qua:
431 1323 526 1377 sibi
556 1323 622 1377 ab
653 1324 744 1378 illo
775 1323 1007 1394 injuncta
1047 1324 1254 1380 fuerant
1283 1325 1625 1395 adimplevit,
1675 1327 1771 1381 hac
1801 1327 1872 1382 de

280 1430 442 1470 causa
475 1432 595 1471 eum
648 1418 773 1472 illuc
801 1433 898 1488 per
943 1433 1068 1474 suos
1100 1420 1375 1476 ministros
1418 1419 1628 1476 dicebat
1676 1422 1872 1476 vocita-

280 1515 394 1560 tum
427 1507 613 1575 fuisse,
645 1518 701 1564 ut
729 1511 1082 1580 principatum
1115 1512 1162 1566 ei
1188 1512 1457 1579 videlicet,
1479 1527 1641 1582 super
1683 1513 1871 1569 decem

279 1599 549 1666 civitates,
586 1601 936 1658 condonaret.
975 1603 1038 1657 Et
1067 1613 1276 1661 mater:
1302 1605 1704 1675 Pntasigiturin
1729 1616 1871 1660 tanta

274 1694 452 1764 gloria
485 1711 623 1750 nunc
674 1695 870 1752 ibidem
902 1698 1107 1766 positus
1140 1698 1299 1754 habet
1326 1700 1639 1754 memoriam
1671 1699 1872 1754 nosni?

275 1785 354 1842 Et
383 1786 694 1856 Vigilantius
721 1790 844 1844 :llle
869 1791 1082 1858 quidem
1106 1792 1422 1847 memoriam
1453 1792 1616 1847 vestri
1643 1793 1870 1846 nimium

1975 587 2098 630 sunt
2128 580 2362 648 recepti;
2395 580 2480 634 vel
2510 581 2780 647 quomodo
2807 580 3064 636 Dominus
3095 581 3236 638 Deus
3266 591 3451 640 noster
3476 585 3557 642 Je-

1974 685 2066 725 sus
2097 672 2366 737 Christus,
2403 689 2490 743 qut
2525 684 2608 729 est
2639 674 2828 728 unicus
2861 674 3059 740 Patris,
3093 673 3329 730 Verbum
3361 691 3423 732 ae
3463 678 3574 734 Sa-

1977 765 2196 834 pientia,
2244 764 2412 820 virtus
2461 765 2668 821 scilicet
2695 781 2758 821 ac
2788 766 3044 835 splendor
3072 766 3278 836 gloriae,
3325 768 3570 838 dignatus

1974 856 2046 910 sit
2071 857 2122 911 in
2155 857 2466 912 novissimis
2515 857 2737 922 diebus,
2767 858 2832 912 de
2865 857 3069 927 Spiritu
3099 867 3286 913 sancto
3314 868 3368 914 et
3410 860 3573 918 Maria

1976 963 2191 1017 semper
2221 951 2429 1019 virgine
2473 950 2526 1004 in
2578 950 2778 1004 mundo
2826 950 3000 1014 nasci;
3057 961 3109 1005 et
3156 953 3424 1022 quomodo
3456 954 3574 1010 illos

1974 1042 2061 1112 qui
2095 1043 2262 1098 secuti
2291 1052 2418 1096 sunt
2462 1058 2610 1108 enm,
2661 1043 2950 1112 discipulos
2994 1058 3120 1099 suos
3154 1044 3278 1099 fecit
3322 1059 3467 1110 esse,
3520 1056 3574 1102 et

1976 1134 2196 1189 mittens
2224 1149 2318 1189 eos
2360 1137 2424 1189 ad
2472 1133 2869 1203 prmdicandum
2906 1135 3124 1190 verbum
3176 1136 3361 1190 salutis
3401 1135 3573 1205 genti-

1974 1229 2095 1295 bus,
2127 1229 2384 1298 apostolis
2412 1229 2733 1299 imposuerit
2763 1244 2994 1296 nomen;
3027 1230 3122 1285 sed
3151 1239 3204 1285 et
3233 1229 3374 1298 quod
3425 1233 3573 1301 regni

1973 1323 2052 1378 sui
2104 1323 2386 1392 participes
2428 1338 2522 1378 eos
2564 1323 2834 1390 eﬂ'ecerit,
2864 1327 2955 1393 qui
3011 1323 3170 1392 hujus
3199 1324 3386 1378 sateuli
3428 1340 3563 1380 con-

1976 1421 2286 1488 tempserint
2319 1420 2626 1483 vanitatem,
2647 1429 2701 1474 et
2727 1420 2898 1488 ipsum
2930 1419 3102 1473 solum
3131 1433 3294 1489 super
3321 1433 3562 1474 amorem

1976 1515 2396 1584 propinquorum
2419 1515 2722 1584 diligerent.
2756 1513 2996 1584 Cumque
3018 1517 3136 1571 haec
3163 1523 3220 1569 et
3247 1514 3438 1569 horum
3455 1528 3572 1570 am-

1978 1606 2146 1674 pliora
2195 1607 2471 1676 sapienter
2500 1607 2578 1661 eis
2625 1605 2938 1674 Vigilantius
2969 1606 3340 1672 disseruisset,
3372 1606 3568 1662 iterum

1975 1709 2237 1753 venerunt
2268 1701 2321 1754 in
2349 1700 2523 1754 locum
2574 1698 2721 1753 illutn
2752 1698 2841 1752 ubi
2873 1700 3131 1768 scriptum
3160 1707 3244 1754 est
3289 1716 3304 1755 :
3340 1699 3404 1754 Et
3433 1698 3572 1755 dixit

1976 1788 2131 1844 .Iesus
2178 1789 2457 1859 discipulis
2483 1790 2634 1843 suis:
2669 1788 2838 1843 Amen
2891 1804 3046 1843 amen
3076 1789 3197 1844 dico
3228 1789 3410 1855 vobis,
3443 1790 3571 1859 quia

276 1875 444 1934 habet
473 1880 523 1933 in
555 1893 752 1949 mente,
786 1891 840 1937 et
884 1883 1038 1938 valde
1069 1885 1216 1953 cupit
1262 1899 1356 1940 vos
1383 1884 1534 1953 juxta
1583 1901 1641 1939 se
1674 1888 1871 1943 habere
1902 1883 1951 1945 Β
1976 1882 2154 1938 omnis
2196 1883 2285 1952 qui
2327 1896 2410 1936 me
2441 1882 2721 1937 confessus
2772 1883 2930 1937 fuerit
2984 1897 3166 1936 coram
3220 1881 3569 1949 hominibus,

273 1986 518 2040 semper,
551 1976 594 2028 si
628 1984 804 2031 tamen
831 1993 897 2049 ea.
925 1993 1043 2047 quae
1089 1978 1287 2047 scripta
1333 1990 1458 2035 sunt
1508 1982 1558 2034 in
1612 1980 1744 2035 libro
1779 1982 1866 2038 illo

272 2079 440 2135 quem
470 2066 600 2122 mihi
630 2069 842 2139 reliquit
868 2070 1164 2142 adimplere
1185 2073 1482 2130 volueritis.
1515 2074 1578 2129 Et
1609 2083 1778 2129 mater
1799 2075 1864 2129 ad

273 2158 395 2213 haec
424 2175 439 2212 :
470 2160 600 2230 Age,
628 2178 774 2233 ergo,
800 2173 855 2218 et
884 2165 1182 2235 depositum
1210 2167 1364 2222 nobis
1391 2167 1638 2223 celeriter
1669 2183 1864 2236 reprte-

267 2263 450 2308 senta.
484 2254 546 2307 Et
577 2253 690 2310 haec
720 2256 980 2324 dicentes,
1015 2273 1046 2312 e
1077 2274 1260 2315 mensa
1286 2261 1486 2329 pariter
1511 2276 1861 2327 consurgunt.

349 2346 475 2403 Car.
522 2350 681 2405 XXII.
716 2382 784 2390 —
813 2351 962 2407 Tunc
1010 2352 1321 2423 Vigilantius
1349 2369 1630 2410 assumens
1661 2368 1773 2414 eos,
1811 2354 1860 2407 in

268 2439 470 2494 cellam
522 2455 826 2498 sanctorum
877 2455 1171 2517 martyrum
1224 2447 1548 2512 introduxit;
1580 2458 1634 2503 et
1682 2458 1864 2504 osten-

265 2531 411 2587 dens
440 2533 516 2588 eis
569 2535 890 2592 dominicam
921 2553 1136 2594 crucem
1167 2547 1222 2594 et
1272 2551 1673 2595 sacrosanctum
1701 2543 1859 2613 221

265 2623 626 2695 Evangehum
651 2627 870 2693 Christi,
895 2630 966 2684 ait
985 2630 1053 2685 ad
1080 2645 1211 2685 eos:
1245 2630 1369 2686 Haec
1389 2645 1513 2688 sunt
1536 2648 1654 2701 qua:
1673 2635 1859 2688 Astion

265 2715 422 2773 ﬁlius
451 2727 625 2774 vester
653 2720 784 2775 mihi
806 2721 1111 2792 dereliquit.
1137 2722 1192 2777 Si
1211 2737 1340 2793 ergo
1367 2725 1677 2795 mysterium
1707 2724 1862 2796 lmjns

262 2810 468 2868 divina:
495 2814 706 2869 virtutis
734 2825 788 2870 et
817 2829 877 2869 ea
902 2831 1019 2885 quae
1049 2816 1100 2871 in
1135 2817 1236 2874 hoc
1263 2817 1450 2872 codice
1480 2821 1676 2888 scripta
1713 2831 1856 2887 sunt,

263 2902 536 2973 feceritis,
577 2907 816 2976 profecto
873 2908 1123 2965 videbitis
1174 2926 1317 2974 eum,
1377 2923 1431 2966 et
1481 2925 1600 2966 cum
1651 2911 1766 2981 ipso
1809 2911 1858 2966 in

263 3009 591 3070 perpetuum
621 3001 770 3057 eritis
797 3003 848 3055 in
881 3002 967 3058 illa
1000 3005 1239 3071 regione.
1279 3005 1403 3060 llaec
1446 3007 1669 3061 audiens
1712 3015 1864 3076 pater

262 3094 414 3165 ejus,
458 3096 663 3164 accepit
710 3097 1054 3166 Evangelinm
1085 3098 1282 3154 Christi
1315 3114 1424 3169 prae
1475 3099 1756 3166 manibus,
1811 3109 1865 3154 et

261 3187 521 3258 aperiens
552 3189 791 3258 pervenit
819 3190 883 3243 ad
907 3205 1028 3246 eum
1061 3192 1232 3245 locum
1285 3191 1370 3246 ubi
1407 3192 1662 3247 Dominus
1709 3191 1863 3247 .lesus

1969 1978 2266 2033 confitebor
2293 1986 2347 2031 et
2375 1992 2475 2046 ego
2501 1992 2622 2031 eum
2667 1991 2850 2032 coram
2882 1978 3040 2031 Patre
3088 1990 3228 2041 meo,
3264 1977 3352 2045 qni
3397 1985 3483 2031 est
3512 1973 3568 2030 in

1967 2073 2156 2138 emlis;
2208 2073 2297 2141 qui
2343 2081 2520 2127 autem
2571 2070 2842 2142 negaverit
2870 2086 2956 2126 me
3001 2085 3183 2125 coram
3229 2071 3565 2136 hominibus,

1967 2165 2243 2234 denegabo
2272 2173 2325 2220 et
2351 2179 2450 2234 ego
2479 2178 2601 2219 eum
2642 2177 2828 2218 coram
2879 2162 3038 2217 Patre
3086 2177 3226 2228 meo,
3259 2163 3348 2231 qui
3377 2170 3462 2217 est
3509 2162 3567 2216 in

1967 2256 2140 2312 emlis.
2175 2255 2348 2310 Nolite
2379 2256 2536 2325 igitur
2585 2253 2857 2316 arbitrari,
2891 2254 3014 2322 quia
3045 2254 3166 2308 veni
3211 2267 3396 2321 pacem
3441 2252 3568 2307 mit-

1966 2358 2081 2404 tere
2112 2347 2163 2402 in
2188 2357 2380 2402 terram
2404 2363 2418 2411 ;
2445 2361 2549 2401 non
2572 2346 2690 2400 veni
2714 2358 2900 2412 pacem
2924 2343 3163 2411 mittere,
3187 2344 3278 2398 sed
3301 2343 3564 2414 gladium.

1970 2441 2101 2497 Veni
2126 2442 2268 2496 enim
2295 2455 2548 2508 separare
2573 2439 2845 2494 hominem
2871 2439 3131 2494 adversus
3149 2447 3354 2507 patrem
3379 2453 3558 2505 suum,

1965 2544 2020 2592 et
2047 2535 2206 2590 filiam
2237 2534 2496 2590 adversus
2525 2543 2750 2588 matrem
2781 2546 2953 2597 suam,
2990 2540 3046 2586 et
3066 2546 3260 2585 nurum
3290 2530 3553 2586 adversus

1963 2641 2175 2682 socrum
2206 2643 2377 2692 suam,
2406 2638 2460 2682 et
2487 2626 2683 2681 inimici
2715 2624 2949 2679 hominis
2978 2623 3268 2679 domestici
3291 2623 3429 2693 ejus.
3455 2623 3562 2691 Qui

1965 2735 2109 2779 amat
2140 2735 2340 2794 patrem
2371 2734 2462 2778 aut
2507 2731 2730 2777 matrem
2761 2722 2878 2790 plus
2907 2735 3068 2790 quam
3099 2735 3206 2784 me,
3239 2735 3345 2773 non
3368 2729 3452 2774 est
3473 2735 3559 2775 me

1965 2822 2178 2891 dignus.
2211 2821 2275 2875 Et
2304 2819 2393 2890 qui
2425 2834 2530 2874 non
2561 2818 2755 2887 accipit
2779 2831 2996 2872 erucem
3023 2831 3202 2884 suam,
3233 2824 3287 2870 et
3317 2817 3564 2886 sequitur

1966 2931 2074 2982 me,
2104 2931 2208 2971 non
2231 2925 2310 2971 est
2345 2929 2428 2969 me
2458 2915 2670 2983 dignus.
2701 2913 2766 2966 Et
2786 2910 2878 2980 qui
2899 2912 3102 2966 invenit
3126 2911 3360 2965 animam
3379 2924 3560 2975 suam,

1966 3007 2158 3078 perdet
2183 3022 2322 3063 eam.
2360 3007 2424 3060 Et
2449 3005 2535 3076 qui
2571 3001 2865 3074 perdiderit
2897 3003 3130 3056 animam
3158 3017 3310 3056 suam
3343 3009 3562 3070 propter

1968 3114 2056 3155 me
2080 3108 2133 3154 et
2162 3098 2513 3168 Evangelium
2547 3110 2722 3149 meum
2744 3137 2759 3159 ,
2796 3093 3033 3148 inveniet
3065 3108 3184 3147 eam
3218 3092 3437 3164 (Matth.
3476 3093 3558 3162 x).

1969 3193 2038 3247 Et
2067 3192 2260 3246 iterum
2292 3209 2302 3242 :
2336 3190 2470 3244 Cum
2518 3199 2696 3242 autem
2727 3186 3045 3241 tradiderint
3086 3201 3182 3240 vos
3233 3184 3372 3255 apud
3405 3199 3560 3254 reges

265 3279 484 3336 locutus
511 3289 592 3336 est
619 3281 685 3335 ad
709 3281 1000 3352 discipulos
1028 3299 1175 3350 suos,
1207 3283 1393 3338 dicens
1421 3301 1432 3336 :
1467 3285 1662 3348 Amen,
1705 3299 1860 3340 amen
1892 3260 1940 3327 C
1967 3297 2022 3344 et
2067 3285 2342 3356 prmsides,
2375 3284 2541 3338 nolite
2570 3285 2832 3352 cogitare,
2867 3279 3136 3346 quomodo
3184 3288 3275 3332 aut
3307 3279 3433 3347 quid
3479 3279 3562 3334 lo-

263 3373 397 3430 dieo
426 3373 602 3440 vobis,
631 3374 770 3442 quod
803 3389 899 3430 vos
931 3375 1018 3444 qui
1042 3376 1208 3430 secuti
1237 3377 1367 3430 estis
1396 3391 1504 3443 me,
1558 3375 1610 3428 in
1639 3389 1864 3444 regene-

265 3465 484 3523 ratione
510 3481 631 3520 cum
659 3467 856 3522 sederit
885 3467 1052 3521 Filius
1080 3467 1312 3522 hominis
1343 3468 1394 3521 in
1418 3467 1545 3521 sede
1567 3467 1865 3535 majestatis

266 3571 412 3623 sum,
461 3556 716 3612 sedebitis
763 3566 817 3613 et
843 3574 936 3614 vos
982 3573 1142 3627 super
1188 3559 1346 3614 sedes
1395 3558 1697 3624 duodecim,
1726 3559 1867 3626 judi-

269 3659 464 3706 cantes
495 3650 775 3706 duodecim
815 3650 984 3706 tribus
1015 3649 1196 3706 Israel.
1223 3650 1285 3704 Et
1317 3651 1493 3705 omnis
1517 3650 1604 3719 qui
1636 3650 1866 3720 relique-

268 3745 346 3804 rit
374 3745 614 3812 domum,
645 3745 728 3799 vel
761 3743 978 3811 fratres,
1007 3753 1098 3799 aut
1125 3757 1361 3809 sorores,
1393 3751 1484 3796 aut
1514 3751 1741 3811 patrem,
1776 3752 1868 3797 ant

269 3847 526 3906 matrem,
553 3847 644 3892 aut
673 3852 918 3905 uxorem,
961 3846 1054 3893 aut
1099 3838 1260 3904 filios,
1303 3845 1394 3892 ant
1437 3849 1617 3906 agros,
1650 3847 1869 3906 propter

271 3947 473 3988 nomen
504 3947 710 3997 meum,
741 3931 1050 4000 centuplum
1101 3931 1350 4000 accipiet,
1403 3939 1456 3984 et
1502 3931 1663 3984 vitam
1713 3937 1868 3984 teter-

271 4045 399 4087 nam
428 4029 744 4099 possidebit.
773 4027 920 4083 Multi
948 4035 1126 4084 autem
1159 4036 1282 4082 sunt
1307 4026 1461 4097 primi
1492 4026 1785 4091 novissimi,
1815 4035 1870 4082 et

273 4123 554 4181 novissimi
589 4123 745 4192 primi
773 4121 992 4192 (Matth.
1019 4122 1156 4191 xxx).
1188 4122 1256 4176 Et
1283 4130 1431 4191 pater
1459 4139 1474 4176 :
1507 4123 1637 4188 Quis
1667 4132 1765 4188 est,
1789 4123 1869 4178 in-

273 4215 406 4288 quit,
442 4215 545 4270 iste
575 4215 834 4269 Dominus
863 4214 1039 4280 Jesus,
1074 4222 1128 4268 et
1158 4213 1246 4284 qui
1269 4225 1393 4270 sunt
1432 4215 1522 4285 qui
1551 4218 1718 4271 secuti
1745 4225 1869 4272 sunt

277 4305 438 4361 eum?
470 4305 566 4360 sed
596 4313 652 4360 et
677 4304 768 4374 qui
798 4312 923 4359 sunt
943 4303 1015 4357 illi
1047 4302 1137 4373 qui
1160 4303 1412 4372 jubentur
1442 4305 1745 4376 relinquere
1771 4323 1868 4378 pa-

283 4409 417 4453 trem
463 4407 556 4452 aut
594 4408 843 4462 matrem,
897 4411 1118 4451 uxorem
1149 4407 1204 4452 et
1244 4396 1402 4466 filios,
1434 4407 1650 4467 propter
1676 4414 1869 4454 nomen
1906 4461 1915 4477 ‘

282 4491 421 4561 ejus,
454 4505 591 4560 quos
621 4491 750 4545 dicit
792 4499 1141 4560 percepturos
1170 4505 1291 4545 esse
1338 4493 1390 4545 in
1440 4491 1614 4547 futura
1647 4493 1870 4548 beatitu-

279 4587 402 4641 dine
423 4587 588 4642 vitam
612 4584 903 4641 aeternam?
919 4585 1236 4653 Quaesumus
1254 4593 1327 4649 te,
1348 4584 1510 4640 frater
1534 4587 1866 4651 eharissime,

1970 3379 2226 3450 quamini.
2252 3376 2367 3431 Non
2390 3375 2535 3431 enim
2568 3389 2660 3428 vos
2687 3378 2838 3436 estis,
2871 3373 2960 3438 qui
2991 3371 3292 3440 loquimini,
3313 3369 3406 3425 sed
3429 3369 3556 3439 Spi-

1971 3474 2103 3528 ritus
2134 3471 2303 3524 Patris
2335 3469 2519 3536 vestri,
2550 3468 2639 3538 qui
2673 3467 2904 3536 loqmtur
2938 3465 2991 3520 in
3023 3463 3196 3518 vobis.
3229 3463 3430 3518 Tradet
3466 3478 3562 3518 au-

1971 3576 2078 3621 tem
2103 3567 2267 3621 frater
2298 3563 2516 3618 fratrem
2569 3563 2621 3617 in
2671 3571 2924 3623 mortem,
2968 3570 3022 3615 et
3061 3568 3210 3629 pater
3254 3559 3462 3626 filium;
3508 3568 3564 3615 et

1970 3667 2192 3727 surgent
2242 3656 2333 3710 lilii
2375 3657 2427 3709 in
2476 3663 2746 3722 parentes,
2781 3665 2834 3708 et
2866 3661 3037 3706 morte
3063 3667 3158 3706 eos
3203 3652 3567 3716 alfieient;et

1977 3749 2129 3804 eritis
2160 3742 2584 3813 odio'omnibus,
2617 3756 2834 3815 prOpter
2866 3759 3060 3800 nomen
3108 3758 3306 3797 meum.
3339 3742 3440 3810 Qui
3469 3756 3565 3796 au-

1974 3851 2080 3895 tem
2110 3837 2538 3909 perseveraverit
2579 3849 2748 3904 usque
2795 3834 2848 3887 in
2883 3835 3066 3898 finem,
3102 3832 3187 3885 hic
3219 3831 3396 3886 salvus
3431 3830 3563 3886 erit.

1972 3932 2316 4001 Rursumque
2365 3929 2682 3998 perveniens
2731 3925 2782 3980 in
2835 3923 3078 3978 ultimam
3132 3932 3335 3992 partem
3387 3920 3560 3976 sancti

1974 4025 2266 4096 Evangelii,
2298 4022 2462 4093 erepit
2488 4019 2779 4076 secundum
2826 4016 3086 4073 Joannem
3133 4015 3327 4070 iterum
3361 4015 3560 4084 legere,

1973 4123 2198 4178 dicens:
2232 4121 2425 4188 Pater,
2475 4129 2609 4186 quos
2638 4111 2833 4169 dedisti
2884 4111 3040 4177 mihi,
3090 4110 3212 4164 volo
3253 4116 3314 4162 ut
3344 4107 3432 4161 ubi
3466 4122 3567 4175 ego

1973 4228 2116 4282 sum,
2149 4221 2202 4268 et
2229 4212 2338 4267 illic
2359 4210 2467 4265 sint
2483 4222 2715 4271 meeum,
2735 4203 3337 4260 utvideantelaritatezn
3363 4214 3566 4266 meam,

1974 4321 2132 4380 quam
2165 4303 2358 4360 dedisti
2407 4301 2561 4368 mihi,
2598 4300 2718 4370 quia
2753 4297 2991 4352 dilexisti
3021 4312 3106 4350 me
3136 4303 3259 4348 ante
3306 4292 3569 4348 constitu-

1976 4401 2177 4454 tionem
2226 4393 2407 4450 mundi
2458 4391 2640 4464 (Joan.
2694 4389 2851 4459 xvn).
2903 4389 2971 4442 Et
2997 4388 3174 4441 denuo
3207 4404 3218 4437 :
3255 4383 3325 4438 Ut
3371 4397 3563 4437 omnes

1976 4508 2138 4550 unum
2168 4492 2292 4555 sint,
2321 4489 2459 4542 sicut
2484 4493 2563 4551 tu,
2589 4484 2763 4547 Pater,
2798 4482 2848 4535 in
2881 4494 2990 4544 me,
3022 4489 3075 4532 et
3106 4491 3203 4546 ego
3233 4476 3286 4530 in
3318 4486 3390 4538 te,
3425 4485 3482 4527 nt
3512 4484 3570 4528 et

1978 4586 2078 4655 ipsi
2119 4583 2171 4637 in
2202 4580 2353 4635 nobis
2383 4591 2547 4632 unum
2576 4575 2712 4638 sint,
2743 4581 2801 4626 nt
2848 4570 3032 4624 credat
3062 4567 3293 4621 mundus
3342 4567 3468 4636 quia
3502 4574 3564 4621 tu

282 4689 336 4732 ut
367 4680 412 4733 si
441 4678 640 4748 aliquid
672 4678 725 4731 in
758 4678 840 4731 his
863 4692 982 4746 qute
1005 4691 1130 4732 vera
1163 4683 1287 4730 sunt
1316 4678 1476 4740 nosti,
1517 4677 1670 4732 nobis
1691 4678 1875 4747 expla-
1901 4660 1954 4720 Ῑ)
1981 4693 2068 4734 me
2120 4673 2328 4730 misisti.
2373 4671 2437 4724 Et
2488 4681 2590 4738 ego
2635 4664 2930 4720 claritatem
2981 4675 3140 4730 quam
3187 4657 3378 4712 dedisti
3427 4657 3563 4713 mihi

284 4787 412 4827 nare
461 4787 568 4826 non
601 4770 890 4841 pigriteris.
937 4769 1200 4838 Aperiens
1246 4779 1424 4825 autem
1455 4768 1773 4840 Vigilantius
1815 4787 1878 4826 os

285 4878 463 4929 suum,
493 4872 548 4917 et
581 4863 842 4931 incipiens
873 4877 902 4915 a
929 4860 1210 4929 Scriptura
1240 4859 1335 4913 ista
1355 4899 1370 4924 ,
1401 4859 1786 4927 evangelizavit
1815 4861 1880 4914 il-

287 4959 352 5014 lis
393 4959 678 5013 Dominum
726 4957 909 5012 Jesum
961 4955 1255 5019 Christum,
1309 4953 1544 5022 qualiter
1571 4954 1639 5008 ab
1677 4954 1882 5024 origine

290 5053 472 5106 mundi
505 5051 685 5106 omnia
715 5065 814 5120 per
842 5050 1015 5120 ipsum
1045 5047 1183 5104 facta
1213 5057 1358 5114 sunt,
1390 5057 1444 5102 et
1469 5047 1699 5116 qualiter
1722 5047 1888 5103 homi-

294 5158 410 5197 nem
439 5142 506 5196 ad
559 5141 845 5210 imaginem
877 5148 933 5196 et
958 5139 1364 5196 similitudinem
1395 5153 1546 5194 suam
1578 5141 1781 5205 fecerit,
1826 5149 1878 5194 et

295 5237 343 5290 in
374 5235 682 5306 paradisum
707 5234 1020 5290 deliciarum
1045 5235 1314 5303 posuerit;
1347 5242 1401 5288 et
1428 5233 1696 5304 quomodo
1718 5249 1876 5288 unam

292 5339 492 5385 costam
521 5330 704 5384 tulerit
735 5329 803 5384 de
831 5329 996 5383 latere
1019 5329 1207 5397 ipsius,
1240 5336 1292 5382 et
1325 5327 1476 5381 tinxit
1502 5341 1618 5382 eam
1655 5326 1709 5380 in
1757 5311 1906 5380 mu-'

295 5418 476 5474 lierem
502 5438 515 5473 :
550 5421 646 5475 sed
671 5430 727 5476 et
757 5419 1024 5490 quomodo
1049 5429 1268 5488 propter
1290 5429 1596 5489 serpentem
1628 5418 1879 5476 Adamde

295 5514 538 5581 paradiso
562 5512 877 5568 deliciarum
910 5513 962 5567 in
995 5512 1131 5567 hanc
1156 5522 1350 5567 terram
1383 5510 1689 5565 mortalium
1713 5525 1878 5580 expu-

297 5601 385 5669 lit;
416 5613 466 5660 et
497 5605 731 5673 qualiter
754 5602 883 5668 Eva,
913 5604 1034 5670 quia
1065 5603 1166 5672 ipsi
1197 5603 1436 5670 serpenti
1467 5601 1634 5672 magis
1659 5601 1881 5658 obedire

296 5696 454 5750 voluit
483 5711 644 5767 quam
680 5695 905 5750 Domino
934 5694 1043 5749 Deo
1067 5708 1187 5761 suo,
1216 5693 1574 5749 anxietatibus
1601 5701 1657 5749 et
1683 5693 1881 5748 dolori-

300 5787 390 5842 bus
411 5790 464 5844 in
496 5789 850 5860 parturitione
880 5797 964 5844 est
1012 5789 1399 5854 condemnata;
1448 5787 1545 5843 sed
1574 5795 1629 5843 et
1659 5787 1883 5856 qualiter

301 5883 458 5938 sancti
487 5882 767 5953 propheta
792 5888 919 5939 ante
940 5881 1170 5952 primum
1190 5881 1483 5939 adventum
1517 5880 1640 5936 Filii
1669 5879 1766 5936 Dei
1793 5894 1886 5935 ve-

1982 4769 2103 4825 dedi
2135 4765 2236 4830 eis,
2268 4773 2324 4818 ut
2352 4763 2459 4816 sint
2507 4774 2692 4824 unum,
2739 4756 2880 4811 sicut
2927 4764 2979 4810 et
3018 4767 3116 4808 nos
3165 4767 3328 4807 unum
3361 4767 3570 4807 sumus.

1985 4861 2098 4931 Ego
2143 4859 2196 4912 in
2240 4855 2340 4922 eis,
2391 4863 2447 4908 et
2490 4863 2543 4905 tu
2590 4850 2642 4905 in
2692 4863 2812 4915 me,
2860 4859 2918 4902 ιιι
2965 4845 3072 4902 sint
3118 4853 3473 4900 consummati
3519 4844 3573 4898 in

1986 4970 2174 5019 unum,
2221 4961 2274 5006 et
2308 4955 2593 5018 cognoscat
2620 4945 2872 5010 mundus,
2919 4942 3042 5012 quia
3067 4951 3121 4996 tu
3153 4957 3238 4996 me
3266 4937 3572 5003 misisti,di-

1988 5048 2168 5108 lexiSti
2198 5060 2310 5109 eos,
2337 5043 2473 5099 sicut
2495 5052 2547 5098 et
2568 5057 2654 5096 me
2683 5039 2940 5096 dilexisti.

2061 5141 2192 5195 CAP.
2218 5136 2479 5192 XXIl|.—
2512 5134 2636 5188 llaec
2664 5141 2720 5188 et
2747 5131 3007 5200 ampliora
3041 5128 3226 5182 horum
3259 5123 3384 5177 dum
3417 5121 3568 5188 legis-

1987 5241 2077 5289 set
2109 5241 2279 5302 pater,
2308 5227 2372 5281 ad
2402 5224 2746 5297 Vigilantium
2776 5211 2892 5277 ait‘:
2927 5221 3144 5283 Precor,
3180 5215 3342 5268 frater
3368 5211 3571 5266 charis-

1988 5327 2142 5391 sime,
2175 5323 2366 5378 iterum
2398 5320 2621 5388 explana
2649 5318 2802 5371 nobis
2832 5310 3142 5382 diligentius
3169 5323 3230 5362 ea
3263 5322 3382 5378 qua:
3413 5307 3573 5361 modo

1991 5418 2237 5488 legimus,
2269 5430 2336 5472 eo
2361 5414 2502 5485 quod
2535 5426 2632 5468 nos
2661 5409 2868 5480 penitus
2903 5405 2956 5459 in
2985 5403 3067 5457 his
3095 5401 3272 5456 verbis
3317 5400 3445 5455 nihil
3496 5400 3576 5453 in-

1986 5508 2295 5575 telligimus.
2329 5503 2645 5575 Vigiiantius
2694 5495 2968 5565 respondit
3018 5511 3030 5545 :
3082 5492 3205 5547 Illos
3253 5506 3389 5562 quos
3439 5491 3573 5546 dicit

1987 5599 2244 5654 Dominus
2273 5596 2428 5652 Jesus
2459 5600 2643 5647 noster
2674 5607 2686 5641 :
2720 5587 2854 5653 Quia
2884 5585 2976 5656 qui
3002 5598 3089 5639 me
3123 5583 3352 5639 canfessi
3377 5581 3576 5639 fuerint

1986 5705 2168 5747 coram
2199 5686 2525 5751 hominibus,
2559 5680 2860 5737 confitebor
2886 5688 2941 5734 et
2966 5692 3065 5750 ego
3095 5690 3187 5734 eos
3211 5691 3391 5732 coram
3418 5675 3579 5729 Patre

1989 5798 2142 5850 meo,
2173 5781 2263 5851 qui
2289 5787 2372 5834 est
2399 5777 2450 5832 in
2479 5773 2632 5830 caelis
2658 5791 2672 5839 ;
2701 5773 2791 5844 qui
2842 5781 3020 5828 autem
3061 5771 3447 5843 denegavermt
3486 5783 3574 5822 me

1988 5890 2168 5933 coram
2202 5870 2527 5939 hominibus,
2557 5867 2832 5941 denegabo
2861 5881 2954 5925 eos
2984 5875 3038 5923 et
3067 5880 3168 5936 ego
3200 5878 3380 5920 coram
3417 5859 3574 5914 Patre
