4158 6354
572 346 671 405 HI

1624 346 1721 406 DE
1754 346 1931 406 VI’I'IS
1971 343 2262 404 PATRUM
2302 346 2505 403 LIBER
2546 345 2818 404 PRIMUS.

3758 351 3895 409 411.

573 481 719 532 meo,
751 466 839 538 qui
866 468 1025 522 estin
1050 466 1207 523 caelis
1231 482 1246 531 ;
1271 479 1370 522 nos
1391 479 1579 523 sumus
1603 466 1694 536 qui
1721 467 1776 522 in
1804 481 1929 521 eum
1979 464 2159 521 credi-
2186 465 2245 528 Α
2266 463 2435 534 ipsius
2462 464 2564 521 iste
2590 476 2693 521 est.
2736 466 3054 538 Vigilantius
3096 468 3377 537 respondit
3409 485 3424 521 :
3459 467 3655 521 Verum
3708 470 3871 528 Pnlz'r

575 574 713 625 mus,
745 568 798 615 et
829 559 881 614 in
911 560 1128 615 nomine
1154 566 1342 615 sancto
1386 558 1504 629 ejus
1556 573 1858 628 speramus.
1907 560 2068 630 222
2114 557 2171 612 Si

576 666 705 721 ergo
734 652 972 706 evenerit
1000 661 1212 718 tempus
1236 650 1649 718 persecutionis,
1678 660 1730 705 et
1752 648 1991 704 dixerint
2013 648 2170 703 nobis

580 743 847 812 principes
890 741 1049 811 hujus
1090 740 1275 796 saeculi
1314 757 1325 793 :
1361 740 1640 810 Abnegate
1689 741 1853 795 Deum
1902 747 2163 803 vestrum,

576 847 627 891 ct
657 838 787 891 ador
800 846 884 891 ate
910 836 1189 891 nobiscum
1216 834 1382 903 idola,
1405 835 1495 904 qui
1518 843 1642 889 sunt
1670 833 1846 903 magni
1874 832 1944 887 dii
1969 832 2160 898 nostri,

574 933 663 1001 qui
693 941 747 987 et
776 932 1021 986 universa
1054 929 1337 995 fecerunt;
1368 931 1413 985 si
1442 930 1521 984 eis
1549 943 1654 983 non
1698 927 2160 988 consenserimus,

573 1024 656 1077 vel
685 1038 803 1092 quas
828 1023 1086 1091 iusserint
1108 1037 1213 1075 non
1238 1022 1541 1088 fecerimus,
1566 1020 1660 1075 sed
1684 1034 1782 1090 pro
1804 1018 2023 1073 nomine
2044 1018 2163 1085 ejus

575 1123 923 1187 tyrannorum
960 1118 1133 1171 minas
1156 1124 1532 1186 tormentaque
1568 1116 2003 1180 toleraverimns,
2033 1128 2164 1168 con-

578 1208 722 1265 tiuuo
752 1217 807 1265 et
837 1210 951 1279 ipse
982 1212 1032 1263 in
1065 1210 1154 1264 illa
1186 1224 1282 1266 sua
1312 1210 1452 1265 felici
1503 1212 1741 1280 regione,
1773 1224 1955 1263 coram
2007 1209 2165 1263 Patre

572 1316 627 1360 et
650 1318 830 1359 coram
862 1306 1061 1360 sanctis
1092 1306 1201 1360 suis
1230 1305 1433 1376 angelis
1459 1304 1806 1360 confitebitur
1831 1318 1950 1365 nos,
1982 1303 2033 1357 id
2058 1312 2162 1368 est,

574 1398 803 1462 amicos,
834 1404 891 1450 et
920 1397 1146 1451 nimium
1190 1396 1385 1451 charos
1434 1396 1533 1451 sibi
1581 1395 1872 1451 constituet
1920 1410 2040 1449 nos.
2092 1394 2167 1450 De

574 1504 801 1561 quorum
834 1502 1058 1543 numero
1088 1489 1295 1544 exstitit
1344 1502 1486 1543 nunc
1534 1488 1623 1542 ille
1675 1498 1850 1543 vester
1891 1488 2076 1541 unicus
2113 1497 2168 1543 et

574 1582 795 1638 nimium
824 1592 1041 1637 sanctus
1075 1582 1280 1636 Astion.
1312 1581 1442 1635 Nam
1496 1589 1623 1636 ante
1673 1581 1769 1634 hos
1814 1581 2166 1649 paucissimos

572 1675 708 1743 dies,
741 1674 847 1729 dux
881 1674 1171 1744 provinciae
1204 1673 1362 1729 istius
1410 1673 1795 1740 Latronianus,
1843 1672 1969 1727 dum
2018 1687 2166 1726 com-

573 1770 801 1842 pelleret
827 1784 949 1824 eum
982 1778 1038 1823 ut
1068 1771 1360 1839 abnegaret
1402 1768 1585 1824 Iesum
1632 1768 1926 1831 Christum,
1979 1781 2164 1820 verum

2277 557 2393 625 ejus
2420 557 2507 614 il-le
2533 568 2636 625 est,
2667 559 2755 629 qui
2787 570 2840 615 et
2873 560 3150 625 Dominus,
3184 576 3305 615 cum
3336 573 3442 629 quo
3494 576 3632 617 nunc
3681 561 3868 616 demo-

2276 658 2443 713 ratur,
2476 650 2567 720 qui
2596 660 2651 706 et
2678 659 2824 707 tanta
2856 652 2994 708 bona
3024 655 3074 707 ei
3100 653 3151 707 in
3183 652 3360 707 futura
3385 652 3715 708 beatitudine
3738 671 3868 708 cnn—

2273 743 2510 798 donavit.
2548 744 2613 798 Et
2642 745 2743 800 iste
2772 759 2899 801 vero
2928 746 3170 802 mortalis
3200 755 3305 812 est,
3336 754 3392 802 et
3422 748 3676 803 mortales
3728 748 3873 803 filius

2271 833 2467 902 habet;
2496 847 2547 892 et
2576 836 2700 892 dum
2734 845 2951 905 putatur
2977 847 3142 904 stare,
3174 839 3353 894 subito
3380 840 3555 905 cadit;
3582 842 3708 895 dum
3738 842 3869 895 divit

2268 944 2328 986 se
2360 932 2538 986 vivere
2561 972 2576 997 ,
2606 942 2829 1001 repente
2859 934 3106 995 moritur,
3138 948 3202 987 eo
3228 935 3368 1002 quod
3418 950 3518 990 nec
3566 935 3666 989 iste
3715 936 3871 989 illum

2268 1022 2479 1078 Patrem
2510 1038 2693 1079 verum
2728 1025 2992 1094 agnoscit,
3021 1040 3180 1095 quem
3212 1026 3303 1082 ille
3355 1028 3611 1096 agnovit,
3642 1027 3711 1083 de
3760 1045 3873 1096 quo

2271 1115 2528 1183 scriptum
2556 1124 2639 1170 est
2673 1132 2686 1169 :
2713 1116 2871 1173 Pater
2898 1127 3099 1183 noster,
3130 1119 3220 1188 qui
3248 1133 3309 1174 es
3342 1120 3393 1175 in
3424 1120 3596 1187 ctelis,
3628 1120 3874 1176 sanctiﬁ-

2271 1214 2425 1260 CBIUI‘
2454 1221 2651 1262 nomen
2681 1216 2850 1263 tuum.

2340 1298 2470 1353 CAP.
2504 1298 2674 1353 XXV.
2732 1331 2802 1342 -υ
2832 1300 2994 1369 Igitur
3022 1315 3142 1356 cum
3173 1316 3269 1371 per
3301 1318 3460 1359 unam
3512 1304 3872 1374 septimanam

2270 1393 2412 1448 inter
2440 1407 2499 1448 se
2530 1392 2869 1463 disputarent
2898 1402 2954 1448 et
2977 1394 3180 1473 Christi
3227 1395 3496 1453 mirabilia
3527 1398 3772 1455 dicerent
3797 1398 3875 1453 ad

2273 1489 2507 1544 invicem
2539 1501 2596 1543 et
2618 1488 2846 1545 libenter
2875 1489 3142 1557 audirent,
3169 1490 3442 1547 Dominica
3465 1492 3553 1548 die
3576 1493 3875 1549 advenien-

2273 1588 2345 1644 te,
2382 1580 2542 1637 ambo
2571 1582 2774 1649 pariter
2799 1580 3143 1636 crediderunt
3172 1581 3224 1638 in
3258 1582 3552 1639 Christum.
3582 1582 3727 1647 Quos
3775 1598 3881 1639 as-

2272 1689 2491 1730 sumens
2522 1674 2859 1744 Vigilantius,
2897 1675 3142 1745 perduxit
3167 1675 3235 1731 ad
3260 1676 3546 1746 quemdam
3580 1677 3867 1749 presbyte-

2272 1782 2391 1822 rum
2419 1776 2661 1821 sanctum
2688 1806 2704 1833 ,
2751 1767 2969 1823 nomine
3017 1766 3312 1833 Bouosum,
3341 1768 3433 1837 qui
3480 1768 3881 1837 persecutionis

572 1862 723 1917 illum
753 1876 913 1931 quem
946 1876 1044 1916 nos
1075 1862 1304 1917 dicimus
1358 1864 1741 1931 imperatorem
1774 1861 2074 1924 caelestem,
2109 1868 2167 1914 ut
2195 1849 2249 1919 Β
2271 1860 2604 1914 atrocitatem
2634 1859 2880 1915 devitans
2902 1902 2917 1928 ,
2948 1862 3000 1915 in
3030 1861 3261 1931 quodam
3290 1872 3503 1919 secreto
3533 1862 3656 1918 loco
3680 1862 3876 1917 occul-

572 1953 908 2008 cunsentiret
935 1953 1054 2023 ejus
1100 1953 1359 2008 voluntati
1397 1962 1452 2007 et
1481 1953 1816 2008 daemonibus
1850 1952 2162 2008 famulatum

573 2045 870 2114 exhiberet,
907 2046 996 2101 ille
1026 2047 1171 2103 nullo
1202 2048 1362 2103 modo
1392 2050 1742 2116 acquiescens
1767 2048 2005 2115 jussibus
2047 2048 2166 2117 ejus

573 2150 784 2209 parere,
815 2137 966 2195 fortis
996 2139 1047 2194 in
1077 2140 1181 2195 fide
1230 2156 1345 2205 sua,
1393 2151 1449 2196 et
1522 2156 1743 2195 nimium
1795 2156 2167 2212 magnanimus

575 2230 833 2285 adversus
861 2245 922 2286 ea
955 2247 1073 2301 qua:
1100 2232 1204 2287 sibi
1257 2233 1636 2303 ingerebantur
1683 2234 1843 2300 mala,
1894 2249 2013 2289 cum
2062 2236 2169 2292 alio

574 2323 804 2393 quodam
833 2325 1127 2380 venerabili
1150 2340 1280 2380 sene
1300 2327 1631 2395 Christiano,
1658 2328 1903 2398 Epicteto
1924 2330 2163 2397 nomine,

576 2418 809 2487 perStitit
832 2432 1003 2488 usque
1027 2418 1079 2473 in
1112 2418 1271 2473 ﬁnem
1303 2420 1595 2475 immobilis
1628 2423 1679 2475 in
1708 2437 1803 2477 sua
1831 2430 2015 2477 sancta
2038 2436 2169 2477 con-

577 2508 832 2566 fessione.
865 2510 978 2567 Hoc
1009 2513 1222 2567 intuens
1252 2512 1368 2568 eius
1420 2514 1714 2581 imperator
1770 2516 1859 2571 ille
1905 2515 2168 2581 scelestis,

578 2610 634 2657 et
661 2603 813 2657 valde
847 2604 1121 2659 admirans
1146 2605 1213 2660 de
1244 2604 1617 2661 benevolentia
1648 2616 1702 2663 et
1746 2609 1953 2664 sincera
2002 2612 2171 2678 ipsius

578 2710 703 2765 erga
735 2710 795 2751 se
819 2696 1129 2765 dilectione,
1164 2698 1383 2754 mittens
1413 2712 1539 2754 suos
1589 2699 1887 2768 ministros,
1919 2700 2020 2754 hoc
2061 2709 2170 2766 est,

576 2790 885 2845 salutiferos
914 2792 1159 2862 angelos,
1186 2806 1307 2846 cum
1338 2792 1542 2859 ingenti
1568 2806 1691 2846 eum
1718 2792 1922 2847 honore
1946 2793 1997 2847 in
2021 2792 2169 2849 illam

577 2881 847 2937 civitatem
879 2882 969 2937 ubi
1000 2884 1113 2952 ipse
1142 2882 1454 2938 demoratur
1488 2884 1798 2952 assumpsit.
1836 2893 1893 2938 ut
1922 2884 1995 2938 illi
2028 2900 2170 2949 prte-

581 2976 687 3031 mia
715 2977 1061 3047 sempiterna,
1096 2992 1192 3047 pro
1224 2992 1291 3033 eo
1322 2979 1464 3049 quod
1493 2978 1720 3034 viriliter
1767 2988 1955 3035 contra
2006 2979 2171 3049 ipsius

580 3069 924 3126 adversarios
954 3070 1257 3127 decertatus
1280 3072 1350 3125 sit
1379 3072 1730 3127 condonaret.
1781 3072 1845 3127 Et
1889 3072 2011 3127 ideo
2064 3080 2171 3129 tam

577 3165 789 3220 Astioni
817 3173 999 3223 vestro
1027 3181 1186 3237 quam
1217 3165 1336 3235 ejus
1366 3166 1655 3230 similibus,
1687 3175 1939 3236 aptantur
1966 3181 2028 3221 ea
2050 3180 2170 3237 quau

2272 1962 2326 2010 te
2351 1953 2603 2024 degebat.
2631 1954 2731 2021 Qui
2762 1968 2925 2010 orans
2949 1970 3047 2026 pro
3095 1956 3175 2009 eis
3224 1953 3573 2022 sufficienter,
3621 1966 3675 2011 et
3722 1965 3877 2010 eate-

2270 2044 2488 2101 chizaus
2520 2060 2614 2101 eos
2643 2044 2831 2101 eadem
2872 2045 3005 2101 hora
3035 2047 3454 2105 catechumenos
3501 2046 3643 2103 fecit.
3695 2045 3874 2115 Igitur

2270 2154 2393 2195 cum
2424 2138 2548 2194 inde
2573 2139 2777 2209 egressi
2809 2139 3064 2207 fuissent,
3095 2151 3376 2211 cmperuut
3403 2142 3585 2197 dicere
3614 2141 3681 2195 ad
3714 2140 3876 2211 Vigi-

2272 2231 2496 2287 lantium
2532 2249 2541 2284 :
2576 2230 2717 2287 Ecce
2761 2232 3172 2303 adimplevimus
3220 2248 3283 2288 ea
3329 2248 3448 2303 qua:
3495 2234 3546 2287 in
3593 2232 3729 2288 libro
3777 2232 3889 2299 illo,

2272 2339 2429 2394 quem
2459 2324 2617 2379 nobis
2646 2324 2837 2380 dedisti
2871 2327 3217 2381 continentur
3249 2344 3263 2382 :
3295 2327 3415 2383 veni
3446 2327 3627 2393 modo,
3662 2336 3716 2381 et
3745 2326 3872 2382 lbe-

2271 2432 2487 2473 saurum
2519 2417 2666 2472 illum
2699 2418 2921 2474 ostende
2951 2419 3124 2484 nobis,
3156 2434 3314 2490 quem
3345 2419 3533 2474 Astion
3564 2429 3770 2485 noster,
3800 2428 3868 2473 ut

2274 2510 2391 2580 ipse
2436 2506 2742 2577 al‘firmasti,
2793 2509 2888 2565 tibi
2916 2510 3336 2567 commendavit.
3382 2510 3451 2566 Et
3502 2510 3823 2580 Vigilantius
3854 2526 3873 2564 :

2273 2601 2574 2672 Sequimini
2603 2616 2687 2657 me
2710 2643 2723 2667 ,
2750 2615 2849 2673 ego
2875 2617 2997 2657 eum
3022 2602 3175 2657 vobis
3201 2602 3319 2658 sine
3359 2616 3509 2658 mora
3552 2603 3729 2672 aliqua
3771 2602 3879 2657 de-

2272 2694 2608 2750 monstrabo.
2636 2694 2743 2749 Sed
2774 2695 2988 2750 interim
3018 2710 3140 2750 eum
3170 2695 3342 2751 habeo
3386 2695 3780 2762 absconditum,
3814 2705 3883 2751 et

2273 2788 2478 2855 nescio,
2507 2788 2553 2841 si
2584 2788 2745 2845 modo
2772 2801 2991 2858 possum
3019 2802 3143 2844 eum
3189 2787 3316 2843 inde
3360 2788 3581 2859 ejicere.
3628 2787 3789 2859 Ergo.
3823 2789 3885 2849 si

2272 2880 2425 2936 vobis
2456 2882 2649 2950 placet,
2681 2882 2749 2939 de
2775 2884 3023 2939 noctibus
3052 2897 3237 2939 eamus
3266 2882 3330 2938 ad
3362 2883 3560 2949 locum,
3594 2892 3649 2938 et
3699 2897 3883 2952 usque

2272 2972 2342 3027 ad
2373 2972 2547 3029 lucem
2596 2974 2793 3039 ibidem
2844 2989 3258 3045 permaneamus
3306 2987 3614 3048 operantes,
3647 2976 3885 3045 forsitan

2278 3066 2578 3134 poterimus
2607 3082 2733 3121 eum
2765 3066 3027 3134 invenire,
3060 3083 3127 3126 eo
3155 3069 3298 3139 quod
3322 3069 3455 3125 satis
3481 3069 3629 3124 illum
3660 3069 3711 3123 in
3746 3062 3883 3140 pro?

2276 3156 2442 3215 fundo
2468 3159 2749 3217 abscondi.
2784 3160 3001 3217 Etcum
3053 3162 3139 3218 sol
3190 3162 3537 3233 declinasset,
3588 3177 3887 3221 assumens

573 3255 753 3327 legisti
785 3270 1118 3315 sacramenta
1152 3277 1166 3314 ε
1202 3259 1267 3315 ui
1304 3274 1514 3327 omnes,
1567 3259 1759 3329 inquit,
1816 3276 1978 3317 unum
2032 3236 2163 3327 εἶιιι,
2192 3236 2243 3303 C
2272 3265 2367 3307 eos
2398 3249 2735 3320 Vigilantius,
2765 3250 2911 3309 foras
2940 3254 3212 3310 civitatem
3240 3266 3363 3311 cum
3418 3254 3523 3311 illis
3574 3253 3879 3324 egreditur.

575 3351 718 3407 sicut
750 3359 805 3405 tu
844 3350 1004 3407 Pater
1034 3353 1086 3407 in
1118 3368 1223 3419 me,
1256 3362 1309 3407 et
1338 3368 1439 3423 ego
1462 3354 1517 3408 in
1545 3362 1638 3421 te;
1667 3362 1722 3409 et
1759 3354 1861 3424 ipsi
1910 3356 1961 3409 in
2014 3353 2172 3411 nobis

583 3459 745 3498 unum
772 3445 901 3513 sint,
929 3455 986 3500 ut
1011 3447 1197 3501 credat
1225 3449 1455 3504 mundus
1496 3448 1615 3517 quia
1650 3458 1703 3502 tu
1734 3464 1820 3503 me
1852 3449 2043 3505 misisti
2073 3467 2087 3515 ;
2118 3459 2175 3505 et

579 3552 680 3606 ego
708 3539 1011 3593 claritatem
1041 3555 1200 3605 quam
1230 3540 1425 3595 dedisti
1456 3542 1585 3596 mihi
1619 3542 1742 3597 dedi
1772 3542 1899 3608 illis,
1954 3552 2011 3597 ut
2062 3542 2172 3599 sint

579 3646 767 3700 unum,
803 3632 945 3687 sicut
973 3642 1025 3687 et
1072 3648 1174 3688 nos
1225 3650 1387 3689 unum
1444 3650 1652 3691 sumus.
1702 3637 1828 3691 Ideo
1870 3638 2175 3707 quicunque

577 3726 877 3781 meruerint
906 3738 1027 3780 esse
1054 3725 1121 3781 de
1150 3742 1374 3782 numero
1404 3728 1645 3783 Astionis
1676 3726 1861 3797 vestri,
1911 3743 1945 3784 ο
1996 3730 2171 3786 hono-

546 3864 547 3867 η
576 3820 759 3875 rabilis
788 3832 959 3891 pater,
989 3822 1278 3877 Salvatoris
1308 3822 1480 3877 nostri
1529 3834 1796 3896 martyres
1848 3826 2170 3883 vocitantur.

649 3913 780 3968 Car.
814 3914 1005 3969 XXIV.
1036 3944 1107 3956 —
1134 3916 1201 3971 Et
1222 3928 1393 3972 mater
1413 3918 1478 3971 ad
1504 3918 1619 3973 htec
1648 3936 1662 3973 :
1696 3918 1793 3985 Ne,
1814 3919 2004 3988 inquit,
2024 3933 2172 3975 mor-

578 4013 701 4059 tuus
749 4014 850 4071 est,
881 4014 935 4058 et
965 4020 1069 4060 nou
1100 4008 1179 4062 vis
1227 4008 1380 4062 nobis
1407 4008 1583 4064 facere
1611 4009 1995 4063 manifesmm?
2032 4010 2172 4079 Vigi-

578 4097 776 4152 lautius
825 4099 1101 4167 respondit
1146 4114 1161 4157 :
1210 4100 1405 4155 Μοτιυί
1447 4115 1547 4155 nos
1589 4116 1795 4165 sumus,
1829 4102 1919 4171 qui
1969 4101 2020 4156 in
2074 4102 2175 4159 hac

582 4189 797 4243 mortali
826 4202 989 4245 carne
1013 4190 1280 4260 degimus,
1314 4202 1362 4247 et
1394 4193 1449 4247 in
1497 4192 1598 4248 hoc
1628 4192 1827 4248 seculo
1859 4209 2019 4258 vano,
2053 4195 2175 4250 abs-

578 4295 686 4355 que
711 4283 893 4339 notitia
919 4287 1084 4340 nostri
1108 4286 1323 4343 factoris
1343 4287 1579 4342 existere
1600 4286 1864 4341 videmur.
1889 4286 2019 4341 Nam
2047 4302 2174 4342 vera

578 4376 687 4431 vita
721 4376 795 4431 ibi
824 4386 941 4445 est,
974 4386 1025 4431 et
1052 4392 1208 4433 verus
1238 4378 1390 4434 cibus
1421 4387 1682 4448 potusque
1704 4378 1899 4433 ibidem
1926 4378 2168 4445 habetur,

581 4483 645 4525 ac
672 4469 902 4541 dignitas
931 4472 1047 4527 sine
1075 4471 1212 4538 fine,
1243 4472 1328 4527 bis
1354 4473 1447 4543 qui
1475 4483 1783 4528 meruerunt
1812 4488 1929 4529 eam
1960 4474 2173 4543 accipe.

578 4576 642 4618 re
668 4579 683 4629 ;
716 4562 787 4618 ibi
819 4573 900 4619 est
930 4564 1018 4619 ubi
1047 4578 1261 4635 semper
1287 4566 1664 4621 immortalitas
1711 4574 1917 4636 regnat,
1949 4576 2002 4622 et
2054 4582 2172 4636 per-

2277 3346 2343 3400 Et
2386 3345 2758 3415 pervenientes
2787 3345 2855 3402 ad
2904 3347 3213 3417 sepulcrum
3254 3357 3585 3423 sanctorum,
3614 3347 3883 3417 admOne;

2275 3456 2369 3500 eos
2412 3456 2594 3498 secum
2643 3449 2813 3497 totam
2864 3448 3075 3498 noctem
3122 3441 3177 3497 in
3225 3441 3559 3497 orationibus
3606 3439 3878 3511 vigilatre.

2257 3533 2519 3617 ‘Cumque
2544 3534 2655 3605 jam
2687 3547 2880 3590 aurora
2914 3533 3255 3603 ascenderet,
3284 3542 3340 3591 et
3388 3536 3569 3589 lucere
3607 3533 3881 3604 inciperet

2276 3628 2409 3692 dies,
2440 3642 2570 3683 ecce
2622 3629 2808 3685 vident
2853 3629 3035 3684 subito
3077 3628 3220 3686 circa
3265 3643 3328 3684 se
3372 3627 3555 3684 lumen
3596 3626 3881 3685 remisisse

2276 3721 2625 3787 immensum,
2657 3736 2721 3776 ac
2753 3722 2976 3777 nimium
3006 3720 3291 3778 suavitatis
3332 3720 3554 3777 odorem
3605 3719 3880 3790 fragrare,

2275 3823 2599 3883 sanctosque
2629 3820 2921 3882 martyres,
2952 3813 3048 3883 qui
3072 3813 3183 3883 jam
3205 3811 3569 3878 dormierant,
3600 3812 3654 3865 in
3680 3823 3883 3879 corpus

2275 3923 2335 3964 re
2358 3908 2509 3978 juxta
2540 3922 2601 3965 se
2630 3908 2953 3973 consistere,
2983 3922 3047 3963 ac
3098 3906 3383 3963 Dominum
3435 3919 3619 3961 secum
3668 3902 3883 3959 collau-

2275 4003 2425 4060 dare.
2460 4004 2611 4060 Tunc
2657 4013 2877 4061 sanctus
2929 4002 3119 4059 Astion
3174 4001 3385 4058 irruens
3437 4001 3493 4054 in
3536 3995 3883 4068 amplexibus

2277 4100 2466 4155 matris
2494 4097 2653 4170 223
2684 4113 2817 4164 sum,
2842 4096 3011 4167 erepit
3039 4094 3273 4152 osculari
3302 4110 3446 4163 eam,
3473 4095 3656 4150 dicens
3684 4110 3697 4146 :
3727 4092 3883 4153 Bene

2278 4194 2544 4249 advenisti
2576 4206 2642 4247 ex
2676 4191 2910 4247 Orientis
2940 4192 3205 4260 partibus,
3231 4206 3265 4247 ο
3285 4189 3546 4259 discipula
3575 4187 3799 4254 Christi,
3822 4197 3879 4246 et

2278 4302 2396 4342 mea
2422 4297 2592 4343 mater
2617 4285 2949 4341 Marcellina.
2979 4284 3240 4340 Similiter
3262 4293 3319 4340 et
3356 4280 3702 4339 beatissimus
3750 4281 3876 4352 Epi-

2276 4385 2453 4431 ctetus
2499 4374 2844 4445 apprehenso
2887 4374 3063 4444 capite
3112 4374 3210 4429 viri
3255 4373 3415 4443 ejus,
3459 4372 3876 4429 exosculabatur

2279 4481 2428 4534 eum,
2458 4466 2683 4525 dicens:
2716 4464 2927 4522 Laetare
2956 4466 3010 4527 in
3044 4465 3299 4534 Domino,
3323 4480 3355 4523 ο
3376 4463 3685 4520 dulcissime
3706 4463 3873 4518 frater

2282 4562 2608 4627 Alexander,
2637 4576 2706 4619 eo
2732 4562 2877 4632 quod
2904 4562 3099 4634 dignus
3127 4561 3344 4623 habitus
3366 4575 3426 4618 es
3469 4560 3524 4617 iu
3551 4573 3782 4617 numero
3814 4557 3877 4614 li-

578 4664 742 4722 petna
771 4655 958 4724 gaudia
988 4665 1411 4712 commorantur.
1440 4656 1594 4712 Tunc
1643 4666 1815 4711 mater
1840 4676 1852 4710 :
1889 4657 2170 4722 Volebam,
2200 4637 2256 4702 υ
2279 4657 2477 4714 delium
2508 4655 2779 4725 deputari,
2803 4666 2858 4712 et
2887 4670 3178 4725 perennem
3227 4653 3612 4711 beatitudinem
3661 4668 3879 4725 prome-

579 4747 777 4817 inquit,
813 4747 973 4803 modo
998 4763 1118 4804 eum
1148 4749 1331 4805 videre
1362 4748 1413 4805 in
1445 4750 1534 4804 illa
1562 4750 1729 4820 gloria
1766 4738 2171 4806 consistentem.

577 4836 815 4893 Putasne
864 4852 1156 4907 agnoscere
1206 4856 1290 4895 me
1337 4842 1548 4909 habeat,
1609 4856 1676 4895 eo
1742 4840 1887 4911 quod
1938 4843 2172 4910 genitrix

576 4930 697 5001 ejus
728 4930 919 4986 fuerim
965 4931 1287 5002 aliquando?
1334 4934 1436 4987 Aut
1482 4934 1620 4988 forte
1668 4936 1721 4989 in
1772 4942 1923 4988 tanto
1970 4935 2172 4988 honore

579 5024 778 5080 ibidem
813 5023 1043 5093 positus,
1076 5033 1131 5078 ut
1161 5023 1315 5090 dicis,
1349 5024 1508 5081 modo
1540 5025 1805 5095 inspicere
1838 5033 2172 5092 contemnet,

580 5134 647 5173 co
676 5118 815 5187 quod
848 5116 1298 5186 pulchritudinem
1325 5119 1432 5174 mei
1463 5119 1669 5190 vultus,
1704 5122 1875 5190 ipsum
1934 5120 2171 5191 lugendo

578 5212 775 5268 amisi?
805 5212 873 5267 Et
899 5211 1217 5283 Vigilantius
1248 5228 1263 5266 :
1294 5214 1352 5269 Si
1382 5216 1570 5271 feceris
1615 5213 1795 5286 itaque
1823 5231 1944 5285 qua;
1973 5216 2173 5285 scripta

581 5313 708 5360 sunt
738 5306 790 5359 in
822 5305 921 5361 hoc
950 5305 1111 5374 libro,
1137 5321 1293 5376 quem
1324 5307 1453 5363 mihi
1488 5308 1778 5379 dereliquit
1804 5321 2022 5364 sanctus
2051 5310 2170 5378 Epi-

580 5408 751 5452 ctetus
781 5408 836 5453 et
864 5399 1074 5460 Astion,
1109 5407 1164 5454 et
1193 5400 1488 5456 credideris
1515 5416 1584 5457 ex
1620 5410 1732 5456 toto
1761 5402 1927 5456 corde
1982 5402 2033 5455 in
2082 5401 2177 5456 Je-

580 5508 697 5546 sum
732 5491 1001 5548 Christum
1032 5510 1211 5567 regem
1240 5497 1428 5566 ipsius,
1464 5498 1516 5552 in
1539 5512 1696 5568 quem
1720 5507 1775 5552 et
1802 5500 1904 5554 iste
1926 5499 2173 5565 credidit,

582 5583 781 5657 poteris
814 5572 1165 5645 eum'videre.
1197 5591 1291 5647 Sin
1338 5607 1467 5648 vero
1511 5593 1749 5649 nolueris
1799 5595 2043 5663 credere,
2077 5596 2179 5650 im-

585 5681 842 5751 possibile
872 5691 1038 5741 estut
1066 5694 1121 5740 tu
1169 5685 1318 5742 illum
1370 5689 1573 5757 videas,
1620 5691 1702 5745 vel
1755 5699 1978 5745 matrem
2026 5704 2177 5746 suam

582 5777 822 5834 nominet
854 5780 1173 5847 aliquando,
1204 5795 1267 5833 eo
1298 5781 1437 5850 quod
1492 5782 1766 5838 incredula
1818 5783 2070 5837 exstitisti
2124 5782 2177 5837 in

582 5870 849 5929 mandatis
873 5872 1046 5926 Patris
1076 5872 1260 5941 ipsius.
1295 5871 1360 5925 Et
1383 5884 1551 5929 mater
1584 5896 1591 5925 :
1626 5873 1783 5943 Ecce,
1810 5874 1999 5944 inquit,
2030 5881 2181 5941 pater

2281 4752 2406 4807 reri.
2440 4748 2544 4808 Sed
2575 4758 2631 4806 et
2659 4750 2727 4804 ad
2757 4748 3105 4819 Vigilantiam
3147 4749 3405 4813 dixerunt
3436 4766 3449 4803 :
3483 4748 3670 4805 Gaude
3717 4757 3776 4803 et
3824 4756 3879 4804 tu

2280 4846 2334 4900 in
2368 4844 2614 4909 Domino,
2645 4857 2680 4899 o
2726 4830 3039 4899 dulcissime
3087 4842 3255 4899 Irater
3302 4841 3573 4912 Vigilanti,
3622 4854 3690 4897 eo
3732 4838 3877 4912 quod

2278 4938 2471 5009 dignus
2501 4936 2721 4993 eﬂ'ectus
2747 4949 2809 4992 es
2834 4944 2893 4989 ut
2920 4936 3202 5005 impleatur
3230 4935 3284 4991 in
3316 4943 3391 4999 te,
3424 4932 3566 5004 quod
3613 4932 3876 5002 scriptum

2280 5041 2366 5087 est
2398 5049 2410 5087 :
2441 5031 2577 5099 Quia
2606 5031 2696 5102 qui
2726 5030 2970 5086 converti
3000 5029 3191 5086 fecerit
3219 5038 3563 5100 peccatorem
3591 5027 3661 5083 ab
3687 5042 3881 5084 errore

2280 5125 2382 5181 vite
2430 5139 2560 5188 suae,
2594 5123 2828 5179 salvabit
2869 5121 3101 5178 animam
3151 5122 3267 5191 ejus
3296 5137 3328 5179 a
3359 5112 3553 5186 morte,
3602 5130 3657 5176 et
3702 5122 3883 5191 operit

2282 5218 2679 5275 multitudinem
2704 5225 3071 5285 peccatorum.

2353 5310 2483 5365 Car.
2518 5308 2960 5364 XXVi.—Tunc
2981 5316 3197 5363 sanctus
3225 5307 3412 5361 Astion
3440 5304 3544 5360 hoc
3568 5302 3734 5359 modo
3761 5317 3877 5359 coe-

2284 5402 2364 5471 pit
2405 5401 2589 5456 dicere
2635 5401 2704 5455 ad
2742 5400 3083 5456 matrem:0
3130 5399 3441 5457 dulcissima
3489 5412 3552 5454 ac
3598 5396 3883 5453 benedicta

2286 5492 2505 5549 domina
2535 5505 2654 5548 mea
2681 5501 2873 5558 mater,
2908 5493 2995 5547 illa
3038 5493 3218 5547 omnia
3265 5507 3384 5561 qua:
3430 5491 3481 5547 in
3531 5497 3881 5544 sacrosancto

2292 5585 2581 5657 Evangelio
2609 5584 2809 5641 Christi
2852 5584 3064 5640 Domini
3106 5586 3275 5640 nostri
3317 5584 3517 5651 scripta
3557 5590 3721 5649 sunt,
3751 5596 3880 5639 vera

2292 5688 2416 5733 sunt
2441 5687 2493 5733 et
2524 5678 2700 5733 firma.
2734 5676 2950 5735 Festina
2979 5692 3107 5746 ergo
3136 5692 3198 5731 ea
3229 5678 3348 5733 sine
3379 5691 3527 5731 mora
3562 5678 3743 5745 aliqua
3780 5674 3881 5729 ad-

2292 5772 2550 5841 implere,
2587 5781 2639 5827 ut
2665 5786 2727 5826 ea
2770 5787 2894 5841 quae
2923 5772 3031 5827 illic
3059 5772 3257 5839 scripta
3300 5780 3426 5826 sunt
3467 5768 3727 5837 consequi
3760 5782 3884 5838 pro-

2297 5866 2571 5923 merearis.
2606 5865 2770 5936 Igitur
2803 5864 3103 5934 portionem
3152 5862 3281 5920 mihi
3333 5863 3402 5920 de
3450 5873 3537 5919 tua
3589 5860 3889 5916 substantia
