4158 6354
277 406 392 464 415

574 404 736 462 VJTA
776 398 1198 459 S'ANCTORUM
1239 354 1553 454 EPICTETI
1598 396 2034 453 PRESBYTERI
2074 399 2163 454 ET
2203 400 2517 462 ASTIONIS
2559 406 2890 463 MONACHI.
2933 408 3259 468 NOTATIO.

3442 415 3552 470 414

274 525 795 595 obtingemem,.pro
826 518 1156 586 mea-requie
1185 517 1303 583 (ll)
1327 531 1390 571 ac
1422 526 1507 570 tua
1539 516 1710 570 salute
1734 530 1862 583 pauo
1899 514 1949 576 Α
1974 516 2205 585 Bonoso,
2235 520 2299 573 ad
2331 537 2450 576 eum
2475 525 2863 595 perduxerunt,
2890 540 3326 602 exponentesque
3356 530 3432 588 illi
3463 550 3557 604 per

278 619 497 691 peri-bus
544 615 722 671 divide
766 629 829 669 ac
875 612 1156 677 distribue,
1208 618 1266 664 ut
1308 611 1386 665 sic
1432 614 1690 664 merearis
1736 624 1860 662 cum

275 710 501 783 justitite
532 722 731 764 corona
762 713 817 760 et
859 705 1012 759 bonis
1061 703 1316 770 operibus
1359 702 1609 757 decorata
1655 701 1718 755 ad
1769 717 1865 756 nos

281 803 589 873 pervenire.
626 800 691 854 Et
722 809 926 853 mater:
964 796 1137 861 Bene,
1167 795 1372 865 inquit,
1399 795 1615 850 haberis
1658 810 1686 850 a
1720 795 1864 863 Rege

280 903 392 960 tuo,
421 907 515 947 seu
542 907 571 946 a
603 889 954 945 familiaribus
976 888 1111 959 ejus,
1142 886 1451 943 dulcissim’e
1478 888 1590 941 fili?
1616 887 1860 955 Respon-

273 986 357 1041 dit
386 987 574 1042 Astion
602 1002 617 1040 :
643 983 698 1045 ιιι
742 989 949 1063 ιειιιιιιιιι⁵
992 981 1128 1050 dego
1176 980 1329 1063 bene,
1389 988 1445 1034 ut
1493 981 1724 1051 qualiter
1764 982 1862 1038 tibi

275 1094 543 1155 exponam
574 1078 838 1144 nesciam;
874 1075 1041 1132 filium
1070 1086 1301 1146 namque
1330 1090 1485 1133 suum
1521 1074 1778 1133 Dominus
1800 1094 1861 1133 ac

281 1156 427 1226 Deus
454 1178 659 1236 noster,
690 1185 753 1224 ex
782 1185 939 1226 servo
973 1186 1066 1240 per
1091 1184 1238 1224 suam
1266 1158 1492 1240 gratiam
1523 1185 1610 1225 me
1636 1172 1859 1240 adopta-

274 1265 379 1328 vit,
412 1264 461 1317 in
493 1263 708 1317 civitate
736 1277 829 1318 sua
858 1263 1191 1318 mansionem
1228 1262 1357 1318 mihi
1395 1263 1598 1328 tribuit,
1634 1264 1684 1318 in
1717 1265 1860 1345 pala-

272 1358 351 1412 tio
378 1371 476 1412 suo
505 1356 732 1411 militare
760 1372 847 1411 me
882 1354 1045 1425 fecit,
1078 1358 1218 1413 inter
1256 1367 1533 1413 senatores
1567 1358 1855 1412 maximam

275 1451 588 1519 dignitatem
633 1450 763 1515 mihi
816 1450 1170 1523 condenavjt,
1220 1451 1452 1521 paradisi
1490 1452 1857 1508 amoenitatem

272 1540 409 1595 mihi
441 1541 505 1595 ad
532 1540 755 1596 delicias
798 1540 1033 1595 tradidit.
1071 1540 1179 1597 Sed
1222 1548 1275 1596 et
1320 1542 1553 1595 ministri
1596 1541 1710 1611 ejus
1744 1553 1859 1596 tan-

267 1649 433 1704 quam
458 1632 527 1689 de
556 1634 667 1688 suis
697 1648 782 1687 me
811 1633 1012 1688 habere
1039 1632 1238 1703 dignati
1281 1641 1443 1698 sunt,
1495 1647 1559 1688 ac
1608 1632 1856 1703 diligunt.

266 1727 445 1797 Pergo
472 1741 700 1794 namque
724 1741 843 1781 cum
874 1726 953 1781 eis
978 1742 1073 1796 per
1098 1725 1337 1795 singulos
1365 1725 1481 1780 dies
1520 1724 1587 1779 ad
1640 1724 1862 1779 visitan-

270 1822 409 1877 dum
436 1820 691 1885 inﬁrmos,
712 1821 776 1881 ad
798 1820 1113 1877 elevandum
1140 1820 1328 1885 elisos,
1360 1820 1427 1875 ad
1450 1818 1855 1874 illuminandum

1971 611 2215 667 ordinem
2259 625 2449 671 cuncta
2486 632 2605 687 quae
2647 628 2765 673 acta
2813 621 3082 689 fuissent,
3109 624 3371 694 rogabant
3415 628 3554 681 utin

1970 718 2196 758 numero
2228 706 2463 762 fidelium
2488 725 2580 764 eos
2600 710 2827 768 i‘hristo'
2857 725 3218 769 consecraret.
3250 717 3319 770 At
3350 717 3440 770 ille
3464 718 3543 771 ni-

1969 796 2132 851 mium
2159 797 2376 868 gavisus
2410 799 2464 854 in
2499 800 2722 857 Domino
2748 846 2763 871 ,
2818 819 3097 862 assumens
3128 822 3221 863 eos
3251 851 3265 873 ,
3295 818 3351 864 et
3393 824 3553 864 orans

1968 905 2068 959 pro
2097 891 2176 945 eis
2202 894 2554 962 sufficienter,
2588 909 2984 954 sacramentum
3016 901 3272 970 baptismi
3305 903 3544 958 tradidit.

1968 981 2035 1036 Et
2051 984 2299 1037 exultans
2324 999 2442 1039 cum
2466 990 2543 1041 eis
2566 1002 2661 1056 per
2687 987 2799 1043 dies
2826 999 2967 1055 octo,
2996 992 3047 1045 in
3073 993 3231 1047 aliam
3254 995 3547 1063 civitatem,

1966 1089 2086 1144 quae
2123 1075 2176 1132 in
2205 1066 2448 1147 proximo
2494 1082 2734 1145 habetur,
2766 1087 3042 1139 remeavit.
3086 1086 3327 1158 Cumque
3367 1104 3543 1143 sacer.

1968 1174 2065 1227 dos
2097 1172 2301 1228 Domini
2345 1175 2465 1229 inde
2511 1190 2824 1250 remeasset,
2880 1182 3055 1237 taliter
3092 1184 3158 1238 ad
3204 1170 3547 1257 Vigilantium

1968 1264 2272 1321 Alexander
2320 1280 2371 1321 et
2413 1269 2721 1326 Marcellina
2774 1273 2959 1329 dicere
3004 1287 3283 1345 coeperunt
3328 1296 3340 1331 :
3391 1278 3551 1335 Multa

1966 1352 2222 1409 beneficia
2274 1363 2359 1411 tua
2404 1373 2527 1428 erga
2571 1375 2666 1413 nos
2710 1362 2995 1429 habentur,
3045 1380 3078 1419 ο
3108 1367 3454 1423 dilectissime
3498 1377 3549 1425 et

1968 1442 2195 1501 nimium
2223 1448 2374 1503 nobis
2403 1451 2650 1507 amabilis
2684 1452 2869 1519 frater,
2895 1471 2959 1510 eo
2984 1457 3129 1529 quod
3158 1473 3251 1527 per
3280 1468 3424 1513 tuam
3459 1474 3545 1514 sa-

1968 1536 2236 1593 lutiferam
2276 1542 2578 1619 doctrinam
2619 1545 2802 1614 jugum
2840 1547 3033 1602 diaboli
3078 1552 3375 1606 meruimus
3422 1566 3548 1606 eva-

1966 1628 2115 1695 dere,
2143 1642 2198 1686 et
2224 1631 2290 1687 ad
2313 1631 2512 1689 Christi
2536 1637 2830 1693 Salvatoris
2859 1622 3028 1695 nostri
3078 1643 3320 1698 notitiam
3362 1659 3552 1715 perve-

1965 1722 2101 1777 nire.
2137 1723 2411 1790 Siquidem
2442 1728 2602 1781 nimis
2632 1728 2817 1784 existis
2839 1730 2890 1785 in
2916 1733 3177 1799 sapientia
3201 1735 3465 1803 gloriosus
3494 1737 3548 1791 in

1964 1824 2146 1871 sancta
2177 1817 2399 1873 ecclesia
2423 1860 2439 1886 ,
2470 1821 2761 1889 praeclarus
2804 1824 2855 1883 in
2903 1824 3163 1889 doctrinae
3192 1827 3394 1895 gratia;
3430 1844 3549 1898 per-

262 1929 485 1979 cmcos,
536 1914 603 1968 ad
649 1914 960 1969 salvandum
1020 1914 1387 1984 periclitantes
1449 1914 1501 1967 in
1563 1913 1738 1980 mari,
1788 1909 2157 1981 adBfectam
2213 1909 2417 1967 habens
2463 1913 2808 1969 dilectionem
2864 1932 2990 1987 erga
3050 1920 3221 1973 sancti
3281 1920 3552 1990 Evangelii

267 2007 682 2079 expugnandum
730 2017 916 2079 gentes
950 2008 1209 2077 barbaras
1252 2008 1556 2077 prreliantes
1588 2009 1639 2063 in
1673 2017 1848 2074 terra,

264 2099 338 2155 ad
366 2097 749 2153 consolandum
781 2107 1030 2163 mestos,
1060 2098 1125 2152 ad
1153 2097 1552 2154 defendendum
1583 2097 1850 2166 impoten-

264 2200 368 2256 tes,
404 2200 566 2261 atque
592 2190 902 2260 eﬂ‘ugandos
931 2191 1206 2247 daemones
1235 2191 1304 2247 de
1333 2191 1570 2247 obsessis
1609 2192 1853 2261 corpori-

261 2284 385 2347 bus,
416 2284 469 2337 in
498 2283 719 2338 nomine
749 2283 959 2341 Domini
1007 2284 1178 2339 nostri
1221 2283 1349 2339 Jesu
1399 2281 1615 2337 Christi.
1643 2282 1748 2337 Sed
1796 2290 1852 2336 et

261 2376 506 2446 quotidie
534 2376 600 2430 de
623 2374 774 2430 vobis
798 2375 926 2430 mihi
960 2376 1295 2445 praecipiunt,
1315 2376 1582 2431 dicentes:
1607 2378 1851 2441 Admone

262 2474 469 2535 patrem
496 2473 643 2520 tuum
659 2476 710 2520 et
725 2473 975 2534 matrem,
999 2474 1055 2520 ut
1072 2465 1138 2520 ad
1164 2466 1276 2521 hinc
1296 2465 1608 2535 perveniant
1629 2464 1770 2520 loca.
1785 2465 1851 2518 Et

260 2569 472 2621 mater:
497 2562 807 2630 Agnoscunt
824 2561 1003 2631 itaque
1025 2575 1142 2623 nos,
1170 2559 1244 2633 fili
1269 2559 1375 2614 mi?
1398 2542 1699 2626 Respondit
1722 2572 1849 2611 san-

258 2662 381 2709 ctus
394 2654 668 2722 Astion,et
682 2654 813 2708 dixit
831 2672 841 2707 :
861 2653 1095 2723 Nimium
1106 2668 1201 2708 vos
1218 2652 1443 2723 diligunt
1460 2661 1514 2707 et
1528 2660 1845 2722 agnoscunt,

258 2742 476 2811 domina
499 2754 703 2799 mater:
727 2752 926 2799 tantum
948 2746 993 2798 si
1020 2753 1194 2799 vestra
1217 2744 1463 2799 voluntas
1484 2753 1566 2799 est
1591 2758 1848 2811 agnosce-

258 2852 323 2895 re
342 2850 529 2905 eos,ut
544 2839 764 2909 adillam
786 2840 1169 2896 beatitudinem
1187 2840 1304 2905 sine
1322 2839 1495 2909 aliqua
1513 2839 1848 2894 dubitatione

258 2928 484 2999 possitis
517 2927 824 3003 pervenire.
873 2931 936 2985 Et
985 2940 1177 2997 mater,
1212 2946 1321 3000 prze
1351 2929 1516 2984 nimio
1542 2929 1739 2999 gaudio
1770 2928 1847 2982 fe-

258 3022 408 3078 riens
430 3035 618 3091 pectus
646 3036 824 3087 suum,
856 3022 1067 3076 dicebat
1097 3041 1107 3074 :
1136 3022 1299 3077 Putas
1320 3020 1640 3091 quandoque
1664 3019 1846 3075 infelix

257 3124 318 3171 et
348 3116 540 3169 misera
570 3114 693 3169 illuc
718 3114 1057 3182 perveniam?
1084 3115 1148 3168 Et
1168 3113 1511 3169 beatissimus
1542 3113 1725 3167 Astion
1758 3127 1844 3165 re-

259 3208 517 3279 spondit:
550 3209 605 3264 Si
656 3209 949 3264 credideris
986 3206 1219 3277 perfecte
1246 3209 1299 3263 iu
1337 3207 1519 3263 Jesum
1572 3206 1845 3262 Christum

1956 2000 2293 2072 religionem,
2322 2014 2376 2059 et
2406 2004 2633 2060 nimium
2666 2023 2906 2065 amorem
2940 2010 2993 2063 in
3026 2012 3434 2082 peregrinorum
3460 2028 3549 2067 su.

1956 2096 2249 2164 sceptione,
2280 2098 2701 2157 inenarrabilem
2734 2102 3167 2159 benevolentiam
3196 2108 3335 2161 circa
3380 2107 3551 2178 impo-

1957 2192 2179 2245 tentium
2214 2191 2611 2261 defensionem,
2644 2211 2737 2252 seu
2768 2197 3105 2259 infirmorum
3135 2199 3495 2256 visitationem
3522 2219 3535 2266 ;

1953 2281 2167 2339 fervens
2196 2285 2317 2341 fidei
2340 2286 2520 2343 calore
2544 2303 2667 2358 erga
2705 2289 2968 2355 idolorum
2993 2291 3436 2358 destructionem,
3461 2292 3549 2347 vel

1951 2389 2256 2435 sanctorum
2289 2391 2580 2453 martyrum
2613 2397 2885 2450 amorem;
2920 2400 2983 2440 ac
3013 2386 3306 2441 secundum
3338 2387 3411 2441 tui
3447 2400 3540 2440 no-

1953 2471 2116 2527 minis
2147 2484 2543 2529 sacramentum
2567 2516 2582 2541 ,
2615 2475 2837 2544 vigilans
2865 2475 3053 2531 existis
3084 2475 3136 2530 in
3165 2477 3373 2533 cunctis
3395 2477 3550 2532 bonis

1955 2568 2208 2635 aperibus
2240 2577 2460 2637 propter
2503 2569 2595 2625 Dei
2628 2584 2891 2625 amorem.
2938 2570 3105 2643 Igitur
3135 2570 3271 2626 nihil
3297 2570 3440 2625 aliud
3471 2582 3551 2626 est

1952 2657 2020 2729 de
2052 2667 2102 2713 te
2132 2658 2588 2727 pronuntiandum
2611 2701 2628 2728 ,
2658 2661 2761 2723 nisi
2783 2678 2848 2717 eo
2877 2663 3019 2731 quod
3074 2678 3210 2733 unus
3250 2678 3318 2718 ex
3350 2664 3550 2718 intimis

1952 2750 2047 2807 Dei
2078 2750 2266 2807 amicis
2295 2751 2528 2807 tiaberis.
2564 2752 2627 2806 Et
2653 2752 2766 2807 haec
2793 2742 3057 2820 dicentes,
3091 2763 3201 2810 tam
3234 2770 3356 2810 eum
3386 2770 3545 2824 quam

1952 2856 2196 2899 sanctum
2247 2859 2310 2901 ac
2338 2843 2699 2900 venerabilem
2732 2848 3105 2916 presbyterum
3137 2848 3406 2903 Bonosum
3451 2846 3549 2901 du-

1952 2945 2133 2991 centes
2159 2951 2339 2991 secum
2370 2938 2435 2992 ad
2469 2938 2740 3007 propriam
2774 2940 3071 3007 civitatem,
3106 2940 3306 2995 hilares
3333 2940 3539 3004 animo,

1951 3035 2007 3083 et
2052 3028 2273 3097 perfecti
2323 3029 2376 3083 in
2426 3029 2653 3085 Domino
2701 3042 3043 3099 remearunt;
3090 3042 3250 3102 atque
3302 3032 3546 3087 universa

1951 3120 2091 3192 bona
2114 3135 2209 3175 sua
2234 3122 2514 3190 egentibus
2541 3122 2949 3192 distribuentes,
2981 3123 3357 3193 glorificabant
3380 3124 3546 3178 Deum

1950 3210 2163 3266 Patrem
2192 3214 2643 3282 omnipotentem,
2675 3214 2763 3283 qui
2792 3229 2883 3269 eos
2913 3216 2979 3269 de
3002 3216 3241 3270 tenebris
3274 3215 3339 3269 ad
3368 3217 3547 3285 cogni-

260 3300 548 3357 Dominum
580 3316 642 3354 ac
669 3300 835 3356 Deum
867 3309 1105 3355 nostrum
1135 3342 1149 3366 ,
1190 3299 1640 3370 quemadmodum
1670 3298 1842 3353 credi-

1957 3304 2113 3361 tionis
2141 3320 2253 3359 sua:
2282 3305 2460 3359 lumen
2493 3306 2789 3375 perducere
2819 3306 3065 3377 dignatus
3095 3316 3197 3363 est.

261 3393 340 3448 dit
371 3393 718 3465 Vigilantius,
768 3402 928 3464 atque
959 3395 1135 3448 omnia
1183 3394 1325 3455 bona
1374 3403 1463 3448 tua
1505 3393 1846 3449 distribueris

259 3484 648 3555 indigentibus,
680 3486 798 3540 sine
830 3485 991 3541 dubio
1020 3495 1074 3540 et
1105 3486 1290 3541 vivere
1315 3495 1369 3541 et
1399 3486 1646 3541 exultare
1680 3486 1846 3541 habes

260 3591 472 3633 mecum
504 3579 555 3632 in
585 3576 695 3643 illa,
718 3577 769 3630 in
796 3592 898 3646 qua
928 3586 983 3631 et
1013 3593 1111 3647 ego
1139 3576 1274 3646 dego
1294 3620 1309 3644 ,
1342 3576 1674 3633 beatitudine
1705 3592 1848 3632 sem-

262 3669 496 3742 piterna.
532 3668 773 3742 Cumque
802 3671 887 3727 his
914 3681 967 3726 et
995 3671 1366 3741 hujuscemodi
1411 3674 1591 3727 verbis
1630 3673 1848 3727 athletzc

261 3764 461 3821 Christi
493 3766 733 3819 instructi
757 3774 959 3831 essent,
993 3775 1337 3821 recesserunt
1370 3766 1438 3819 ab
1461 3766 1559 3821 eis.

335 3858 465 3913 Car.
498 3855 717 3913 XXVII.
740 3885 812 3896 —
836 3857 1001 3926 Igitur
1042 3846 1600 3930 cumquadragesima
1646 3858 1845 3913 dormi-

260 3953 426 4009 tionis
469 3967 656 4007 eorum
716 3952 831 4007 dies
890 3951 1201 4019 illuxisset,
1246 3961 1299 4006 et
1352 3950 1551 4006 Christi
1611 3952 1849 4022 pontifex

259 4044 601 4114 evangelicus
634 4046 686 4098 in
712 4044 901 4099 urbem
928 4043 1366 4099 Almiridensium
1398 4043 1729 4111 devenisset,
1763 4060 1849 4099 as-

260 4156 485 4197 sumens
516 4154 610 4195 eos
642 4138 957 4210 Vigilantius
1004 4153 1110 4193 una
1140 4152 1262 4193 cum
1303 4147 1493 4194 sancto
1536 4137 1849 4209 presbytero

2028 3398 2367 3454 Pertuleruut
2390 3407 2567 3453 autem
2600 3399 2914 3468 martyrium
2947 3402 3118 3457 sancti
3149 3410 3308 3472 atque
3327 3403 3549 3457 athletae

1951 3491 2174 3558 Christi,
2210 3490 2485 3560 Epictetus
2517 3491 2797 3562 presbyter
2844 3500 2899 3549 et
2939 3493 3127 3549 Astion
3162 3493 3456 3548 monachus
3491 3494 3544 3548 in

1953 3585 2393 3642 Almiridensium
2425 3585 2662 3652 civitate,
2693 3578 2879 3641 octava
2909 3586 2975 3642 de
3005 3587 3209 3643 mensis
3232 3586 3386 3653 Julii,
3413 3597 3546 3641 tem-

1956 3666 2187 3751 poribus
2208 3677 2525 3733 Diocletiani
2584 3679 2827 3749 tyranni,
2876 3679 2976 3734 sub
3022 3678 3157 3733 duce
3191 3678 3543 3733 Latroniano.

1956 3770 2259 3831 Secundum
2289 3785 2386 3823 nos
2414 3786 2541 3825 vero
2566 3812 2579 3835 ,
2610 3779 2863 3841 regnante
2896 3772 2947 3824 in
2980 3771 3131 3826 caelis
3172 3770 3301 3825 Jesu
3324 3769 3545 3824 Christo

1957 3865 2237 3921 Salvatorc
2288 3873 2505 3929 nostro,
2555 3878 2712 3932 quem
2767 3862 2922 3917 decet
2971 3862 3139 3931 gloria
3172 3872 3224 3916 et
3260 3860 3542 3930 imperium

1955 3974 2059 4015 una
2088 3974 2207 4013 cum
2236 3958 2394 4013 Patre
2420 3967 2474 4013 et
2502 3957 2702 4027 Spiritu
2733 3966 2917 4012 sancto
2945 3997 2960 4023 ,
2987 3957 3038 4010 in
3082 3956 3275 4012 suacula
3317 3954 3544 4011 saiculo-

1957 4036 2099 4111 rum.
2135 4057 2323 4111 Amen.

1530 4274 1906 4334 ROSWEYDI
1942 4268 2270 4331 NOTATIO.
2329 4246 2337 4253 ’

332 4374 497 4448 224
527 4373 606 4446 (1)
637 4371 859 4443 Epicteti
904 4371 1186 4448 presqyteri
1223 4382 1275 4448 et
1298 4368 1523 4448 Aetionis
1562 4370 1845 4448 iuopacfrij

264 4441 810 4504 lloTiTm'sanctorum
860 4441 1046 4499 uullibi
1099 4443 1153 4497 in
1206 4442 1399 4497 tabulis
1456 4442 1846 4497 Ecclesiasticis

258 4522 590 4577 mentionem
620 4516 854 4583 invenio,
873 4521 1246 4584 przeterquam
1276 4514 1325 4567 in
1358 4512 1597 4584 Florario
1627 4523 1844 4568 sancto-

264 4609 384 4645 rum
441 4588 844 4652 manuscripto,
896 4583 983 4637 tibi
1038 4582 1121 4638 ita‘
1165 4583 1391 4638 habetur
1443 4584 1474 4637 8
1526 4582 1689 4638 Julii:
1729 4603 1748 4635 ι
1789 4586 1845 4641 [n
1877 4588 1931 4650 D

260 4664 484 4716 (lriente
507 4668 813 4714 sanctorum
840 4664 1132 4725 martyrum
1159 4654 1380 4724 Epictici
1404 4660 1460 4708 et
1486 4654 1724 4709 Astionis
1750 4670 1848 4723 pro

258 4734 479 4791 Christo
524 4728 925 4786 interfectorum
956 4727 1055 4780 sub
1091 4725 1419 4795 Diocletiano
1441 4727 1593 4794 imp.,
1620 4741 1846 4794 quorum

259 4807 383 4865 miri
415 4816 565 4857 actus
586 4812 641 4859 et
667 4802 942 4870 passiones
968 4798 1232 4867 leguntur.
1252 4797 1403 4870 Passi
1434 4808 1559 4870 sunt
1590 4810 1732 4870 auuo
1757 4811 1847 4850 sa-

262 4876 393 4932 lutis
416 4872 561 4929 ‘290:
605 4893 623 4926 ι
662 4867 804 4927 idem
853 4870 965 4923 dies
1012 4871 1311 4938 assignatur
1363 4869 1414 4922 in
1468 4867 1848 4937 Martyrologio

266 4946 500 5002 bsuardi
532 4955 689 4999 aucto
734 4957 762 4994 a
813 4940 1189 4995 Carthusianis
1244 4938 1657 4995 Coloniensibus
1706 4953 1849 4993 anno

262 5018 429 5074 1521.
462 5020 539 5069 Ιιζι
575 5018 675 5071 hac
702 5021 877 5069 autem
907 5012 1023 5067 Vita
1054 5016 1183 5069 citat
1217 5011 1524 5081 exemplum
1559 5010 1845 5077 Speculum

261 5088 657 5156 exemplorum,
681 5083 998 5156 distinct.8,
1016 5100 1134 5151 qua:
1164 5092 1245 5138 est
1271 5083 1485 5156 exVitis
1505 5081 1845 5149 Sanctorum,

261 5155 479 5229 exemp.
510 5158 601 5223 21,
630 5155 891 5229 quodhic
919 5155 1143 5229 habetur
1174 5170 1290 5224 cap.
1329 5155 1415 5209 ll.

343 5225 510 5299 Ilujus
537 5225 659 5283 Vita?
688 5225 888 5281 nullum
912 5226 1189 5299 exemplar
1218 5226 1634 5299 manuscriptum
1666 5225 1846 5299 habui,

260 5295 463 5373 pra-ter
490 5316 653 5355 unum
674 5314 738 5354 ex
761 5298 985 5373 ecetesia
1012 5298 1192 5353 Sancti
1223 5297 1517 5373 salvatoris
1545 5295 1845 5362 Ultrajecti,

259 5368 293 5429 ἐι
331 5374 743 5448 recentimiinu.
775 5368 1231 5448 Nullon-irquoque
1265 5370 1587 5448 impresmiu
1608 5409 1620 5430 ,
1658 5378 1849 5448 praeter

260 5462 429 5498 unum
459 5439 783 5500 Coloniense
811 5440 863 5494 in
896 5439 1045 5494 Vitis?
1069 5439 1306 5495 Patrum.
1333 5439 1462 5493 Nam
1496 5440 1712 5508 reliqua:
1736 5439 1844 5492 eili-

260 5516 447 5570 tiones
476 5516 575 5569 hac
606 5514 723 5569 Vita
745 5522 952 5567 carent.

341 5589 425 5656 (2)
474 5586 783 5640 Diocletiani
838 5584 1187 5654 profanissimi
1240 5578 1611 5656 imperatoris.]
1662 5580 1849 5656 Editus

259 5654 498 5717 addebat
521 5675 534 5711 :
564 5660 650 5727 qui
676 5658 905 5726 regnavit
933 5658 1068 5709 circa
1090 5671 1252 5709 annos
1288 5654 1494 5708 Domini
1533 5656 1632 5708 190
1660 5695 1675 5718 ,
1707 5654 1847 5722 quod

260 5732 419 5789 deest
447 5730 813 5795 manuscriplo
837 5769 851 5794 ,
883 5736 938 5781 et
970 5728 1125 5795 plane
1155 5741 1412 5781 erroneus
1444 5735 1524 5779 cst
1569 5739 1842 5779 numerus.

339 5803 418 5873 (5)
449 5798 606 5871 [ir/0.]
632 5802 763 5867 Quae
785 5814 1080 5873 sequuntur
1106 5800 1363 5873 usquead
1396 5797 1527 5851 Ecce
1549 5799 1770 5873 dcet-ant
1797 5798 1846 5873 in

259 5869 431 5931 edito.
466 5869 720 5941 Qum—dam
753 5885 815 5925 ex
851 5870 1080 5925 narratis
1112 5869 1346 5925 historiis
1375 5869 1847 5941 conveniuntqui-

260 5950 389 6004 dem
447 5937 779 6012 temporibus
828 5942 1141 5999 Diocletiani
1172 5982 1189 6008 ,
1235 5953 1289 5997 et
1333 5956 1398 5996 eo
1448 5937 1844 6008 superioribus;

1955 4368 2197 4438 quaedam
2229 4377 2408 4421 tamen
2435 4364 2685 4420 videntur
2707 4362 3032 4438 Diocletiano
3052 4360 3401 4438 posteriores.
3436 4362 3544 4417 Un-

1956 4431 2024 4495 de
2050 4440 2388 4501 colligeretur
2414 4431 2784 4489 assumentum
2817 4433 2901 4486 hic
2933 4431 3143 4499 aliquod
3177 4433 3498 4485 accessisse.

2027 4508 2105 4582 (4)
2148 4508 2341 4580 Viginti
2371 4517 2593 4582 quatuor
2624 4503 2787 4575 libri]
2822 4504 2980 4556 Varie
3008 4504 3130 4582 olim
3159 4515 3415 4582 lllllll-el‘tls
3446 4502 3546 4582 ini-

1957 4572 2046 4636 tus
2070 4572 2344 4637 sacrorum
2378 4572 2639 4631 librorum
2664 4593 2677 4643 ;
2707 4572 2804 4643 pro
2834 4588 2935 4642 qua
2978 4575 3239 4627 varietate
3280 4572 3431 4627 locus
3459 4572 3547 4627 hic

1955 4650 2335 4720 intelligendus
2363 4659 2465 4704 est.

2035 4713 2584 4794 (Ei):Aliitirideusi_urn
2633 4713 2936 4794 ciuitatesz
2981 4713 3217 4785 Scythia:
3275 4714 3545 4771 civitatem

1952 4788 2107 4858 esse,
2130 4791 2237 4846 Vita
2272 4792 2385 4844 haec
2419 4790 2633 4843 indicat.
2675 4788 2804 4841 Vide
2836 4788 3113 4858 Onomast.

2027 4857 2106 4934 (6)
2138 4861 2413 4987 σαιειωίεί)
2446 4860 2520 4914 Ita
2551 4861 2683 4915 olim
2716 4857 2886 4913 vocati
2910 4857 3223 4914 Christiani.
3248 4858 3536 4925 Lucianus,

2040 4936 2334 4987 Philunatr.
2421 4933 2505 4987 ide
2526 4932 2930 4987 Onumastlcon.

1952 4936 2006 4992 in
2040 4932 2334 5004 Philopatr.
2371 4932 2505 4989 Vide
2526 4932 2930 5004 Onuinastlcon.

2026 5007 2106 5080 (7)
2142 4999 2655 5082 Latroniauiducisd
2676 5003 2907 5082 Scythim
2926 5002 3027 5057 hoc
3045 5012 3286 5081 tempore
3314 4999 3419 5082 du;
3450 5000 3538 5053 vel

1953 5074 2155 5149 praeses
2186 5077 2282 5131 fuit
2308 5079 2407 5131 iste
2434 5075 2809 5129 Latronianus.
2840 5074 2913 5127 De
2944 5090 3046 5143 quo
3078 5086 3236 5140 porro
3263 5074 3544 5138 inquiren-

1953 5151 2105 5294 όῃὲἓᾶ
2142 5216 2595 5289 Vinculatorium.]
2625 5218 2911 5294 Cameren}
2946 5212 3215 5294 intelligit.
3249 5208 3340 5291 Sic
3368 5210 3541 5294 Cruci

1950 5284 2147 5349 Vocant
2193 5284 2595 5365 δεσμωτήρια-,οξ
2643 5288 2782 5359 quod
2837 5286 2909 5340 ibi
2967 5284 3168 5355 δεσμῶν
3220 5284 3543 5337 vinculorum

1953 5380 2521 5506 cuiiiifvangelicusd
2570 5430 2951 5506 Diversissima
2992 5424 3313 5506 Scytharum
3369 5424 3534 5481 natio.

1950 5494 2179 5574 Quidam
2211 5494 2335 5562 anie
2369 5494 2607 5573 tempora
2638 5498 2981 5574 Diocletiani,
3014 5494 3230 5565 quidam
3262 5507 3380 5574 post
3405 5512 3542 5552 con-

1951 5569 2113 5637 θοι-δί.
2146 5580 2262 5633 .lam
2287 5569 2501 5649 Scytha".
2527 5576 2687 5643 aliqui
2720 5572 2785 5627 ad
2818 5571 3088 5649 Christum
3111 5569 3357 5649 conversi
3379 5581 3541 5649 erant

1951 5660 2192 5720 tempore
2222 5640 2561 5720 Tertulliani,
2596 5640 2885 5720 utcoustat
2913 5657 2978 5696 ex
3013 5642 3297 5720 lihroejus
3336 5640 3534 5720 adver-

1951 5735 2043 5777 sus
2068 5712 2311 5782 iud-sius,
2342 5735 2460 5783 cup.
2490 5718 2520 5768 7
2554 5724 2607 5769 et
2639 5716 2691 5769 8.
2724 5714 2833 5768 lino
2877 5723 3095 5769 sanctus
3127 5712 3402 5781 Philippus
3449 5713 3539 5767 di-

1951 5800 2091 5847 citur
2118 5792 2353 5861 Scythiae
2401 5790 2560 5842 fidem
2607 5787 2884 5852 intulisse,
2921 5796 2976 5841 ut
3014 5785 3178 5861 habet
3214 5786 3537 5861 breviarium

1951 5856 2250 5933 Romanum
2276 5906 2288 5929 ,
2332 5862 2343 5909 l
2380 5860 2517 5933 Maii,
2553 5869 2742 5933 utnon
2772 5861 2961 5933 mirum
2984 5858 3061 5933 psit
3091 5860 3390 5926 imperante
3416 5856 3538 5909 Dios

1948 5934 2181 5989 eletiauo
2210 5931 2587 6002 Evangelicum
2618 5931 2782 5987 fuisse
2809 5931 3044 6002 Scythiae
3071 5934 3406 6000 episcopum.
