4158 6354
619 356 724 415 “Si

1653 356 1739 411 DE
1782 354 1958 413 VITIS
1996 350 2280 410 PATRUM
2318 348 2530 405 LIBER
2570 343 2844 402 PRIMUS.

3791 334 3899 390 M6

689 469 804 548 (l0)
831 468 1107 541 Epibatw.|
1140 470 1416 548 lta__Hirtio
1460 469 1730 548 dicuntur,
1780 470 1867 537 qui
1921 466 2197 531 navalibus
2225 491 2275 548 Α
2300 464 2406 548 j‘ori
2440 462 2877 548 videlicetgloria‘
2903 457 3238 548 accidentali:
3260 457 3404 548 Flam

619 546 799 615 operis
827 559 900 615 trs
926 552 1151 597 merent.
1183 543 1277 595 Hic
1302 551 1477 615 nauta:
1510 541 1900 615 intelliguntur.

688 614 809 685 (Η)
839 613 943 667 I’ro
974 630 1084 666 mea
1108 610 1319 682 requie]
1350 614 1488 667 Sane
1520 612 1632 666 haec
1662 612 1919 680 intellige,
1955 625 2049 679 pro
2078 624 2193 662 ma-

614 781 813 795 ——-——-

2304 524 2583 606 Augustini
2616 524 2778 589 serui.
2812 531 2879 585 '29.
2907 532 2975 585 de
3002 531 3180 585 verbis
3209 533 3398 597 Apost.
3428 545 3448 579 ι
3488 525 3743 596 lujuriam
3769 524 3900 579 facit

2307 609 2554 678 martyri,
2587 608 2675 675 qui
2706 612 2827 659 orat
2850 618 2945 673 pro
2978 612 3239 673 martyre.
3274 620 3293 652 ι

820 764 3900 809 W

2013 893 2313 938 OCTOBRlS
2358 890 2549 935 XXIII.

618 1042 1087 1190 VITA
1136 1037 1856 1187 SANCTI
1908 1030 2772 1182 MACARII
2816 1027 3625 1181 ROMANI
3699 1106 3782 1180 (ι)
3847 1110 3909 1197 ,ε

1940 1284 2266 1361 SERVI
2318 1283 2501 1356 DEI
2526 1331 2553 1369 ,

994 1454 1218 1563 QUI
1294 1450 1897 1538 INVENTUS
1976 1451 2196 1535 EST
2276 1448 2678 1577 JUXTA
2751 1439 3515 1531 PARADISUM:

1249 1604 1743 1673 AUCTORIBUS
1786 1608 2276 1686 THEOPHILO,
2321 1606 2634 1679 SERGIO,
2680 1604 2783 1668 ET
2830 1603 3142 1667 HYGINO
3176 1601 3283 1669 (2).

685 1837 866 1892 (ΣΑΡυτ
899 1854 1119 1894 etinwu.
1146 1870 1215 1882 --
1237 1841 1416 1896 Gloria
1448 1852 1503 1897 et
1532 1842 1927 1915 magnificentia
1958 1842 2069 1896 Deo
2100 1839 2202 1895 soli
2232 1841 2282 1901 B
2312 1836 2514 1893 Deinde
2544 1845 2803 1893 exeuntes
2838 1836 2891 1891 in
2937 1834 3268 1901 Bethlehem,
3309 1832 3539 1889 vidimus
3566 1840 3619 1887 et
3644 1832 3911 1903 salutavi-

610 1929 1029 1998 benignissimo,
1078 1935 1169 2002 qui
1216 1951 1309 2003 per
1357 1936 1769 1992 innumerabilia
1817 1937 2195 1991 miraculorum

606 2023 859 2091 exempla
890 2039 988 2077 nos
1026 2023 1233 2093 tepidos
1264 2035 1318 2080 et
1348 2026 1595 2098 indignos
1626 2028 1867 2099 quotidie
1912 2028 2101 2083 invitat
2129 2028 2197 2082 ad

613 2116 785 2173 beatae
816 2120 938 2173 vitae
982 2122 1224 2175 caelestis
1276 2123 1492 2192 gaudia.
1543 2124 1651 2178 Nos
1698 2126 1876 2195 itaque
1924 2123 2105 2179 miseri
2144 2132 2201 2179 et

607 2207 835 2266 humiles
885 2212 1130 2266 monachi
1179 2213 1512 2284 Theophilus
1534 2257 1549 2280 ,
1590 2216 1811 2285 Sergius
1840 2226 1893 2271 et
1923 2216 2195 2288 Hyginus,

609 2301 965 2371 deprecamur
994 2318 1091 2358 vos
1132 2319 1323 2359 omnes
1375 2307 1748 2363 sanctissimos
1791 2316 1968 2377 patres
1994 2317 2050 2362 et
2093 2308 2199 2360 fra-

606 2401 736 2458 tres,
770 2402 828 2449 ut
856 2397 1273 2453 accommodetis
1296 2413 1455 2454 aures
1480 2398 1586 2468 his,
1611 2414 1731 2470 qua:
1752 2400 1907 2454 vobis
1931 2401 2195 2455 narraturi

604 2498 790 2541 sumus
818 2485 885 2541 de
915 2488 1022 2542 vita
1052 2498 1105 2543 et
1144 2492 1557 2547 conversatione
1602 2490 1931 2547 sanctissimi
1978 2492 2195 2547 Macarii

605 2573 833 2630 Romani
858 2617 872 2642 ,
905 2577 996 2647 qui
1026 2579 1272 2648 apparuit
1297 2580 1453 2635 nobis
1484 2596 1651 2651 prope
1682 2582 1989 2651 paradisum
2019 2582 2087 2637 ad
2117 2583 2197 2638 vi-

603 2667 739 2739 ginti
767 2670 1032 2728 milliaria.
1063 2674 1129 2729 Et
1174 2674 1276 2730 hoc
1306 2689 1588 2745 rogamus.
1621 2684 1678 2730 ut
1708 2676 1869 2731 fidem
1908 2677 2066 2731 dictis
2098 2677 2198 2731 ad-

606 2763 854 2829 hibeatis,
888 2767 977 2835 qui
1008 2767 1226 2836 quidem
1256 2768 1428 2823 multo
1457 2770 1651 2825 melius
1687 2771 1841 2825 nobis
1875 2770 2043 2825 fuisse
2076 2785 2194 2825 cre-

608 2854 783 2911 dimus
828 2859 927 2912 sub
960 2858 1160 2913 silentii
1202 2869 1360 2927 portu
1392 2860 1639 2916 innoxios
1682 2876 1964 2917 remanere
1986 2900 2001 2927 ,
2035 2875 2195 2931 quam

608 2948 853 3005 falsitatis
883 2966 1004 3007 reos
1034 2952 1234 3020 puniri.

679 3042 807 3096 Car.
840 3042 1170 3114 ll.-lgitur
1199 3060 1297 3099 nos
1328 3045 1641 3114 prmiitulati
1675 3046 1893 3112 fratres,
1928 3046 2199 3114 TheOphi-

608 3133 711 3198 lus,
740 3135 960 3208 Sergius
983 3145 1037 3191 ct
1070 3137 1307 3209 Hyginus
1327 3180 1342 3204 ,
1380 3140 1608 3209 propitia
1640 3140 1885 3194 Divinate
1917 3140 2193 3196 abrenun-

2311 1948 2427 1987 mus
2457 1942 2700 1986 sanctum
2742 1944 3002 2000 praesepe,
3045 1929 3134 1983 ubi
3189 1927 3436 1983 Christus
3468 1926 3614 1980 nasci
3648 1925 3907 1996 dignatus

2308 2034 2413 2091 est,
2448 2035 2499 2080 et
2528 2026 2616 2081 ttbi
2643 2027 2799 2080 stella
2832 2039 3015 2099 magos
3036 2023 3277 2089 adduxit,
3312 2022 3525 2077 Christo
3555 2034 3778 2077 munera
3801 2020 3906 2076 de—

2310 2116 2576 2183 fcrentes;
2611 2126 2664 2172 et
2719 2116 2950 2171 vidimus
2987 2117 3160 2170 locum
3210 2114 3509 2169 mirabilem
3540 2113 3629 2167 ubi
3683 2112 3907 2182 angelus

2307 2224 2429 2265 cum
2454 2207 2793 2264 multitudine
2820 2210 3090 2264 exercitus
3122 2207 3378 2271 caelestis,
3403 2206 3629 2276 gloriam
3663 2205 3716 2259 in
3746 2204 3905 2258 altis-

2310 2304 2463 2358 simis
2494 2304 2604 2357 Deo
2635 2302 2882 2366 canebat.
2943 2302 3032 2372 qui
3061 2302 3210 2357 locus
3230 2301 3295 2354 ad
3327 2300 3435 2355 duo
3474 2298 3717 2354 milliaria
3748 2299 3908 2367 longe

2310 2395 2683 2450 chthleltem
2718 2396 2852 2449 situs
2884 2406 2986 2450 est.
3037 2395 3093 2449 In
3148 2404 3383 2450 montem
3437 2408 3653 2464 quoque
3709 2390 3906 2447 Oliveti

2308 2487 2670 2552 ascendimus,
2695 2497 2749 2541 et
2780 2488 2833 2540 in
2868 2488 2984 2555 ipso
3010 2485 3128 2541 loco
3171 2494 3355 2541 sancto
3383 2486 3746 2549 adoravimus,
3813 2482 3906 2542 ubi

2304 2576 2550 2633 Christus
2579 2578 2804 2648 pedibus
2835 2581 3003 2644 stetit,
3053 2579 3269 2649 quando
3326 2579 3564 2634 elevatus
3611 2588 3714 2642 est,
3763 2589 3822 2634 et
3859 2594 3893 2633 a

2304 2669 2445 2724 nube
2477 2680 2761 2741 susceptus
2789 2672 3034 2727 ascendit
3063 2672 3131 2727 ad
3163 2674 3349 2730 ctelos.
3376 2674 3579 2728 Exinde
3595 2672 3901 2729 Jerusalem

2306 2764 2509 2817 reversi
2555 2764 2891 2819 adoravimus
2940 2765 3129 2833 Deum,
3188 2776 3242 2820 et
3286 2767 3664 2835 consignantes
3704 2781 3802 2821 nos
3834 2777 3895 2823 et

2308 2855 2752 2911 commendantes
2807 2858 3023 2913 Christo
3074 2869 3127 2913 et
3170 2860 3368 2913 sanctis
3413 2859 3530 2929 ejus
3560 2858 3664 2927 (7),
3711 2860 3902 2914 exivi-

2307 2965 2430 3004 mus
2453 2967 2557 3005 nun
2589 2953 2849 3009 habentes
2875 2958 2985 3024 jam
3033 2954 3269 3009 animum
3318 2966 3373 3010 et
3417 2964 3651 3009 mentem
3682 2954 3737 3008 in
3790 2954 3899 3010 hoc

2307 3043 2530 3097 saeculo.

2381 3135 2508 3191 CAP.
2540 3136 2631 3191 IV.
2664 3167 2734 3178 --
2791 3158 2810 3191 ι
2844 3138 3009 3207 Igitur
3036 3140 3347 3210 nos-Christi
3377 3142 3663 3197 comitante
3705 3144 3903 3213 gratia,

608 3228 803 3283 tiantes
834 3230 1059 3297 saeculo,
1091 3232 1336 3287 venimus
1381 3233 1447 3287 ad
1482 3234 1869 3287 monasterium
1901 3279 1913 3299 ,
1945 3235 2086 3303 quod
2118 3242 2202 3289 est
2233 3230 2281 3295 C
2313 3229 2451 3283 Viam
2484 3231 2739 3286 continuo
2769 3233 3165 3304 aggredientes,
3226 3249 3289 3288 ac
3340 3234 3781 3307 quinquagesimo
3809 3236 3903 3292 die

609 3322 664 3377 in
693 3322 1073 3392 Mesopotamia
1106 3324 1278 3396 Syrize
1322 3327 1375 3380 in
1427 3326 1603 3382 medio
1657 3327 1883 3381 duorum
1919 3326 2200 3382 ﬂuminum

611 3412 801 3484 Tygris
829 3422 883 3469 et
911 3414 1222 3484 Euphratis,
1268 3419 1428 3489 225
1476 3419 1529 3472 in
1578 3434 1681 3488 quo
1738 3421 1819 3473 vir
1868 3420 2203 3475 clarissimus

614 3504 897 3573 Asclepion
949 3504 1411 3581 hcgumcnus.(5),
1456 3511 1745 3565 multorum
1795 3512 2002 3566 exstitit
2044 3511 2208 3567 Pater

616 3599 1023 3657 monachorum.
1073 3601 1149 3660 lbi
1191 3601 1424 3675 denique
1464 3602 1853 3677 coniungentes
1878 3654 1891 3678 ,
1929 3620 1957 3662 a
1989 3621 2203 3678 prreno-

617 3693 819 3749 minato
851 3695 1005 3752 Patre
1034 3706 1091 3753 et
1118 3700 1262 3753 omni
1294 3707 1434 3755 ctetu
1460 3700 1680 3755 fratrum
1711 3709 1998 3771 gratanter
2019 3716 2205 3758 susce-

615 3787 711 3857 pti,
739 3802 801 3842 ac
821 3787 950 3857 jugo
970 3790 1172 3855 regula:
1198 3790 1334 3846 colla
1357 3791 1760 3861 submittentes,
1792 3794 2064 3850 communi
2094 3795 2202 3850 vita

622 3882 929 3935 conversati
961 3898 1168 3939 sumus.

688 3994 818 4048 CAP.
850 3993 1052 4049 lll.—'
1076 3998 1295 4053 Factum
1325 4010 1407 4055 est
1436 4008 1613 4056 autem
1646 4008 1885 4071 tempore
1908 4002 2066 4074 longo
2089 4012 2208 4073 post

618 4082 756 4145 hac.
788 4084 917 4139 hora
942 4102 1081 4142 nona
1105 4089 1335 4158 quadam
1364 4091 1454 4146 die
1483 4093 1670 4163 synaxi
1712 4094 1920 4163 expleta
1943 4093 2023 4164 (4)
2054 4109 2208 4150 acce-

625 4175 814 4231 dentes
846 4177 910 4231 ad
960 4180 1242 4247 Euphratis
1274 4182 1507 4239 ﬂuminis
1538 4184 1708 4249 littus,
1736 4186 2078 4241 consedimus
2108 4188 2202 4255 ibi,

624 4269 933 4338 aliquandiu
962 4273 1103 4329 inter
1132 4290 1229 4330 nos
1258 4276 1326 4331 de
1349 4278 1669 4333 sustinentia
1700 4287 1757 4333 et
1799 4281 2209 4337 conversatione

619 4361 855 4418 simulet
883 4365 1067 4421 labore
1089 4383 1366 4426 servorum
1408 4370 1502 4426 Dei
1531 4370 1858 4440 disputatum
1890 4382 1993 4428 est.
2055 4373 2206 4429 Tunc

620 4456 750 4511 mihi
774 4458 972 4514 misero
1022 4459 1319 4531 Theophila
1368 4462 1609 4535 venitju
1640 4472 1875 4517 mentem
1918 4464 2205 4534 cogitatio;

619 4562 675 4605 et
700 4553 1060 4621 respondens,
1091 4554 1199 4609 dixi
1230 4556 1482 4610 fratribus
1508 4559 1641 4613 meis
1669 4555 1857 4627 Sergio
1880 4565 1933 4611 et
1956 4556 2163 4629 Hygino
2189 4573 2201 4609 :

2320 3325 2556 3380 fluminis
2585 3324 2775 3395 Tygris
2806 3326 3017 3382 alveum
3052 3336 3512 3397 pertranseuntes,
3547 3336 3744 3383 terram
3771 3329 3905 3383 Per-

2314 3431 2492 3473 sarum
2519 3418 2747 3488 ingressi
2776 3433 2984 3484 sumus,
3043 3431 3097 3474 et
3126 3421 3371 3475 venimus
3422 3422 3473 3475 in
3505 3436 3749 3490 campum
3780 3435 3904 3475 ma-

2313 3526 2474 3583 gnum
2510 3518 2565 3566 et
2593 3511 2932 3581 planitiosum
2956 3514 3215 3567 vocabulo
3241 3515 3412 3579 Assia,
3461 3515 3514 3568 in
3545 3531 3648 3585 quo
3695 3525 3903 3588 martyr

2313 3602 2511 3663 Christi
2543 3603 2837 3664 Mercurius
2865 3605 2944 3682 (8)
2966 3616 3263 3679 apostatam
3308 3608 3577 3669 lulianum
3608 3611 3903 3683 peremism

2319 3702 2536 3771 legitur.
2570 3702 2774 3756 Deinde
2802 3703 3070 3757 civitatem
3121 3705 3375 3771 Persidis,
3434 3707 3649 3762 nomine
3672 3706 3903 3763 Klttsse~

2317 3795 2442 3851 fodo
2472 3794 2574 3867 (9),
2607 3797 2890 3863 intrantes,
2926 3798 2976 3851 in
3004 3814 3106 3869 qua
3142 3810 3247 3856 tres
3280 3804 3450 3870 pueri,
3484 3803 3737 3870 Anauias,
3770 3806 3905 3857 Aza-

2312 3895 2441 3957 rias,
2460 3892 2661 3956 Misael,
2697 3893 3059 3961 requiescunt,
3080 3909 3186 3949 non
3214 3894 3369 3964 longe
3388 3910 3419 3949 a
3448 3894 3737 3967 Babylone,
3765 3897 3903 3951 δάος

2314 3988 2551 4044 ravimus
2584 3987 2685 4051 ibi;
2736 3994 2790 4042 et
2818 3987 2871 4041 in
2897 3985 3087 4041 eodem
3120 3989 3238 4041 loco
3260 3988 3663 4047 manducantes.
3710 3999 3763 4042 et
3800 3990 3902 4043 Do-

2311 4083 2460 4137 mino
2488 4080 2660 4136 laudis
2689 4079 2950 4148 hymnum
2986 4082 3294 4146 otferentes,
3327 4095 3624 4135 manStmus
3654 4082 3770 4136 dies
3804 4084 3903 4139 ali.

2311 4186 2463 4245 quot.
2496 4176 2627 4232 Inde
2657 4176 2879 4247 profecti
2912 4184 3031 4244 post
3062 4188 3276 4231 menses
3306 4185 3562 4244 quatuor,
3606 4177 3903 4245 pertransi-

2312 4272 2486 4327 vimus
2512 4271 2749 4327 Persidis
2790 4271 3083 4340 regionem,
3139 4279 3193 4325 et
3248 4269 3409 4326 India:
3468 4279 3662 4324 terram
3714 4285 3903 4326 sumus

2312 4366 2559 4437 ingressi.
2614 4365 2979 4435 lngredientes
3033 4379 3161 4419 vero
3214 4364 3432 4419 domum
3478 4372 3801 4435 quamdam,
3846 4374 3902 4421 et

2311 4459 2578 4513 neminem
2626 4458 2696 4513 ibi
2745 4457 3098 4514 habitatorem
3149 4459 3504 4528 reperientes,
3536 4457 3670 4513 duos
3700 4458 3901 4513 ibidem

2314 4550 2538 4606 fecimus
2554 4551 2691 4607 dies.
2724 4551 2929 4607 Etecce
2952 4551 3105 4605 tertia
3130 4557 3249 4619 post
3275 4550 3388 4605 haec
3404 4549 3513 4617 die,
3537 4561 3903 4619 apparuerunt

622 4645 773 4702 Velle
796 4648 925 4703 mihi
958 4649 1144 4715 adest,
1181 4665 1213 4705 ο
1245 4652 1433 4705 fratres
1453 4651 1809 4717 dilectissimi,
1851 4652 2056 4706 cunctis
2084 4650 2204 4706 vita:
2234 4636 2286 4697 D
2317 4644 2666 4700 advenientes
2686 4644 2794 4699 duo
2821 4643 3034 4711 arma“.
3066 4643 3145 4697 νίν
3174 4651 3229 4698 ει
3256 4641 3490 4706 femina;
3542 4656 3640 4697 ηοξ
3668 4655 3794 4696 vero
3823 4643 3904 4696 ηἰ-

621 4753 755 4793 mea:
785 4740 975 4796 diebus
1005 4743 1301 4810 ambulare,
1334 4744 1529 4814 illoque
1560 4746 1661 4811 ire,
1710 4746 1796 4801 ubi
1826 4746 2019 4800 cmlum
2050 4756 2208 4803 terra:

622 4852 683 4893 se
712 4837 985 4907 conjungit
1012 4838 1109 4910 (ὅ).
1135 4842 1203 4894 At
1225 4840 1299 4895 illi
1330 4858 1344 4895 :
1386 4842 1483 4911 Te,
1519 4841 1785 4912 inquiunt,
1839 4841 2003 4897 frater
2029 4841 2207 4898 Theo-

616 4928 782 4997 phile,
812 4937 868 4982 ut
899 4928 1116 4984 fratrem
1168 4930 1461 5000 spiritalem
1511 4946 1721 5002 semper
1769 4932 2051 4989 habuimus
2084 4974 2099 4999 ,
2154 4945 2212 4991 et

622 5021 881 5092 priorem,
909 5031 964 5078 et
991 5024 1183 5079 amodo
1207 5026 1509 5083 nullatenus
1539 5042 1566 5080 a
1600 5036 1649 5083 te
1677 5029 2077 5097 separabimur;
2108 5043 2206 5083 no-

613 5114 697 5169 bis
722 5115 866 5170 enim
900 5117 1061 5171 verba
1094 5126 1181 5172 tua
1215 5118 1426 5187 placent
1454 5138 1467 5173 :
1520 5120 1744 5189 ideirco,
1774 5121 1862 5176 ubi
1888 5120 2049 5176 corde
2078 5134 2208 5176 con-

613 5210 826 5279 cepisti,
851 5225 1046 5281 pergc;
1074 5220 1127 5267 et
1150 5227 1247 5267 nos
1280 5214 1332 5268 in
1352 5215 1457 5267 vita
1487 5224 1541 5269 et
1570 5223 1746 5270 morte
1779 5222 1954 5269 tecum
1979 5214 2201 5271 erimus.

620 5300 807 5371 Itaque
827 5313 1111 5375 surgentes
1140 5304 1207 5361 de
1239 5305 1377 5371 loco,
1427 5305 1745 5360 intravimus
1775 5307 2158 5362 monasterium
2187 5330 2201 5363 :

616 5394 865 5467 factaque
886 5412 1141 5467 vespera,
1206 5398 1459 5469 omnique
1502 5397 1684 5453 diurni
1742 5398 1907 5453 ofﬁcii
1960 5400 2204 5456 oratione

619 5488 906 5557 completa,
961 5491 1171 5546 caeteris
1223 5490 1624 5560 quiescentibus
1670 5490 1809 5544 clam
1871 5493 2202 5550 monasterio

617 5582 821 5653 egressi
846 5598 1051 5641 sumus.
1086 5584 1215 5640 Post
1256 5586 1370 5639 haec
1402 5598 1533 5639 vero
1560 5583 1748 5638 decem
1780 5592 1834 5638 et
1856 5594 2063 5654 septem
2088 5586 2203 5641 dies

616 5661 975 5744 ambulantes,
1008 5678 1384 5749 conjunxituus
1413 5676 1709 5732 Jerusalem
1743 5675 1845 5748 (6),
1878 5685 1933 5732 et
1964 5689 2202 5733 sanctam

624 5772 1079 5827 resurrectionem
1104 5770 1233 5826 Jesu
1259 5770 1453 5827 Christi
1482 5782 1538 5826 et
1582 5784 1797 5825 crucem
1834 5770 2197 5829 adoravimus.

2312 4738 2421 4793 mio
2446 4746 2652 4793 terrore
2677 4738 2968 4807 perterriti,
3017 4736 3372 4804 surreximus,
3417 4736 3631 4806 illisque
3681 4736 3903 4789 obviam

2312 4828 2391 4885 ire
2418 4829 2849 4885 dellberavimus.
2882 4828 2985 4898 lpsi
3030 4838 3207 4884 autem
3232 4842 3332 4883 nos
3362 4828 3623 4895 videntes,
3654 4828 3811 4883 simul
3845 4837 3902 4883 et

2313 4926 2678 4993 exploratores
2723 4936 2842 4978 esse
2895 4922 3177 4978 credentes
3209 4964 3224 4988 ,
3299 4920 3515 4976 concito
3575 4922 3742 4993 gradu
3801 4936 3906 4990 per

2313 5017 2453 5071 viam
2483 5031 2585 5087 qua
2616 5025 2875 5071 venerant
2900 5016 3213 5082 redierunt;
3268 5024 3323 5070 et
3357 5025 3479 5085 post
3503 5015 3901 5084 aliquantulum

2314 5110 2643 5178 congregati,
2660 5109 2725 5164 de
2746 5112 2858 5164 suis
2870 5108 3021 5180 quasi
3043 5109 3143 5163 tria
3168 5109 3328 5164 millia
3348 5107 3636 5177 Ethiopes
3662 5109 3908 5165 advene-

2314 5212 2457 5257 runt.
2490 5204 2589 5270 Qui
2619 5203 2931 5259 festinanter
2959 5204 3197 5267 domum.
3230 5204 3400 5273 inqua
3425 5218 3637 5259 eramus
3652 5213 3911 5273 orantes,

2315 5296 2455 5351 vallo
2504 5297 2919 5364 circumdantes,
2980 5312 3183 5369 nosque
3208 5300 3388 5353 cuncti
3422 5298 3769 5369 aspicientes,
3800 5315 3906 5368 per

2316 5399 2546 5459 quatuor
2602 5390 2842 5461 ejusdem
2899 5392 3090 5450 domus
3138 5394 3360 5463 angulos
3388 5392 3566 5463 ignem
3618 5396 3904 5463 copiosum

2314 5483 2708 5552 applicuerunt,
2740 5486 2891 5541 vivos
2922 5501 3019 5542 nos
3048 5502 3292 5542 cremare
3313 5488 3565 5543 nitentes.
3602 5488 3755 5553 Quod
3796 5502 3910 5543 nos

2312 5587 2370 5632 ut
2422 5579 2758 5648 aspeximus,
2808 5580 3000 5635 timore
3059 5580 3233 5635 valido
3279 5581 3569 5646 exterriti,
3618 5580 3910 5638 Christum

2309 5673 2544 5728 omnium
2605 5675 2935 5729 Salvatorem
2982 5674 3369 5742 invocavimus,
3444 5683 3501 5729 et
3546 5674 3599 5728 in
3650 5673 3899 5729 medium

2306 5768 2517 5825 illorum
2549 5770 2928 5839 prosilivimus.
2976 5769 3127 5825 Tunc
3172 5767 3269 5841 ipsi
3302 5769 3481 5840 lingua
3526 5782 3623 5825 sua
3665 5760 3918 5824 multum

686 5888 708 5913 ⁶
740 5886 1034 5959 Sequentia
1060 5888 1257 5944 desunt
1275 5958 1282 5963 .
1303 5886 1358 5945 in
1388 5885 1627 5956 Menaeis,
1679 5897 1732 5945 ct
1754 5905 1782 5945 a
1812 5890 1940 5947 virts
1970 5888 2285 5960 quibusdam
2308 5886 2481 5950 doctis
2506 5895 2794 5950 censentur
2814 5891 3141 5963 apocrypha.
