4158 6354
338 374 445 433 iii-7

1450 368 1609 429 VITA
1649 366 1894 428 SANCTI
1927 364 2210 424 MACARII
2251 364 2532 426 ROMANI.

3512 365 3617 422 418

338 493 574 550 invicem
600 487 1227 559 murmurantes,diuque
1249 497 1432 543 contra
1464 504 1563 544 nos
1585 490 1925 552 frendentes,
1958 484 2011 547 Α
2037 483 2090 539 in
2120 500 2228 554 quo
2254 484 2663 554 elephantorum
2695 497 2883 553 magna
2907 482 3189 540 multitudo
3215 484 3410 554 stabat,
3433 492 3488 539 et
3519 500 3614 555 per

335 602 455 642 cum
489 598 665 653 neque
688 596 787 638 nos
816 581 957 642 illos,
1015 596 1116 637 nec
1165 581 1265 650 ipsi
1292 595 1391 637 nos
1421 580 1685 637 ullatenus
1716 578 1919 635 intelli-

334 693 463 747 gere
488 690 790 746 possemus,
849 673 1367 744 comprehendentes
1416 689 1533 739 nos,
1595 676 1647 729 in
1698 672 1928 729 obscuro

339 769 651 824 clauserunt
679 781 920 823 carcere.
972 766 1299 823 Sedentibus
1344 781 1474 838 ergo
1501 766 1657 823 nobis
1686 767 1739 820 in
1770 774 1926 820 tene-

332 863 470 927 bris,
497 876 604 918 non
636 870 753 916 erat
774 876 863 930 qui
896 875 1086 929 panem
1128 861 1213 914 vel
1265 875 1458 929 aquam
1492 861 1773 915 tribueret.
1818 857 1929 912 Nos

334 953 570 1023 denique
620 968 742 1007 cum
789 952 1041 1022 lacrymis
1087 952 1469 1023 omnipotentis
1497 950 1613 1006 ‘Dei
1668 948 1929 1006 creatoris

331 1029 592 1102 omnium
650 1046 1073 1102 misericordiam
1127 1046 1376 1101 invocare
1434 1046 1574 1100 haud
1625 1047 1925 1102 omisimus.

332 1140 685 1197 Facientibus
726 1151 904 1196 autem
962 1141 1115 1197 nobis
1161 1142 1230 1195 ibi
1291 1142 1405 1196 dies
1450 1141 1673 1211 aliquot,
1728 1141 1927 1197 iterum

331 1230 665 1301 congregati,
696 1245 817 1286 cum
849 1246 948 1285 nos
974 1230 1113 1286 fame
1153 1240 1207 1286 et
1242 1232 1327 1286 siti
1351 1232 1634 1287 exanimes
1663 1228 1927 1285 credidis-

330 1333 473 1389 sent,
525 1321 999 1378 circumdederunt
1051 1337 1346 1379 carcerem.
1397 1323 1502 1379 Sed
1529 1338 1650 1377 cum
1713 1331 1929 1375 orantes

332 1429 433 1468 nos
458 1423 817 1484 aspexissent,
850 1414 1159 1483 aperientes
1204 1415 1426 1485 januam
1455 1415 1760 1470 eduxerunt
1790 1426 1923 1479 nos;

332 1515 387 1563 et
416 1521 538 1561 cum
566 1507 793 1562 multum
828 1508 967 1562 inter
992 1521 1051 1562 se
1103 1518 1501 1563 murmurantes
1552 1508 1921 1579 loquerentur,

331 1599 626 1657 novissime
651 1614 772 1654 cum
814 1599 971 1669 lignis
995 1600 1296 1669 agrestibus
1347 1601 1464 1670 (10)
1514 1604 1783 1659 credentes
1829 1619 1928 1661 nos

332 1695 566 1757 acriter,
639 1690 707 1747 de
766 1692 961 1747 finibus
1019 1695 1129 1748 suis
1175 1694 1493 1764 ejeceruut,
1557 1706 1613 1751 et
1660 1700 1927 1769 octoginta

332 1789 452 1843 dies
509 1787 625 1841 sine
682 1786 815 1841 cibo-
854 1786 1213 1856 explevimus,
1267 1788 1405 1843 sicut
1456 1790 1607 1844 testis
1661 1800 1743 1847 est
1774 1792 1929 1848 nobis

330 1881 500 1937 Deus.

403 1998 533 2053 CAP.
571 1997 634 2052 ν.
660 2023 731 2037 -
760 2014 780 2048 σ
812 1996 982 2066 Ejecti
1019 1998 1196 2067 itaque
1220 2012 1247 2051 a
1273 1997 1468 2054 finibus
1499 1998 1625 2067 illis,
1661 1999 1761 2055 iter
1792 2001 1922 2056 feci-

333 2106 453 2147 mus
474 2090 589 2146 dies
621 2095 815 2145 multos
838 2092 890 2145 in
920 2091 1219 2157 Orientem,
1245 2102 1301 2146 et
1330 2092 1643 2148 devenimus
1667 2092 1718 2147 in
1748 2093 1924 2149 locum

332 2184 724 2252 admirabilem,
753 2195 807 2239 et
828 2200 1076 2253 campum
1123 2184 1440 2254 gloriosum,
1498 2186 1588 2255 qui
1644 2186 1928 2242 arboribus

334 2275 617 2332 altissimis
643 2276 853 2346 plenus,
902 2287 957 2333 et
987 2276 1259 2333 mellilluis
1296 2277 1557 2332 fructibus
1601 2278 1925 2334 abundabat.

332 2363 572 2438 Denique
622 2383 722 2423 nos
760 2367 1125 2437 glorificantes
1146 2379 1202 2424 et
1231 2368 1512 2425 laudantes
1540 2369 1728 2436 Deum,
1774 2388 1924 2429 man-

333 2459 646 2516 ducavimus
674 2461 955 2517 dulcifluos
1006 2461 1209 2516 fructus
1237 2505 1252 2530 ,
1314 2472 1370 2518 et
1416 2464 1780 2521 saturavimus
1828 2481 1928 2523 nos

336 2554 511 2609 valde.
556 2553 739 2625 Itaque
769 2564 1029 2610 exeuntes
1086 2555 1231 2620 inde,
1267 2565 1464 2611 terram
1497 2556 1925 2615 Cliananmorum

334 2645 453 2714 (fl)
479 2645 706 2714 ingressi
733 2660 939 2711 sumus,
971 2646 1062 2716 qui
1093 2646 1162 2701 ab
1185 2646 1307 2703 aliis
1335 2647 1701 2717 Cynocepliali
1731 2648 1926 2705 dicun—

337 2743 459 2799 tur;
489 2746 545 2794 et
567 2736 816 2793 videntes
844 2738 983 2803 illos,
1016 2738 1069 2792 in
1104 2746 1326 2807 aspectu
1359 2754 1547 2795 eorum
1574 2741 1725 2796 valde
1750 2742 1927 2797 mirati

341 2842 548 2884 sumus.
600 2829 703 2897 Ipsi
734 2844 865 2885 vero
913 2844 1038 2884 cum
1079 2830 1391 2887 mulieribus
1443 2832 1555 2887 suis
1584 2839 1639 2887 et
1668 2834 1925 2902 parvulis,

334 2922 525 2976 subtus
553 2927 602 2977 in
629 2923 794 2989 petris
826 2922 1149 2989 habitantes,
1204 2940 1301 2979 nos
1329 2924 1551 2980 omnino
1583 2940 1689 2980 non
1723 2926 1923 2998 tetige-

338 3024 484 3085 runt,
510 3014 711 3071 Christi
740 3031 838 3072 nos
865 3026 1178 3089 protegente
1202 3020 1393 3089 gratia.

408 3126 541 3183 er.
576 3125 662 3182 γι.
687 3156 759 3169 —-
787 3147 806 3181 ι
842 3128 973 3186 Inde
997 3130 1157 3201 igitur
1174 3132 1398 3203 profecti
1425 3144 1611 3190 contra
1629 3136 1926 3204 Orientem,

341 3236 462 3277 cum
511 3232 729 3277 centum
776 3230 831 3277 et
858 3223 1043 3279 decem
1075 3222 1194 3279 dies
1219 3238 1312 3279 eos
1353 3235 1787 3295 pertranseuntes
1828 3231 1929 3286 iter

342 3322 585 3369 nostrum
615 3312 952 3383 fecissemus,
1004 3316 1320 3372 intravimus
1363 3325 1559 3374 terram
1612 3323 1786 3391 gentis
1813 3339 1931 3393 quae

342 3405 649 3461 nominatur
694 3406 885 3463 Pichiti
936 3407 1084 3480 (12);
1144 3410 1255 3478 ipsa
1295 3426 1424 3467 vero
1464 3427 1595 3483 gens
1630 3414 1686 3468 in
1727 3424 1931 3470 statura

339 3507 398 3555 et
417 3497 701 3555 altitudine
756 3515 852 3556 sua
899 3517 1004 3557 non
1063 3501 1229 3574 236
1278 3504 1398 3573 plus
1426 3520 1589 3576 quam
1622 3523 1929 3563 mensuram

340 3594 502 3649 unius
523 3594 688 3649 cubiti
715 3595 968 3651 habebat.
998 3596 1067 3652 Et
1106 3597 1352 3654 videntes
1383 3615 1504 3669 nos,
1564 3601 1757 3657 timore
1804 3618 1931 3672 per-

343 3685 478 3741 culsi
504 3685 769 3757 fugerunt.
796 3686 906 3743 Nos
932 3697 1111 3743 autem
1134 3688 1302 3743 Deum
1327 3690 1713 3762 collaudantes,
1746 3694 1833 3763 qui
1865 3694 1933 3749 de

339 3775 554 3832 illorum
588 3778 837 3833 manibus
861 3794 959 3835 nos
979 3779 1249 3847 liberavit,
1272 3795 1489 3838 cursum
1520 3790 1768 3839 nostrum
1800 3800 1932 3855 quo-

341 3875 474 3932 tidie
504 3875 946 3934 acceleravimus.

415 3993 547 4049 Car».
584 3992 695 4050 VII.
723 4022 796 4036 —
831 4013 849 4047 ‹
883 3994 1012 4051 Post
1030 3995 1146 4051 hace
1160 4006 1335 4053 autem
1357 3997 1670 4054 devenimus
1696 4000 1747 4054 in
1781 4014 1937 4055 mon-

342 4093 425 4142 tes
450 4084 746 4143 altissimos
776 4087 1170 4159 terribilesque,
1228 4089 1321 4146 ubi
1366 4091 1446 4146 sol
1481 4106 1585 4146 non
1617 4092 1799 4160 intrat,
1834 4107 1935 4150 nec

343 4177 506 4233 arbor
530 4191 633 4233 nec
657 4176 823 4232 herba
858 4188 1143 4241 crescunt;
1194 4180 1265 4236 ibi
1313 4196 1440 4252 ergo
1469 4192 1748 4252 serpentes
1779 4184 1936 4239 innu-

345 4270 658 4337 merabiles,
689 4280 744 4326 et
773 4270 1034 4326 dracones
1057 4283 1111 4327 et
1143 4274 1376 4343 aspides,
1422 4275 1516 4330 sed
1550 4284 1603 4331 et
1630 4276 1930 4345 basiliscos,

344 4370 401 4416 et
420 4362 653 4433 viperas,
683 4371 737 4418 et
758 4363 1069 4431 unicornes,
1118 4375 1170 4419 et
1196 4364 1418 4421 bubalos
1450 4368 1680 4424 vidimus
1702 4372 1933 4437 multos;

341 4454 478 4507 alias
507 4468 723 4524 quoque
746 4453 950 4509 bestias
979 4455 1284 4512 mortiferas
1310 4458 1523 4524 multos,
1567 4470 1621 4515 et
1667 4475 1937 4517 venenosa

343 4547 624 4612 animalia,
647 4562 876 4617 quorum
906 4548 1125 4603 nomina
1154 4549 1238 4605 vel
1266 4559 1509 4606 naturam
1544 4554 1757 4622 penitus
1788 4555 1939 4623 igno-

2035 577 2272 633 medium
2304 576 2520 631 illorum
2550 574 2701 631 illaesi
2728 574 3089 630 transivimus.
3136 576 3263 631 Post
3290 577 3403 632 lucc
3432 576 3615 645 itaque

2030 668 2252 723 minime
2279 668 2433 723 nobis
2458 667 2705 737 apparuit
2732 668 2837 724 via.
2892 667 3041 721 Tunc
3071 682 3169 723 nos
3210 682 3331 723 cum
3363 669 3617 740 lacrymis

2028 761 2365 816 clementiam
2418 759 2628 814 Domini
2674 761 3004 825 invocantes,
3053 768 3109 814 et
3137 775 3235 829 per
3266 776 3452 817 novem
3496 764 3613 820 dies

2030 853 2147 908 sine
2176 852 2297 907 cibo
2325 867 2419 922 per
2447 852 2601 908 devia
2624 852 2981 920 ambulantes,
3000 851 3375 923 conjunximus
3400 857 3611 912 tandem

2028 942 2084 998 in
2138 943 2311 999 locum
2365 944 2585 1014 planitie
2642 944 2867 1015 largum,
2928 946 3014 1015 qui
3072 946 3330 1002 fructibus
3372 948 3617 1017 plurimis

2031 1036 2353 1092 abundabat.
2387 1036 2503 1092 Iam
2537 1050 2666 1107 ergo
2692 1036 2926 1093 tenebrae
2950 1038 3285 1094 densissimas
3306 1051 3494 1095 cuncta
3527 1041 3615 1096 illa

2031 1128 2552 1197 rcpleverantloca;
2604 1144 2703 1184 nec
2747 1129 2949 1199 aliquid
3000 1131 3229 1193 lucebat,
3281 1133 3375 1188 sed
3404 1134 3613 1189 nebula:

2030 1220 2430 1277 obscurissimae
2455 1230 2627 1277 erant.
2652 1221 2801 1277 Tunc
2832 1236 2929 1277 nos
2952 1224 3169 1279 nimium
3197 1225 3388 1281 turbati
3411 1228 3619 1283 etaffli-

2033 1316 2128 1381 cti,
2160 1314 2415 1370 cadentes
2462 1314 2516 1369 in
2558 1322 2760 1369 terram
2794 1328 2915 1369 cum
2959 1317 3176 1385 planctu
3203 1319 3375 1375 valido
3403 1330 3620 1379 orantes

2033 1416 2378 1472 clamavimus
2408 1417 2473 1471 ad
2502 1418 2667 1473 Deum
2688 1460 2702 1483 ,
2752 1426 2805 1472 ct
2832 1417 2884 1471 in
2916 1416 3104 1472 eodem
3130 1416 3247 1470 luco
3273 1416 3385 1470 dies
3413 1425 3617 1485 septem

2032 1511 2439 1580 complevimus,
2491 1526 2597 1566 non
2653 1510 3039 1566 manducantes
3064 1524 3163 1565 nec
3208 1510 3471 1574 bibentes,
3521 1523 3621 1565 nec

2030 1603 2212 1658 lumen
2242 1603 2363 1658 coeli
2391 1603 2662 1658 videntes.
2710 1601 2875 1658 Nobis
2896 1612 3076 1657 autem
3099 1600 3250 1656 valde
3279 1600 3508 1669 afﬂictis,
3567 1610 3624 1657 et

2034 1695 2089 1750 in
2137 1695 2383 1752 oratione
2412 1695 2845 1765 persistentibus,
2897 1704 3017 1765 post
3066 1694 3181 1749 dies
3221 1703 3426 1763 septem
3455 1694 3623 1750 adfuit

2036 1790 2308 1857 columba,
2345 1806 2465 1859 quae
2494 1789 2649 1845 nobis
2677 1789 3135 1859 appropinquans,
3153 1802 3217 1842 ac
3242 1788 3328 1843 diu
3356 1788 3495 1843 circa
3523 1801 3621 1842 nos

1959 1865 2008 1926 Β
2036 1884 2282 1948 volitans,
2316 1891 2371 1937 et
2402 1884 2666 1950 pennulas
2720 1881 2936 1935 fortiter
2966 1880 3293 1948 percutiens,
3349 1879 3500 1948 quasi
3554 1881 3619 1934 ad

2032 1973 2411 2030 ambulandum
2443 1988 2540 2028 nos
2561 1972 2917 2027 confortabat.
2964 1971 3113 2027 Tunc
3140 1987 3236 2026 nos
3259 1970 3369 2026 Deo
3400 1981 3619 2041 agentes

2032 2069 2253 2139 gratias,
2270 2068 2625 2134 surreximus,
2641 2067 2835 2137 illaque
2853 2066 3211 2137 praecedente,
3243 2080 3335 2133 per
3347 2064 3501 2119 devia
3515 2065 3621 2119 iter

2032 2159 2349 2225 fecimus;et
2364 2175 2487 2215 ecce
2515 2171 2638 2214 ante
2679 2175 2780 2215 nos
2814 2158 3100 2213 maximam
3129 2158 3427 2213 invenimus
3471 2157 3618 2212 absi-

2033 2251 2155 2306 dam
2180 2249 2315 2322 (l5),
2351 2252 2400 2305 in
2431 2250 2656 2307 circuitu
2685 2252 2961 2320 scriptam.
2980 2249 3234 2303 Videntes
3253 2264 3378 2303 vero
3392 2248 3619 2318 scriptu-

2033 2357 2148 2395 ram
2168 2341 2333 2407 illam,
2366 2342 2533 2410 gavisi
2562 2357 2768 2405 sumus,
2792 2348 2848 2397 et
2867 2340 3287 2396 collaudavimus
3314 2338 3620 2397 Dominum.

2034 2434 2160 2488 Haec
2178 2448 2353 2489 autem
2379 2444 2493 2488 erat
2514 2443 2776 2504 scriptura
2794 2453 2805 2485 :
2826 2434 3070 2489 Absidant
3100 2434 3249 2488 istaut
3272 2433 3626 2503 fecitAIexan-

2038 2527 2131 2581 der
2180 2526 2417 2597 Philippi
2465 2527 2684 2582 Macedo
2736 2528 3040 2597 imperator,
3094 2528 3297 2597 quando
3336 2534 3626 2593 persecutus

2034 2628 2111 2675 est
2135 2620 2353 2674 Darium
2385 2638 2554 2692 regem
2583 2620 2886 2679 Persarum.
2913 2621 3014 2686 Qui
3041 2630 3229 2676 terram
3261 2621 3394 2675 lianc
3422 2619 3625 2692 ingredi

2034 2714 2274 2777 voluerit,
2303 2715 2371 2767 ad
2401 2731 2610 2767 manum
2630 2715 2891 2768 sinistram
2913 2714 3097 2781 vadat;
3121 2713 3189 2767 ad
3208 2717 3469 2768 dexteram
3491 2712 3625 2767 enim

2037 2812 2174 2856 terra
2202 2804 2359 2872 invia,
2392 2814 2440 2857 et
2461 2805 2674 2874 rupibus
2696 2814 2744 2859 et
2774 2805 3027 2874 angustiis
3050 2814 3122 2859 est
3154 2804 3327 2874 plena.

2115 2894 2246 2950 CAP.
2277 2894 2371 2949 IX.
2405 2925 2470 2936 -—
2500 2913 2521 2948 ι
2558 2895 2664 2951 Nos
2686 2895 2847 2967 igitur
2868 2896 2933 2951 ad
2966 2896 3153 2951 laevam
3183 2896 3461 2965 intrantes,
3512 2910 3629 2949 am-

2035 2986 2339 3042 bulavimus
2365 2987 2483 3043 dies
2512 2988 2727 3042 multos.
2782 2987 2849 3041 Et
2902 2986 3099 3043 factum
3130 2997 3211 3041 est
3243 2996 3364 3058 post
3393 2986 3613 3057 quadra-

2037 3080 2183 3148 ginta
2209 3080 2344 3148 dies,
2377 3081 2629 3136 euntibus
2660 3080 2818 3135 nobis
2846 3081 2993 3135 venit
3048 3081 3313 3150 pessimus
3355 3090 3409 3135 et
3437 3080 3626 3136 intole-

2038 3172 2228 3227 rabilis
2257 3173 2415 3238 fetor,
2448 3187 2515 3228 ex
2546 3189 2649 3254 quo
2680 3173 3119 3228 velutexanimes
3141 3172 3339 3237 effecti,
3365 3160 3628 3229 etcaden-

1955 3256 2003 3318 C
2042 3276 2124 3321 tes
2156 3267 2207 3320 iu
2233 3275 2457 3331 terram,
2486 3267 2763 3322 oravimus
2787 3266 3090 3333 Dominum,
3127 3276 3182 3321 ut
3198 3267 3308 3337 jam
3339 3267 3629 3326 clementer

2040 3361 2207 3429 recipi
2250 3360 2467 3431 iuberet
2509 3362 2718 3417 animas
2764 3368 2995 3416 nostras.
3024 3360 3151 3417 Post
3195 3358 3463 3417 modicum
3499 3373 3630 3416 vero

2040 3462 2322 3525 surgentes
2365 3468 2395 3508 a
2452 3462 2616 3523 terra,
2668 3454 2976 3525 aspeximus
3006 3454 3181 3509 lacum
3231 3469 3479 3524 magnum
3514 3494 3528 3519 ,
3576 3461 3630 3509 et

2041 3546 2442 3601 multitudinem
2470 3547 2799 3618 serpentium
2821 3546 2876 3601 in
2901 3561 2966 3602 eo
2996 3546 3316 3617 ignitorum;
3348 3556 3401 3602 et
3421 3561 3485 3603 ex
3516 3546 3631 3616 ipso

2040 3638 2163 3694 lacu
2194 3641 2438 3696 exierunt
2466 3655 2649 3705 voces,
2682 3650 2738 3695 et
2759 3640 3058 3696 audivimus
3092 3639 3347 3694 ululatum
3376 3650 3429 3695 et
3481 3640 3632 3709 plan-

2040 3743 2187 3789 ctum
2217 3749 2492 3804 magnum,
2522 3732 2671 3802 quasi
2695 3733 2875 3804 populi
2898 3732 3473 3798 innumerabilis,etde
3492 3733 3631 3787 creto

2046 3842 2149 3882 vox
2182 3826 2382 3892 sonuit,
2412 3828 2597 3883 dicens
2634 3846 2645 3879 :
2710 3826 2887 3883 Locus
2913 3827 3013 3882 iste
3040 3825 3227 3895 judicii
3275 3835 3330 3880 et
3356 3840 3633 3895 poenarum

2046 3929 2154 3985 est,
2186 3920 2237 3975 in
2268 3935 2374 3990 quo
2404 3920 2715 3975 cruciantur
2741 3920 2828 3990 qui
2851 3918 3121 3975 Christum
3143 3927 3497 3989 negaverunt.
3526 3918 3635 3974 Nos

2042 4022 2225 4070 autem
2253 4026 2442 4068 vocem
2468 4013 2604 4067 hanc
2627 4012 2928 4077 audientes,
2962 4020 3247 4083 etpectora
3273 4013 3632 4080 percutientes

2045 4123 2169 4166 cum
2198 4105 2450 4178 lacrymis
2480 4116 2534 4162 et
2568 4107 2761 4163 timore
2790 4106 2956 4161 nimio
2985 4107 3159 4177 ipsum
3181 4104 3528 4161 transivimus
3559 4105 3635 4161 la-

2044 4218 2191 4267 cum,
2206 4213 2259 4258 et
2273 4204 2515 4258 venimus
2527 4202 2665 4257 inter
2677 4212 2887 4257 montes
2900 4200 3036 4255 duos
3047 4199 3360 4266 altissimos,
3382 4207 3435 4254 et
3455 4198 3507 4253 in
3522 4212 3639 4254 me-

2049 4296 2143 4352 dio
2172 4296 2414 4365 ipsorum
2450 4295 2697 4366 apparuit
2726 4293 2883 4350 nobis
2905 4293 3066 4348 homo
3088 4293 3244 4363 longa
3267 4300 3468 4348 statura
3497 4290 3637 4363 (I4),

2051 4389 2206 4460 quasi
2241 4400 2453 4444 centum
2483 4388 2804 4453 cubitorum,
2858 4396 2911 4442 et
2939 4388 3050 4456 ipse
3079 4387 3283 4441 catenis
3312 4385 3636 4440 constrictus

2061 4481 2238 4549 aereis,
2272 4492 2384 4538 toto
2414 4482 2607 4551 ligatus
2632 4490 2748 4535 erat
2777 4495 3021 4549 corpore.
3074 4480 3200 4533 Duae
3219 4489 3397 4533 autem
3432 4487 3637 4533 catena:

2049 4577 2119 4632 de
2141 4590 2244 4630 una
2268 4573 2507 4643 corporis
2546 4584 2715 4641 parte,
2747 4573 2799 4627 in
2826 4580 3011 4627 monte
3038 4585 3148 4625 uno
3193 4579 3347 4625 erant
3398 4570 3535 4635 fixae,
3584 4577 3641 4625 et

344 4650 551 4692 ramus.
620 4637 849 4694 Dextera
890 4639 1051 4711 igitur
1100 4641 1192 4697 Dei
1245 4658 1341 4697 nos
1386 4653 1721 4717 protegente,
1779 4648 1930 4705 illaesi

2054 4670 2177 4726 dum
2200 4667 2253 4722 in
2283 4675 2468 4721 monte
2489 4664 2682 4730 altero,
2706 4674 2760 4718 et
2808 4664 2943 4733 ignis
2993 4661 3262 4716 maximus
3313 4662 3363 4716 in
3417 4660 3643 4717 circuitu

345 4730 789 4799 pertransivimns
820 4732 906 4786 illa
931 4746 947 4798 ;
993 4731 1088 4786 sed
1110 4743 1161 4786 et
1191 4732 1375 4788 sibilos
1413 4735 1706 4791 draconum
1728 4748 1786 4793 et
1815 4755 1936 4795 ser-

346 4822 590 4890 pentium
622 4838 716 4893 per
768 4824 953 4894 viginti
984 4822 1266 4881 continuos
1317 4826 1434 4882 dies
1477 4828 1531 4884 in
1574 4830 1790 4887 auribus
1837 4832 1937 4888 ha-

346 4911 584 4981 buimus,
638 4928 693 4972 et
748 4933 855 4975 non
902 4919 1006 4974 nisi
1054 4934 1213 4977 aures
1266 4922 1577 4981 obturantes
1625 4925 1750 4981 illos
1796 4926 1939 4985 ferre

347 5022 633 5076 qummus.

420 5118 551 5175 Car.
586 5119 723 5175 VIII.
754 5149 825 5163 -
870 5140 890 5173 ‹
930 5124 1135 5180 Interea
1168 5127 1218 5182 in
1252 5127 1423 5184 locum
1476 5128 1759 5189 incidimus
1783 5133 1944 5190 terri-

347 5213 536 5279 bilem,
572 5229 733 5283 rupes
760 5217 1050 5273 habentem
1074 5222 1421 5290 asperrimas,
1442 5223 1677 5280 inaltum
1706 5237 1941 5295 erectas,

348 5305 467 5360 etin
492 5307 595 5360 ima
622 5306 1031 5366 descendentes.
1066 5310 1171 5367 Nos
1198 5329 1326 5383 ergo
1349 5324 1553 5386 septem
1577 5316 1691 5372 dies
1716 5319 1789 5374 ibi
1812 5318 1942 5374 feci-

349 5410 503 5464 mus,
565 5399 702 5455 ultra
735 5402 981 5470 progredi
1010 5416 1119 5458 non
1143 5404 1404 5462 valentes.
1471 5407 1712 5479 Septima
1759 5421 1940 5469 autem

349 5502 473 5562 post
497 5492 612 5547 haec
627 5491 716 5547 die
743 5497 989 5564 apparuit
1019 5510 1215 5553 cervus
1254 5508 1376 5555 ante
1406 5514 1503 5555 nos
1528 5502 1811 5557 ambulans
1840 5516 1937 5558 ru-

350 5584 567 5656 giendo,
589 5601 748 5657 quem
779 5598 1061 5658 surgentes
1087 5592 1257 5646 secuti
1281 5606 1490 5650 sumus.
1522 5594 1827 5651 lterautem
1859 5596 1939 5652 fa-

347 5676 573 5743 cientes,
601 5680 771 5733 multo
796 5681 1029 5743 maiores
1075 5684 1377 5740 invenimus
1425 5696 1549 5743 ante
1597 5703 1696 5743 nos
1753 5704 1940 5760 rupes.

348 5768 459 5826 Nos
484 5784 615 5825 vero
661 5772 898 5828 maximo
936 5787 1059 5828 cum
1115 5776 1297 5833 labore
1349 5788 1403 5835 et
1457 5783 1698 5851 angustia
1747 5782 1944 5839 exinde

350 5866 641 5935 evasimus,
670 5874 724 5924 et
743 5867 986 5925 venimus
1009 5868 1061 5925 in
1075 5884 1320 5942 campum
1340 5874 1555 5944 planum
1589 5886 1645 5933 et
1664 5891 1942 5947 maguum,

2053 4765 2174 4835 ejus
2198 4777 2262 4818 ex
2295 4759 2441 4816 omni
2467 4766 2636 4829 parte.
2671 4756 2782 4811 Vox
2815 4766 2991 4812 autem
3020 4756 3271 4811 clamoris
3304 4755 3443 4810 illius
3460 4753 3645 4810 audie-

2056 4854 2237 4920 batur,
2270 4851 2421 4921 quasi
2454 4865 2547 4919 per
2580 4847 2934 4921 quadraginta
2976 4845 3244 4902 milliaria.
3300 4846 3399 4914 Qui
3451 4856 3509 4901 ut
3546 4858 3647 4900 nos

2057 4944 2212 5011 vidit,
2246 4945 2463 5015 plorans
2486 4953 2541 4998 et
2567 4942 2780 5011 eiulans
2804 4941 3097 4997 fortissime
3119 4940 3440 4997 exclamavit
3470 4956 3481 4969 ·
3525 4953 3647 4994 cru-

1992 5095 1995 5098 t
2057 5037 2255 5093 deliter
2285 5037 2427 5092 enim
2460 5035 2530 5091 ab
2558 5036 2679 5106 igne
2700 5034 3056 5091 cremabatur.

2134 5131 2266 5186 Car.
2297 5129 2365 5185 Χ.
2400 5159 2472 5171 -
2502 5147 2521 5181 ι
2559 5127 2799 5197 Cumque
2824 5144 2922 5186 nos
2953 5132 3073 5185 talia
3093 5142 3460 5196 cerneremus,
3491 5126 3648 5183 valde

2057 5223 2477 5293 pertimuimus;
2504 5231 2559 5278 et
2587 5224 2956 5293 coeperientes
3002 5223 3193 5289 facies,
3239 5237 3269 5276 a
3309 5221 3465 5291 longe
3504 5223 3649 5293 ipsos

2059 5319 2407 5373 transivimus
2432 5328 2673 5383 montes;
2734 5327 2788 5372 et
2814 5331 2939 5372 ecce
2992 5317 3043 5370 in
3071 5316 3233 5371 alium
3276 5317 3532 5373 continuo
3561 5315 3648 5372 de-

2059 5411 2312 5467 venimus
2342 5411 2540 5478 locum,
2576 5409 2668 5466 ubi
2697 5425 2859 5480 rupes
2887 5409 3068 5464 multa:
3096 5418 3149 5464 et
3172 5409 3505 5479 profunditas
3538 5424 3651 5463 ma-

2058 5520 2167 5574 gna
2199 5513 2333 5560 erat.
2361 5505 2437 5559 lbi
2460 5506 2620 5559 etiam
2651 5503 2935 5571 quamdam
2967 5503 3195 5558 vidimus
3246 5504 3499 5560 feminam
3540 5505 3652 5560 cri-

2065 5597 2222 5652 nibus
2277 5597 2467 5651 solutis
2498 5606 2769 5661 stantem,
2811 5604 2931 5650 toto
2959 5612 3185 5668 corpore
3233 5614 3263 5653 a
3317 5599 3553 5653 maxime
3597 5606 3653 5653 et

2061 5689 2288 5744 terribili
2312 5690 2547 5743 dracone
2575 5688 2892 5743 involutam.
2942 5689 3379 5763 Quandocuuque
3408 5706 3536 5763 ergo
3584 5688 3651 5744 ad

2059 5780 2395 5853 loquendum
2425 5795 2486 5835 os
2511 5796 2665 5835 suum
2715 5783 2928 5853 aperire
2958 5787 3245 5853 voluisset,
3291 5795 3453 5856 caput
3501 5797 3654 5838 suum

2016 5880 2229 5991 'Jdraco
2248 5878 2530 5935 confestim
2558 5878 2613 5933 iu
2641 5891 2703 5934 os
2741 5875 2857 5950 ejus
2906 5878 3147 5949 mittens,
3200 5880 3435 5949 linguam
3482 5876 3652 5947 ipsius
