4158 6354
548 342 661 422 ’419

1592 331 1679 390 DE
1716 326 1897 387 VITIS
1940 314 2225 384 PATRUﬁl
2266 319 2473 380 LIBER
2514 314 2787 380 PRIMUS.

3704 311 3829 373 .420

556 467 856 528 mordebat.
888 460 1075 531 Capilli
1114 465 1293 514 autem
1336 453 1493 523 hujus
1545 451 1788 505 mulieris
1846 448 1911 503 ad
1947 456 2145 501 terram
2173 444 2227 506 Δ
2250 448 2304 499 et
2332 445 2622 499 cantabant
2650 440 2917 496 canticum
2955 439 3197 507 cmleste,
3230 437 3284 493 id
3312 432 3416 501 est,
3453 447 3616 491 voces
3642 434 3835 491 cheru-

556 578 726 634 usque
754 556 1170 617 descendebant.
1227 548 1467 620 Cumque
1496 547 1548 601 in
1604 548 1746 601 illam
1803 545 2060 598 mirantes
2086 550 2141 598 et

558 658 734 733 pavidi
766 654 1153 726 aspiceremus,
1188 647 1366 703 subito
1395 644 1462 699 de
1494 644 1606 715 ipsa
1638 638 2002 712 profunditate
2033 636 2140 689 val-

560 755 625 812 lis
656 747 991 808 miserabiles
1018 744 1317 800 audivimus
1344 755 1529 805 voces,
1573 739 1813 793 dicentes
1842 752 1852 787 :
1888 734 2144 789 Miserere

562 846 740 913 nobis,
768 844 1047 904 miserere,
1076 836 1310 902 Christe,
1343 834 1441 888 Fili
1476 832 1567 887 Dei
1617 829 1881 885 altissimi.
1912 826 2018 881 Nos
2047 826 2145 881 ita-

562 954 663 1011 que
692 934 1039 993 vehementer
1071 929 1334 993 exterriti,
1360 934 1621 996 ponentes
1647 938 1816 993 genua
1859 922 1913 975 in
1946 924 2143 975 terram

565 1032 857 1093 oravimus,
890 1029 1129 1082 dicentes
1158 1038 1278 1078 cum
1302 1021 1598 1093 iacrymis:
1645 1017 1898 1080 Domine,
1930 1014 2017 1084 qui
2052 1027 2147 1067 nos

565 1124 783 1189 creaSti,
812 1120 941 1175 tolle
981 1118 1188 1172 animas
1216 1123 1452 1181 nostras,
1496 1111 1759 1181 quoniam
1812 1108 2007 1178 judicia
2060 1114 2146 1160 tua

564 1214 703 1272 oculi
730 1212 899 1269 nostri
931 1210 1174 1266 viderunt
1200 1209 1251 1262 in
1278 1216 1438 1261 terra.

638 1348 767 1404 CAP.
802 1345 892 1402 XI.
938 1373 1009 1384 —
1054 1361 1073 1395 ι
1113 1341 1403 1413 Surgentes
1430 1348 1629 1401 autem,
1653 1336 1853 1404 ingenti
1916 1333 2060 1388 luctu
2098 1341 2153 1387 et

570 1456 802 1501 mmrore
833 1438 990 1493 simul
1024 1445 1077 1491 et
1109 1436 1300 1490 timore
1326 1432 1568 1489 venimus
1597 1431 1649 1485 in
1678 1430 1850 1484 locum
1883 1427 2069 1491 alium,
2100 1428 2151 1482 in

575 1554 683 1610 quo
713 1535 934 1591 arbores
962 1532 1158 1587 multas
1204 1539 1257 1586 et
1287 1528 1549 1584 maximas
1594 1524 1843 1589 vidimus,
1893 1521 2154 1578 habentes

574 1627 981 1689 similitudinem
1006 1624 1229 1699 ficorum
1262 1639 1274 1673 :
1331 1620 1491 1692 227
1536 1619 1588 1673 in
1611 1618 1775 1673 ramis
1809 1624 1991 1670 autem
2026 1614 2154 1682 ipsis

570 1721 805 1781 volatilia
829 1719 1019 1784 multa,
1093 1714 1287 1771 similia
1316 1712 1501 1768 avibus
1533 1711 1656 1768 cceli
1705 1712 1841 1782 (l5),
1893 1723 2026 1765 voce
2058 1708 2155 1763 bu-

570 1829 724 1873 mana
777 1812 986 1868 fortiter
1034 1807 1359 1875 clamabant,
1410 1800 1639 1860 dicentia
1685 1818 1700 1856 :
1755 1802 1921 1855 Parce
1974 1800 2153 1866 nobis,

570 1908 817 1969 Domine,
850 1903 938 1974 qui
968 1897 1246 1971 plasmasti
1272 1914 1400 1963 nos;
1435 1910 1594 1966 parce
1625 1895 1801 1960 nobis,
1826 1892 2150 1957 misericors,

573 1998 695 2072 quia
725 1995 1069 2069 peccavimus
1097 1999 1224 2047 ante
1268 1990 1458 2045 faciem
1511 1997 1678 2055 tuam,
1733 2001 1895 2055 super
1941 1998 2156 2038 omnem

573 2099 796 2149 terram.
820 2089 926 2142 Nos
947 2095 1125 2141 autem
1151 2082 1444 2148 oravimus,
1478 2080 1717 2135 dicentes
1742 2095 1757 2132 ;
1806 2078 2031 2132 Domine
2060 2074 2162 2131 mi-

574 2180 1017 2244 sericordissime,
1052 2178 1279 2235 ostende
1302 2174 1457 2230 nobis
1477 2173 1601 2238 ista,
1627 2186 1746 2239 quas
1775 2171 2030 2236 vidimus,
2063 2168 2162 2223 mi-

573 2277 752 2337 racula
780 2283 888 2339 tua,
921 2272 1183 2344 quoniam
1223 2268 1532 2339 ignoramus
1556 2264 1682 2335 quid
1705 2264 1831 2318 sint.
1853 2262 2007 2316 Venit
2035 2274 2164 2331 ergo

575 2378 676 2425 Vox
706 2367 892 2422 dicens
922 2382 935 2418 :
991 2363 1108 2419 Non
1160 2372 1241 2416 est
1272 2370 1511 2415 vestrum
1553 2371 1715 2412 nosse
1764 2353 2019 2427 mysteria
2047 2366 2164 2417 quis

577 2462 806 2528 vidistis,
833 2459 970 2515 viam
994 2455 1200 2529 pergite
1233 2462 1486 2511 vestram.

648 2596 775 2651 Car.
816 2593 933 2649 XII.
964 2623 1033 2634 —
1078 2610 1099 2644 ι
1157 2591 1287 2646 Inde
1331 2589 1490 2659 igitur
1538 2603 1658 2642 cum
1718 2585 1920 2656 ingenti
1970 2597 2169 2653 pavore

579 2689 804 2760 egressi,
833 2687 1149 2743 devenimus
1175 2683 1241 2738 ad
1272 2683 1445 2736 locum
1473 2678 1924 2734 honorabiliorem
1955 2690 2018 2731 ac
2044 2689 2171 2744 spe-

581 2781 941 2837 ciosissimum
960 2820 976 2845 ,
1018 2780 1071 2832 in
1101 2790 1207 2846 quo
1236 2782 1463 2845 quatuor
1491 2772 1591 2826 viri
1634 2770 1878 2835 stabant,
1911 2769 2170 2823 habentes

578 2874 775 2944 ﬁguras
806 2870 1168 2935 venerabiles,
1198 2877 1450 2938 tanquam
1484 2866 1618 2921 mira
1652 2861 2048 2933 pulchritudine
2077 2862 2173 2916 de-

582 2982 758 3032 coras,
791 2976 847 3021 ut
875 2965 1017 3021 credi
1049 2973 1139 3020 aut
1167 2960 1267 3019 fari
1293 2962 1514 3016 omnino
1539 2959 1694 3016 facile
1728 2960 1814 3014 vix
1846 2958 2012 3029 possit
2040 2977 2052 3011 :
2083 2957 2172 3013 isti

574 3061 847 3132 siquidem
875 3073 1102 3116 coronas
1128 3070 1342 3120 aureas,
1375 3054 1600 3125 gemmis
1631 3060 1685 3108 et
1714 3052 1979 3123 lapidibus
2006 3051 2173 3107 hono-

582 3155 737 3211 ‘rifice
760 3153 1101 3223 compositas,
1128 3152 1183 3205 in
1211 3149 1474 3219 capitibus
1506 3148 1792 3213 habebant,
1846 3155 1899 3203 et
1924 3146 1975 3201 in
2005 3147 2174 3201 mani-

2238 537 2375 593 ‘bim.
2401 536 2511 591 Nos
2537 542 2714 591 autem
2744 534 2855 590 haec
2884 534 3170 597 intuentes,
3201 531 3478 586 timuimus
3507 527 3683 583 valde.
3717 527 3832 595 Ipsa

2245 644 2375 687 vero
2403 630 2629 685 ecclesia
2679 643 2708 683 a
2736 637 2889 699 parte
2914 625 3201 682 Meridiana
3246 621 3648 680 sirnilit'ud‘mem
3675 621 3836 676 babe-

2248 725 2339 780 bat
2360 724 2557 793 lapidis
2591 720 2784 792 prasini
2819 720 3060 790 pretiosi,
3101 734 3128 772 a
3159 726 3310 789 parte
3335 716 3564 772 Australi
3598 716 3835 770 colorem

2248 817 2521 887 sanguinis
2562 813 2899 869 mundissimi
2947 810 3343 882 praetendebat,
3392 824 3419 862 a
3466 816 3618 874 parte
3658 816 3836 862 autem

2249 908 2582 965 Occidentali
2613 915 2720 964 tota
2750 915 2868 964 erat
2894 908 3039 973 alba,
3070 907 3240 961 instar
3270 905 3421 959 lactis
3449 914 3503 959 et
3531 902 3668 958 nivis
3710 915 3839 956 can-

2251 1002 2542 1058 didissima:
2574 1018 2587 1054 :
2620 1000 2790 1055 stellas
2820 1014 2986 1068 super
3013 998 3185 1067 ipSam
3216 996 3499 1051 ecclesiam
3535 995 3651 1063 plus
3680 1006 3841 1062 quam

2253 1097 2412 1166 hujus
2458 1096 2640 1150 mundi
2689 1094 2863 1148 sidera
2897 1093 3166 1153 Iucebant,
3210 1091 3291 1145 sol
3322 1088 3389 1144 ibi
3420 1087 3843 1158 septempliciter

2253 1190 2463 1246 lucebat
2490 1198 2544 1245 et
2576 1188 2805 1254 calebat,
2835 1200 2993 1257 quam
3026 1187 3077 1239 in
3110 1183 3268 1253 hujus
3303 1193 3460 1238 terra:
3490 1182 3738 1251 regione;
3770 1180 3847 1236 al-

2254 1299 2348 1353 pes
2379 1291 2433 1338 et
2470 1283 2690 1337 arbores
2733 1294 2921 1334 omnes
2966 1279 3083 1347 plus
3122 1277 3269 1343 alue,
3299 1284 3353 1330 et
3393 1273 3517 1329 folia
3547 1288 3610 1328 ac
3641 1273 3846 1328 fructus

2256 1383 2439 1452 plures
2468 1390 2520 1435 et
2558 1379 2862 1445 dulciores,
2895 1392 3052 1446 quam
3101 1375 3255 1429 istius
3284 1372 3465 1427 mundi
3504 1375 3725 1426 arbores
3754 1370 3850 1422 lia-

2258 1475 2484 1539 bebant;
2518 1471 2613 1526 sed
2659 1478 2884 1539 et’aves
2932 1466 3053 1523 εαξη
3102 1468 3257 1522 aliter
3301 1463 3643 1529 resonabant,
3688 1477 3847 1532 quam

2257 1580 2381 1621 aves
2411 1575 2566 1620 terras
2612 1560 3009 1617 istius:omnis
3057 1568 3232 1614 autem
3276 1570 3414 1612 terra
3466 1557 3577 1626 ipsa
3607 1556 3851 1625 duplices

2260 1660 2492 1716 habebat
2529 1659 2740 1714 colores
2760 1698 2773 1722 ,
2808 1657 2858 1711 id
2882 1665 2991 1719 est,
3020 1670 3122 1710 una
3152 1653 3317 1710 facies
3349 1654 3468 1707 alba
3500 1660 3616 1708 erat
3643 1662 3703 1705 ut
3730 1652 3848 1715 nix,

2260 1764 2313 1809 et
2338 1754 2439 1807 alia
2472 1750 2935 1808 rubicundissimis
2960 1750 3232 1805 coloribus
3259 1750 3393 1804 erat.
3417 1747 3523 1803 Nos
3552 1746 3716 1816 igitur
3748 1755 3857 1799 stu-

2187 1840 2238 1901 Β
2268 1856 2475 1917 pentes,
2503 1855 2556 1899 et
2605 1845 2656 1898 in
2688 1844 2877 1900 eodem
2918 1843 3037 1898 loco
3082 1841 3390 1906 adorantes,
3437 1854 3500 1894 ac
3531 1840 3678 1908 ipsos
3709 1839 3859 1893 viros

2263 1939 2582 2000 salutantes,
2607 1951 2727 1992 cum
2758 1937 2948 1991 timore
2973 1935 3195 2005 egressi,
3222 1940 3456 2003 ereptum
3486 1932 3585 1986 iter
3614 1929 3859 1998 arripere

2262 2028 2654 2085 festinavimus.

2335 2121 2463 2177 CAP.
2505 2120 2644 2176 XIV.
2682 2150 2751 2160 —
2795 2135 2814 2172 ι
2854 2121 3091 2190 Denique
3120 2127 3241 2189 post
3270 2119 3385 2175 bace
3408 2127 3623 2174 centum
3652 2114 3861 2184 impleti

2264 2222 2392 2270 sunt
2432 2214 2568 2282 dies,
2596 2222 2654 2268 ut
2682 2212 2939 2267 Dominus
2985 2214 3137 2267 testis
3181 2222 3264 2267 est
3303 2212 3477 2278 nobis,
3525 2210 3669 2282 quod
3710 2210 3863 2264 nullo

2267 2311 2451 2369 refecti
2490 2325 2676 2366 sumus
2703 2310 2846 2377 cibo,
2880 2322 3015 2379 aqua
3052 2322 3151 2364 nos
3182 2309 3513 2379 frequentius
3553 2305 3865 2363 refocillan-

2269 2415 2533 2463 teszcum
2581 2420 2709 2461 ecce
2756 2404 2935 2460 subito
2985 2403 3237 2459 euntibus
3290 2403 3467 2467 nobis,
3498 2402 3645 2458 venit
3675 2402 3866 2472 populi

2267 2496 2678 2555 innumerabilis
2724 2497 3008 2553 multitudo
3050 2496 3285 2551 virorum
3334 2510 3398 2551 ac
3441 2496 3727 2552 mulierum
3760 2495 3868 2549 ob-

2269 2591 2435 2658 viam,
2484 2590 2535 2645 in
2584 2605 2750 2645 unum
2796 2588 3132 2658 conglobati;
3182 2602 3288 2642 non
3334 2596 3511 2645 autem
3558 2588 3703 2643 inter
3744 2588 3873 2642 illos

2268 2687 2566 2756 longiorem
2615 2694 2979 2755 prasterquam
3022 2683 3183 2739 unius
3219 2683 3383 2738 cubiti
3430 2692 3700 2737 staturam
3733 2681 3873 2735 vidi.

2273 2797 2417 2838 mus.
2469 2781 2632 2851 Igitur
2656 2781 2789 2836 visis
2824 2780 2951 2847 illis,
2985 2779 3141 2834 valde
3166 2779 3555 2849 pertimuimus.
3591 2777 3745 2832 Tunc
3772 2777 3875 2831 mi.

2274 2873 2524 2931 serabilis
2548 2889 2650 2945 ego
2681 2882 2931 2943 peccator
2954 2872 3282 2942 Theophilus
3308 2870 3419 2926 dixi
3448 2869 3705 2926 fratribus
3738 2871 3879 2924 meis

2273 2967 2460 3037 Sergio
2490 2975 2544 3022 et
2567 2966 2775 3037 Hygino
2806 2983 2820 3021 :
2851 2967 3138 3022 Solventes
3165 2965 3390 3033 capillos
3421 2971 3654 3027 nostros,
3681 2961 3880 3017 venia-

2272 3077 2393 3120 mus
2423 3062 2678 3119 adversus
2699 3077 2820 3126 eos;
2844 3044 3066 3118 forsitan
3092 3060 3296 3130 fugient
3326 3075 3354 3111 a
3388 3058 3562 3126 nobis,
3589 3066 3645 3112 et
3668 3057 3882 3112 libera-

2274 3156 2354 3215 bit
2377 3170 2478 3211 nos
2502 3154 2756 3211 Dominus
2784 3155 2853 3211 de
2881 3153 3128 3209 manibus
3152 3152 3382 3206 illorum.
3415 3150 3566 3219 Quod
3594 3165 3719 3204 cum
3744 3150 3882 3218 ipsis

578 3250 687 3305 'bus
717 3247 925 3318 palmas
965 3258 1156 3299 aureas
1185 3242 1501 3312 gestabant;
1553 3239 1689 3310 ignis
1729 3253 1859 3294 vero
1901 3238 2171 3292 maximus

2277 3250 2450 3307 visum
2480 3249 2668 3306 fuisset
2698 3250 2919 3314 bonum,
2959 3247 3147 3303 solutis
3178 3245 3410 3301 fasciolis
3438 3254 3492 3299 et
3519 3243 3729 3313 capillis
3777 3257 3885 3296 no-

586 3355 650 3396 ac
678 3339 928 3395 terribilis
956 3346 1080 3391 ante
1100 3335 1249 3403 illos,
1276 3343 1331 3389 et
1351 3335 1569 3403 spathas
1598 3332 1934 3388 acutissimas
1963 3342 2088 3386 ante
2119 3345 2178 3386 se

582 3431 863 3487 tenebant.
894 3428 999 3483 Nos
1030 3441 1158 3482 vero
1185 3427 1284 3481 ista
1315 3435 1617 3502 cernentes,
1651 3438 1713 3478 ac
1744 3424 1919 3478 valido
1944 3422 2178 3492 perculsi

585 3523 799 3587 timore,
836 3518 1250 3576 exclarnavimus
1278 3517 1346 3571 ad
1376 3518 1515 3579 illos,
1558 3516 1799 3571 dicentes
1834 3531 1848 3567 :
1888 3512 2094 3568 Domini
2124 3520 2180 3567 et

595 3613 735 3669 servi
760 3612 849 3667 Dei
872 3608 1438 3677 excelsi,_miseremini
1470 3607 1655 3673 nostri,
1683 3616 1739 3659 ut
1765 3604 1971 3674 spathae
2001 3612 2055 3659 et
2084 3604 2184 3660 iste

593 3705 731 3775 ignis
751 3703 905 3758 nobis
932 3716 1034 3757 non
1059 3701 1385 3771 praevaleant
1406 3713 1623 3754 nocere.
1652 3701 1719 3752 At
1749 3698 1821 3752 illi
1854 3696 2184 3766 responden-

590 3806 678 3854 tes
708 3797 882 3861 nobis,
912 3795 1162 3849 duxerunt
1187 3811 1198 3846 :
1224 3792 1397 3848 Nolite
1418 3793 1631 3857 timere,
1667 3792 1811 3845 viam
1839 3807 1996 3858 quam
2031 3790 2185 3845 vobis

593 3892 737 3945 Deus
756 3885 1166 3951 demonstravit,
1199 3886 1271 3939 ite
1299 3885 1473 3939 securi
1502 3901 1516 3939 :
1547 3898 1644 3938 nos
1670 3882 1815 3939 enim
1848 3883 2106 3937 Dominus
2129 3883 2183 3937 in

594 3982 699 4035 isto
728 3978 904 4048 posuit
938 3978 1076 4037 loco,
1110 3985 1167 4028 ut
1199 3974 1333 4028 viam
1379 3975 1517 4029 hanc
1546 3987 1888 4028 servaremus
1918 3982 1974 4026 et
2004 3981 2187 4027 custo-

596 4073 857 4138 diremus,
887 4084 1055 4141 usque
1083 4069 1135 4123 in
1159 4069 1298 4124 diem
1328 4070 1533 4139 judicii,
1565 4070 1780 4138 quando
1809 4068 1994 4122 orbem
2030 4076 2186 4122 terra:

595 4162 927 4219 ‘udicaturus
956 4161 1203 4215 adveniet

654 4272 795 4333 “CAP.
840 4275 978 4332 XIII.
1004 4305 1072 4317 ——
1112 4294 1130 4328 ι
1168 4274 1293 4331 Ilaec
1336 4289 1432 4330 nos
1462 4274 1739 4331 addientes
1770 4289 1799 4328 a
1828 4277 2029 4331 sanctis
2058 4274 2186 4330 viris

597 4372 734 4440 illis,
769 4386 832 4426 ac
862 4370 929 4425 de
958 4370 1114 4439 longe
1144 4383 1236 4424 eos
1274 4369 1565 4424 salutantes
1587 4409 1601 4434 ,
1639 4368 2081 4439 pertransivitnus
2112 4369 2188 4422 lo-

594 4465 918 4535 ’cumjpsum
937 4505 952 4530 ,
984 4472 1037 4519 et
1062 4477 1156 4533 per
1182 4461 1529 4533 quadraginta
1552 4462 1835 4518 continuos
1861 4462 1975 4517 dies
2003 4462 2188 4517 ambu-

598 4558 861 4624 lavimus,
904 4556 1106 4612 nullum
1149 4557 1369 4613 omnino
1417 4558 1592 4611 cibum
1638 4566 1944 4623 sumentes,
1994 4571 2187 4623 aquam

2285 3343 2433 3411 stris,
2485 3344 2739 3400 irruimus
2784 3358 2946 3413 super
2984 3356 3079 3399 eos
3128 3349 3371 3410 repente,
3421 3336 3523 3408 ipsi
3560 3346 3746 3393 autem
3778 3336 3886 3392 hoc

2286 3446 2598 3503 cernentes,
2627 3434 2909 3493 confestim
2940 3435 3080 3491 ﬁlios
3108 3448 3235 3490 suos
3272 3433 3613 3504 arripientes,
3646 3430 3886 3486 striden-

2286 3537 2476 3599 tesque
2498 3529 2769 3597 dentibus,
2791 3527 2954 3584 citius
2979 3527 3298 3597 aufugerunt
3318 3540 3528 3582 omnes.
3562 3524 3669 3581 Nos
3698 3534 3886 3580 autem

2286 3624 2573 3683 Dominum
2619 3623 3061 3691 collaudavimus,
3093 3624 3185 3693 qui
3213 3620 3412 3694 eripuit
3457 3634 3589 3687 nos;
3620 3629 3672 3674 et
3705 3629 3887 3674 trans~

2288 3729 2480 3775 euntes
2520 3720 2743 3789 ﬂumen,
2795 3717 3102 3773 invenimus
3130 3716 3322 3771 herbas
3343 3708 3597 3770 candidas
3625 3723 3677 3768 et
3710 3713 3889 3780 albas,

2287 3814 2425 3868 sicut
2448 3814 2549 3883 lac,
2576 3812 2761 3869 dulces
2782 3811 2931 3867 velut
2958 3811 3084 3875 mel,
3113 3809 3253 3865 altas
3286 3822 3413 3863 vero
3438 3806 3605 3877 usque
3629 3805 3698 3860 ad
3720 3820 3890 3861 unum

2288 3911 2551 3967 cubitum.
2585 3909 2964 3966 Manducantcs
2992 3907 3173 3977 itaque
3200 3904 3267 3961 de
3294 3904 3475 3959 herbis
3504 3899 3804 3965 mellilluis,
3831 3914 3892 3957 ac

2289 4019 2389 4060 nos
2430 4013 2733 4057 saturantes
2784 4017 2852 4057 ex
2883 4001 2986 4065 eis,
3026 3998 3319 4070 gratiarum
3366 3998 3608 4052 actiones
3642 3992 3891 4051 Creatori

2289 4098 2527 4153 omnium
2555 4098 2864 4162 obtulimus,
2896 4095 2988 4167 qui
3034 4110 3133 4149 nos
3161 4109 3255 4163 per
3286 4103 3430 4147 tanta
3476 4090 3717 4147 servavit
3747 4088 3895 4158 peri.

2290 4190 2435 4254 cula,
2469 4203 2533 4243 ac
2557 4190 2788 4259 gratuita
2821 4203 2919 4244 nos
2953 4202 3048 4241 sua
3078 4186 3248 4256 gratia
3279 4184 3573 4240 nutriebat.
3605 4182 3712 4237 Nos
3754 4180 3895 4236 inte~

2290 4296 2382 4337 rea
2408 4283 2508 4337 iter
2535 4289 2756 4351 agentes
2784 4295 2878 4349 per
2899 4278 3075 4349 devia,
3103 4276 3278 4333 subito
3309 4275 3555 4331 semitam
3586 4272 3896 4328 invenimus

2292 4375 2627 4444 speciosam;
2670 4382 2724 4429 et
2763 4372 3019 4428 cadentes
3069 4373 3123 4425 in
3176 4380 3409 4436 terram,
3456 4364 3802 4423 adoravimus
3842 4372 3895 4419 et

2294 4468 2534 4523 collauda
2546 4470 2718 4522 vimus
2745 4467 3027 4527 Dominum
3072 4464 3499 4530 misericordem,
3525 4460 3616 4532 qui
3643 4476 3763 4517 eam
3794 4476 3895 4514 ους

2300 4557 2381 4613 bis
2411 4557 2828 4613 demonstravit.
2872 4577 2889 4610 ι

604 4659 809 4707 tantum
834 4652 1093 4707 bibentes.
1119 4651 1526 4707 Ambulantibus
1548 4667 1676 4724 ergo
1703 4652 1879 4718 nobis,
1903 4652 2081 4705 subito
2103 4666 2193 4707 νο-
2217 4643 2272 4704 D
2374 4651 2500 4706 Cap.
2547 4650 2663 4707 XV.
2688 4680 2756 4690 -—
2793 4651 2956 4720 Igitur
2982 4665 3076 4719 per
3106 4649 3219 4705 dies
3248 4647 3507 4717 plurimos
3548 4647 3717 4715 ipsam
3746 4643 3895 4698 viam

604 4757 695 4800 ces
722 4744 898 4813 populi
927 4743 1332 4799 innumerabilis
1364 4745 1476 4813 (l6)
1500 4744 1798 4799 audivimus
1824 4744 2185 4812 psallentium,

604 4846 659 4894 et
686 4838 819 4893 odor
848 4837 1216 4902 suavissimus,
1251 4837 1400 4907 quasi
1433 4837 1654 4891 balsami
1686 4836 1877 4906 optimi
1908 4845 1962 4890 et
1993 4838 2188 4906 pretio-

607 4928 828 4997 sissimi,
873 4929 1026 4985 venit
1056 4928 1229 4993 nobis,
1263 4938 1315 4983 et
1344 4931 1480 4983 sicut
1522 4929 1587 4983 dc
1615 4929 1791 4984 mellis
1839 4930 1955 4983 favo
1986 4928 2187 4984 dulcis-

602 5023 761 5088 simo,
794 5037 856 5077 os
880 5030 1123 5077 nostrum
1165 5021 1534 5075 indulcoravit.
1564 5020 1639 5076 De
1666 5019 1984 5075 suavissimo
2025 5020 2189 5092 igitur

604 5114 785 5171 odoris
808 5122 1051 5178 nectare,
1080 5127 1143 5168 ac
1171 5112 1407 5169 ccclesiis
1438 5112 1669 5166 melodia
1716 5112 1997 5167 cantilena:
2026 5126 2189 5181 sopor

602 5212 701 5265 nos
730 5206 972 5278 arripuit.
1007 5206 1134 5261 Post
1175 5206 1440 5261 modicum
1466 5215 1645 5261 autem
1673 5214 1957 5277 surgentes
1986 5222 2015 5261 e
2039 5220 2187 5261 som-

600 5316 692 5364 no,
746 5301 974 5355 vidimus
1022 5306 1145 5354 ante
1192 5304 1292 5354 nos
1356 5298 1680 5366 ecclesiam,
1723 5300 1951 5354 mirabili
1998 5309 2189 5355 ornatu

606 5392 950 5457 decoratam,
982 5406 1044 5447 ac
1074 5392 1539 5461 pretiosissimam,
1573 5410 1692 5462 «iure
1745 5402 1849 5448 tota
1878 5392 2031 5463 quasi
2071 5408 2189 5465 ery-

607 5483 822 5540 stallina
854 5483 1151 5553 videbatur,
1196 5484 1250 5541 in
1297 5487 1472 5542 medio
1503 5497 1681 5544 autem
1735 5487 1902 5556 ipsius
1952 5488 2189 5543 ecclesia:

608 5580 781 5635 altare
810 5578 1181 5651 honorificum,
1214 5584 1363 5642 etde
1411 5584 1563 5638 altari
1610 5598 1746 5653 aqua
1797 5583 2187 5653 egrediebatur,

606 5690 727 5745 qua:
758 5674 911 5730 lactis
937 5677 1305 5735 candidissimi
1334 5678 1571 5735 colorem
1598 5679 1844 5734 habebat.
1874 5678 1983 5733 Nos
2014 5688 2190 5733 autem

608 5782 803 5838 aquam
829 5769 998 5839 ipsam
1028 5771 1081 5827 in
1109 5773 1331 5829 veritate
1363 5773 1445 5829 lac
1475 5771 1829 5842 speravimus.
1874 5773 1938 5827 In
1968 5770 2191 5827 circuitu

605 5872 740 5919 vero
778 5865 940 5923 fontis
982 5865 1126 5922 illius
1169 5868 1382 5922 stabant
1414 5868 1513 5923 viri
1547 5868 1719 5925 sancti
1750 5877 1804 5925 et
1832 5867 2189 5931 honorabiles,

2300 4755 2614 4817 sequentes,
2649 4745 2861 4801 tandem
2902 4745 2968 4801 ad
2998 4745 3310 4815 speluncam
3341 4742 3682 4814 pervenimus
3714 4741 3897 4796 boum

2298 4841 2545 4897 rabilem.
2593 4839 2744 4894 Tunc
2776 4839 3052 4910 signaculo
3081 4847 3282 4893 sancta:
3306 4838 3479 4892 crucis
3509 4834 3764 4891 membris
3792 4850 3897 4889 un-

2300 4933 2464 5003 dique
2493 4931 2734 4996 munitis,
2777 4931 2831 4986 in
2863 4930 3107 4987 eamdem
3137 4930 3365 4999 ingressi
3393 4911 3579 4985 sumus
3620 4934 3898 4997 cryptam,

2294 5025 2392 5081 sed
2420 5026 2624 5080 nullum
2654 5024 2724 5079 ibi
2762 5025 3100 5081 invenientes
3136 5023 3513 5091 habitatorem,
3547 5022 3777 5080 diximus
3808 5022 3897 5077 in~

2297 5126 2380 5172 ter
2408 5112 2510 5172 nos
2542 5134 2554 5170 :
2586 5114 2838 5172 Munditia
2877 5117 2993 5173 haec
3022 5132 3129 5173 non
3162 5125 3266 5183 est,
3297 5116 3397 5171 nisi
3429 5117 3499 5173 de
3528 5132 3687 5171 manu
3716 5115 3899 5171 homi-

2292 5210 2399 5266 nis.
2426 5210 2735 5264 Maneamus
2777 5225 2905 5281 ergo
2948 5210 3057 5275 hic,
3089 5225 3259 5280 usque
3303 5209 3371 5266 ad
3397 5210 3560 5282 228
3585 5224 3893 5278 vesperam,

2294 5318 2347 5365 et
2369 5306 2554 5363 videre
2578 5307 2893 5364 habebimus
2919 5304 3025 5363 loci
3052 5306 3206 5378 hujus
3234 5306 3607 5365 habitatorem.
3640 5302 3735 5359 His
3760 5317 3897 5373 ergo

2294 5396 2607 5468 dictis,,una
2644 5400 2771 5455 hora
2796 5445 2809 5469 ,
2843 5408 3027 5471 utpote
3071 5400 3233 5468 lassi,
3264 5398 3587 5467 resedimus,
3632 5405 3687 5454 et
3714 5396 3896 5455 subito

2293 5494 2461 5550 odore
2507 5493 2826 5548 suavissimo
2868 5492 3107 5563 perfusi,
3157 5490 3609 5551 obdormivitucs.
3658 5487 3895 5544 Rursum

2301 5587 2460 5658 igitur
2488 5603 2652 5657 parvo
2695 5587 2977 5643 intervallo
3021 5586 3239 5642 excitati
3278 5600 3309 5640 a
3352 5600 3564 5653 somno,
3600 5584 3744 5640 foras
3770 5596 3895 5652 spe-

2299 5681 2509 5738 luncam
2542 5680 2835 5746 exivimus,
2882 5689 2937 5736 et
2984 5688 3173 5735 contra
3202 5679 3476 5735 Orientem
3520 5677 3889 5748 respeximus;

2301 5785 2355 5832 et
2377 5791 2501 5830 ecce
2528 5775 2706 5829 subito
2736 5776 2957 5845 figuram
3004 5773 3236 5829 hominis
3283 5787 3313 5826 a
3347 5772 3505 5841 longe
3549 5765 3890 5840 properantis

2254 5946 2257 5947 ν
2302 5867 2552 5933 vidimus,
2587 5868 2737 5935 cujus
2768 5865 2949 5935 capilli
2974 5865 3187 5936 capitis,
3224 5864 3392 5939 instar
3421 5861 3576 5921 lactis
3624 5858 3889 5919 candidis-
