4158 6354
299 406 401 464 421

1418 395 1577 455 VITA
1622 395 1872 455 SANCTI
1911 394 2200 457 MACARII
2242 392 2528 453 ROMANI.

3481 391 3589 450 422

298 520 555 583 simiam
595 516 756 584 nivis,
800 514 952 585 quasi
997 514 1049 569 in
1096 527 1224 569 aera
1271 513 1541 575 volantes.
1596 522 1762 568 totum
1794 510 1894 566 viri
1922 515 2311 580 Aexspectate
2351 510 2661 577 paululum;
2706 508 2876 573 habeo
2916 507 3065 575 enim
3096 504 3278 567 leones
3303 508 3462 581 duos,
3494 512 3589 582 qui

301 626 503 683 corpus
532 616 879 681 operuerunt.
914 608 1031 677 Ipse
1059 616 1238 663 autem
1270 622 1416 671 mox,
1460 616 1516 661 ut
1551 622 1646 660 nos
1672 620 1701 661 a
1734 605 1896 675 longe

308 705 567 774 respexit,
598 703 944 772 semetipsum
977 702 1029 756 in
1058 711 1252 758 terram
1278 701 1499 770 projecit
1537 700 1802 768 protinus,
1830 713 1894 754 ac

302 816 518 856 rursum
552 797 771 853 elevans
800 810 879 861 se,
913 795 977 849 ad
1003 810 1100 850 nos
1130 797 1199 849 ita
1226 795 1463 849 clamare
1485 796 1649 863 cmpit
1677 811 1689 847 :
1720 792 1777 848 Si
1802 807 1896 847 vos

300 909 367 950 ex
398 893 513 948 Deo
537 890 690 955 estis,
720 897 922 945 sancta:
951 888 1125 942 crucis
1148 887 1423 956 signaculo
1453 888 1657 942 munite
1687 899 1801 951 vos,
1828 884 1895 939 ad

301 1000 391 1040 me
415 998 585 1053 usque
617 990 1003 1052 properantes;
1045 979 1125 1036 sin
1154 988 1331 1035 autem
1360 995 1423 1033 ex
1449 978 1687 1045 diabolo,
1732 977 1898 1048 fugite

212 1147 229 1153 ο
302 1095 330 1130 a
365 1092 454 1134 nte
480 1076 575 1131 Dei
602 1088 779 1131 servo.
821 1074 947 1129 Haec
977 1088 1044 1129 eo
1074 1071 1307 1135 dicente,
1343 1071 1435 1126 tali
1463 1086 1594 1127 voce
1631 1070 1775 1129 allati
1806 1084 1899 1125 su-

305 1180 427 1222 mus
458 1184 472 1223 :
503 1161 738 1221 Benedic
786 1162 963 1226 nobis,
996 1161 1155 1215 Pater
1185 1170 1389 1224 sancte,
1423 1170 1475 1215 et
1518 1160 1625 1214 noli
1672 1159 1898 1226 turbari,

302 1258 559 1328 quoniam
593 1264 647 1309 et
672 1269 770 1311 nos
799 1253 941 1308 servi
974 1267 1159 1308 sumus
1180 1251 1307 1308 Jesu
1347 1250 1568 1318 Christi,
1607 1251 1815 1306 Domini
1847 1259 1901 1304 ct

303 1350 603 1407 Salvatoris
641 1346 829 1402 nostri.
880 1343 1328 1402 Renuntiavimus
1375 1344 1640 1412 siquidem
1688 1343 1895 1399 saeculo

304 1441 431 1501 huic
456 1452 616 1505 vano,
649 1437 879 1507 factique
903 1450 1088 1493 sumus
1115 1434 1381 1490 monachi.
1413 1434 1560 1489 Talia
1595 1443 1651 1489 ut
1674 1433 1899 1501 audivit,

306 1532 456 1589 illico
497 1530 565 1591 ad
594 1544 693 1595 nos
724 1530 901 1596 venit;
945 1536 1000 1584 et
1044 1542 1233 1583 manus
1280 1542 1404 1583 suas
1439 1526 1505 1582 ad
1552 1528 1748 1582 coelum
1792 1526 1904 1581 ele-

308 1640 483 1692 vans,
528 1624 729 1687 diutius
771 1623 977 1688 oravit;
1036 1631 1089 1678 et
1131 1636 1357 1692 surgens
1398 1621 1468 1676 ab
1512 1621 1781 1685 oratione,
1814 1634 1903 1674 ca-

307 1721 468 1789 pillos
502 1719 572 1775 ab
605 1733 698 1779 ore
728 1728 782 1773 et
822 1716 962 1773 facie
1001 1731 1095 1771 sua
1138 1718 1351 1783 tollens,
1387 1715 1661 1772 benedixit
1697 1728 1809 1779 nos,
1841 1729 1904 1768 ac

308 1813 520 1867 locutos
541 1820 623 1867 est
651 1810 829 1867 nobis.
853 1808 1024 1878 Ipsius
1048 1825 1174 1865 vero
1206 1809 1384 1879 capilli
1418 1808 1611 1874 capitis
1637 1822 1699 1863 ac
1720 1806 1901 1863 barbae

2004 618 2099 672 per
2125 604 2266 658 diem
2308 603 2453 658 foras
2482 603 2817 659 ambulantes
2860 603 2996 675 (19),
3042 619 3165 658 sero
3193 604 3257 659 ad
3287 620 3374 659 me
3401 618 3589 660 rever-

2002 704 2206 763 tuntur,
2242 712 2311 752 ne
2350 698 2479 767 ipsis
2505 697 2683 755 subito
2716 698 3070 765 venientibus,
3107 699 3229 752 mali
3263 698 3457 766 aliquid
3495 714 3588 767 pa-
3624 746 3629 753 .

2000 790 2206 847 tiamini
2256 790 2325 845 ab
2368 792 2468 847 eis.
2522 790 2685 849 Nobis
2727 806 2855 861 ergo
2904 807 3025 846 cum
3076 808 3270 861 pavore
3322 794 3591 860 paululum

1999 884 2351 949 exeuntibus,
2398 883 2583 940 leones
2626 884 2882 954 rngiendo
2923 885 3190 951 extemplo
3233 884 3587 952 advenerunt,

2001 986 2055 1028 et
2093 974 2265 1042 ipsum
2298 981 2541 1027 sanctum
2574 972 2666 1027 Dei
2695 974 3068 1028 adoraverunl.
3101 974 3219 1043 Ipse
3248 990 3375 1032 vero
3406 992 3595 1031 manus

2005 1080 2170 1135 super
2198 1080 2292 1119 eos
2334 1080 2558 1133 ponens,
2591 1079 2653 1119 ac
2685 1066 2819 1120 colla
2847 1065 3175 1129 demulcens,
3208 1068 3281 1123 ait
3334 1068 3439 1124 illis
3465 1086 3478 1124 :
3509 1069 3595 1122 Fi-

2002 1158 2111 1214 lioli
2154 1159 2282 1222 mei,
2313 1158 2436 1215 boni
2488 1158 2681 1213 fratres
2724 1167 2833 1219 tres
2876 1160 2942 1213 de
2986 1161 3185 1215 saeculo
3234 1169 3497 1216 venerunt
3528 1161 3595 1217 ad

2003 1267 2122 1315 nos,
2157 1266 2223 1307 ne
2263 1250 2470 1306 faciatis
2498 1251 2603 1308 illis
2634 1252 2855 1307 malum.
2882 1251 3148 1307 Continuo
3174 1266 3274 1309 nos
3302 1253 3591 1319 advocans,

2003 1342 2178 1396 dixit:
2211 1341 2450 1411 Fratres,
2500 1345 2712 1411 venite,
2756 1353 2808 1401 et
2858 1343 2965 1413 jam
3024 1343 3214 1400 timere
3255 1344 3441 1399 nolite.
3487 1345 3597 1401 Nos

2004 1449 2132 1488 vero
2160 1449 2282 1489 cum
2308 1450 2501 1504 pavore
2529 1435 2697 1491 nimio
2724 1435 3006 1504 intrantes,
3038 1435 3388 1492 salutavimus
3419 1436 3594 1503 illum,

2004 1537 2060 1584 et
2088 1529 2390 1599 vespertina
2434 1530 2627 1600 synaxi
2670 1530 2958 1596 celebrata,
3012 1530 3330 1601 resedimus,
3376 1530 3597 1601 glandes

2007 1634 2069 1674 ac
2100 1619 2387 1677 herbarutn
2438 1622 2647 1678 radices
2690 1637 2786 1691 pro
2814 1622 2937 1677 cibo
2968 1632 3259 1689 sumentes,
3304 1632 3357 1677 et
3404 1638 3597 1692 aquam

2006 1716 2256 1773 bibentes
2280 1734 2402 1774 cum
2430 1718 2663 1773 silentio.
2698 1719 2852 1773 Mane
2880 1727 3059 1773 autem
3101 1716 3264 1785 facto,
3296 1718 3459 1774 locuti
3498 1732 3593 1774 su-

2007 1824 2128 1863 mus
2155 1809 2272 1865 viro
2298 1820 2505 1877 sancto,
2541 1810 2780 1865 dicentes
2812 1827 2824 1864 :
2871 1811 3027 1866 Pater
3056 1819 3240 1866 sancte
3269 1818 3325 1866 et
3354 1812 3597 1877 domine,

310 1904 432 1975 (Π)
462 1912 611 1959 erant
641 1901 850 1957 candidi
876 1908 935 1957 ut
963 1901 1064 1967 lac,
1095 1901 1365 1969 faciesque
1395 1902 1513 1969 ejus
1541 1901 1679 1954 sicut
1714 1898 1899 1954 vultus
1927 1900 1979 1963 Β
2005 1898 2354 1957 obsecramus
2401 1912 2543 1955 tuam
2590 1900 3000 1969 beatitudinem,
3032 1911 3090 1957 ut
3132 1902 3598 1959 conversationem

307 1996 505 2065 angeli.
553 1995 681 2057 Erat
709 1996 849 2049 enim
882 1993 1021 2050 sicut
1050 1994 1250 2065 lignum
1316 2008 1471 2048 secus
1513 2006 1771 2062 aquarum
1801 1990 1899 2046 de-

307 2102 498 2142 cursus
528 2087 817 2154 plantatum
850 2086 1024 2157 (Psal.
1064 2086 1127 2157 i),
1173 2095 1228 2141 et
1257 2102 1364 2158 pra:
1393 2094 1674 2141 senectute
1713 2085 1898 2151 nimia,

308 2178 446 2233 oculi
479 2178 597 2253 ejus
636 2194 744 2234 non
772 2179 1173 2246 aperiebantur,
1206 2192 1271 2234 eo
1299 2178 1440 2248 quod
1484 2176 1771 2247 supercilia
1807 2189 1905 2232 eos

309 2270 733 2338 cooperiebant:
764 2270 973 2341 ungula:
1003 2285 1216 2341 quoque
1258 2285 1515 2325 manuum
1560 2270 1676 2340 ejus
1704 2284 1768 2325 ac
1810 2283 1903 2339 pe-

316 2364 444 2417 dum
479 2362 655 2433 longa:
688 2362 864 2426 nimis,
896 2362 1059 2417 barba
1087 2377 1216 2416 vero
1247 2370 1300 2417 et
1324 2361 1524 2431 capilli,
1566 2375 1761 2431 corpus
1786 2359 1903 2430 ejus

311 2469 474 2510 omne
509 2452 971 2509 circumdederunt
995 2469 1011 2508 :
1033 2452 1245 2525 loquela
1288 2452 1427 2508 illius
1465 2451 1642 2517 exilis,
1671 2461 1723 2505 et
1751 2450 1904 2521 quasi

313 2547 380 2601 de
410 2546 769 2617 profunditate
814 2549 1037 2613 emissa;
1066 2546 1202 2602 cutis
1231 2545 1384 2604 faciei
1424 2546 1541 2617 ejus
1570 2544 1721 2618 quasi
1748 2546 1902 2616 pellis

310 2640 615 2713 testudinis.

379 2735 510 2790 Car.
549 2733 689 2789 XVI.
733 2764 799 2773 -—
843 2732 993 2805 Tunc
1048 2734 1159 2804 ipse
1198 2749 1317 2790 cum
1375 2735 1627 2806 lacrymis
1683 2733 1751 2791 ad
1802 2750 1904 2791 nos

311 2844 540 2889 exorsus
580 2839 658 2887 est
690 2829 798 2883 ita:
826 2826 1044 2889 Fratres
1074 2827 1177 2883 mei
1218 2827 1505 2896 benedicti,
1554 2827 1693 2884 unde
1735 2828 1902 2887 estis?

313 2922 395 2981 vel
426 2921 569 2978 unde
600 2924 701 2977 huc
726 2920 1064 2977 advenistis?
1100 2920 1263 2977 dicite
1285 2920 1440 2976 nobis
1466 2918 1693 2992 qualiter
1719 2933 1779 2977 se
1808 2919 1903 2975 ha-

313 3018 437 3075 beat
465 3034 632 3089 genus
658 3018 972 3083 humanum,
1005 3015 1085 3070 vel
1113 3016 1382 3084 quomodo
1406 3015 1542 3071 fides
1565 3014 1903 3070 ChriStiano-

315 3125 455 3175 rum,
501 3118 557 3165 et
602 3108 648 3165 si
685 3107 967 3165 Sarraceni
1011 3107 1095 3163 vel
1140 3106 1344 3162 ethnici
1394 3107 1651 3164 hactenus
1700 3104 1902 3162 Christi

315 3201 511 3274 populo
535 3200 958 3271 persecutionem
1002 3198 1270 3269 ingerunt.
1296 3197 1403 3253 Nos
1430 3199 1609 3269 itaque
1649 3206 1706 3254 ut
1735 3198 1901 3254 inter-

2005 2002 2149 2049 tuam
2179 1994 2332 2050 nobis
2357 2009 2597 2059 enarres,
2622 2005 2677 2052 et
2701 1997 2971 2065 quomodo
2999 1996 3119 2061 huc,
3156 2007 3248 2051 aut
3283 1997 3423 2053 unde
3448 1997 3599 2054 veni-

2003 2088 2095 2149 sti,
2125 2094 2182 2141 et
2202 2101 2308 2157 quo
2338 2086 2556 2143 nomine
2583 2087 2814 2153 voceris,
2838 2086 3031 2144 edicito
3058 2088 3231 2145 nobis.

2074 2176 2203 2232 CAP.
2247 2176 2435 2235 XVIII.
2458 2209 2529 2220 —
2552 2182 2618 2234 At
2641 2189 2858 2239 sanctus
2883 2181 3037 2237 nobis
3067 2182 3170 2237 tale
3210 2182 3356 2238 dedit
3378 2198 3598 2254 respon-

2005 2288 2170 2329 sum:
2218 2274 2351 2345 Ego,
2396 2276 2587 2346 inquit,
2633 2277 2704 2332 mi
2746 2278 3099 2333 amantissimi
3143 2280 3337 2335 fratres
3380 2289 3435 2334 et
3480 2280 3598 2347 filii,

2013 2363 2276 2420 Macarius
2304 2380 2488 2432 vocor,
2535 2366 2586 2420 in
2630 2366 2795 2436 regali
2823 2368 3039 2424 civitate
3078 2377 3234 2423 natus
3262 2380 3317 2425 et
3348 2370 3596 2439 nutritus,

2006 2453 2150 2511 filius
2200 2456 2301 2513 viri
2326 2455 2588 2523 Romani,
2635 2458 2729 2527 qui
2784 2458 3014 2530 inclytus
3056 2460 3187 2526 fuit,
3244 2472 3296 2516 et
3336 2461 3390 2515 in
3432 2463 3599 2533 impe~

2006 2547 2127 2602 riali
2155 2549 2395 2618 pollebat
2424 2550 2661 2606 civitate.
2691 2550 2823 2606 Cum
2850 2561 3028 2607 autem
3056 2554 3289 2622 pueriles
3334 2556 3599 2611 excessis-

2004 2654 2118 2696 sem
2149 2657 2341 2707 annos,
2375 2658 2462 2698 me
2499 2653 2759 2699 renuente
2788 2657 2852 2700 ae
2876 2646 3112 2715 nolente,
3143 2656 3293 2716 pater
3324 2663 3474 2704 meus
3502 2649 3600 2705 de-

2004 2733 2282 2800 Sponsavit
2312 2733 2441 2787 mihi
2474 2749 2724 2802 uxorem,
2759 2734 3011 2805 diemque
3044 2739 3228 2793 statuit
3261 2741 3595 2809 nuptiarum.

2007 2823 2213 2881 Interea
2235 2825 2468 2880 thalamo
2501 2826 2921 2894 adornato,cum
2947 2829 3058 2898 jam
3086 2830 3382 2901 frequentia
3413 2834 3596 2903 populi

2005 2918 2198 2977 fuisset
2224 2920 2462 2986 invitata,
2489 2930 2544 2975 et
2568 2935 2764 2989 sponsa
2803 2922 3060 2991 sedente,
3094 2936 3242 2993 pater
3273 2940 3424 2981 tuens
3455 2926 3595 2980 hila-

2006 3012 2115 3066 rior
2148 3011 2392 3078 effectus,
2421 3021 2647 3069 cunctos
2674 3014 2929 3071 invitatos
2970 3015 3216 3073 hortatur
3258 3018 3324 3073 ad
3356 3019 3601 3088 volupta-

2008 3110 2115 3156 tem
2144 3104 2401 3159 convivii.
2433 3103 2695 3161 Onmil-us
2744 3116 2942 3171 autem,
2977 3109 3066 3179 qui
3096 3110 3343 3178 aderant,
3370 3112 3510 3181 jocis
3539 3128 3601 3170 ac

2006 3195 2385 3253 saltationibus
2415 3198 2653 3265 intentis,
2686 3199 2867 3254 furtim
2892 3200 3058 3267 exivi,
3089 3210 3142 3257 et
3183 3202 3400 3257 domum
3428 3204 3602 3258 vidum

317 3294 485 3364 rogati
532 3308 739 3359 sumus,
774 3293 821 3348 ei
855 3306 949 3361 per
994 3290 1240 3345 ordinem
1287 3306 1601 3361 responsum
1631 3292 1901 3361 dedimus,
1936 3295 1983 3360 ο
2012 3287 2288 3356 cujusdam
2318 3288 2600 3345 familiaris
2624 3291 2837 3356 intravi,
2876 3307 2938 3347 ac
2967 3304 3174 3363 septem
3217 3294 3332 3350 dies
3359 3310 3479 3349 cum
3511 3294 3602 3352 illa

317 3393 475 3439 simul
505 3385 743 3439 dicentes
769 3382 1042 3453 angustias
1067 3389 1120 3435 et
1142 3380 1401 3451 pericula,
1427 3396 1545 3451 qua:
1578 3397 1670 3451 per
1691 3398 1903 3438 omnem

318 3476 459 3547 passi
502 3490 686 3530 sumus
727 3475 887 3540 viam,
934 3483 987 3528 et
1027 3473 1149 3544 quia
1192 3474 1437 3527 voluntas
1477 3488 1540 3529 ac
1579 3474 1904 3529 desiderium

319 3578 464 3624 esset
509 3569 589 3623 ire
639 3568 729 3624 ubi
775 3569 971 3625 caelum
1024 3578 1181 3625 terra:
1222 3581 1282 3621 se
1327 3566 1537 3638 jungit,
1574 3568 1901 3638 aperuimus.

319 3662 437 3729 Ipse
460 3670 640 3716 autem
667 3660 732 3715 ad
765 3662 881 3716 haec
922 3660 1271 3731 respondens,
1298 3659 1373 3715 ait
1398 3677 1411 3713 :
1436 3658 1609 3715 Filioli
1639 3660 1747 3716 mei
1779 3662 1907 3723 cha-

320 3754 543 3822 tissimi,
584 3752 764 3807 audite
806 3768 913 3808 me.
961 3753 1045 3808 Ab
1090 3752 1194 3807 isto
1241 3752 1360 3808 loco
1391 3751 1529 3807 ultra
1577 3752 1643 3807 ad
1675 3753 1905 3821 paradisi

321 3846 439 3900 loca
466 3860 574 3900 non
602 3853 775 3915 potest
801 3846 882 3901 ire
922 3847 1083 3900 homo
1125 3860 1286 3900 carne
1336 3846 1575 3901 vestitus.
1626 3845 1738 3915 Ego
1762 3848 1906 3902 enim

324 3946 577 4011 peccator
604 3936 843 4007 exiguus,
877 3937 1031 3993 valde
1071 3938 1121 3991 in
1155 3936 1254 3992 hac
1283 3937 1441 3993 etiam
1472 3938 1742 3993 voluntate
1768 3938 1909 3994 labo-

327 4014 462 4097 ravi,
498 4031 720 4100 cupiens
748 4032 884 4085 ultra
916 4030 1232 4103 procedere,
1259 4042 1313 4086 ut
1343 4033 1501 4087 finem
1532 4043 1685 4087 terra:
1714 4046 1776 4087 ac
1802 4032 1909 4102 poli

322 4136 551 4177 cernere
577 4121 890 4193 quivissem,
923 4123 1017 4178 sed
1048 4135 1202 4180 nocte
1230 4125 1455 4195 quadam
1496 4124 1666 4179 astitit
1694 4124 1824 4179 mihi
1855 4125 1908 4181 in

324 4215 443 4269 ti~u
472 4214 682 4269 Domini
710 4217 950 4285 angelus,
985 4217 1221 4288 dixitque
1252 4219 1315 4271 ad
1350 4234 1433 4273 me
1466 4236 1476 4270 :
1506 4217 1584 4273 Ne
1612 4219 1748 4274 ultra
1787 4234 1909 4289 pro-
1953 4208 1969 4229 ”

326 4310 510 4375 cedas,
540 4326 715 4380 neque
745 4310 1023 4366 Dominum
1065 4322 1270 4367 tentare
1301 4329 1609 4382 pra'sumas.
1653 4314 1747 4369 Cui
1774 4330 1904 4385 ego:

326 4402 497 4470 Quam
531 4403 600 4457 ob
622 4418 857 4467 causam,
887 4408 1121 4473 inquam,
1149 4410 1218 4462 uti
1242 4408 1488 4474 Domine,
1522 4409 1573 4464 in
1604 4420 1757 4465 antea
1786 4426 1910 4480 per-

325 4511 453 4567 gere
486 4513 591 4553 uon
626 4498 786 4553 licet?
816 4501 883 4553 At
913 4500 1037 4554 ille:
1069 4500 1144 4554 De
1174 4501 1297 4570 isto,
1342 4501 1535 4572 inquit,
1566 4504 1683 4559 loco
1730 4505 1913 4575 viginti

323 4601 453 4647 sunt
486 4592 729 4649 milliaria
761 4609 927 4663 usque
951 4595 1015 4648 ad
1051 4596 1375 4664 paradisum,
1408 4596 1496 4651 ubi
1523 4598 1690 4651 Adam
1722 4608 1773 4652 et
1802 4598 1911 4652 Eva

2015 3380 2230 3437 latitans
2262 3384 2554 3452 permensi.
2606 3386 2771 3457 229
2800 3386 2917 3457 Ipsa
2954 3397 3132 3443 autem
3154 3387 3342 3443 diebus
3378 3388 3605 3459 singulis

2014 3475 2230 3530 domum
2264 3478 2430 3545 patris
2462 3476 2567 3532 mei
2612 3478 2875 3548 ingressa,
2904 3480 3106 3535 audivit
3133 3495 3252 3551 qua:
3279 3480 3348 3537 de
3376 3496 3492 3536 mea
3525 3482 3605 3535 iu-

2009 3567 2297 3636 quisitione
2336 3568 2721 3639 loquebantur;
2751 3580 2806 3626 et
2830 3574 3070 3638 veniens,
3114 3582 3303 3627 cuncta
3345 3573 3477 3628 mihi
3519 3588 3603 3628 re-

2013 3659 2217 3727 plicans
2240 3660 2394 3717 dixit.
2430 3660 2590 3718 Pater
2613 3671 2791 3717 autent
2823 3678 2975 3718 meus
3000 3679 3121 3719 cum
3151 3680 3238 3720 me
3265 3665 3496 3735 undique
3527 3680 3605 3720 re-

2011 3752 2272 3820 quirendo
2321 3768 2428 3808 non
2479 3753 2763 3819 inveniret,
2817 3755 2963 3810 flevit
3012 3757 3365 3822 amarissime,
3416 3758 3508 3812 sed
3551 3765 3605 3813 ct

2012 3861 2208 3912 mater,
2231 3860 2295 3901 ac
2325 3854 2434 3902 tota
2462 3846 2687 3902 familia.
2716 3846 2915 3902 Octava
2943 3847 3135 3903 exinde
3164 3849 3270 3916 die,
3307 3849 3356 3905 id
3382 3858 3485 3915 est,
3512 3864 3605 3903 no.

2011 3950 2099 3995 cte
2124 3938 2424 4006 Dominica,
2470 3938 2749 3995 mulierem
2799 3939 2944 3995 illam
2986 3941 3238 4007 salutavi,
3268 3951 3321 3996 et
3350 3956 3600 4011 egressus

2015 4031 2067 4086 in
2111 4030 2375 4100 publicam
2420 4030 2598 4097 viam,
2642 4032 2818 4087 inveni
2860 4032 3032 4087 virum
3074 4032 3358 4102 quemdam
3403 4036 3603 4091 canitie

2014 4125 2403 4189 venerabilem.
2432 4126 2583 4196 quasi
2623 4127 2688 4181 ad
2732 4128 3109 4183 ambulandum
3164 4139 3405 4197 paratum
3451 4139 3603 4185 stan-

2019 4233 2144 4273 tem.
2170 4220 2341 4284 Quem
2372 4220 2619 4285 adorans,
2647 4220 2754 4275 dixi
2782 4221 2938 4288 :.Quo
2966 4236 3190 4293 pergere
3216 4223 3403 4289 babes,
3426 4223 3606 4277 senior

2016 4310 2237 4369 saiicte?
2270 4316 2337 4367 At
2382 4312 2473 4368 ille
2504 4313 2662 4368 hilari
2694 4313 2841 4367 vultu
2879 4314 2945 4368 ad
2979 4329 3064 4369 me
3089 4329 3400 4379 conversus,
3437 4314 3603 4369 dixit:

2017 4406 2135 4473 Quo
2164 4416 2219 4460 tu
2249 4406 2331 4461 ire
2354 4405 2648 4473 desideras,
2674 4421 2773 4474 ego
2801 4416 2976 4461 tecum
3007 4408 3083 4461 ire
3103 4407 3350 4475 dispono,
3377 4423 3441 4461 eo
3463 4406 3605 4476 quod

2018 4495 2209 4553 itinera
2258 4497 2371 4566 ipsa
2419 4498 2549 4553 mihi
2604 4498 2800 4566 Oppido
2848 4508 2972 4552 sunt
3014 4499 3241 4567 cognita.
3315 4498 3463 4552 'I‘unc
3508 4513 3607 4567 ego

2018 4590 2378 4657 confortatus,
2405 4591 2545 4661 cmpi
2578 4592 2850 4647 hominem
2896 4590 3067 4660 sequi.
3119 4594 3220 4647 Per
3256 4592 3447 4647 domus
3478 4607 3606 4648 vero

324 4690 379 4744 in
409 4687 615 4743 deliciis
643 4698 814 4744 erant.
864 4688 1049 4744 Posuit
1076 4689 1307 4758 denique
1330 4689 1589 4745 Dominus
1613 4698 1735 4745 ante
1761 4706 1911 4745 eum-
1938 4695 1993 4757 1)
2016 4685 2206 4739 exinde
2244 4685 2502 4739 intrantes
2534 4683 2755 4751 vicinas,
2802 4700 2896 4753 per
2922 4684 3058 4739 viam
3085 4700 3273 4754 panem
3302 4686 3606 4757 rogavimus

324 4782 447 4836 dem
480 4780 793 4849 paradisvm,
817 4780 1093 4836 cherubim
1125 4796 1246 4835 cum
1286 4782 1435 4850 ignea
1472 4782 1761 4849 rhotnphea
1793 4783 1906 4852 (I8)

322 4885 487 4942 atque
533 4872 773 4940 volubili,
807 4873 869 4925 ad
914 4873 1319 4927 custodiendum
1370 4874 1495 4927 vita:
1526 4873 1722 4943 lignutn
1751 4872 1906 4942 (Gen.

318 4968 429 5038 tu);
452 4975 506 5019 et
531 4963 683 5020 habet
711 4982 738 5019 a
766 4966 989 5032 pedibus
1016 4982 1183 5039 usque
1204 4966 1271 5021 ad
1290 4966 1595 5022 umbilicum
1616 4965 1909 5021 similitudi-

321 5074 445 5112 netu
471 5057 722 5121 hotniuis,
759 5065 943 5127 pectus
979 5058 1116 5113 sicut
1144 5066 1328 5127 pectus
1359 5058 1548 5127 leonis,
1579 5072 1794 5112 manum
1838 5060 1910 5117 si-

318 5158 413 5204 cut
440 5151 771 5227 crystallum,
804 5150 1005 5206 habens
1028 5150 1259 5227 gladium
1287 5161 1343 5206 ut
1370 5160 1552 5207 servet
1581 5150 1907 5222 paradisum,

322 5256 388 5299 nc
417 5216 611 5311 aliquis
660 5216 787 5296 illuc
832 5216 1139 5312 proximare
1171 5244 1363 5299 valeat.
1412 5243 1525 5314 Ego
1573 5216 1751 5314 itaque
1796 5216 1912 5298 haec

320 5334 547 5413 audiens
592 5334 900 5411 abangelo,
929 5336 1156 5402 amplius
1202 5351 1309 5392 non
1335 5337 1613 5408 respondi,
1646 5351 1746 5394 nec
1774 5336 1909 5392 ultra

323 5426 621 5496 procedere
678 5428 901 5489 tentavi.
953 5427 1116 5497 Igitur
1159 5444 1258 5500 ego
1301 5429 1652 5500 Theophilus,
1712 5439 1766 5484 et
1824 5428 1909 5485 iti-

319 5522 468 5575 neris
501 5521 602 5574 IIIt‘i
654 5521 787 5576 SOtli
817 5537 879 5576 ac
924 5521 1142 5591 fratres,
1175 5524 1273 5577 ista
1320 5540 1347 5576 a
1388 5536 1573 5580 saneto
1603 5524 1907 5589 audientes,

314 5618 593 5689 prostrato
620 5612 762 5669 omni
790 5627 1036 5682 corpore,
1066 5614 1493 5670 collaudavimus
1515 5616 1825 5684 Dominum,
1856 5624 1911 5671 et

322 5704 498 5775 ipsum
523 5720 735 5769 servum
764 5705 961 5761 Christi
994 5707 1363 5764 salutavimus.

395 5795 526 5855 Cap.
564 5795 812 5853 XVII.—
841 5798 1078 5869 Vespere’
1112 5811 1289 5856 autem
1334 5800 1509 5868 facto,
1541 5801 1677 5857 dixit
1722 5802 1911 5863 nobis:

323 5888 543 5948 Fratres
588 5892 691 5951 mei
742 5890 1075 5953 dilectissimi
1102 5933 1117 5960 ,
1148 5894 1291 5950 exite
1353 5893 1498 5953 foras
1546 5896 1821 5966 cellulam,
1856 5902 1911 5950 et

2018 4776 2286 4845 accipeie,
2337 4788 2389 4833 et
2435 4764 2763 4845 accepimus.
2803 4776 2904 4832 Per
2952 4780 3213 4848 plut-imos
3262 4790 3440 4835 autem
3490 4781 3605 4835 dies

2018 4869 2375 4934 ambulantes,
2410 4868 2622 4925 tandem
2656 4871 2999 4939 pervenimus
3027 4872 3093 4927 ad
3137 4874 3313 4928 locum
3362 4883 3605 4927 tormen-

2021 4974 2238 5029 torum,
2291 4972 2345 5018 et
2386 4964 2699 5019 intravimus
2748 4969 3023 5036 angustias
3069 4968 3276 5022 viarum
3324 4966 3557 5020 omnium
3586 5009 3601 5034 ,

2019 5052 2159 5107 unde
2186 5068 2281 5107 vos
2306 5055 2491 5109 venire
2514 5054 2900 5125 dixistis.’,Cum
2928 5072 3057 5128 ergo
3084 5059 3149 5112 ad
3178 5057 3389 5128 triginta
3411 5055 3603 5111 millia-

2019 5144 2096 5199 ria
2125 5160 2292 5213 prope
2326 5146 2499 5203 locum
2544 5147 2704 5202 istum
2733 5152 3093 5218 venissemus,
3120 5148 3346 5218 quadam
3390 5149 3476 5202 die
3518 5164 3597 5205 se-

2017 5235 2267 5294 dentibus
2306 5237 2484 5303 nobis,
2533 5240 2671 5295 inter
2701 5242 2814 5310 ipsa
2844 5250 3026 5297 mutua
3057 5240 3342 5309 colloquia,
3384 5252 3604 5309 repente

2018 5333 2197 5388 socius
2242 5348 2395 5391 meus
2433 5333 2715 5403 disparuit.
2757 5336 2909 5391 Tune
2936 5351 3034 5406 ego
3061 5338 3281 5389 nimium
3335 5336 3600 5403 turbatus,

2017 5432 2072 5481 et
2114 5443 2219 5497 quo
2260 5444 2347 5484 me
2393 5439 2687 5496 verterem,
2736 5430 2983 5499 ignarus,
3036 5428 3230 5483 cadens
3286 5430 3335 5483 in
3382 5442 3599 5499 lct’t‘alll,

2021 5520 2335 5593 plangebam
2372 5523 2719 5579 validissime.
2754 5523 2819 5577 Et
2846 5536 2973 5578 ecce
2997 5521 3280 5577 confestim
3308 5525 3426 5578 sine
3454 5538 3601 5578 mora

2017 5611 2063 5669 is
2102 5614 2188 5683 qui
2218 5625 2342 5670 ante
2372 5615 2629 5684 disparuit
2666 5629 2785 5669 cum
2818 5630 3006 5683 magna
3047 5614 3291 5671 claritate
3333 5615 3601 5685 apparuit,

2014 5714 2070 5761 et
2096 5707 2167 5761 ita
2205 5706 2393 5763 affatus
2423 5714 2506 5761 est
2535 5721 2619 5762 me
2655 5721 2670 5760 :
2708 5705 2826 5761 Noli
2857 5706 3080 5773 turbari,
3104 5707 3471 5773 dilectissime,
3502 5719 3605 5776 ego

2016 5798 2161 5855 enim
2193 5814 2311 5855 sum
2356 5797 2579 5867 angelus
2610 5796 2848 5867 Raphacl
2878 5798 3017 5869 (20),
3059 5802 3110 5855 in
3140 5800 3462 5870 adjutoriutn
3507 5796 3603 5851 tibi

2017 5890 2232 5959 missus,
2268 5890 2356 5961 qui
2395 5901 2445 5951 te
2480 5892 2583 5948 huc
2619 5891 2842 5963 perduxi
2885 5902 3153 5966 praecepto
3178 5892 3462 5951 Altissimi.
3496 5890 3605 5945 Do-
