  <div class='ocr_page' id='page_1' title='image "/cluster/home/n/w/nwhite01/storage/ocr_20150623/73/hvd.32044011474434/217.png"; bbox 0 0 4158 6354; ppageno 0'>
   <div class='ocr_carea' id='block_1_1' title="bbox 632 400 733 464">
    <p class='ocr_par' dir='ltr' id='par_1_1' title="bbox 632 400 733 464">
     <span class='ocr_line' id='line_1_1' title="bbox 632 400 733 464; baseline 0.05 -5"><span class='ocrx_word' id='word_1_1' title='bbox 632 400 733 464; x_wconf 61' lang='grc' dir='ltr'><strong>ηδ</strong></span> 
     </span>
    </p>
   </div>
   <div class='ocr_carea' id='block_1_2' title="bbox 1657 391 2861 456">
    <p class='ocr_par' dir='ltr' id='par_1_2' title="bbox 1657 391 2861 456">
     <span class='ocr_line' id='line_1_2' title="bbox 1657 391 2861 456; baseline -0.004 0"><span class='ocrx_word' id='word_1_2' title='bbox 1657 396 1745 456; x_wconf 89' lang='lat' dir='ltr'><strong>DE</strong></span> <span class='ocrx_word' id='word_1_3' title='bbox 1791 394 1969 456; x_wconf 80' lang='lat' dir='ltr'><strong>VITIS</strong></span> <span class='ocrx_word' id='word_1_4' title='bbox 2010 392 2294 455; x_wconf 73' lang='lat' dir='ltr'><strong>PATRUM</strong></span> <span class='ocrx_word' id='word_1_5' title='bbox 2334 391 2541 455; x_wconf 80' lang='lat' dir='ltr'><strong>LIBER</strong></span> <span class='ocrx_word' id='word_1_6' title='bbox 2577 391 2861 453; x_wconf 77' lang='lat' dir='ltr'><strong>PRIMUS.</strong></span> 
     </span>
    </p>
   </div>
   <div class='ocr_carea' id='block_1_3' title="bbox 3794 390 3897 449">
    <p class='ocr_par' dir='ltr' id='par_1_3' title="bbox 3794 390 3897 449">
     <span class='ocr_line' id='line_1_3' title="bbox 3794 390 3897 449; baseline -0.01 0"><span class='ocrx_word' id='word_1_7' title='bbox 3794 390 3897 449; x_wconf 61' lang='grc'><strong>428</strong></span> 
     </span>
    </p>
   </div>
   <div class='ocr_carea' id='block_1_4' title="bbox 631 504 3900 582">
    <p class='ocr_par' dir='ltr' id='par_1_4' title="bbox 631 504 3900 582">
     <span class='ocr_line' id='line_1_4' title="bbox 631 504 3900 582; baseline -0.002 -11"><span class='ocrx_word' id='word_1_8' title='bbox 631 517 803 573; x_wconf 78' lang='lat' dir='ltr'><strong>minus</strong></span> <span class='ocrx_word' id='word_1_9' title='bbox 826 522 1001 569; x_wconf 89' lang='lat' dir='ltr'><strong>autem</strong></span> <span class='ocrx_word' id='word_1_10' title='bbox 1030 514 1166 569; x_wconf 83' lang='lat' dir='ltr'><strong>viam</strong></span> <span class='ocrx_word' id='word_1_11' title='bbox 1189 521 1334 570; x_wconf 83' lang='lat' dir='ltr'><strong>tuam</strong></span> <span class='ocrx_word' id='word_1_12' title='bbox 1357 524 1664 582; x_wconf 79' lang='lat' dir='ltr'><strong>prosperam</strong></span> <span class='ocrx_word' id='word_1_13' title='bbox 1698 511 1844 567; x_wconf 85' lang='lat' dir='ltr'><strong>fecit.</strong></span> <span class='ocrx_word' id='word_1_14' title='bbox 1872 510 2014 566; x_wconf 87' lang='lat' dir='ltr'><strong>Loca</strong></span> <span class='ocrx_word' id='word_1_15' title='bbox 2044 508 2207 580; x_wconf 91' lang='lat' dir='ltr'><strong>siqui-</strong></span> <span class='ocrx_word' id='word_1_16' title='bbox 2228 519 2293 578; x_wconf 74' lang='grc' dir='ltr'><strong>ιΑ</strong></span> <span class='ocrx_word' id='word_1_17' title='bbox 2319 509 2636 567; x_wconf 80' lang='lat' dir='ltr'><strong>delectabile</strong></span> <span class='ocrx_word' id='word_1_18' title='bbox 2674 509 2825 579; x_wconf 85' lang='lat' dir='ltr'><strong>juxta</strong></span> <span class='ocrx_word' id='word_1_19' title='bbox 2871 519 2957 561; x_wconf 90' lang='lat' dir='ltr'><strong>me</strong></span> <span class='ocrx_word' id='word_1_20' title='bbox 2988 504 3042 561; x_wconf 91' lang='lat' dir='ltr'><strong>in</strong></span> <span class='ocrx_word' id='word_1_21' title='bbox 3074 513 3217 561; x_wconf 89' lang='lat' dir='ltr'><strong>terra</strong></span> <span class='ocrx_word' id='word_1_22' title='bbox 3260 505 3494 577; x_wconf 91' lang='lat' dir='ltr'><strong>positum</strong></span> <span class='ocrx_word' id='word_1_23' title='bbox 3530 506 3737 577; x_wconf 79' lang='lat' dir='ltr'><strong>aspexi.</strong></span> <span class='ocrx_word' id='word_1_24' title='bbox 3787 508 3900 579; x_wconf 76' lang='lat' dir='ltr'><strong>Ego</strong></span> 
     </span>
    </p>
   </div>
   <div class='ocr_carea' id='block_1_5' title="bbox 630 604 2210 674">
    <p class='ocr_par' dir='ltr' id='par_1_5' title="bbox 630 604 2210 674">
     <span class='ocr_line' id='line_1_5' title="bbox 630 604 2210 674; baseline -0.005 -9"><span class='ocrx_word' id='word_1_25' title='bbox 630 607 749 665; x_wconf 84' lang='lat' dir='ltr'><strong>dem</strong></span> <span class='ocrx_word' id='word_1_26' title='bbox 782 608 1117 663; x_wconf 91' lang='lat' dir='ltr'><strong>tenebrarum</strong></span> <span class='ocrx_word' id='word_1_27' title='bbox 1139 646 1154 673; x_wconf 91' lang='lat'><strong>,</strong></span> <span class='ocrx_word' id='word_1_28' title='bbox 1189 605 1303 661; x_wconf 88' lang='lat' dir='ltr'><strong>loca</strong></span> <span class='ocrx_word' id='word_1_29' title='bbox 1336 613 1747 674; x_wconf 87' lang='lat' dir='ltr'><strong>tormentorum,</strong></span> <span class='ocrx_word' id='word_1_30' title='bbox 1784 604 1902 659; x_wconf 87' lang='lat' dir='ltr'><strong>ioca</strong></span> <span class='ocrx_word' id='word_1_31' title='bbox 1931 617 2210 673; x_wconf 85' lang='lat' dir='ltr'><strong>poenarum</strong></span> 
     </span>
    </p>
   </div>
   <div class='ocr_carea' id='block_1_6' title="bbox 627 695 2215 769">
    <p class='ocr_par' dir='ltr' id='par_1_6' title="bbox 627 695 2215 769">
     <span class='ocr_line' id='line_1_6' title="bbox 627 695 2215 769; baseline -0.003 -15"><span class='ocrx_word' id='word_1_32' title='bbox 627 697 979 769; x_wconf 88' lang='lat' dir='ltr'><strong>pertransisti,</strong></span> <span class='ocrx_word' id='word_1_33' title='bbox 1024 698 1076 751; x_wconf 92' lang='lat' dir='ltr'><strong>in</strong></span> <span class='ocrx_word' id='word_1_34' title='bbox 1121 697 1290 751; x_wconf 86' lang='lat' dir='ltr'><strong>lucem</strong></span> <span class='ocrx_word' id='word_1_35' title='bbox 1320 696 1544 761; x_wconf 86' lang='lat' dir='ltr'><strong>venisti,</strong></span> <span class='ocrx_word' id='word_1_36' title='bbox 1577 695 1779 752; x_wconf 87' lang='lat' dir='ltr'><strong>fontem</strong></span> <span class='ocrx_word' id='word_1_37' title='bbox 1811 710 1965 767; x_wconf 62' lang='lat' dir='ltr'><strong>aqua:</strong></span> <span class='ocrx_word' id='word_1_38' title='bbox 1996 696 2130 749; x_wconf 80' lang='lat' dir='ltr'><strong>vivae</strong></span> <span class='ocrx_word' id='word_1_39' title='bbox 2160 703 2215 750; x_wconf 91' lang='lat' dir='ltr'><strong>et</strong></span> 
     </span>
    </p>
   </div>
   <div class='ocr_carea' id='block_1_7' title="bbox 627 785 2214 860">
    <p class='ocr_par' dir='ltr' id='par_1_7' title="bbox 627 785 2214 860">
     <span class='ocr_line' id='line_1_7' title="bbox 627 785 2214 860; baseline -0.005 -15"><span class='ocrx_word' id='word_1_40' title='bbox 627 788 738 845; x_wconf 83' lang='lat' dir='ltr'><strong>loca</strong></span> <span class='ocrx_word' id='word_1_41' title='bbox 773 788 1041 860; x_wconf 90' lang='lat' dir='ltr'><strong>justorum</strong></span> <span class='ocrx_word' id='word_1_42' title='bbox 1078 785 1291 852; x_wconf 83' lang='lat' dir='ltr'><strong>vidisti;</strong></span> <span class='ocrx_word' id='word_1_43' title='bbox 1333 787 1530 843; x_wconf 88' lang='lat' dir='ltr'><strong>idcirco</strong></span> <span class='ocrx_word' id='word_1_44' title='bbox 1567 787 1676 843; x_wconf 90' lang='lat' dir='ltr'><strong>noli</strong></span> <span class='ocrx_word' id='word_1_45' title='bbox 1719 789 1938 852; x_wconf 91' lang='lat' dir='ltr'><strong>timere,</strong></span> <span class='ocrx_word' id='word_1_46' title='bbox 1969 786 2061 840; x_wconf 85' lang='lat' dir='ltr'><strong>sed</strong></span> <span class='ocrx_word' id='word_1_47' title='bbox 2091 799 2214 839; x_wconf 90' lang='lat' dir='ltr'><strong>sur-</strong></span> 
     </span>
    </p>
   </div>
   <div class='ocr_carea' id='block_1_8' title="bbox 625 878 2215 952">
    <p class='ocr_par' dir='ltr' id='par_1_8' title="bbox 625 878 2215 952">
     <span class='ocr_line' id='line_1_8' title="bbox 625 878 2215 952; baseline -0.002 -17"><span class='ocrx_word' id='word_1_48' title='bbox 625 895 774 952; x_wconf 92' lang='lat' dir='ltr'><strong>gens,</strong></span> <span class='ocrx_word' id='word_1_49' title='bbox 810 883 945 935; x_wconf 88' lang='lat' dir='ltr'><strong>viam</strong></span> <span class='ocrx_word' id='word_1_50' title='bbox 979 892 1123 934; x_wconf 88' lang='lat' dir='ltr'><strong>tuam</strong></span> <span class='ocrx_word' id='word_1_51' title='bbox 1155 878 1518 950; x_wconf 87' lang='lat' dir='ltr'><strong>proficiscere.</strong></span> <span class='ocrx_word' id='word_1_52' title='bbox 1564 880 1682 946; x_wconf 91' lang='lat' dir='ltr'><strong>Quo</strong></span> <span class='ocrx_word' id='word_1_53' title='bbox 1717 879 1880 947; x_wconf 85' lang='lat' dir='ltr'><strong>dicto,</strong></span> <span class='ocrx_word' id='word_1_54' title='bbox 1916 890 2102 934; x_wconf 87' lang='lat' dir='ltr'><strong>rursus</strong></span> <span class='ocrx_word' id='word_1_55' title='bbox 2126 878 2215 947; x_wconf 90' lang='lat' dir='ltr'><strong>qui</strong></span> 
     </span>
    </p>
   </div>
   <div class='ocr_carea' id='block_1_9' title="bbox 625 973 1196 1044">
    <p class='ocr_par' dir='ltr' id='par_1_9' title="bbox 625 973 1196 1044">
     <span class='ocr_line' id='line_1_9' title="bbox 625 973 1196 1044; baseline -0.007 -13"><span class='ocrx_word' id='word_1_56' title='bbox 625 975 888 1044; x_wconf 82' lang='lat' dir='ltr'><strong>apparuit,</strong></span> <span class='ocrx_word' id='word_1_57' title='bbox 916 973 1196 1043; x_wconf 86' lang='lat' dir='ltr'><strong>disparuit.</strong></span> 
     </span>
    </p>
   </div>
   <div class='ocr_carea' id='block_1_10' title="bbox 696 1064 2211 1137">
    <p class='ocr_par' dir='ltr' id='par_1_10' title="bbox 696 1064 2211 1137">
     <span class='ocr_line' id='line_1_10' title="bbox 696 1064 2211 1137; baseline -0.001 -17"><span class='ocrx_word' id='word_1_58' title='bbox 696 1067 824 1122; x_wconf 60' lang='lat' dir='ltr'><strong>(ire.</strong></span> <span class='ocrx_word' id='word_1_59' title='bbox 859 1065 1000 1121; x_wconf 80' lang='lat' dir='ltr'><strong>XIX.</strong></span> <span class='ocrx_word' id='word_1_60' title='bbox 1030 1095 1099 1106; x_wconf 96' lang='lat'><em>—</em></span> <span class='ocrx_word' id='word_1_61' title='bbox 1126 1067 1238 1137; x_wconf 86' lang='lat' dir='ltr'><strong>Ego</strong></span> <span class='ocrx_word' id='word_1_62' title='bbox 1265 1080 1392 1121; x_wconf 90' lang='lat' dir='ltr'><strong>vero</strong></span> <span class='ocrx_word' id='word_1_63' title='bbox 1445 1066 1651 1123; x_wconf 86' lang='lat' dir='ltr'><strong>interea</strong></span> <span class='ocrx_word' id='word_1_64' title='bbox 1696 1064 1900 1121; x_wconf 91' lang='lat' dir='ltr'><strong>viribus</strong></span> <span class='ocrx_word' id='word_1_65' title='bbox 1937 1066 2170 1135; x_wconf 87' lang='lat' dir='ltr'><strong>receptis</strong></span> <span class='ocrx_word' id='word_1_66' title='bbox 2196 1106 2211 1131; x_wconf 91' lang='lat'><strong>,</strong></span> 
     </span>
    </p>
   </div>
   <div class='ocr_carea' id='block_1_11' title="bbox 624 1159 2211 1231">
    <p class='ocr_par' dir='ltr' id='par_1_11' title="bbox 624 1159 2211 1231">
     <span class='ocr_line' id='line_1_11' title="bbox 624 1159 2211 1231; baseline -0.001 -18"><span class='ocrx_word' id='word_1_67' title='bbox 624 1172 846 1228; x_wconf 80' lang='lat' dir='ltr'><strong>surgens</strong></span> <span class='ocrx_word' id='word_1_68' title='bbox 868 1160 1148 1215; x_wconf 66' lang='lat' dir='ltr'><strong>ambulante</strong></span> <span class='ocrx_word' id='word_1_69' title='bbox 1171 1159 1331 1229; x_wconf 77' lang='lat' dir='ltr'><strong>coepi,</strong></span> <span class='ocrx_word' id='word_1_70' title='bbox 1364 1167 1421 1215; x_wconf 92' lang='lat' dir='ltr'><strong>et</strong></span> <span class='ocrx_word' id='word_1_71' title='bbox 1442 1174 1471 1215; x_wconf 91' lang='lat' dir='ltr'><strong>a</strong></span> <span class='ocrx_word' id='word_1_72' title='bbox 1496 1160 1654 1231; x_wconf 89' lang='lat' dir='ltr'><strong>longe</strong></span> <span class='ocrx_word' id='word_1_73' title='bbox 1681 1174 1940 1230; x_wconf 79' lang='lat' dir='ltr'><strong>onagrum</strong></span> <span class='ocrx_word' id='word_1_74' title='bbox 1966 1159 2211 1224; x_wconf 86' lang='lat' dir='ltr'><strong>intuitus,</strong></span> 
     </span>
    </p>
   </div>
   <div class='ocr_carea' id='block_1_12' title="bbox 624 1250 2218 1322">
    <p class='ocr_par' dir='ltr' id='par_1_12' title="bbox 624 1250 2218 1322">
     <span class='ocr_line' id='line_1_12' title="bbox 624 1250 2218 1322; baseline 0 -18"><span class='ocrx_word' id='word_1_75' title='bbox 624 1250 872 1317; x_wconf 87' lang='lat' dir='ltr'><strong>clamavi,</strong></span> <span class='ocrx_word' id='word_1_76' title='bbox 898 1250 1117 1321; x_wconf 79' lang='lat' dir='ltr'><strong>dixique</strong></span> <span class='ocrx_word' id='word_1_77' title='bbox 1138 1251 1252 1306; x_wconf 89' lang='lat' dir='ltr'><strong>illi:</strong></span> <span class='ocrx_word' id='word_1_78' title='bbox 1284 1254 1418 1318; x_wconf 87' lang='lat' dir='ltr'><strong>Ave,</strong></span> <span class='ocrx_word' id='word_1_79' title='bbox 1445 1266 1537 1321; x_wconf 88' lang='lat' dir='ltr'><strong>per</strong></span> <span class='ocrx_word' id='word_1_80' title='bbox 1557 1251 1850 1318; x_wconf 88' lang='lat' dir='ltr'><strong>Christum,</strong></span> <span class='ocrx_word' id='word_1_81' title='bbox 1873 1252 1964 1322; x_wconf 87' lang='lat' dir='ltr'><strong>qui</strong></span> <span class='ocrx_word' id='word_1_82' title='bbox 1993 1260 2044 1306; x_wconf 81' lang='lat' dir='ltr'><strong>te</strong></span> <span class='ocrx_word' id='word_1_83' title='bbox 2065 1264 2218 1307; x_wconf 90' lang='lat' dir='ltr'><strong>crea-</strong></span> 
     </span>
    </p>
   </div>
   <div class='ocr_carea' id='block_1_13' title="bbox 626 1348 2217 1421">
    <p class='ocr_par' dir='ltr' id='par_1_13' title="bbox 626 1348 2217 1421">
     <span class='ocr_line' id='line_1_13' title="bbox 626 1348 2217 1421; baseline 0.003 -20"><span class='ocrx_word' id='word_1_84' title='bbox 626 1348 969 1415; x_wconf 90' lang='lat' dir='ltr'><strong>vit,ostende</strong></span> <span class='ocrx_word' id='word_1_85' title='bbox 1014 1348 1143 1405; x_wconf 86' lang='lat' dir='ltr'><strong>mihi</strong></span> <span class='ocrx_word' id='word_1_86' title='bbox 1192 1348 1353 1417; x_wconf 88' lang='lat' dir='ltr'><strong>viam,</strong></span> <span class='ocrx_word' id='word_1_87' title='bbox 1402 1364 1497 1420; x_wconf 90' lang='lat' dir='ltr'><strong>per</strong></span> <span class='ocrx_word' id='word_1_88' title='bbox 1542 1364 1702 1421; x_wconf 88' lang='lat' dir='ltr'><strong>quam</strong></span> <span class='ocrx_word' id='word_1_89' title='bbox 1756 1349 2058 1413; x_wconf 88' lang='lat' dir='ltr'><strong>ambulem;</strong></span> <span class='ocrx_word' id='word_1_90' title='bbox 2101 1349 2217 1418; x_wconf 89' lang='lat' dir='ltr'><strong>ipse</strong></span> 
     </span>
    </p>
   </div>
   <div class='ocr_carea' id='block_1_14' title="bbox 625 1441 2218 1513">
    <p class='ocr_par' dir='ltr' id='par_1_14' title="bbox 625 1441 2218 1513">
     <span class='ocr_line' id='line_1_14' title="bbox 625 1441 2218 1513; baseline 0.001 -18"><span class='ocrx_word' id='word_1_91' title='bbox 625 1450 802 1496; x_wconf 85' lang='lat' dir='ltr'><strong>autem</strong></span> <span class='ocrx_word' id='word_1_92' title='bbox 831 1442 1043 1498; x_wconf 89' lang='lat' dir='ltr'><strong>concite</strong></span> <span class='ocrx_word' id='word_1_93' title='bbox 1070 1456 1383 1507; x_wconf 87' lang='lat' dir='ltr'><strong>occurrens,</strong></span> <span class='ocrx_word' id='word_1_94' title='bbox 1414 1441 1686 1513; x_wconf 83' lang='lat' dir='ltr'><strong>ingressus</strong></span> <span class='ocrx_word' id='word_1_95' title='bbox 1716 1452 1800 1498; x_wconf 86' lang='lat' dir='ltr'><strong>est</strong></span> <span class='ocrx_word' id='word_1_96' title='bbox 1827 1453 1951 1499; x_wconf 90' lang='lat' dir='ltr'><strong>ante</strong></span> <span class='ocrx_word' id='word_1_97' title='bbox 1992 1458 2078 1498; x_wconf 91' lang='lat' dir='ltr'><strong>me</strong></span> <span class='ocrx_word' id='word_1_98' title='bbox 2122 1457 2218 1511; x_wconf 91' lang='lat' dir='ltr'><strong>per</strong></span> 
     </span>
    </p>
   </div>
   <div class='ocr_carea' id='block_1_15' title="bbox 626 1530 2217 1606">
    <p class='ocr_par' dir='ltr' id='par_1_15' title="bbox 626 1530 2217 1606">
     <span class='ocr_line' id='line_1_15' title="bbox 626 1530 2217 1606; baseline -0.001 -17"><span class='ocrx_word' id='word_1_99' title='bbox 626 1535 874 1589; x_wconf 86' lang='lat' dir='ltr'><strong>semitam</strong></span> <span class='ocrx_word' id='word_1_100' title='bbox 927 1534 1215 1604; x_wconf 88' lang='lat' dir='ltr'><strong>quamdam</strong></span> <span class='ocrx_word' id='word_1_101' title='bbox 1264 1533 1539 1604; x_wconf 87' lang='lat' dir='ltr'><strong>parvulam</strong></span> <span class='ocrx_word' id='word_1_102' title='bbox 1585 1544 1638 1589; x_wconf 92' lang='lat' dir='ltr'><strong>et</strong></span> <span class='ocrx_word' id='word_1_103' title='bbox 1685 1544 1992 1606; x_wconf 85' lang='lat' dir='ltr'><strong>angustam.</strong></span> <span class='ocrx_word' id='word_1_104' title='bbox 2046 1530 2217 1599; x_wconf 87' lang='lat' dir='ltr'><strong>Quem</strong></span> 
     </span>
    </p>
   </div>
   <div class='ocr_carea' id='block_1_16' title="bbox 624 1624 2215 1697">
    <p class='ocr_par' dir='ltr' id='par_1_16' title="bbox 624 1624 2215 1697">
     <span class='ocr_line' id='line_1_16' title="bbox 624 1624 2215 1697; baseline -0.001 -16"><span class='ocrx_word' id='word_1_105' title='bbox 624 1639 727 1697; x_wconf 89' lang='lat' dir='ltr'><strong>ego</strong></span> <span class='ocrx_word' id='word_1_106' title='bbox 752 1628 1072 1681; x_wconf 89' lang='lat' dir='ltr'><strong>subsecutus</strong></span> <span class='ocrx_word' id='word_1_107' title='bbox 1112 1640 1253 1693; x_wconf 90' lang='lat' dir='ltr'><strong>sum,</strong></span> <span class='ocrx_word' id='word_1_108' title='bbox 1288 1627 1474 1695; x_wconf 87' lang='lat' dir='ltr'><strong>sicque</strong></span> <span class='ocrx_word' id='word_1_109' title='bbox 1503 1627 1638 1682; x_wconf 89' lang='lat' dir='ltr'><strong>duos</strong></span> <span class='ocrx_word' id='word_1_110' title='bbox 1664 1626 2052 1696; x_wconf 89' lang='lat' dir='ltr'><strong>complevimus</strong></span> <span class='ocrx_word' id='word_1_111' title='bbox 2077 1624 2215 1693; x_wconf 88' lang='lat' dir='ltr'><strong>dies,</strong></span> 
     </span>
    </p>
   </div>
   <div class='ocr_carea' id='block_1_17' title="bbox 624 1716 2219 1787">
    <p class='ocr_par' dir='ltr' id='par_1_17' title="bbox 624 1716 2219 1787">
     <span class='ocr_line' id='line_1_17' title="bbox 624 1716 2219 1787; baseline 0 -14"><span class='ocrx_word' id='word_1_112' title='bbox 624 1716 783 1773; x_wconf 85' lang='lat' dir='ltr'><strong>simul</strong></span> <span class='ocrx_word' id='word_1_113' title='bbox 813 1718 1169 1773; x_wconf 88' lang='lat' dir='ltr'><strong>ambulantes.</strong></span> <span class='ocrx_word' id='word_1_114' title='bbox 1205 1718 1300 1773; x_wconf 92' lang='lat' dir='ltr'><strong>Die</strong></span> <span class='ocrx_word' id='word_1_115' title='bbox 1340 1727 1521 1774; x_wconf 92' lang='lat' dir='ltr'><strong>autem</strong></span> <span class='ocrx_word' id='word_1_116' title='bbox 1565 1719 1748 1787; x_wconf 90' lang='lat' dir='ltr'><strong>tertia,</strong></span> <span class='ocrx_word' id='word_1_117' title='bbox 1777 1719 2084 1787; x_wconf 83' lang='lat' dir='ltr'><strong>aspeximus</strong></span> <span class='ocrx_word' id='word_1_118' title='bbox 2103 1733 2219 1773; x_wconf 89' lang='lat' dir='ltr'><strong>cer-</strong></span> 
     </span>
    </p>
   </div>
   <div class='ocr_carea' id='block_1_18' title="bbox 626 1811 2215 1883">
    <p class='ocr_par' dir='ltr' id='par_1_18' title="bbox 626 1811 2215 1883">
     <span class='ocr_line' id='line_1_18' title="bbox 626 1811 2215 1883; baseline -0.002 -16"><span class='ocrx_word' id='word_1_119' title='bbox 626 1827 752 1868; x_wconf 93' lang='lat' dir='ltr'><strong>vum</strong></span> <span class='ocrx_word' id='word_1_120' title='bbox 776 1812 924 1868; x_wconf 80' lang='lat' dir='ltr'><strong>mirae</strong></span> <span class='ocrx_word' id='word_1_121' title='bbox 954 1812 1336 1881; x_wconf 84' lang='lat' dir='ltr'><strong>magnitudinis</strong></span> <span class='ocrx_word' id='word_1_122' title='bbox 1358 1812 1585 1883; x_wconf 85' lang='lat' dir='ltr'><strong>alonge.</strong></span> <span class='ocrx_word' id='word_1_123' title='bbox 1612 1812 1783 1879; x_wconf 83' lang='lat' dir='ltr'><strong>Quem</strong></span> <span class='ocrx_word' id='word_1_124' title='bbox 1805 1826 2007 1882; x_wconf 84' lang='lat' dir='ltr'><strong>onager</strong></span> <span class='ocrx_word' id='word_1_125' title='bbox 2030 1811 2215 1865; x_wconf 90' lang='lat' dir='ltr'><strong>videns</strong></span> 
     </span>
    </p>
   </div>
   <div class='ocr_carea' id='block_1_19' title="bbox 2318 598 3904 671">
    <p class='ocr_par' dir='ltr' id='par_1_19' title="bbox 2318 598 3904 671">
     <span class='ocr_line' id='line_1_19' title="bbox 2318 598 3904 671; baseline -0.001 -12"><span class='ocrx_word' id='word_1_126' title='bbox 2318 618 2445 659; x_wconf 90' lang='lat' dir='ltr'><strong>vero</strong></span> <span class='ocrx_word' id='word_1_127' title='bbox 2474 604 2527 658; x_wconf 95' lang='lat' dir='ltr'><strong>in</strong></span> <span class='ocrx_word' id='word_1_128' title='bbox 2554 603 2873 671; x_wconf 84' lang='lat' dir='ltr'><strong>memetipso</strong></span> <span class='ocrx_word' id='word_1_129' title='bbox 2917 600 3162 670; x_wconf 75' lang='lat' dir='ltr'><strong>cogitans</strong></span> <span class='ocrx_word' id='word_1_130' title='bbox 3188 599 3300 654; x_wconf 87' lang='lat' dir='ltr'><strong>dixi</strong></span> <span class='ocrx_word' id='word_1_131' title='bbox 3330 616 3344 653; x_wconf 90' lang='lat'><strong>:</strong></span> <span class='ocrx_word' id='word_1_132' title='bbox 3379 598 3530 655; x_wconf 87' lang='lat' dir='ltr'><strong>Unde</strong></span> <span class='ocrx_word' id='word_1_133' title='bbox 3556 599 3611 654; x_wconf 93' lang='lat' dir='ltr'><strong>in</strong></span> <span class='ocrx_word' id='word_1_134' title='bbox 3649 600 3752 656; x_wconf 82' lang='lat' dir='ltr'><strong>hac</strong></span> <span class='ocrx_word' id='word_1_135' title='bbox 3778 600 3904 658; x_wconf 79' lang='lat' dir='ltr'><strong>soli-</strong></span> 
     </span>
    </p>
   </div>
   <div class='ocr_carea' id='block_1_20' title="bbox 2319 689 3904 763">
    <p class='ocr_par' dir='ltr' id='par_1_20' title="bbox 2319 689 3904 763">
     <span class='ocr_line' id='line_1_20' title="bbox 2319 689 3904 763; baseline -0.001 -9"><span class='ocrx_word' id='word_1_136' title='bbox 2319 698 2501 754; x_wconf 88' lang='lat' dir='ltr'><strong>tudine</strong></span> <span class='ocrx_word' id='word_1_137' title='bbox 2540 695 2858 752; x_wconf 85' lang='lat' dir='ltr'><strong>fasciolum?</strong></span> <span class='ocrx_word' id='word_1_138' title='bbox 2888 689 3189 751; x_wconf 67' lang='lat' dir='ltr'><strong>Estimans</strong></span> <span class='ocrx_word' id='word_1_139' title='bbox 3239 702 3416 748; x_wconf 90' lang='lat' dir='ltr'><strong>tamen</strong></span> <span class='ocrx_word' id='word_1_140' title='bbox 3445 692 3569 763; x_wconf 87' lang='lat' dir='ltr'><strong>quia</strong></span> <span class='ocrx_word' id='word_1_141' title='bbox 3594 694 3646 749; x_wconf 93' lang='lat' dir='ltr'><strong>in</strong></span> <span class='ocrx_word' id='word_1_142' title='bbox 3682 694 3904 752; x_wconf 84' lang='lat' dir='ltr'><strong>veritate</strong></span> 
     </span>
    </p>
   </div>
   <div class='ocr_carea' id='block_1_21' title="bbox 2318 787 3904 860">
    <p class='ocr_par' dir='ltr' id='par_1_21' title="bbox 2318 787 3904 860">
     <span class='ocr_line' id='line_1_21' title="bbox 2318 787 3904 860; baseline -0.003 -12"><span class='ocrx_word' id='word_1_143' title='bbox 2318 800 2463 848; x_wconf 89' lang='lat' dir='ltr'><strong>esset</strong></span> <span class='ocrx_word' id='word_1_144' title='bbox 2492 791 2790 857; x_wconf 86' lang='lat' dir='ltr'><strong>fasciolum,</strong></span> <span class='ocrx_word' id='word_1_145' title='bbox 2821 788 3125 859; x_wconf 88' lang='lat' dir='ltr'><strong>oblitusque</strong></span> <span class='ocrx_word' id='word_1_146' title='bbox 3150 803 3249 858; x_wconf 88' lang='lat' dir='ltr'><strong>ego</strong></span> <span class='ocrx_word' id='word_1_147' title='bbox 3272 787 3607 843; x_wconf 88' lang='lat' dir='ltr'><strong>miserrimus</strong></span> <span class='ocrx_word' id='word_1_148' title='bbox 3636 802 3724 844; x_wconf 89' lang='lat' dir='ltr'><strong>me</strong></span> <span class='ocrx_word' id='word_1_149' title='bbox 3752 790 3904 860; x_wconf 90' lang='lat' dir='ltr'><strong>signo</strong></span> 
     </span>
    </p>
   </div>
   <div class='ocr_carea' id='block_1_22' title="bbox 2318 880 3908 953">
    <p class='ocr_par' dir='ltr' id='par_1_22' title="bbox 2318 880 3908 953">
     <span class='ocr_line' id='line_1_22' title="bbox 2318 880 3908 953; baseline -0.002 -14"><span class='ocrx_word' id='word_1_150' title='bbox 2318 884 2494 940; x_wconf 89' lang='lat' dir='ltr'><strong>crucis</strong></span> <span class='ocrx_word' id='word_1_151' title='bbox 2517 885 2750 947; x_wconf 90' lang='lat' dir='ltr'><strong>munire,</strong></span> <span class='ocrx_word' id='word_1_152' title='bbox 2801 881 3051 953; x_wconf 90' lang='lat' dir='ltr'><strong>quoniam</strong></span> <span class='ocrx_word' id='word_1_153' title='bbox 3082 880 3297 952; x_wconf 89' lang='lat' dir='ltr'><strong>quidem</strong></span> <span class='ocrx_word' id='word_1_154' title='bbox 3335 889 3695 935; x_wconf 64' lang='lat' dir='ltr'><strong>sacrosanctae</strong></span> <span class='ocrx_word' id='word_1_155' title='bbox 3730 882 3908 937; x_wconf 86' lang='lat' dir='ltr'><strong>crucis</strong></span> 
     </span>
    </p>
   </div>
   <div class='ocr_carea' id='block_1_23' title="bbox 2318 974 3908 1047">
    <p class='ocr_par' dir='ltr' id='par_1_23' title="bbox 2318 974 3908 1047">
     <span class='ocr_line' id='line_1_23' title="bbox 2318 974 3908 1047; baseline -0.001 -15"><span class='ocrx_word' id='word_1_156' title='bbox 2318 978 2647 1047; x_wconf 85' lang='lat' dir='ltr'><strong>signaculum</strong></span> <span class='ocrx_word' id='word_1_157' title='bbox 2676 990 2892 1032; x_wconf 91' lang='lat' dir='ltr'><strong>omnem</strong></span> <span class='ocrx_word' id='word_1_158' title='bbox 2916 974 3115 1030; x_wconf 91' lang='lat' dir='ltr'><strong>inimici</strong></span> <span class='ocrx_word' id='word_1_159' title='bbox 3145 984 3365 1030; x_wconf 79' lang='lat' dir='ltr'><strong>enervat</strong></span> <span class='ocrx_word' id='word_1_160' title='bbox 3394 975 3757 1044; x_wconf 87' lang='lat' dir='ltr'><strong>phantasiam,</strong></span> <span class='ocrx_word' id='word_1_161' title='bbox 3787 975 3908 1031; x_wconf 87' lang='lat' dir='ltr'><strong>misi</strong></span> 
     </span>
    </p>
   </div>
   <div class='ocr_carea' id='block_1_24' title="bbox 2316 1066 3908 1138">
    <p class='ocr_par' dir='ltr' id='par_1_24' title="bbox 2316 1066 3908 1138">
     <span class='ocr_line' id='line_1_24' title="bbox 2316 1066 3908 1138; baseline 0.001 -15"><span class='ocrx_word' id='word_1_162' title='bbox 2316 1084 2557 1137; x_wconf 90' lang='lat' dir='ltr'><strong>manum,</strong></span> <span class='ocrx_word' id='word_1_163' title='bbox 2589 1078 2644 1125; x_wconf 92' lang='lat' dir='ltr'><strong>et</strong></span> <span class='ocrx_word' id='word_1_164' title='bbox 2665 1069 2847 1125; x_wconf 89' lang='lat' dir='ltr'><strong>levans</strong></span> <span class='ocrx_word' id='word_1_165' title='bbox 2868 1066 3145 1123; x_wconf 82' lang='lat' dir='ltr'><strong>fasciolutn</strong></span> <span class='ocrx_word' id='word_1_166' title='bbox 3177 1066 3448 1138; x_wconf 89' lang='lat' dir='ltr'><strong>reportavi</strong></span> <span class='ocrx_word' id='word_1_167' title='bbox 3493 1072 3546 1122; x_wconf 86' lang='lat' dir='ltr'><strong>in</strong></span> <span class='ocrx_word' id='word_1_168' title='bbox 3576 1069 3908 1138; x_wconf 85' lang='lat' dir='ltr'><strong>speluncam.</strong></span> 
     </span>
    </p>
   </div>
   <div class='ocr_carea' id='block_1_25' title="bbox 2318 1158 3910 1230">
    <p class='ocr_par' dir='ltr' id='par_1_25' title="bbox 2318 1158 3910 1230">
     <span class='ocr_line' id='line_1_25' title="bbox 2318 1158 3910 1230; baseline -0.001 -14"><span class='ocrx_word' id='word_1_169' title='bbox 2318 1160 2503 1217; x_wconf 89' lang='lat' dir='ltr'><strong>Altera</strong></span> <span class='ocrx_word' id='word_1_170' title='bbox 2549 1159 2898 1216; x_wconf 89' lang='lat' dir='ltr'><strong>nihilominus</strong></span> <span class='ocrx_word' id='word_1_171' title='bbox 2927 1159 3014 1215; x_wconf 91' lang='lat' dir='ltr'><strong>die</strong></span> <span class='ocrx_word' id='word_1_172' title='bbox 3044 1173 3314 1230; x_wconf 89' lang='lat' dir='ltr'><strong>egressus,</strong></span> <span class='ocrx_word' id='word_1_173' title='bbox 3347 1158 3563 1215; x_wconf 88' lang='lat' dir='ltr'><strong>calceos</strong></span> <span class='ocrx_word' id='word_1_174' title='bbox 3599 1158 3718 1229; x_wconf 71' lang='grc'>(22)</span> <span class='ocrx_word' id='word_1_175' title='bbox 3751 1161 3910 1216; x_wconf 87' lang='lat' dir='ltr'><strong>femi-</strong></span> 
     </span>
    </p>
   </div>
   <div class='ocr_carea' id='block_1_26' title="bbox 2321 1252 3914 1324">
    <p class='ocr_par' dir='ltr' id='par_1_26' title="bbox 2321 1252 3914 1324">
     <span class='ocr_line' id='line_1_26' title="bbox 2321 1252 3914 1324; baseline -0.001 -13"><span class='ocrx_word' id='word_1_176' title='bbox 2321 1270 2452 1312; x_wconf 91' lang='lat' dir='ltr'><strong>neos</strong></span> <span class='ocrx_word' id='word_1_177' title='bbox 2496 1254 2673 1324; x_wconf 89' lang='lat' dir='ltr'><strong>reperi</strong></span> <span class='ocrx_word' id='word_1_178' title='bbox 2704 1254 2954 1324; x_wconf 68' lang='lat' dir='ltr'><strong>&#39;jacentes</strong></span> <span class='ocrx_word' id='word_1_179' title='bbox 2997 1254 3048 1309; x_wconf 90' lang='lat' dir='ltr'><strong>in</strong></span> <span class='ocrx_word' id='word_1_180' title='bbox 3087 1263 3229 1309; x_wconf 90' lang='lat' dir='ltr'><strong>terra</strong></span> <span class='ocrx_word' id='word_1_181' title='bbox 3260 1252 3393 1308; x_wconf 88' lang='lat' dir='ltr'><strong>:sed</strong></span> <span class='ocrx_word' id='word_1_182' title='bbox 3440 1267 3540 1309; x_wconf 90' lang='lat' dir='ltr'><strong>nec</strong></span> <span class='ocrx_word' id='word_1_183' title='bbox 3579 1260 3707 1309; x_wconf 91' lang='lat' dir='ltr'><strong>tunc</strong></span> <span class='ocrx_word' id='word_1_184' title='bbox 3750 1255 3914 1310; x_wconf 86' lang='lat' dir='ltr'><strong>miser</strong></span> 
     </span>
    </p>
   </div>
   <div class='ocr_carea' id='block_1_27' title="bbox 2320 1347 3914 1419">
    <p class='ocr_par' dir='ltr' id='par_1_27' title="bbox 2320 1347 3914 1419">
     <span class='ocr_line' id='line_1_27' title="bbox 2320 1347 3914 1419; baseline -0.002 -14"><span class='ocrx_word' id='word_1_185' title='bbox 2320 1364 2420 1419; x_wconf 88' lang='lat' dir='ltr'><strong>ego</strong></span> <span class='ocrx_word' id='word_1_186' title='bbox 2443 1347 2666 1403; x_wconf 91' lang='lat' dir='ltr'><strong>insidias</strong></span> <span class='ocrx_word' id='word_1_187' title='bbox 2695 1348 2897 1403; x_wconf 88' lang='lat' dir='ltr'><strong>diaboli</strong></span> <span class='ocrx_word' id='word_1_188' title='bbox 2928 1347 3239 1416; x_wconf 85' lang='lat' dir='ltr'><strong>advertens,</strong></span> <span class='ocrx_word' id='word_1_189' title='bbox 3275 1361 3377 1402; x_wconf 91' lang='lat' dir='ltr'><strong>nec</strong></span> <span class='ocrx_word' id='word_1_190' title='bbox 3404 1347 3580 1403; x_wconf 90' lang='lat' dir='ltr'><strong>crucis</strong></span> <span class='ocrx_word' id='word_1_191' title='bbox 3609 1347 3808 1402; x_wconf 88' lang='lat' dir='ltr'><strong>vexillo</strong></span> <span class='ocrx_word' id='word_1_192' title='bbox 3829 1361 3914 1402; x_wconf 90' lang='lat' dir='ltr'><strong>me</strong></span> 
     </span>
    </p>
   </div>
   <div class='ocr_carea' id='block_1_28' title="bbox 2320 1439 3911 1509">
    <p class='ocr_par' dir='ltr' id='par_1_28' title="bbox 2320 1439 3911 1509">
     <span class='ocr_line' id='line_1_28' title="bbox 2320 1439 3911 1509; baseline -0.001 -13"><span class='ocrx_word' id='word_1_193' title='bbox 2320 1440 2588 1506; x_wconf 88' lang='lat' dir='ltr'><strong>muniens,</strong></span> <span class='ocrx_word' id='word_1_194' title='bbox 2638 1440 2851 1499; x_wconf 80' lang='lat' dir='ltr'><strong>calceos</strong></span> <span class='ocrx_word' id='word_1_195' title='bbox 2897 1441 3087 1506; x_wconf 84' lang='lat' dir='ltr'><strong>levavi,</strong></span> <span class='ocrx_word' id='word_1_196' title='bbox 3124 1448 3178 1495; x_wconf 91' lang='lat' dir='ltr'><strong>et</strong></span> <span class='ocrx_word' id='word_1_197' title='bbox 3220 1439 3275 1495; x_wconf 91' lang='lat' dir='ltr'><strong>in</strong></span> <span class='ocrx_word' id='word_1_198' title='bbox 3312 1440 3622 1509; x_wconf 86' lang='lat' dir='ltr'><strong>speluncam</strong></span> <span class='ocrx_word' id='word_1_199' title='bbox 3668 1448 3911 1509; x_wconf 79' lang='lat' dir='ltr'><strong>portans,</strong></span> 
     </span>
    </p>
   </div>
   <div class='ocr_carea' id='block_1_29' title="bbox 2320 1531 3910 1606">
    <p class='ocr_par' dir='ltr' id='par_1_29' title="bbox 2320 1531 3910 1606">
     <span class='ocr_line' id='line_1_29' title="bbox 2320 1531 3910 1606; baseline -0.002 -18"><span class='ocrx_word' id='word_1_200' title='bbox 2320 1533 2546 1589; x_wconf 86' lang='lat' dir='ltr'><strong>fasciolo</strong></span> <span class='ocrx_word' id='word_1_201' title='bbox 2585 1534 2763 1603; x_wconf 79' lang='lat' dir='ltr'><strong>junxi‘.</strong></span> <span class='ocrx_word' id='word_1_202' title='bbox 2792 1534 2954 1606; x_wconf 74' lang='lat'><strong>230</strong></span> <span class='ocrx_word' id='word_1_203' title='bbox 2999 1532 3179 1588; x_wconf 88' lang='lat' dir='ltr'><strong>Tertia</strong></span> <span class='ocrx_word' id='word_1_204' title='bbox 3228 1541 3404 1588; x_wconf 90' lang='lat' dir='ltr'><strong>autem</strong></span> <span class='ocrx_word' id='word_1_205' title='bbox 3445 1532 3556 1602; x_wconf 90' lang='lat' dir='ltr'><strong>jam</strong></span> <span class='ocrx_word' id='word_1_206' title='bbox 3589 1531 3677 1587; x_wconf 90' lang='lat' dir='ltr'><strong>die</strong></span> <span class='ocrx_word' id='word_1_207' title='bbox 3715 1531 3910 1586; x_wconf 85' lang='lat' dir='ltr'><strong>iterum</strong></span> 
     </span>
    </p>
   </div>
   <div class='ocr_carea' id='block_1_30' title="bbox 2319 1627 3911 1697">
    <p class='ocr_par' dir='ltr' id='par_1_30' title="bbox 2319 1627 3911 1697">
     <span class='ocr_line' id='line_1_30' title="bbox 2319 1627 3911 1697; baseline -0.002 -13"><span class='ocrx_word' id='word_1_208' title='bbox 2319 1628 2527 1694; x_wconf 83' lang='lat' dir='ltr'><strong>exiens,</strong></span> <span class='ocrx_word' id='word_1_209' title='bbox 2557 1628 2826 1684; x_wconf 88' lang='lat' dir='ltr'><strong>diabolum</strong></span> <span class='ocrx_word' id='word_1_210' title='bbox 2850 1629 2902 1683; x_wconf 92' lang='lat' dir='ltr'><strong>in</strong></span> <span class='ocrx_word' id='word_1_211' title='bbox 2922 1630 3117 1684; x_wconf 89' lang='lat' dir='ltr'><strong>decore</strong></span> <span class='ocrx_word' id='word_1_212' title='bbox 3147 1627 3229 1684; x_wconf 87' lang='lat' dir='ltr'><strong>vel</strong></span> <span class='ocrx_word' id='word_1_213' title='bbox 3251 1628 3434 1696; x_wconf 85' lang='lat' dir='ltr'><strong>specie</strong></span> <span class='ocrx_word' id='word_1_214' title='bbox 3450 1627 3714 1697; x_wconf 89' lang='lat' dir='ltr'><strong>mulieris,</strong></span> <span class='ocrx_word' id='word_1_215' title='bbox 3743 1628 3911 1682; x_wconf 88' lang='lat' dir='ltr'><strong>vesti-</strong></span> 
     </span>
    </p>
   </div>
   <div class='ocr_carea' id='block_1_31' title="bbox 2319 1720 3916 1793">
    <p class='ocr_par' dir='ltr' id='par_1_31' title="bbox 2319 1720 3916 1793">
     <span class='ocr_line' id='line_1_31' title="bbox 2319 1720 3916 1793; baseline -0.002 -17"><span class='ocrx_word' id='word_1_216' title='bbox 2319 1720 2422 1776; x_wconf 92' lang='lat' dir='ltr'><strong>bus</strong></span> <span class='ocrx_word' id='word_1_217' title='bbox 2447 1721 2694 1789; x_wconf 88' lang='lat' dir='ltr'><strong>pretiosis</strong></span> <span class='ocrx_word' id='word_1_218' title='bbox 2724 1721 2940 1788; x_wconf 61' lang='lat' dir='ltr'><strong>indutar,</strong></span> <span class='ocrx_word' id='word_1_219' title='bbox 2969 1728 3200 1776; x_wconf 87' lang='lat' dir='ltr'><strong>stantem</strong></span> <span class='ocrx_word' id='word_1_220' title='bbox 3223 1720 3403 1777; x_wconf 88' lang='lat' dir='ltr'><strong>inveni</strong></span> <span class='ocrx_word' id='word_1_221' title='bbox 3437 1738 3450 1774; x_wconf 90' lang='lat'><strong><em>:</em></strong></span> <span class='ocrx_word' id='word_1_222' title='bbox 3478 1735 3578 1793; x_wconf 88' lang='lat' dir='ltr'><strong>ego</strong></span> <span class='ocrx_word' id='word_1_223' title='bbox 3600 1736 3727 1775; x_wconf 89' lang='lat' dir='ltr'><strong>vero</strong></span> <span class='ocrx_word' id='word_1_224' title='bbox 3756 1721 3916 1774; x_wconf 89' lang='lat' dir='ltr'><strong>mise-</strong></span> 
     </span>
    </p>
   </div>
   <div class='ocr_carea' id='block_1_32' title="bbox 2321 1811 3917 1885">
    <p class='ocr_par' dir='ltr' id='par_1_32' title="bbox 2321 1811 3917 1885">
     <span class='ocr_line' id='line_1_32' title="bbox 2321 1811 3917 1885; baseline -0.002 -17"><span class='ocrx_word' id='word_1_225' title='bbox 2321 1813 2505 1869; x_wconf 89' lang='lat' dir='ltr'><strong>rabilis</strong></span> <span class='ocrx_word' id='word_1_226' title='bbox 2554 1829 2652 1870; x_wconf 89' lang='lat' dir='ltr'><strong>nec</strong></span> <span class='ocrx_word' id='word_1_227' title='bbox 2699 1812 2777 1869; x_wconf 88' lang='lat' dir='ltr'><strong>sic</strong></span> <span class='ocrx_word' id='word_1_228' title='bbox 2816 1812 3031 1883; x_wconf 90' lang='lat' dir='ltr'><strong>quidem</strong></span> <span class='ocrx_word' id='word_1_229' title='bbox 3075 1815 3297 1885; x_wconf 89' lang='lat' dir='ltr'><strong>laqueos</strong></span> <span class='ocrx_word' id='word_1_230' title='bbox 3337 1812 3538 1868; x_wconf 91' lang='lat' dir='ltr'><strong>inimici</strong></span> <span class='ocrx_word' id='word_1_231' title='bbox 3588 1811 3917 1876; x_wconf 90' lang='lat' dir='ltr'><strong>recordans,</strong></span> 
     </span>
    </p>
   </div>
   <div class='ocr_carea' id='block_1_33' title="bbox 626 1901 3919 1976">
    <p class='ocr_par' dir='ltr' id='par_1_33' title="bbox 626 1901 3919 1976">
     <span class='ocr_line' id='line_1_33' title="bbox 626 1901 3919 1976; baseline 0 -18"><span class='ocrx_word' id='word_1_232' title='bbox 626 1910 684 1958; x_wconf 89' lang='lat' dir='ltr'><strong>et</strong></span> <span class='ocrx_word' id='word_1_233' title='bbox 708 1903 1116 1973; x_wconf 86' lang='lat' dir='ltr'><strong>pertimescens,</strong></span> <span class='ocrx_word' id='word_1_234' title='bbox 1164 1901 1453 1957; x_wconf 86' lang='lat' dir='ltr'><strong>declinavit</strong></span> <span class='ocrx_word' id='word_1_235' title='bbox 1481 1918 1511 1956; x_wconf 91' lang='lat' dir='ltr'><strong>a</strong></span> <span class='ocrx_word' id='word_1_236' title='bbox 1544 1917 1664 1967; x_wconf 89' lang='lat' dir='ltr'><strong>me;</strong></span> <span class='ocrx_word' id='word_1_237' title='bbox 1708 1901 1901 1956; x_wconf 89' lang='lat' dir='ltr'><strong>iterum</strong></span> <span class='ocrx_word' id='word_1_238' title='bbox 1932 1917 2032 1971; x_wconf 83' lang='lat' dir='ltr'><strong>ego</strong></span> <span class='ocrx_word' id='word_1_239' title='bbox 2065 1902 2214 1958; x_wconf 89' lang='lat' dir='ltr'><strong>solus</strong></span> <span class='ocrx_word' id='word_1_240' title='bbox 2248 1910 2293 1971; x_wconf 80' lang='grc' dir='ltr'><strong>Β</strong></span> <span class='ocrx_word' id='word_1_241' title='bbox 2323 1920 2422 1962; x_wconf 89' lang='lat' dir='ltr'><strong>nec</strong></span> <span class='ocrx_word' id='word_1_242' title='bbox 2447 1905 2627 1976; x_wconf 92' lang='lat' dir='ltr'><strong>aliquo</strong></span> <span class='ocrx_word' id='word_1_243' title='bbox 2651 1906 2813 1960; x_wconf 86' lang='lat' dir='ltr'><strong>modo</strong></span> <span class='ocrx_word' id='word_1_244' title='bbox 2843 1921 2928 1961; x_wconf 91' lang='lat' dir='ltr'><strong>me</strong></span> <span class='ocrx_word' id='word_1_245' title='bbox 2956 1906 3193 1975; x_wconf 79' lang='lat' dir='ltr'><strong>signans,</strong></span> <span class='ocrx_word' id='word_1_246' title='bbox 3217 1906 3310 1961; x_wconf 91' lang='lat' dir='ltr'><strong>sed</strong></span> <span class='ocrx_word' id='word_1_247' title='bbox 3350 1906 3577 1961; x_wconf 84' lang='lat' dir='ltr'><strong>credens</strong></span> <span class='ocrx_word' id='word_1_248' title='bbox 3607 1904 3664 1959; x_wconf 92' lang='lat' dir='ltr'><strong>in</strong></span> <span class='ocrx_word' id='word_1_249' title='bbox 3690 1904 3919 1959; x_wconf 85' lang='lat' dir='ltr'><strong>veritate</strong></span> 
     </span>
    </p>
   </div>
   <div class='ocr_carea' id='block_1_34' title="bbox 631 1994 2212 2065">
    <p class='ocr_par' dir='ltr' id='par_1_34' title="bbox 631 1994 2212 2065">
     <span class='ocr_line' id='line_1_34' title="bbox 631 1994 2212 2065; baseline -0.001 -15"><span class='ocrx_word' id='word_1_250' title='bbox 631 1995 873 2063; x_wconf 82' lang='lat' dir='ltr'><strong>relictus,</strong></span> <span class='ocrx_word' id='word_1_251' title='bbox 906 1996 1235 2065; x_wconf 89' lang='lat' dir='ltr'><strong>angustiatus</strong></span> <span class='ocrx_word' id='word_1_252' title='bbox 1265 2009 1405 2061; x_wconf 90' lang='lat' dir='ltr'><strong>sum,</strong></span> <span class='ocrx_word' id='word_1_253' title='bbox 1443 1995 1581 2050; x_wconf 89' lang='lat' dir='ltr'><strong>viam</strong></span> <span class='ocrx_word' id='word_1_254' title='bbox 1610 1995 1831 2049; x_wconf 92' lang='lat' dir='ltr'><strong>omnino</strong></span> <span class='ocrx_word' id='word_1_255' title='bbox 1857 2010 1963 2049; x_wconf 91' lang='lat' dir='ltr'><strong>non</strong></span> <span class='ocrx_word' id='word_1_256' title='bbox 1989 1994 2212 2049; x_wconf 85' lang='lat' dir='ltr'><strong>habens.</strong></span> 
     </span>
    </p>
   </div>
   <div class='ocr_carea' id='block_1_35' title="bbox 626 2086 2214 2158">
    <p class='ocr_par' dir='ltr' id='par_1_35' title="bbox 626 2086 2214 2158">
     <span class='ocr_line' id='line_1_35' title="bbox 626 2086 2214 2158; baseline 0 -16"><span class='ocrx_word' id='word_1_257' title='bbox 626 2087 779 2145; x_wconf 88' lang='lat' dir='ltr'><strong>Tunc</strong></span> <span class='ocrx_word' id='word_1_258' title='bbox 798 2098 983 2142; x_wconf 88' lang='lat' dir='ltr'><strong>contra</strong></span> <span class='ocrx_word' id='word_1_259' title='bbox 1012 2101 1231 2142; x_wconf 90' lang='lat' dir='ltr'><strong>cervum</strong></span> <span class='ocrx_word' id='word_1_260' title='bbox 1259 2087 1519 2153; x_wconf 88' lang='lat' dir='ltr'><strong>clamans,</strong></span> <span class='ocrx_word' id='word_1_261' title='bbox 1551 2086 1662 2142; x_wconf 90' lang='lat' dir='ltr'><strong>dixi</strong></span> <span class='ocrx_word' id='word_1_262' title='bbox 1692 2104 1706 2142; x_wconf 92' lang='lat'><strong>:</strong></span> <span class='ocrx_word' id='word_1_263' title='bbox 1732 2086 1861 2154; x_wconf 83' lang='lat' dir='ltr'><strong>Quia</strong></span> <span class='ocrx_word' id='word_1_264' title='bbox 1887 2087 2214 2158; x_wconf 88' lang='lat' dir='ltr'><strong>adjutorium</strong></span> 
     </span>
    </p>
   </div>
   <div class='ocr_carea' id='block_1_36' title="bbox 627 2181 2215 2253">
    <p class='ocr_par' dir='ltr' id='par_1_36' title="bbox 627 2181 2215 2253">
     <span class='ocr_line' id='line_1_36' title="bbox 627 2181 2215 2253; baseline 0.001 -18"><span class='ocrx_word' id='word_1_265' title='bbox 627 2181 759 2236; x_wconf 89' lang='lat' dir='ltr'><strong>mihi</strong></span> <span class='ocrx_word' id='word_1_266' title='bbox 808 2181 997 2247; x_wconf 87' lang='lat' dir='ltr'><strong>tulisti,</strong></span> <span class='ocrx_word' id='word_1_267' title='bbox 1043 2197 1138 2251; x_wconf 89' lang='lat' dir='ltr'><strong>per</strong></span> <span class='ocrx_word' id='word_1_268' title='bbox 1195 2183 1361 2237; x_wconf 91' lang='lat' dir='ltr'><strong>Deum</strong></span> <span class='ocrx_word' id='word_1_269' title='bbox 1395 2192 1445 2237; x_wconf 91' lang='lat' dir='ltr'><strong>te</strong></span> <span class='ocrx_word' id='word_1_270' title='bbox 1492 2182 1739 2253; x_wconf 90' lang='lat' dir='ltr'><strong>conjuro,</strong></span> <span class='ocrx_word' id='word_1_271' title='bbox 1793 2182 2037 2237; x_wconf 88' lang='lat' dir='ltr'><strong>semitam</strong></span> <span class='ocrx_word' id='word_1_272' title='bbox 2086 2182 2215 2237; x_wconf 91' lang='lat' dir='ltr'><strong>mibi</strong></span> 
     </span>
    </p>
   </div>
   <div class='ocr_carea' id='block_1_37' title="bbox 627 2271 2216 2329">
    <p class='ocr_par' dir='ltr' id='par_1_37' title="bbox 627 2271 2216 2329">
     <span class='ocr_line' id='line_1_37' title="bbox 627 2271 2216 2329; baseline 0.002 -4"><span class='ocrx_word' id='word_1_273' title='bbox 627 2271 871 2327; x_wconf 88' lang='lat' dir='ltr'><strong>ostende.</strong></span> <span class='ocrx_word' id='word_1_274' title='bbox 920 2272 1003 2326; x_wconf 81' lang='lat' dir='ltr'><strong>‘Ad</strong></span> <span class='ocrx_word' id='word_1_275' title='bbox 1036 2272 1173 2329; x_wconf 91' lang='lat' dir='ltr'><strong>hanc</strong></span> <span class='ocrx_word' id='word_1_276' title='bbox 1207 2289 1393 2329; x_wconf 90' lang='lat' dir='ltr'><strong>vocem</strong></span> <span class='ocrx_word' id='word_1_277' title='bbox 1431 2274 1593 2328; x_wconf 86' lang='lat' dir='ltr'><strong>veluti</strong></span> <span class='ocrx_word' id='word_1_278' title='bbox 1634 2274 1831 2328; x_wconf 87' lang='lat' dir='ltr'><strong>animal</strong></span> <span class='ocrx_word' id='word_1_279' title='bbox 1860 2273 2216 2329; x_wconf 88' lang='lat' dir='ltr'><strong>domesticum</strong></span> 
     </span>
    </p>
   </div>
   <div class='ocr_carea' id='block_1_38' title="bbox 625 2361 2215 2435">
    <p class='ocr_par' dir='ltr' id='par_1_38' title="bbox 625 2361 2215 2435">
     <span class='ocr_line' id='line_1_38' title="bbox 625 2361 2215 2435; baseline 0.003 -20"><span class='ocrx_word' id='word_1_280' title='bbox 625 2364 695 2415; x_wconf 85' lang='lat' dir='ltr'><strong>ad</strong></span> <span class='ocrx_word' id='word_1_281' title='bbox 742 2377 827 2416; x_wconf 89' lang='lat' dir='ltr'><strong>me</strong></span> <span class='ocrx_word' id='word_1_282' title='bbox 876 2361 1173 2430; x_wconf 87' lang='lat' dir='ltr'><strong>declinans,</strong></span> <span class='ocrx_word' id='word_1_283' title='bbox 1228 2372 1513 2435; x_wconf 90' lang='lat' dir='ltr'><strong>angustum</strong></span> <span class='ocrx_word' id='word_1_284' title='bbox 1562 2366 1833 2435; x_wconf 88' lang='lat' dir='ltr'><strong>ingressus</strong></span> <span class='ocrx_word' id='word_1_285' title='bbox 1882 2366 1947 2420; x_wconf 91' lang='lat' dir='ltr'><strong>ad</strong></span> <span class='ocrx_word' id='word_1_286' title='bbox 1993 2367 2215 2434; x_wconf 91' lang='lat' dir='ltr'><strong>callem,</strong></span> 
     </span>
    </p>
   </div>
   <div class='ocr_carea' id='block_1_39' title="bbox 629 2456 2215 2527">
    <p class='ocr_par' dir='ltr' id='par_1_39' title="bbox 629 2456 2215 2527">
     <span class='ocr_line' id='line_1_39' title="bbox 629 2456 2215 2527; baseline 0.005 -22"><span class='ocrx_word' id='word_1_287' title='bbox 629 2461 750 2521; x_wconf 89' lang='lat' dir='ltr'><strong>post</strong></span> <span class='ocrx_word' id='word_1_288' title='bbox 777 2460 981 2523; x_wconf 85' lang='lat' dir='ltr'><strong>tergum</strong></span> <span class='ocrx_word' id='word_1_289' title='bbox 1006 2470 1092 2508; x_wconf 91' lang='lat' dir='ltr'><strong>me</strong></span> <span class='ocrx_word' id='word_1_290' title='bbox 1119 2469 1333 2523; x_wconf 88' lang='lat' dir='ltr'><strong>semper</strong></span> <span class='ocrx_word' id='word_1_291' title='bbox 1355 2456 1642 2524; x_wconf 82' lang='lat' dir='ltr'><strong>aSpiciens.</strong></span> <span class='ocrx_word' id='word_1_292' title='bbox 1682 2456 1771 2511; x_wconf 90' lang='lat' dir='ltr'><strong>Sic</strong></span> <span class='ocrx_word' id='word_1_293' title='bbox 1796 2471 1926 2527; x_wconf 88' lang='lat' dir='ltr'><strong>ergo</strong></span> <span class='ocrx_word' id='word_1_294' title='bbox 1949 2465 2059 2512; x_wconf 87' lang='lat' dir='ltr'><strong>tres</strong></span> <span class='ocrx_word' id='word_1_295' title='bbox 2083 2458 2215 2513; x_wconf 91' lang='lat' dir='ltr'><strong>insi-</strong></span> 
     </span>
    </p>
   </div>
   <div class='ocr_carea' id='block_1_40' title="bbox 628 2543 2221 2617">
    <p class='ocr_par' dir='ltr' id='par_1_40' title="bbox 628 2543 2221 2617">
     <span class='ocr_line' id='line_1_40' title="bbox 628 2543 2221 2617; baseline 0.003 -19"><span class='ocrx_word' id='word_1_296' title='bbox 628 2543 1152 2600; x_wconf 85' lang='lat' dir='ltr'><strong>tuulambulavimus</strong></span> <span class='ocrx_word' id='word_1_297' title='bbox 1199 2546 1337 2601; x_wconf 91' lang='lat' dir='ltr'><strong>dies.</strong></span> <span class='ocrx_word' id='word_1_298' title='bbox 1388 2546 1522 2601; x_wconf 88' lang='lat' dir='ltr'><strong>Tum</strong></span> <span class='ocrx_word' id='word_1_299' title='bbox 1564 2562 1691 2602; x_wconf 91' lang='lat' dir='ltr'><strong>ecce</strong></span> <span class='ocrx_word' id='word_1_300' title='bbox 1744 2557 1937 2617; x_wconf 87' lang='lat' dir='ltr'><strong>quarta</strong></span> <span class='ocrx_word' id='word_1_301' title='bbox 1979 2549 2067 2603; x_wconf 93' lang='lat' dir='ltr'><strong>die</strong></span> <span class='ocrx_word' id='word_1_302' title='bbox 2115 2549 2221 2604; x_wconf 91' lang='lat' dir='ltr'><strong>im-</strong></span> 
     </span>
    </p>
   </div>
   <div class='ocr_carea' id='block_1_41' title="bbox 632 2634 2217 2703">
    <p class='ocr_par' dir='ltr' id='par_1_41' title="bbox 632 2634 2217 2703">
     <span class='ocr_line' id='line_1_41' title="bbox 632 2634 2217 2703; baseline 0.004 -16"><span class='ocrx_word' id='word_1_303' title='bbox 632 2647 877 2688; x_wconf 91' lang='lat' dir='ltr'><strong>mensum</strong></span> <span class='ocrx_word' id='word_1_304' title='bbox 898 2648 963 2688; x_wconf 89' lang='lat' dir='ltr'><strong>ac</strong></span> <span class='ocrx_word' id='word_1_305' title='bbox 986 2634 1282 2690; x_wconf 83' lang='lat' dir='ltr'><strong>terribilem</strong></span> <span class='ocrx_word' id='word_1_306' title='bbox 1310 2634 1631 2691; x_wconf 75' lang='lat' dir='ltr'><strong>offendimus</strong></span> <span class='ocrx_word' id='word_1_307' title='bbox 1646 2636 1957 2703; x_wconf 78' lang='lat' dir='ltr'><strong>draconem,</strong></span> <span class='ocrx_word' id='word_1_308' title='bbox 1987 2637 2217 2694; x_wconf 90' lang='lat' dir='ltr'><strong>mediam</strong></span> 
     </span>
    </p>
   </div>
   <div class='ocr_carea' id='block_1_42' title="bbox 633 2725 2220 2802">
    <p class='ocr_par' dir='ltr' id='par_1_42' title="bbox 633 2725 2220 2802">
     <span class='ocr_line' id='line_1_42' title="bbox 633 2725 2220 2802; baseline 0.004 -21"><span class='ocrx_word' id='word_1_309' title='bbox 633 2725 924 2782; x_wconf 87' lang='lat' dir='ltr'><strong>distentum</strong></span> <span class='ocrx_word' id='word_1_310' title='bbox 968 2742 1063 2797; x_wconf 91' lang='lat' dir='ltr'><strong>per</strong></span> <span class='ocrx_word' id='word_1_311' title='bbox 1092 2730 1255 2784; x_wconf 83' lang='lat' dir='ltr'><strong>viain.</strong></span> <span class='ocrx_word' id='word_1_312' title='bbox 1285 2730 1453 2795; x_wconf 86' lang='lat' dir='ltr'><strong>Quem</strong></span> <span class='ocrx_word' id='word_1_313' title='bbox 1485 2739 1541 2784; x_wconf 94' lang='lat' dir='ltr'><strong>ut</strong></span> <span class='ocrx_word' id='word_1_314' title='bbox 1567 2744 1761 2785; x_wconf 85' lang='lat' dir='ltr'><strong>cervus</strong></span> <span class='ocrx_word' id='word_1_315' title='bbox 1806 2733 1959 2799; x_wconf 86' lang='lat' dir='ltr'><strong>vidit,</strong></span> <span class='ocrx_word' id='word_1_316' title='bbox 1998 2742 2220 2802; x_wconf 91' lang='lat' dir='ltr'><strong>repente</strong></span> 
     </span>
    </p>
   </div>
   <div class='ocr_carea' id='block_1_43' title="bbox 630 2814 2221 2893">
    <p class='ocr_par' dir='ltr' id='par_1_43' title="bbox 630 2814 2221 2893">
     <span class='ocr_line' id='line_1_43' title="bbox 630 2814 2221 2893; baseline 0.005 -21"><span class='ocrx_word' id='word_1_317' title='bbox 630 2814 751 2887; x_wconf 80' lang='lat' dir='ltr'><strong>fuga</strong></span> <span class='ocrx_word' id='word_1_318' title='bbox 794 2818 1009 2886; x_wconf 87' lang='lat' dir='ltr'><strong>elapsus</strong></span> <span class='ocrx_word' id='word_1_319' title='bbox 1048 2821 1237 2875; x_wconf 88' lang='lat' dir='ltr'><strong>evasit.</strong></span> <span class='ocrx_word' id='word_1_320' title='bbox 1266 2821 1378 2891; x_wconf 88' lang='lat' dir='ltr'><strong>Ego</strong></span> <span class='ocrx_word' id='word_1_321' title='bbox 1417 2822 1633 2876; x_wconf 87' lang='lat' dir='ltr'><strong>interim</strong></span> <span class='ocrx_word' id='word_1_322' title='bbox 1667 2823 1861 2878; x_wconf 90' lang='lat' dir='ltr'><strong>timore</strong></span> <span class='ocrx_word' id='word_1_323' title='bbox 1883 2824 2063 2879; x_wconf 90' lang='lat' dir='ltr'><strong>valido</strong></span> <span class='ocrx_word' id='word_1_324' title='bbox 2102 2841 2221 2893; x_wconf 88' lang='lat' dir='ltr'><strong>per—</strong></span> 
     </span>
    </p>
   </div>
   <div class='ocr_carea' id='block_1_44' title="bbox 636 2908 2214 2979">
    <p class='ocr_par' dir='ltr' id='par_1_44' title="bbox 636 2908 2214 2979">
     <span class='ocr_line' id='line_1_44' title="bbox 636 2908 2214 2979; baseline 0.006 -17"><span class='ocrx_word' id='word_1_325' title='bbox 636 2908 836 2975; x_wconf 89' lang='lat' dir='ltr'><strong>culsus,</strong></span> <span class='ocrx_word' id='word_1_326' title='bbox 869 2910 920 2963; x_wconf 87' lang='lat' dir='ltr'><strong>in</strong></span> <span class='ocrx_word' id='word_1_327' title='bbox 954 2922 1151 2965; x_wconf 90' lang='lat' dir='ltr'><strong>terram</strong></span> <span class='ocrx_word' id='word_1_328' title='bbox 1191 2910 1393 2979; x_wconf 90' lang='lat' dir='ltr'><strong>cecidi;</strong></span> <span class='ocrx_word' id='word_1_329' title='bbox 1425 2912 1620 2968; x_wconf 89' lang='lat' dir='ltr'><strong>deinde</strong></span> <span class='ocrx_word' id='word_1_330' title='bbox 1647 2914 1980 2970; x_wconf 80' lang='lat' dir='ltr'><strong>confortatus</strong></span> <span class='ocrx_word' id='word_1_331' title='bbox 2020 2916 2073 2970; x_wconf 92' lang='lat' dir='ltr'><strong>in</strong></span> <span class='ocrx_word' id='word_1_332' title='bbox 2108 2916 2214 2972; x_wconf 85' lang='lat' dir='ltr'><strong>Do-</strong></span> 
     </span>
    </p>
   </div>
   <div class='ocr_carea' id='block_1_45' title="bbox 634 3000 2219 3077">
    <p class='ocr_par' dir='ltr' id='par_1_45' title="bbox 634 3000 2219 3077">
     <span class='ocr_line' id='line_1_45' title="bbox 634 3000 2219 3077; baseline 0.007 -22"><span class='ocrx_word' id='word_1_333' title='bbox 634 3000 805 3067; x_wconf 87' lang='lat' dir='ltr'><strong>mino,</strong></span> <span class='ocrx_word' id='word_1_334' title='bbox 834 3004 1078 3069; x_wconf 89' lang='lat' dir='ltr'><strong>surrexi,</strong></span> <span class='ocrx_word' id='word_1_335' title='bbox 1112 3019 1175 3060; x_wconf 92' lang='lat' dir='ltr'><strong>ac</strong></span> <span class='ocrx_word' id='word_1_336' title='bbox 1216 3021 1303 3061; x_wconf 91' lang='lat' dir='ltr'><strong>me</strong></span> <span class='ocrx_word' id='word_1_337' title='bbox 1342 3006 1495 3077; x_wconf 90' lang='lat' dir='ltr'><strong>signo</strong></span> <span class='ocrx_word' id='word_1_338' title='bbox 1522 3015 1724 3063; x_wconf 67' lang='lat' dir='ltr'><strong>sanctae</strong></span> <span class='ocrx_word' id='word_1_339' title='bbox 1750 3009 1926 3063; x_wconf 86' lang='lat' dir='ltr'><strong>crucis</strong></span> <span class='ocrx_word' id='word_1_340' title='bbox 1949 3010 2219 3076; x_wconf 90' lang='lat' dir='ltr'><strong>muniens,</strong></span> 
     </span>
    </p>
   </div>
   <div class='ocr_carea' id='block_1_46' title="bbox 630 3093 2224 3170">
    <p class='ocr_par' dir='ltr' id='par_1_46' title="bbox 630 3093 2224 3170">
     <span class='ocr_line' id='line_1_46' title="bbox 630 3093 2224 3170; baseline 0.008 -23"><span class='ocrx_word' id='word_1_341' title='bbox 630 3093 700 3148; x_wconf 89' lang='lat' dir='ltr'><strong>ad</strong></span> <span class='ocrx_word' id='word_1_342' title='bbox 748 3093 1037 3151; x_wconf 86' lang='lat' dir='ltr'><strong>draconem</strong></span> <span class='ocrx_word' id='word_1_343' title='bbox 1084 3098 1238 3152; x_wconf 90' lang='lat' dir='ltr'><strong>dixi:</strong></span> <span class='ocrx_word' id='word_1_344' title='bbox 1277 3098 1441 3153; x_wconf 91' lang='lat' dir='ltr'><strong>Deum</strong></span> <span class='ocrx_word' id='word_1_345' title='bbox 1491 3100 1912 3170; x_wconf 88' lang='lat' dir='ltr'><strong>omnipotentem</strong></span> <span class='ocrx_word' id='word_1_346' title='bbox 1962 3102 2110 3170; x_wconf 88' lang='lat' dir='ltr'><strong>time,</strong></span> <span class='ocrx_word' id='word_1_347' title='bbox 2166 3112 2224 3159; x_wconf 91' lang='lat' dir='ltr'><strong>et</strong></span> 
     </span>
    </p>
   </div>
   <div class='ocr_carea' id='block_1_47' title="bbox 631 3185 2221 3257">
    <p class='ocr_par' dir='ltr' id='par_1_47' title="bbox 631 3185 2221 3257">
     <span class='ocr_line' id='line_1_47' title="bbox 631 3185 2221 3257; baseline 0.003 -15"><span class='ocrx_word' id='word_1_348' title='bbox 631 3185 744 3242; x_wconf 92' lang='lat' dir='ltr'><strong>noli</strong></span> <span class='ocrx_word' id='word_1_349' title='bbox 783 3185 912 3242; x_wconf 91' lang='lat' dir='ltr'><strong>mihi</strong></span> <span class='ocrx_word' id='word_1_350' title='bbox 962 3200 1178 3244; x_wconf 91' lang='lat' dir='ltr'><strong>nocere.</strong></span> <span class='ocrx_word' id='word_1_351' title='bbox 1209 3188 1362 3244; x_wconf 84' lang='lat' dir='ltr'><strong>Tunc</strong></span> <span class='ocrx_word' id='word_1_352' title='bbox 1404 3189 1520 3257; x_wconf 91' lang='lat' dir='ltr'><strong>ipse</strong></span> <span class='ocrx_word' id='word_1_353' title='bbox 1562 3191 1874 3248; x_wconf 87' lang='lat' dir='ltr'><strong>terribiliter</strong></span> <span class='ocrx_word' id='word_1_354' title='bbox 1899 3191 1968 3247; x_wconf 88' lang='lat' dir='ltr'><strong>de</strong></span> <span class='ocrx_word' id='word_1_355' title='bbox 1998 3202 2141 3248; x_wconf 90' lang='lat' dir='ltr'><strong>terra</strong></span> <span class='ocrx_word' id='word_1_356' title='bbox 2163 3208 2221 3249; x_wconf 89' lang='lat' dir='ltr'><strong>se</strong></span> 
     </span>
    </p>
   </div>
   <div class='ocr_carea' id='block_1_48' title="bbox 2322 1996 3919 2069">
    <p class='ocr_par' dir='ltr' id='par_1_48' title="bbox 2322 1996 3919 2069">
     <span class='ocr_line' id='line_1_48' title="bbox 2322 1996 3919 2069; baseline -0.002 -17"><span class='ocrx_word' id='word_1_357' title='bbox 2322 1997 2446 2069; x_wconf 89' lang='lat' dir='ltr'><strong>quia</strong></span> <span class='ocrx_word' id='word_1_358' title='bbox 2474 1998 2667 2053; x_wconf 90' lang='lat' dir='ltr'><strong>mulier</strong></span> <span class='ocrx_word' id='word_1_359' title='bbox 2690 2008 2853 2064; x_wconf 87' lang='lat' dir='ltr'><strong>esset,</strong></span> <span class='ocrx_word' id='word_1_360' title='bbox 2885 1997 2969 2053; x_wconf 90' lang='lat' dir='ltr'><strong>aio</strong></span> <span class='ocrx_word' id='word_1_361' title='bbox 2991 1998 3059 2052; x_wconf 90' lang='lat' dir='ltr'><strong>ad</strong></span> <span class='ocrx_word' id='word_1_362' title='bbox 3089 1999 3231 2053; x_wconf 89' lang='lat' dir='ltr'><strong>illam</strong></span> <span class='ocrx_word' id='word_1_363' title='bbox 3257 2014 3274 2053; x_wconf 87' lang='lat'><strong>:</strong></span> <span class='ocrx_word' id='word_1_364' title='bbox 3307 1997 3461 2055; x_wconf 89' lang='lat' dir='ltr'><strong>Unde</strong></span> <span class='ocrx_word' id='word_1_365' title='bbox 3487 2000 3591 2053; x_wconf 89' lang='lat' dir='ltr'><strong>huc</strong></span> <span class='ocrx_word' id='word_1_366' title='bbox 3616 1996 3919 2052; x_wconf 75' lang='lat' dir='ltr'><strong>advenisri?</strong></span> 
     </span>
    </p>
   </div>
   <div class='ocr_carea' id='block_1_49' title="bbox 2322 2090 3918 2162">
    <p class='ocr_par' dir='ltr' id='par_1_49' title="bbox 2322 2090 3918 2162">
     <span class='ocr_line' id='line_1_49' title="bbox 2322 2090 3918 2162; baseline 0.001 -16"><span class='ocrx_word' id='word_1_367' title='bbox 2322 2101 2414 2146; x_wconf 87' lang='lat' dir='ltr'><strong>aut</strong></span> <span class='ocrx_word' id='word_1_368' title='bbox 2435 2091 2554 2162; x_wconf 90' lang='lat' dir='ltr'><strong>quis</strong></span> <span class='ocrx_word' id='word_1_369' title='bbox 2577 2100 2628 2147; x_wconf 92' lang='lat' dir='ltr'><strong>te</strong></span> <span class='ocrx_word' id='word_1_370' title='bbox 2657 2093 2707 2145; x_wconf 93' lang='lat' dir='ltr'><strong>in</strong></span> <span class='ocrx_word' id='word_1_371' title='bbox 2739 2090 2876 2147; x_wconf 92' lang='lat' dir='ltr'><strong>hanc</strong></span> <span class='ocrx_word' id='word_1_372' title='bbox 2894 2092 3117 2147; x_wconf 87' lang='lat' dir='ltr'><strong>adduxit</strong></span> <span class='ocrx_word' id='word_1_373' title='bbox 3136 2092 3511 2149; x_wconf 78' lang='lat' dir='ltr'><strong>solitudinem?</strong></span> <span class='ocrx_word' id='word_1_374' title='bbox 3541 2092 3636 2147; x_wconf 89' lang='lat' dir='ltr'><strong>Illa</strong></span> <span class='ocrx_word' id='word_1_375' title='bbox 3660 2093 3918 2149; x_wconf 89' lang='lat' dir='ltr'><strong>continuo</strong></span> 
     </span>
    </p>
   </div>
   <div class='ocr_carea' id='block_1_50' title="bbox 2322 2185 3921 2258">
    <p class='ocr_par' dir='ltr' id='par_1_50' title="bbox 2322 2185 3921 2258">
     <span class='ocr_line' id='line_1_50' title="bbox 2322 2185 3921 2258; baseline -0.001 -17"><span class='ocrx_word' id='word_1_376' title='bbox 2322 2186 2451 2242; x_wconf 87' lang='lat' dir='ltr'><strong>flere</strong></span> <span class='ocrx_word' id='word_1_377' title='bbox 2497 2187 2829 2243; x_wconf 88' lang='lat' dir='ltr'><strong>amarissime</strong></span> <span class='ocrx_word' id='word_1_378' title='bbox 2876 2187 3062 2256; x_wconf 74' lang='lat' dir='ltr'><strong>coepit.</strong></span> <span class='ocrx_word' id='word_1_379' title='bbox 3112 2187 3263 2242; x_wconf 91' lang='lat' dir='ltr'><strong>Tunc</strong></span> <span class='ocrx_word' id='word_1_380' title='bbox 3309 2202 3410 2258; x_wconf 88' lang='lat' dir='ltr'><strong>ego</strong></span> <span class='ocrx_word' id='word_1_381' title='bbox 3438 2187 3699 2250; x_wconf 86' lang='lat' dir='ltr'><strong>misellus,</strong></span> <span class='ocrx_word' id='word_1_382' title='bbox 3758 2185 3921 2240; x_wconf 88' lang='lat' dir='ltr'><strong>simul</strong></span> 
     </span>
    </p>
   </div>
   <div class='ocr_carea' id='block_1_51' title="bbox 2322 2278 3921 2349">
    <p class='ocr_par' dir='ltr' id='par_1_51' title="bbox 2322 2278 3921 2349">
     <span class='ocr_line' id='line_1_51' title="bbox 2322 2278 3921 2349; baseline -0.001 -14"><span class='ocrx_word' id='word_1_383' title='bbox 2322 2294 2444 2335; x_wconf 91' lang='lat' dir='ltr'><strong>cum</strong></span> <span class='ocrx_word' id='word_1_384' title='bbox 2468 2278 2553 2334; x_wconf 90' lang='lat' dir='ltr'><strong>illa</strong></span> <span class='ocrx_word' id='word_1_385' title='bbox 2580 2278 2740 2335; x_wconf 89' lang='lat' dir='ltr'><strong>veluti</strong></span> <span class='ocrx_word' id='word_1_386' title='bbox 2786 2278 3166 2349; x_wconf 89' lang='lat' dir='ltr'><strong>compatiendo</strong></span> <span class='ocrx_word' id='word_1_387' title='bbox 3193 2278 3347 2334; x_wconf 90' lang='lat' dir='ltr'><strong>valde</strong></span> <span class='ocrx_word' id='word_1_388' title='bbox 3391 2279 3616 2348; x_wconf 87' lang='lat' dir='ltr'><strong>ploravi.</strong></span> <span class='ocrx_word' id='word_1_389' title='bbox 3652 2279 3779 2333; x_wconf 86' lang='lat' dir='ltr'><strong>Post</strong></span> <span class='ocrx_word' id='word_1_390' title='bbox 3804 2279 3921 2333; x_wconf 70' lang='lat' dir='ltr'><strong>iure</strong></span> 
     </span>
    </p>
   </div>
   <div class='ocr_carea' id='block_1_52' title="bbox 2326 2370 3922 2441">
    <p class='ocr_par' dir='ltr' id='par_1_52' title="bbox 2326 2370 3922 2441">
     <span class='ocr_line' id='line_1_52' title="bbox 2326 2370 3922 2441; baseline -0.001 -15"><span class='ocrx_word' id='word_1_391' title='bbox 2326 2382 2662 2441; x_wconf 82' lang='lat' dir='ltr'><strong>respondens</strong></span> <span class='ocrx_word' id='word_1_392' title='bbox 2685 2370 2821 2426; x_wconf 89' lang='lat' dir='ltr'><strong>dixit</strong></span> <span class='ocrx_word' id='word_1_393' title='bbox 2855 2389 2866 2423; x_wconf 89' lang='lat'><strong>:</strong></span> <span class='ocrx_word' id='word_1_394' title='bbox 2903 2372 3014 2439; x_wconf 85' lang='lat' dir='ltr'><strong>Ego</strong></span> <span class='ocrx_word' id='word_1_395' title='bbox 3059 2385 3381 2437; x_wconf 82' lang='lat' dir='ltr'><strong>miserrima,</strong></span> <span class='ocrx_word' id='word_1_396' title='bbox 3433 2387 3467 2427; x_wconf 95' lang='lat' dir='ltr'><strong>o</strong></span> <span class='ocrx_word' id='word_1_397' title='bbox 3497 2382 3649 2440; x_wconf 87' lang='lat' dir='ltr'><strong>pater</strong></span> <span class='ocrx_word' id='word_1_398' title='bbox 3690 2370 3922 2426; x_wconf 86' lang='lat' dir='ltr'><strong>sanctis-</strong></span> 
     </span>
    </p>
   </div>
   <div class='ocr_carea' id='block_1_53' title="bbox 2323 2462 3922 2535">
    <p class='ocr_par' dir='ltr' id='par_1_53' title="bbox 2323 2462 3922 2535">
     <span class='ocr_line' id='line_1_53' title="bbox 2323 2462 3922 2535; baseline 0.002 -18"><span class='ocrx_word' id='word_1_399' title='bbox 2323 2462 2477 2529; x_wconf 90' lang='lat' dir='ltr'><strong>sime,</strong></span> <span class='ocrx_word' id='word_1_400' title='bbox 2514 2465 2618 2519; x_wconf 83' lang='lat' dir='ltr'><strong>ftlia</strong></span> <span class='ocrx_word' id='word_1_401' title='bbox 2640 2478 2757 2520; x_wconf 88' lang='lat' dir='ltr'><strong>sum</strong></span> <span class='ocrx_word' id='word_1_402' title='bbox 2786 2464 2887 2518; x_wconf 90' lang='lat' dir='ltr'><strong>viri</strong></span> <span class='ocrx_word' id='word_1_403' title='bbox 2921 2464 3179 2531; x_wconf 76' lang='lat' dir='ltr'><strong>Romani;</strong></span> <span class='ocrx_word' id='word_1_404' title='bbox 3209 2480 3326 2535; x_wconf 67' lang='lat' dir='ltr'><strong>quae</strong></span> <span class='ocrx_word' id='word_1_405' title='bbox 3350 2480 3473 2521; x_wconf 91' lang='lat' dir='ltr'><strong>cum</strong></span> <span class='ocrx_word' id='word_1_406' title='bbox 3496 2481 3582 2521; x_wconf 91' lang='lat' dir='ltr'><strong>me</strong></span> <span class='ocrx_word' id='word_1_407' title='bbox 3611 2465 3837 2520; x_wconf 89' lang='lat' dir='ltr'><strong>invitam</strong></span> <span class='ocrx_word' id='word_1_408' title='bbox 3862 2481 3922 2521; x_wconf 88' lang='lat' dir='ltr'><strong>ac</strong></span> 
     </span>
    </p>
   </div>
   <div class='ocr_carea' id='block_1_54' title="bbox 2323 2555 3923 2627">
    <p class='ocr_par' dir='ltr' id='par_1_54' title="bbox 2323 2555 3923 2627">
     <span class='ocr_line' id='line_1_54' title="bbox 2323 2555 3923 2627; baseline 0.001 -18"><span class='ocrx_word' id='word_1_409' title='bbox 2323 2555 2593 2611; x_wconf 88' lang='lat' dir='ltr'><strong>nolentem</strong></span> <span class='ocrx_word' id='word_1_410' title='bbox 2652 2555 3034 2625; x_wconf 87' lang='lat' dir='ltr'><strong>desponsasset</strong></span> <span class='ocrx_word' id='word_1_411' title='bbox 3072 2557 3256 2627; x_wconf 86' lang='lat' dir='ltr'><strong>juveni</strong></span> <span class='ocrx_word' id='word_1_412' title='bbox 3316 2556 3528 2612; x_wconf 84' lang='lat' dir='ltr'><strong>cuidam</strong></span> <span class='ocrx_word' id='word_1_413' title='bbox 3582 2556 3923 2612; x_wconf 73' lang='lat' dir='ltr'><strong>nobilissimo</strong></span> 
     </span>
    </p>
   </div>
   <div class='ocr_carea' id='block_1_55' title="bbox 2324 2647 3923 2721">
    <p class='ocr_par' dir='ltr' id='par_1_55' title="bbox 2324 2647 3923 2721">
     <span class='ocr_line' id='line_1_55' title="bbox 2324 2647 3923 2721; baseline 0.003 -19"><span class='ocrx_word' id='word_1_414' title='bbox 2324 2647 2585 2715; x_wconf 86' lang='lat' dir='ltr'><strong>Romano,</strong></span> <span class='ocrx_word' id='word_1_415' title='bbox 2636 2664 2701 2706; x_wconf 88' lang='lat' dir='ltr'><strong>ac</strong></span> <span class='ocrx_word' id='word_1_416' title='bbox 2726 2650 2843 2705; x_wconf 90' lang='lat' dir='ltr'><strong>dies</strong></span> <span class='ocrx_word' id='word_1_417' title='bbox 2892 2650 3194 2721; x_wconf 91' lang='lat' dir='ltr'><strong>nuptiarum</strong></span> <span class='ocrx_word' id='word_1_418' title='bbox 3226 2652 3493 2720; x_wconf 87' lang='lat' dir='ltr'><strong>venirent,</strong></span> <span class='ocrx_word' id='word_1_419' title='bbox 3530 2660 3587 2709; x_wconf 90' lang='lat' dir='ltr'><strong>et</strong></span> <span class='ocrx_word' id='word_1_420' title='bbox 3622 2651 3923 2707; x_wconf 84' lang='lat' dir='ltr'><strong>thalamum</strong></span> 
     </span>
    </p>
   </div>
   <div class='ocr_carea' id='block_1_56' title="bbox 2324 2742 3925 2816">
    <p class='ocr_par' dir='ltr' id='par_1_56' title="bbox 2324 2742 3925 2816">
     <span class='ocr_line' id='line_1_56' title="bbox 2324 2742 3925 2816; baseline 0.003 -20"><span class='ocrx_word' id='word_1_421' title='bbox 2324 2756 2388 2797; x_wconf 92' lang='lat' dir='ltr'><strong>ac</strong></span> <span class='ocrx_word' id='word_1_422' title='bbox 2414 2742 2718 2799; x_wconf 84' lang='lat' dir='ltr'><strong>convivium</strong></span> <span class='ocrx_word' id='word_1_423' title='bbox 2763 2744 3099 2810; x_wconf 90' lang='lat' dir='ltr'><strong>ordinarent,</strong></span> <span class='ocrx_word' id='word_1_424' title='bbox 3134 2746 3274 2801; x_wconf 89' lang='lat' dir='ltr'><strong>inter</strong></span> <span class='ocrx_word' id='word_1_425' title='bbox 3312 2746 3524 2816; x_wconf 88' lang='lat' dir='ltr'><strong>nuptias</strong></span> <span class='ocrx_word' id='word_1_426' title='bbox 3566 2748 3709 2816; x_wconf 86' lang='lat' dir='ltr'><strong>ipsas</strong></span> <span class='ocrx_word' id='word_1_427' title='bbox 3754 2760 3925 2816; x_wconf 83' lang='lat' dir='ltr'><strong>sport-</strong></span> 
     </span>
    </p>
   </div>
   <div class='ocr_carea' id='block_1_57' title="bbox 2323 2835 3922 2908">
    <p class='ocr_par' dir='ltr' id='par_1_57' title="bbox 2323 2835 3922 2908">
     <span class='ocr_line' id='line_1_57' title="bbox 2323 2835 3922 2908; baseline 0.001 -19"><span class='ocrx_word' id='word_1_428' title='bbox 2323 2847 2417 2889; x_wconf 88' lang='lat' dir='ltr'><strong>sus</strong></span> <span class='ocrx_word' id='word_1_429' title='bbox 2461 2848 2613 2889; x_wconf 91' lang='lat' dir='ltr'><strong>meus</strong></span> <span class='ocrx_word' id='word_1_430' title='bbox 2665 2835 2947 2906; x_wconf 79' lang='lat' dir='ltr'><strong>disparuit.</strong></span> <span class='ocrx_word' id='word_1_431' title='bbox 2997 2837 3236 2908; x_wconf 88' lang='lat' dir='ltr'><strong>Cumque</strong></span> <span class='ocrx_word' id='word_1_432' title='bbox 3284 2839 3482 2893; x_wconf 89' lang='lat' dir='ltr'><strong>turbati</strong></span> <span class='ocrx_word' id='word_1_433' title='bbox 3528 2852 3760 2906; x_wconf 89' lang='lat' dir='ltr'><strong>omnes,</strong></span> <span class='ocrx_word' id='word_1_434' title='bbox 3814 2836 3922 2892; x_wconf 90' lang='lat' dir='ltr'><strong>huc</strong></span> 
     </span>
    </p>
   </div>
   <div class='ocr_carea' id='block_1_58' title="bbox 2325 2924 3924 2998">
    <p class='ocr_par' dir='ltr' id='par_1_58' title="bbox 2325 2924 3924 2998">
     <span class='ocr_line' id='line_1_58' title="bbox 2325 2924 3924 2998; baseline 0.003 -20"><span class='ocrx_word' id='word_1_435' title='bbox 2325 2924 2557 2995; x_wconf 89' lang='lat' dir='ltr'><strong>illucque</strong></span> <span class='ocrx_word' id='word_1_436' title='bbox 2602 2940 2725 2981; x_wconf 89' lang='lat' dir='ltr'><strong>eum</strong></span> <span class='ocrx_word' id='word_1_437' title='bbox 2779 2928 3118 2996; x_wconf 90' lang='lat' dir='ltr'><strong>inquirendo,</strong></span> <span class='ocrx_word' id='word_1_438' title='bbox 3167 2927 3529 2994; x_wconf 88' lang='lat' dir='ltr'><strong>turbarentur,</strong></span> <span class='ocrx_word' id='word_1_439' title='bbox 3583 2943 3684 2998; x_wconf 90' lang='lat' dir='ltr'><strong>ego</strong></span> <span class='ocrx_word' id='word_1_440' title='bbox 3735 2928 3924 2997; x_wconf 83' lang='lat' dir='ltr'><strong>gavisa</strong></span> 
     </span>
    </p>
   </div>
   <div class='ocr_carea' id='block_1_59' title="bbox 2325 3015 3925 3088">
    <p class='ocr_par' dir='ltr' id='par_1_59' title="bbox 2325 3015 3925 3088">
     <span class='ocr_line' id='line_1_59' title="bbox 2325 3015 3925 3088; baseline 0 -15"><span class='ocrx_word' id='word_1_441' title='bbox 2325 3015 2537 3083; x_wconf 76' lang='lat' dir='ltr'><strong>effecta,</strong></span> <span class='ocrx_word' id='word_1_442' title='bbox 2561 3017 2699 3072; x_wconf 90' lang='lat' dir='ltr'><strong>clam</strong></span> <span class='ocrx_word' id='word_1_443' title='bbox 2728 3016 2871 3083; x_wconf 88' lang='lat' dir='ltr'><strong>exii;</strong></span> <span class='ocrx_word' id='word_1_444' title='bbox 2902 3026 2957 3073; x_wconf 93' lang='lat' dir='ltr'><strong>et</strong></span> <span class='ocrx_word' id='word_1_445' title='bbox 2978 3028 3136 3073; x_wconf 87' lang='lat' dir='ltr'><strong>nocte</strong></span> <span class='ocrx_word' id='word_1_446' title='bbox 3165 3018 3353 3074; x_wconf 87' lang='lat' dir='ltr'><strong>eadem</strong></span> <span class='ocrx_word' id='word_1_447' title='bbox 3377 3020 3477 3074; x_wconf 92' lang='lat' dir='ltr'><strong>iter</strong></span> <span class='ocrx_word' id='word_1_448' title='bbox 3503 3017 3792 3088; x_wconf 88' lang='lat' dir='ltr'><strong>arripiens,</strong></span> <span class='ocrx_word' id='word_1_449' title='bbox 3822 3031 3925 3073; x_wconf 87' lang='lat' dir='ltr'><strong>nec</strong></span> 
     </span>
    </p>
   </div>
   <div class='ocr_carea' id='block_1_60' title="bbox 2325 3110 3925 3183">
    <p class='ocr_par' dir='ltr' id='par_1_60' title="bbox 2325 3110 3925 3183">
     <span class='ocr_line' id='line_1_60' title="bbox 2325 3110 3925 3183; baseline 0.001 -17"><span class='ocrx_word' id='word_1_450' title='bbox 2325 3110 2535 3166; x_wconf 91' lang='lat' dir='ltr'><strong>itineris</strong></span> <span class='ocrx_word' id='word_1_451' title='bbox 2588 3110 2779 3167; x_wconf 92' lang='lat' dir='ltr'><strong>ducem</strong></span> <span class='ocrx_word' id='word_1_452' title='bbox 2829 3111 3010 3182; x_wconf 90' lang='lat' dir='ltr'><strong>aliquo</strong></span> <span class='ocrx_word' id='word_1_453' title='bbox 3064 3112 3225 3168; x_wconf 87' lang='lat' dir='ltr'><strong>modo</strong></span> <span class='ocrx_word' id='word_1_454' title='bbox 3269 3112 3498 3179; x_wconf 87' lang='lat' dir='ltr'><strong>habens,</strong></span> <span class='ocrx_word' id='word_1_455' title='bbox 3542 3128 3636 3179; x_wconf 80' lang='lat' dir='ltr'><strong>per</strong></span> <span class='ocrx_word' id='word_1_456' title='bbox 3689 3121 3925 3183; x_wconf 84' lang='lat' dir='ltr'><strong>angusta</strong></span> 
     </span>
    </p>
   </div>
   <div class='ocr_carea' id='block_1_61' title="bbox 2326 3202 3926 3274">
    <p class='ocr_par' dir='ltr' id='par_1_61' title="bbox 2326 3202 3926 3274">
     <span class='ocr_line' id='line_1_61' title="bbox 2326 3202 3926 3274; baseline 0.002 -17"><span class='ocrx_word' id='word_1_457' title='bbox 2326 3202 2590 3258; x_wconf 88' lang='lat' dir='ltr'><strong>montium</strong></span> <span class='ocrx_word' id='word_1_458' title='bbox 2620 3218 2682 3259; x_wconf 90' lang='lat' dir='ltr'><strong>ac</strong></span> <span class='ocrx_word' id='word_1_459' title='bbox 2710 3203 2932 3258; x_wconf 90' lang='lat' dir='ltr'><strong>vallium</strong></span> <span class='ocrx_word' id='word_1_460' title='bbox 2957 3204 3189 3259; x_wconf 87' lang='lat' dir='ltr'><strong>errando</strong></span> <span class='ocrx_word' id='word_1_461' title='bbox 3217 3204 3490 3274; x_wconf 87' lang='lat' dir='ltr'><strong>hucusque</strong></span> <span class='ocrx_word' id='word_1_462' title='bbox 3516 3204 3764 3273; x_wconf 85' lang='lat' dir='ltr'><strong>perveni.</strong></span> <span class='ocrx_word' id='word_1_463' title='bbox 3797 3203 3926 3260; x_wconf 66' lang='lat' dir='ltr'><strong>Haec</strong></span> 
     </span>
    </p>
   </div>
   <div class='ocr_carea' id='block_1_62' title="bbox 627 3279 3924 3366">
    <p class='ocr_par' dir='ltr' id='par_1_62' title="bbox 627 3279 3924 3366">
     <span class='ocr_line' id='line_1_62' title="bbox 627 3279 3924 3366; baseline 0.002 -21"><span class='ocrx_word' id='word_1_464' title='bbox 627 3279 864 3350; x_wconf 74' lang='lat' dir='ltr'><strong>eriseIIS.</strong></span> <span class='ocrx_word' id='word_1_465' title='bbox 893 3281 1119 3337; x_wconf 70' lang='lat' dir='ltr'><strong>humana</strong></span> <span class='ocrx_word' id='word_1_466' title='bbox 1150 3298 1236 3340; x_wconf 78' lang='lat' dir='ltr'><strong>me</strong></span> <span class='ocrx_word' id='word_1_467' title='bbox 1264 3287 1458 3339; x_wconf 64' lang='grc' dir='ltr'><strong>θοᾶιυε</strong></span> <span class='ocrx_word' id='word_1_468' title='bbox 1479 3295 1565 3341; x_wconf 70' lang='grc' dir='ltr'><strong>θθῐ</strong></span> <span class='ocrx_word' id='word_1_469' title='bbox 1606 3301 1761 3351; x_wconf 71' lang='grc' dir='ltr'><em>νοεθ,</em></span> <span class='ocrx_word' id='word_1_470' title='bbox 1806 3286 1988 3345; x_wconf 75' lang='lat' dir='ltr'><strong>dicens</strong></span> <span class='ocrx_word' id='word_1_471' title='bbox 2020 3288 2217 3355; x_wconf 73' lang='lat' dir='ltr'><strong>=Veni.</strong></span> <span class='ocrx_word' id='word_1_472' title='bbox 2252 3290 2299 3355; x_wconf 87' lang='lat' dir='ltr'><strong>C</strong></span> <span class='ocrx_word' id='word_1_473' title='bbox 2328 3310 2429 3365; x_wconf 85' lang='lat' dir='ltr'><strong>ego</strong></span> <span class='ocrx_word' id='word_1_474' title='bbox 2459 3310 2581 3352; x_wconf 89' lang='lat' dir='ltr'><strong>cum</strong></span> <span class='ocrx_word' id='word_1_475' title='bbox 2622 3296 2917 3364; x_wconf 85' lang='lat' dir='ltr'><strong>audissem,</strong></span> <span class='ocrx_word' id='word_1_476' title='bbox 2957 3304 3011 3351; x_wconf 89' lang='lat' dir='ltr'><strong>et</strong></span> <span class='ocrx_word' id='word_1_477' title='bbox 3044 3297 3223 3351; x_wconf 88' lang='lat' dir='ltr'><strong>omnia</strong></span> <span class='ocrx_word' id='word_1_478' title='bbox 3266 3296 3335 3351; x_wconf 88' lang='lat' dir='ltr'><strong>ita</strong></span> <span class='ocrx_word' id='word_1_479' title='bbox 3378 3311 3500 3352; x_wconf 57' lang='lat' dir='ltr'><strong>esse</strong></span> <span class='ocrx_word' id='word_1_480' title='bbox 3542 3297 3924 3366; x_wconf 85' lang='lat' dir='ltr'><strong>credidissem,</strong></span> 
     </span>
    </p>
   </div>
   <div class='ocr_carea' id='block_1_63' title="bbox 630 3371 2222 3446">
    <p class='ocr_par' dir='ltr' id='par_1_63' title="bbox 630 3371 2222 3446">
     <span class='ocr_line' id='line_1_63' title="bbox 630 3371 2222 3446; baseline 0.005 -17"><span class='ocrx_word' id='word_1_481' title='bbox 630 3371 917 3429; x_wconf 84' lang='lat' dir='ltr'><strong>benedicte</strong></span> <span class='ocrx_word' id='word_1_482' title='bbox 942 3374 1177 3446; x_wconf 88' lang='lat' dir='ltr'><strong>domine,</strong></span> <span class='ocrx_word' id='word_1_483' title='bbox 1231 3385 1287 3432; x_wconf 93' lang='lat' dir='ltr'><strong>tu</strong></span> <span class='ocrx_word' id='word_1_484' title='bbox 1326 3377 1470 3434; x_wconf 92' lang='lat' dir='ltr'><strong>enim</strong></span> <span class='ocrx_word' id='word_1_485' title='bbox 1500 3392 1560 3435; x_wconf 89' lang='lat' dir='ltr'><strong>es</strong></span> <span class='ocrx_word' id='word_1_486' title='bbox 1602 3394 1794 3435; x_wconf 84' lang='lat' dir='ltr'><strong>servus</strong></span> <span class='ocrx_word' id='word_1_487' title='bbox 1838 3379 1931 3436; x_wconf 90' lang='lat' dir='ltr'><strong>Dei</strong></span> <span class='ocrx_word' id='word_1_488' title='bbox 1977 3380 2222 3437; x_wconf 90' lang='lat' dir='ltr'><strong>altissimi</strong></span> 
     </span>
    </p>
   </div>
   <div class='ocr_carea' id='block_1_64' title="bbox 632 3461 2223 3544">
    <p class='ocr_par' dir='ltr' id='par_1_64' title="bbox 632 3461 2223 3544">
     <span class='ocr_line' id='line_1_64' title="bbox 632 3461 2223 3544; baseline 0.007 -25"><span class='ocrx_word' id='word_1_489' title='bbox 632 3461 913 3521; x_wconf 81' lang='lat' dir='ltr'><strong>Macarius.</strong></span> <span class='ocrx_word' id='word_1_490' title='bbox 954 3468 1188 3538; x_wconf 81' lang='lat' dir='ltr'><strong>Angelus</strong></span> <span class='ocrx_word' id='word_1_491' title='bbox 1230 3480 1409 3525; x_wconf 90' lang='lat' dir='ltr'><strong>autem</strong></span> <span class='ocrx_word' id='word_1_492' title='bbox 1447 3481 1663 3527; x_wconf 89' lang='lat' dir='ltr'><strong>sanctus</strong></span> <span class='ocrx_word' id='word_1_493' title='bbox 1702 3472 1964 3544; x_wconf 81' lang='lat' dir='ltr'><strong>Raphael,</strong></span> <span class='ocrx_word' id='word_1_494' title='bbox 1998 3474 2223 3543; x_wconf 80' lang='lat' dir='ltr'><strong>ﬁguram</strong></span> 
     </span>
    </p>
   </div>
   <div class='ocr_carea' id='block_1_65' title="bbox 634 3558 2225 3635">
    <p class='ocr_par' dir='ltr' id='par_1_65' title="bbox 634 3558 2225 3635">
     <span class='ocr_line' id='line_1_65' title="bbox 634 3558 2225 3635; baseline 0.008 -23"><span class='ocrx_word' id='word_1_495' title='bbox 634 3565 691 3612; x_wconf 91' lang='lat' dir='ltr'><strong>et</strong></span> <span class='ocrx_word' id='word_1_496' title='bbox 720 3558 924 3612; x_wconf 89' lang='lat' dir='ltr'><strong>vultum</strong></span> <span class='ocrx_word' id='word_1_497' title='bbox 958 3569 1103 3614; x_wconf 91' lang='lat' dir='ltr'><strong>tuum</strong></span> <span class='ocrx_word' id='word_1_498' title='bbox 1132 3561 1262 3617; x_wconf 90' lang='lat' dir='ltr'><strong>mihi</strong></span> <span class='ocrx_word' id='word_1_499' title='bbox 1294 3563 1691 3632; x_wconf 88' lang='lat' dir='ltr'><strong>demonstrans,</strong></span> <span class='ocrx_word' id='word_1_500' title='bbox 1733 3568 1988 3635; x_wconf 69' lang='lat' dir='ltr'><strong>prmcepit</strong></span> <span class='ocrx_word' id='word_1_501' title='bbox 2011 3568 2225 3625; x_wconf 88' lang='lat' dir='ltr'><strong>concite</strong></span> 
     </span>
    </p>
   </div>
   <div class='ocr_carea' id='block_1_66' title="bbox 636 3649 2224 3725">
    <p class='ocr_par' dir='ltr' id='par_1_66' title="bbox 636 3649 2224 3725">
     <span class='ocr_line' id='line_1_66' title="bbox 636 3649 2224 3725; baseline 0.008 -22"><span class='ocrx_word' id='word_1_502' title='bbox 636 3656 695 3703; x_wconf 92' lang='lat' dir='ltr'><strong>ut</strong></span> <span class='ocrx_word' id='word_1_503' title='bbox 740 3649 835 3703; x_wconf 85' lang='lat' dir='ltr'><strong>tibi</strong></span> <span class='ocrx_word' id='word_1_504' title='bbox 865 3664 1235 3717; x_wconf 87' lang='lat' dir='ltr'><strong>occurrerem,</strong></span> <span class='ocrx_word' id='word_1_505' title='bbox 1284 3661 1445 3724; x_wconf 90' lang='lat' dir='ltr'><strong>atque</strong></span> <span class='ocrx_word' id='word_1_506' title='bbox 1491 3655 1844 3725; x_wconf 90' lang='lat' dir='ltr'><strong>perducerem</strong></span> <span class='ocrx_word' id='word_1_507' title='bbox 1892 3659 1944 3713; x_wconf 93' lang='lat' dir='ltr'><strong>in</strong></span> <span class='ocrx_word' id='word_1_508' title='bbox 1976 3660 2152 3715; x_wconf 91' lang='lat' dir='ltr'><strong>locum</strong></span> <span class='ocrx_word' id='word_1_509' title='bbox 2194 3675 2224 3716; x_wconf 90' lang='lat' dir='ltr'><strong>a</strong></span> 
     </span>
    </p>
   </div>
   <div class='ocr_carea' id='block_1_67' title="bbox 640 3743 2221 3822">
    <p class='ocr_par' dir='ltr' id='par_1_67' title="bbox 640 3743 2221 3822">
     <span class='ocr_line' id='line_1_67' title="bbox 640 3743 2221 3822; baseline 0.006 -22"><span class='ocrx_word' id='word_1_510' title='bbox 640 3743 752 3800; x_wconf 88' lang='lat' dir='ltr'><strong>Deo</strong></span> <span class='ocrx_word' id='word_1_511' title='bbox 780 3744 876 3801; x_wconf 92' lang='lat' dir='ltr'><strong>tibi</strong></span> <span class='ocrx_word' id='word_1_512' title='bbox 909 3755 1287 3816; x_wconf 60' lang='lat' dir='ltr'><strong>praeparatum.</strong></span> <span class='ocrx_word' id='word_1_513' title='bbox 1330 3748 1441 3819; x_wconf 86' lang='lat' dir='ltr'><strong>Ego</strong></span> <span class='ocrx_word' id='word_1_514' title='bbox 1482 3754 1661 3822; x_wconf 89' lang='lat' dir='ltr'><strong>itaque</strong></span> <span class='ocrx_word' id='word_1_515' title='bbox 1702 3762 1894 3819; x_wconf 92' lang='lat' dir='ltr'><strong>quarto</strong></span> <span class='ocrx_word' id='word_1_516' title='bbox 1938 3752 2098 3808; x_wconf 89' lang='lat' dir='ltr'><strong>hodie</strong></span> <span class='ocrx_word' id='word_1_517' title='bbox 2134 3753 2221 3810; x_wconf 90' lang='lat' dir='ltr'><strong>die</strong></span> 
     </span>
    </p>
   </div>
   <div class='ocr_carea' id='block_1_68' title="bbox 640 3837 2223 3909">
    <p class='ocr_par' dir='ltr' id='par_1_68' title="bbox 640 3837 2223 3909">
     <span class='ocr_line' id='line_1_68' title="bbox 640 3837 2223 3909; baseline 0.006 -17"><span class='ocrx_word' id='word_1_518' title='bbox 640 3845 693 3892; x_wconf 91' lang='lat' dir='ltr'><strong>te</strong></span> <span class='ocrx_word' id='word_1_519' title='bbox 723 3837 809 3892; x_wconf 85' lang='lat' dir='ltr'><strong>hic</strong></span> <span class='ocrx_word' id='word_1_520' title='bbox 836 3840 1168 3909; x_wconf 84' lang='lat' dir='ltr'><strong>exspectavi,</strong></span> <span class='ocrx_word' id='word_1_521' title='bbox 1203 3840 1337 3896; x_wconf 85' lang='lat' dir='ltr'><strong>nihil</strong></span> <span class='ocrx_word' id='word_1_522' title='bbox 1363 3842 1586 3899; x_wconf 91' lang='lat' dir='ltr'><strong>omnino</strong></span> <span class='ocrx_word' id='word_1_523' title='bbox 1613 3844 1920 3901; x_wconf 89' lang='lat' dir='ltr'><strong>comedens.</strong></span> <span class='ocrx_word' id='word_1_524' title='bbox 1957 3845 2067 3901; x_wconf 84' lang='lat' dir='ltr'><strong>Hac</strong></span> <span class='ocrx_word' id='word_1_525' title='bbox 2092 3861 2223 3902; x_wconf 87' lang='lat' dir='ltr'><strong>vero</strong></span> 
     </span>
    </p>
   </div>
   <div class='ocr_carea' id='block_1_69' title="bbox 637 3930 2227 4009">
    <p class='ocr_par' dir='ltr' id='par_1_69' title="bbox 637 3930 2227 4009">
     <span class='ocr_line' id='line_1_69' title="bbox 637 3930 2227 4009; baseline 0.006 -25"><span class='ocrx_word' id='word_1_526' title='bbox 637 3939 798 3985; x_wconf 90' lang='lat' dir='ltr'><strong>nocte</strong></span> <span class='ocrx_word' id='word_1_527' title='bbox 822 3930 875 3984; x_wconf 93' lang='lat' dir='ltr'><strong>in</strong></span> <span class='ocrx_word' id='word_1_528' title='bbox 905 3931 1047 3987; x_wconf 91' lang='lat' dir='ltr'><strong>nube</strong></span> <span class='ocrx_word' id='word_1_529' title='bbox 1075 3932 1403 3991; x_wconf 89' lang='lat' dir='ltr'><strong>lucidissima</strong></span> <span class='ocrx_word' id='word_1_530' title='bbox 1433 3946 1485 3991; x_wconf 91' lang='lat' dir='ltr'><strong>te</strong></span> <span class='ocrx_word' id='word_1_531' title='bbox 1515 3937 1791 3994; x_wconf 89' lang='lat' dir='ltr'><strong>sedentem</strong></span> <span class='ocrx_word' id='word_1_532' title='bbox 1824 3939 2033 4009; x_wconf 90' lang='lat' dir='ltr'><strong>aspexi,</strong></span> <span class='ocrx_word' id='word_1_533' title='bbox 2063 3939 2227 3995; x_wconf 89' lang='lat' dir='ltr'><strong>simul</strong></span> 
     </span>
    </p>
   </div>
   <div class='ocr_carea' id='block_1_70' title="bbox 636 4024 2225 4098">
    <p class='ocr_par' dir='ltr' id='par_1_70' title="bbox 636 4024 2225 4098">
     <span class='ocr_line' id='line_1_70' title="bbox 636 4024 2225 4098; baseline 0.006 -21"><span class='ocrx_word' id='word_1_534' title='bbox 636 4031 694 4077; x_wconf 91' lang='lat' dir='ltr'><strong>et</strong></span> <span class='ocrx_word' id='word_1_535' title='bbox 723 4037 909 4077; x_wconf 86' lang='lat' dir='ltr'><strong>vocem</strong></span> <span class='ocrx_word' id='word_1_536' title='bbox 940 4024 1169 4094; x_wconf 88' lang='lat' dir='ltr'><strong>desuper</strong></span> <span class='ocrx_word' id='word_1_537' title='bbox 1194 4026 1396 4093; x_wconf 86' lang='lat' dir='ltr'><strong>audivi,</strong></span> <span class='ocrx_word' id='word_1_538' title='bbox 1439 4027 1704 4084; x_wconf 91' lang='lat' dir='ltr'><strong>dicentem</strong></span> <span class='ocrx_word' id='word_1_539' title='bbox 1738 4028 1868 4085; x_wconf 88' lang='lat' dir='ltr'><strong>mihi</strong></span> <span class='ocrx_word' id='word_1_540' title='bbox 1904 4047 1917 4083; x_wconf 89' lang='lat'><strong>:</strong></span> <span class='ocrx_word' id='word_1_541' title='bbox 1948 4032 2225 4098; x_wconf 87' lang='lat' dir='ltr'><strong>Accelera,</strong></span> 
     </span>
    </p>
   </div>
   <div class='ocr_carea' id='block_1_71' title="bbox 633 4112 2226 4190">
    <p class='ocr_par' dir='ltr' id='par_1_71' title="bbox 633 4112 2226 4190">
     <span class='ocr_line' id='line_1_71' title="bbox 633 4112 2226 4190; baseline 0.006 -23"><span class='ocrx_word' id='word_1_542' title='bbox 633 4122 695 4168; x_wconf 91' lang='lat' dir='ltr'><strong>ut</strong></span> <span class='ocrx_word' id='word_1_543' title='bbox 721 4112 919 4183; x_wconf 88' lang='lat' dir='ltr'><strong>eripias</strong></span> <span class='ocrx_word' id='word_1_544' title='bbox 944 4114 1230 4171; x_wconf 84' lang='lat' dir='ltr'><strong>Macarium</strong></span> <span class='ocrx_word' id='word_1_545' title='bbox 1261 4132 1480 4173; x_wconf 87' lang='lat' dir='ltr'><strong>servum</strong></span> <span class='ocrx_word' id='word_1_546' title='bbox 1530 4119 1644 4187; x_wconf 88' lang='lat' dir='ltr'><strong>Dei,</strong></span> <span class='ocrx_word' id='word_1_547' title='bbox 1687 4120 1776 4190; x_wconf 91' lang='lat' dir='ltr'><strong>qui</strong></span> <span class='ocrx_word' id='word_1_548' title='bbox 1811 4120 1985 4186; x_wconf 88' lang='lat' dir='ltr'><strong>adest,</strong></span> <span class='ocrx_word' id='word_1_549' title='bbox 2036 4130 2093 4175; x_wconf 89' lang='lat' dir='ltr'><strong>ut</strong></span> <span class='ocrx_word' id='word_1_550' title='bbox 2132 4122 2226 4177; x_wconf 92' lang='lat' dir='ltr'><strong>tibi</strong></span> 
     </span>
    </p>
   </div>
   <div class='ocr_carea' id='block_1_72' title="bbox 638 4204 2228 4280">
    <p class='ocr_par' dir='ltr' id='par_1_72' title="bbox 638 4204 2228 4280">
     <span class='ocr_line' id='line_1_72' title="bbox 638 4204 2228 4280; baseline 0.005 -21"><span class='ocrx_word' id='word_1_551' title='bbox 638 4204 889 4276; x_wconf 72' lang='lat' dir='ltr'><strong>praedixi.</strong></span> <span class='ocrx_word' id='word_1_552' title='bbox 914 4206 1249 4275; x_wconf 89' lang='lat' dir='ltr'><strong>Quapropter</strong></span> <span class='ocrx_word' id='word_1_553' title='bbox 1278 4212 1505 4279; x_wconf 88' lang='lat' dir='ltr'><strong>surgens</strong></span> <span class='ocrx_word' id='word_1_554' title='bbox 1525 4254 1540 4280; x_wconf 93' lang='lat'><strong>,</strong></span> <span class='ocrx_word' id='word_1_555' title='bbox 1572 4226 1802 4280; x_wconf 87' lang='lat' dir='ltr'><strong>sequere</strong></span> <span class='ocrx_word' id='word_1_556' title='bbox 1831 4227 1938 4280; x_wconf 89' lang='lat' dir='ltr'><strong>me,</strong></span> <span class='ocrx_word' id='word_1_557' title='bbox 1972 4228 2041 4269; x_wconf 91' lang='lat' dir='ltr'><strong>ne</strong></span> <span class='ocrx_word' id='word_1_558' title='bbox 2068 4213 2228 4269; x_wconf 86' lang='lat' dir='ltr'><strong>dubi-</strong></span> 
     </span>
    </p>
   </div>
   <div class='ocr_carea' id='block_1_73' title="bbox 644 4298 2229 4373">
    <p class='ocr_par' dir='ltr' id='par_1_73' title="bbox 644 4298 2229 4373">
     <span class='ocr_line' id='line_1_73' title="bbox 644 4298 2229 4373; baseline 0.006 -20"><span class='ocrx_word' id='word_1_559' title='bbox 644 4307 752 4363; x_wconf 85' lang='lat' dir='ltr'><strong>tes;</strong></span> <span class='ocrx_word' id='word_1_560' title='bbox 810 4298 903 4353; x_wconf 89' lang='lat' dir='ltr'><strong>sed</strong></span> <span class='ocrx_word' id='word_1_561' title='bbox 935 4300 1074 4366; x_wconf 91' lang='lat' dir='ltr'><strong>veni,</strong></span> <span class='ocrx_word' id='word_1_562' title='bbox 1116 4309 1171 4355; x_wconf 90' lang='lat' dir='ltr'><strong>et</strong></span> <span class='ocrx_word' id='word_1_563' title='bbox 1210 4301 1386 4357; x_wconf 90' lang='lat' dir='ltr'><strong>locum</strong></span> <span class='ocrx_word' id='word_1_564' title='bbox 1432 4305 1745 4360; x_wconf 89' lang='lat' dir='ltr'><strong>monstrabo</strong></span> <span class='ocrx_word' id='word_1_565' title='bbox 1778 4305 1892 4373; x_wconf 90' lang='lat' dir='ltr'><strong>tibi,</strong></span> <span class='ocrx_word' id='word_1_566' title='bbox 1924 4306 2012 4361; x_wconf 90' lang='lat' dir='ltr'><strong>ubi</strong></span> <span class='ocrx_word' id='word_1_567' title='bbox 2051 4308 2229 4363; x_wconf 89' lang='lat' dir='ltr'><strong>Domi-</strong></span> 
     </span>
    </p>
   </div>
   <div class='ocr_carea' id='block_1_74' title="bbox 635 4390 2228 4469">
    <p class='ocr_par' dir='ltr' id='par_1_74' title="bbox 635 4390 2228 4469">
     <span class='ocr_line' id='line_1_74' title="bbox 635 4390 2228 4469; baseline 0.007 -25"><span class='ocrx_word' id='word_1_568' title='bbox 635 4405 765 4445; x_wconf 87' lang='lat' dir='ltr'><strong>num</strong></span> <span class='ocrx_word' id='word_1_569' title='bbox 796 4390 994 4446; x_wconf 86' lang='lat' dir='ltr'><strong>debeas</strong></span> <span class='ocrx_word' id='word_1_570' title='bbox 1038 4393 1366 4449; x_wconf 86' lang='lat' dir='ltr'><strong>collaudare.</strong></span> <span class='ocrx_word' id='word_1_571' title='bbox 1417 4393 1513 4451; x_wconf 81' lang='lat' dir='ltr'><strong>His</strong></span> <span class='ocrx_word' id='word_1_572' title='bbox 1558 4410 1686 4467; x_wconf 87' lang='lat' dir='ltr'><strong>ergo</strong></span> <span class='ocrx_word' id='word_1_573' title='bbox 1722 4397 1900 4462; x_wconf 91' lang='lat' dir='ltr'><strong>dictis,</strong></span> <span class='ocrx_word' id='word_1_574' title='bbox 1956 4408 2107 4469; x_wconf 74' lang='lat' dir='ltr'><strong>quasi</strong></span> <span class='ocrx_word' id='word_1_575' title='bbox 2145 4402 2228 4455; x_wconf 89' lang='lat' dir='ltr'><strong>vir</strong></span> 
     </span>
    </p>
   </div>
   <div class='ocr_carea' id='block_1_75' title="bbox 634 4485 2228 4561">
    <p class='ocr_par' dir='ltr' id='par_1_75' title="bbox 634 4485 2228 4561">
     <span class='ocr_line' id='line_1_75' title="bbox 634 4485 2228 4561; baseline 0.006 -20"><span class='ocrx_word' id='word_1_576' title='bbox 634 4485 848 4557; x_wconf 85' lang='lat' dir='ltr'><strong>juvenis</strong></span> <span class='ocrx_word' id='word_1_577' title='bbox 884 4488 1151 4556; x_wconf 89' lang='lat' dir='ltr'><strong>apparuit,</strong></span> <span class='ocrx_word' id='word_1_578' title='bbox 1195 4496 1250 4544; x_wconf 91' lang='lat' dir='ltr'><strong>et</strong></span> <span class='ocrx_word' id='word_1_579' title='bbox 1280 4505 1489 4545; x_wconf 88' lang='lat' dir='ltr'><strong>mecum</strong></span> <span class='ocrx_word' id='word_1_580' title='bbox 1530 4491 1597 4546; x_wconf 86' lang='lat' dir='ltr'><strong>ad</strong></span> <span class='ocrx_word' id='word_1_581' title='bbox 1630 4493 1943 4561; x_wconf 88' lang='lat' dir='ltr'><strong>speluncam</strong></span> <span class='ocrx_word' id='word_1_582' title='bbox 1972 4493 2109 4548; x_wconf 87' lang='lat' dir='ltr'><strong>hanc</strong></span> <span class='ocrx_word' id='word_1_583' title='bbox 2137 4509 2228 4550; x_wconf 88' lang='lat' dir='ltr'><strong>us-</strong></span> 
     </span>
    </p>
   </div>
   <div class='ocr_carea' id='block_1_76' title="bbox 637 4579 2225 4655">
    <p class='ocr_par' dir='ltr' id='par_1_76' title="bbox 637 4579 2225 4655">
     <span class='ocr_line' id='line_1_76' title="bbox 637 4579 2225 4655; baseline 0.005 -22"><span class='ocrx_word' id='word_1_584' title='bbox 637 4594 743 4649; x_wconf 90' lang='lat' dir='ltr'><strong>que</strong></span> <span class='ocrx_word' id='word_1_585' title='bbox 785 4579 1047 4646; x_wconf 85' lang='lat' dir='ltr'><strong>pervenit.</strong></span> <span class='ocrx_word' id='word_1_586' title='bbox 1097 4581 1339 4652; x_wconf 88' lang='lat' dir='ltr'><strong>Cumque</strong></span> <span class='ocrx_word' id='word_1_587' title='bbox 1388 4581 1615 4653; x_wconf 91' lang='lat' dir='ltr'><strong>ingressi</strong></span> <span class='ocrx_word' id='word_1_588' title='bbox 1642 4582 1951 4649; x_wconf 86' lang='lat' dir='ltr'><strong>fuissemus,</strong></span> <span class='ocrx_word' id='word_1_589' title='bbox 2000 4594 2225 4655; x_wconf 87' lang='lat' dir='ltr'><strong>repente</strong></span> 
     </span>
    </p>
   </div>
   <div class='ocr_carea' id='block_1_77' title="bbox 637 4673 874 4726">
    <p class='ocr_par' dir='ltr' id='par_1_77' title="bbox 637 4673 874 4726">
     <span class='ocr_line' id='line_1_77' title="bbox 637 4673 874 4726; baseline -0.004 0"><span class='ocrx_word' id='word_1_590' title='bbox 637 4673 874 4726; x_wconf 82' lang='lat' dir='ltr'><strong>evanuit.</strong></span> 
     </span>
    </p>
   </div>
   <div class='ocr_carea' id='block_1_78' title="bbox 710 4754 2227 4843">
    <p class='ocr_par' dir='ltr' id='par_1_78' title="bbox 710 4754 2227 4843">
     <span class='ocr_line' id='line_1_78' title="bbox 710 4754 2227 4843; baseline 0.009 -26"><span class='ocrx_word' id='word_1_591' title='bbox 710 4760 840 4819; x_wconf 62' lang='lat' dir='ltr'><strong>Car.</strong></span> <span class='ocrx_word' id='word_1_592' title='bbox 894 4761 1013 4817; x_wconf 79' lang='lat' dir='ltr'><strong>XX.</strong></span> <span class='ocrx_word' id='word_1_593' title='bbox 1042 4793 1110 4804; x_wconf 90' lang='grc'><strong>--</strong></span> <span class='ocrx_word' id='word_1_594' title='bbox 1140 4765 1291 4820; x_wconf 88' lang='lat' dir='ltr'><strong>Tunc</strong></span> <span class='ocrx_word' id='word_1_595' title='bbox 1332 4754 1430 4837; x_wconf 82' lang='lat' dir='ltr'><strong>ego</strong></span> <span class='ocrx_word' id='word_1_596' title='bbox 1478 4780 1729 4837; x_wconf 87' lang='lat' dir='ltr'><strong>peccator</strong></span> <span class='ocrx_word' id='word_1_597' title='bbox 1770 4772 1825 4827; x_wconf 95' lang='lat' dir='ltr'><strong>in</strong></span> <span class='ocrx_word' id='word_1_598' title='bbox 1870 4781 2019 4843; x_wconf 91' lang='lat' dir='ltr'><strong>parte</strong></span> <span class='ocrx_word' id='word_1_599' title='bbox 2057 4775 2227 4831; x_wconf 88' lang='lat' dir='ltr'><strong>altera</strong></span> 
     </span>
    </p>
   </div>
   <div class='ocr_carea' id='block_1_79' title="bbox 635 4856 2221 4932">
    <p class='ocr_par' dir='ltr' id='par_1_79' title="bbox 635 4856 2221 4932">
     <span class='ocr_line' id='line_1_79' title="bbox 635 4856 2221 4932; baseline 0.008 -20"><span class='ocrx_word' id='word_1_600' title='bbox 635 4856 888 4927; x_wconf 85' lang='lat' dir='ltr'><strong>prospexi</strong></span> <span class='ocrx_word' id='word_1_601' title='bbox 929 4858 1063 4912; x_wconf 90' lang='lat' dir='ltr'><strong>duos</strong></span> <span class='ocrx_word' id='word_1_602' title='bbox 1093 4856 1265 4913; x_wconf 91' lang='lat' dir='ltr'><strong>leonis</strong></span> <span class='ocrx_word' id='word_1_603' title='bbox 1296 4860 1503 4915; x_wconf 90' lang='lat' dir='ltr'><strong>catulos</strong></span> <span class='ocrx_word' id='word_1_604' title='bbox 1526 4864 1797 4932; x_wconf 86' lang='lat' dir='ltr'><strong>jacentes,</strong></span> <span class='ocrx_word' id='word_1_605' title='bbox 1847 4874 2019 4922; x_wconf 88' lang='lat' dir='ltr'><strong>mater</strong></span> <span class='ocrx_word' id='word_1_606' title='bbox 2043 4878 2221 4925; x_wconf 89' lang='lat' dir='ltr'><strong>autem</strong></span> 
     </span>
    </p>
   </div>
   <div class='ocr_carea' id='block_1_80' title="bbox 633 4945 2226 5031">
    <p class='ocr_par' dir='ltr' id='par_1_80' title="bbox 633 4945 2226 5031">
     <span class='ocr_line' id='line_1_80' title="bbox 633 4945 2226 5031; baseline 0.011 -29"><span class='ocrx_word' id='word_1_607' title='bbox 633 4945 848 5005; x_wconf 89' lang='lat' dir='ltr'><strong>illorum</strong></span> <span class='ocrx_word' id='word_1_608' title='bbox 875 4949 1028 5018; x_wconf 83' lang='lat' dir='ltr'><strong>juxta</strong></span> <span class='ocrx_word' id='word_1_609' title='bbox 1069 4950 1193 5004; x_wconf 92' lang='lat' dir='ltr'><strong>illos</strong></span> <span class='ocrx_word' id='word_1_610' title='bbox 1222 4960 1431 5006; x_wconf 93' lang='lat' dir='ltr'><strong>mortua</strong></span> <span class='ocrx_word' id='word_1_611' title='bbox 1468 4952 1702 5023; x_wconf 87' lang='lat' dir='ltr'><strong>jacebat.</strong></span> <span class='ocrx_word' id='word_1_612' title='bbox 1735 4958 1906 5024; x_wconf 90' lang='lat' dir='ltr'><strong>Quam</strong></span> <span class='ocrx_word' id='word_1_613' title='bbox 1940 4974 2041 5031; x_wconf 86' lang='lat' dir='ltr'><strong>ego</strong></span> <span class='ocrx_word' id='word_1_614' title='bbox 2084 4963 2226 5019; x_wconf 89' lang='lat' dir='ltr'><strong>foras</strong></span> 
     </span>
    </p>
   </div>
   <div class='ocr_carea' id='block_1_81' title="bbox 635 5039 2230 5123">
    <p class='ocr_par' dir='ltr' id='par_1_81' title="bbox 635 5039 2230 5123">
     <span class='ocr_line' id='line_1_81' title="bbox 635 5039 2230 5123; baseline 0.009 -28"><span class='ocrx_word' id='word_1_615' title='bbox 635 5039 885 5110; x_wconf 88' lang='lat' dir='ltr'><strong>ejiciens,</strong></span> <span class='ocrx_word' id='word_1_616' title='bbox 936 5040 1182 5113; x_wconf 90' lang='lat' dir='ltr'><strong>sepelivi,</strong></span> <span class='ocrx_word' id='word_1_617' title='bbox 1235 5051 1292 5097; x_wconf 92' lang='lat' dir='ltr'><strong>et</strong></span> <span class='ocrx_word' id='word_1_618' title='bbox 1338 5043 1619 5101; x_wconf 90' lang='lat' dir='ltr'><strong>Dominum</strong></span> <span class='ocrx_word' id='word_1_619' title='bbox 1649 5049 1981 5120; x_wconf 89' lang='lat' dir='ltr'><strong>eollaudans,</strong></span> <span class='ocrx_word' id='word_1_620' title='bbox 2029 5053 2230 5123; x_wconf 79' lang='lat' dir='ltr'><strong>gloriﬁ-</strong></span> 
     </span>
    </p>
   </div>
   <div class='ocr_carea' id='block_1_82' title="bbox 634 5134 2222 5217">
    <p class='ocr_par' dir='ltr' id='par_1_82' title="bbox 634 5134 2222 5217">
     <span class='ocr_line' id='line_1_82' title="bbox 634 5134 2222 5217; baseline 0.01 -30"><span class='ocrx_word' id='word_1_621' title='bbox 634 5136 773 5202; x_wconf 83' lang='lat' dir='ltr'><strong>cavi,</strong></span> <span class='ocrx_word' id='word_1_622' title='bbox 798 5134 889 5204; x_wconf 89' lang='lat' dir='ltr'><strong>qui</strong></span> <span class='ocrx_word' id='word_1_623' title='bbox 917 5143 1059 5189; x_wconf 89' lang='lat' dir='ltr'><strong>tanta</strong></span> <span class='ocrx_word' id='word_1_624' title='bbox 1089 5135 1142 5189; x_wconf 92' lang='lat' dir='ltr'><strong>in</strong></span> <span class='ocrx_word' id='word_1_625' title='bbox 1180 5149 1268 5191; x_wconf 89' lang='lat' dir='ltr'><strong>me</strong></span> <span class='ocrx_word' id='word_1_626' title='bbox 1298 5137 1563 5192; x_wconf 86' lang='lat' dir='ltr'><strong>mirabilia</strong></span> <span class='ocrx_word' id='word_1_627' title='bbox 1594 5140 1743 5201; x_wconf 84' lang='lat' dir='ltr'><strong>fecit.</strong></span> <span class='ocrx_word' id='word_1_628' title='bbox 1786 5153 1839 5196; x_wconf 88' lang='lat' dir='ltr'><strong>et</strong></span> <span class='ocrx_word' id='word_1_629' title='bbox 1879 5143 1946 5199; x_wconf 90' lang='lat' dir='ltr'><strong>de</strong></span> <span class='ocrx_word' id='word_1_630' title='bbox 1974 5154 2080 5200; x_wconf 89' lang='lat' dir='ltr'><strong>tam</strong></span> <span class='ocrx_word' id='word_1_631' title='bbox 2106 5162 2222 5217; x_wconf 65' lang='lat' dir='ltr'><strong>gra«</strong></span> 
     </span>
    </p>
   </div>
   <div class='ocr_carea' id='block_1_83' title="bbox 636 5226 2218 5307">
    <p class='ocr_par' dir='ltr' id='par_1_83' title="bbox 636 5226 2218 5307">
     <span class='ocr_line' id='line_1_83' title="bbox 636 5226 2218 5307; baseline 0.009 -27"><span class='ocrx_word' id='word_1_632' title='bbox 636 5226 793 5283; x_wconf 85' lang='lat' dir='ltr'><strong>vibus</strong></span> <span class='ocrx_word' id='word_1_633' title='bbox 831 5226 1092 5299; x_wconf 89' lang='lat' dir='ltr'><strong>angustiis</strong></span> <span class='ocrx_word' id='word_1_634' title='bbox 1141 5226 1418 5295; x_wconf 90' lang='lat' dir='ltr'><strong>liberavit,</strong></span> <span class='ocrx_word' id='word_1_635' title='bbox 1479 5231 1625 5300; x_wconf 88' lang='lat' dir='ltr'><strong>ipsos</strong></span> <span class='ocrx_word' id='word_1_636' title='bbox 1672 5241 1851 5289; x_wconf 90' lang='lat' dir='ltr'><strong>autem</strong></span> <span class='ocrx_word' id='word_1_637' title='bbox 1905 5236 2218 5307; x_wconf 90' lang='lat' dir='ltr'><strong>leunculos,</strong></span> 
     </span>
    </p>
   </div>
   <div class='ocr_carea' id='block_1_84' title="bbox 646 5321 2227 5401">
    <p class='ocr_par' dir='ltr' id='par_1_84' title="bbox 646 5321 2227 5401">
     <span class='ocr_line' id='line_1_84' title="bbox 646 5321 2227 5401; baseline 0.01 -27"><span class='ocrx_word' id='word_1_638' title='bbox 646 5321 851 5376; x_wconf 73' lang='lat' dir='ltr'><strong>rondes</strong></span> <span class='ocrx_word' id='word_1_639' title='bbox 896 5323 1154 5377; x_wconf 89' lang='lat' dir='ltr'><strong>arborum</strong></span> <span class='ocrx_word' id='word_1_640' title='bbox 1210 5323 1509 5393; x_wconf 88' lang='lat' dir='ltr'><strong>decerpens</strong></span> <span class='ocrx_word' id='word_1_641' title='bbox 1557 5340 1620 5381; x_wconf 89' lang='lat' dir='ltr'><strong>ac</strong></span> <span class='ocrx_word' id='word_1_642' title='bbox 1664 5325 1772 5382; x_wconf 91' lang='lat' dir='ltr'><strong>illis</strong></span> <span class='ocrx_word' id='word_1_643' title='bbox 1814 5332 2127 5401; x_wconf 86' lang='lat' dir='ltr'><strong>porrigens,</strong></span> <span class='ocrx_word' id='word_1_644' title='bbox 2168 5345 2227 5390; x_wconf 93' lang='lat' dir='ltr'><strong>ut</strong></span> 
     </span>
    </p>
   </div>
   <div class='ocr_carea' id='block_1_85' title="bbox 635 5413 2221 5488">
    <p class='ocr_par' dir='ltr' id='par_1_85' title="bbox 635 5413 2221 5488">
     <span class='ocr_line' id='line_1_85' title="bbox 635 5413 2221 5488; baseline 0.012 -22"><span class='ocrx_word' id='word_1_645' title='bbox 635 5413 880 5483; x_wconf 87' lang='lat' dir='ltr'><strong>proprios</strong></span> <span class='ocrx_word' id='word_1_646' title='bbox 909 5417 1143 5472; x_wconf 89' lang='lat' dir='ltr'><strong>enutrivi</strong></span> <span class='ocrx_word' id='word_1_647' title='bbox 1184 5416 1359 5484; x_wconf 85' lang='lat' dir='ltr'><strong>filios;</strong></span> <span class='ocrx_word' id='word_1_648' title='bbox 1399 5419 1584 5488; x_wconf 90' lang='lat' dir='ltr'><strong>sicque</strong></span> <span class='ocrx_word' id='word_1_649' title='bbox 1613 5419 1748 5475; x_wconf 91' lang='lat' dir='ltr'><strong>duos</strong></span> <span class='ocrx_word' id='word_1_650' title='bbox 1789 5437 1960 5480; x_wconf 89' lang='lat' dir='ltr'><strong>annos</strong></span> <span class='ocrx_word' id='word_1_651' title='bbox 2006 5426 2221 5485; x_wconf 81' lang='lat' dir='ltr'><strong>insimul</strong></span> 
     </span>
    </p>
   </div>
   <div class='ocr_carea' id='block_1_86' title="bbox 636 5508 2223 5590">
    <p class='ocr_par' dir='ltr' id='par_1_86' title="bbox 636 5508 2223 5590">
     <span class='ocr_line' id='line_1_86' title="bbox 636 5508 2223 5590; baseline 0.013 -30"><span class='ocrx_word' id='word_1_652' title='bbox 636 5509 817 5576; x_wconf 83' lang='lat' dir='ltr'><strong>quiete</strong></span> <span class='ocrx_word' id='word_1_653' title='bbox 846 5508 1148 5567; x_wconf 86' lang='lat' dir='ltr'><strong>habitantes</strong></span> <span class='ocrx_word' id='word_1_654' title='bbox 1183 5514 1603 5583; x_wconf 87' lang='lat' dir='ltr'><strong>compievimus.</strong></span> <span class='ocrx_word' id='word_1_655' title='bbox 1633 5516 1766 5572; x_wconf 84' lang='lat' dir='ltr'><strong>Cum</strong></span> <span class='ocrx_word' id='word_1_656' title='bbox 1800 5534 1926 5575; x_wconf 88' lang='lat' dir='ltr'><strong>ecce</strong></span> <span class='ocrx_word' id='word_1_657' title='bbox 1957 5530 2077 5590; x_wconf 86' lang='lat' dir='ltr'><strong>post</strong></span> <span class='ocrx_word' id='word_1_658' title='bbox 2106 5523 2223 5579; x_wconf 68' lang='lat' dir='ltr'><strong>haec</strong></span> 
     </span>
    </p>
   </div>
   <div class='ocr_carea' id='block_1_87' title="bbox 636 5600 2225 5678">
    <p class='ocr_par' dir='ltr' id='par_1_87' title="bbox 636 5600 2225 5678">
     <span class='ocr_line' id='line_1_87' title="bbox 636 5600 2225 5678; baseline 0.009 -22"><span class='ocrx_word' id='word_1_659' title='bbox 636 5600 856 5670; x_wconf 89' lang='lat' dir='ltr'><strong>laqueus</strong></span> <span class='ocrx_word' id='word_1_660' title='bbox 882 5602 1080 5658; x_wconf 84' lang='lat' dir='ltr'><strong>diaboli</strong></span> <span class='ocrx_word' id='word_1_661' title='bbox 1107 5646 1123 5671; x_wconf 90' lang='lat'><strong>,</strong></span> <span class='ocrx_word' id='word_1_662' title='bbox 1178 5606 1331 5678; x_wconf 82' lang='lat' dir='ltr'><strong>cujus</strong></span> <span class='ocrx_word' id='word_1_663' title='bbox 1364 5624 1632 5677; x_wconf 81' lang='lat' dir='ltr'><strong>nunquam</strong></span> <span class='ocrx_word' id='word_1_664' title='bbox 1656 5628 1685 5665; x_wconf 86' lang='lat' dir='ltr'><strong>a</strong></span> <span class='ocrx_word' id='word_1_665' title='bbox 1718 5614 1891 5667; x_wconf 86' lang='lat' dir='ltr'><strong>servis</strong></span> <span class='ocrx_word' id='word_1_666' title='bbox 1923 5612 2018 5667; x_wconf 85' lang='lat' dir='ltr'><strong>Dei</strong></span> <span class='ocrx_word' id='word_1_667' title='bbox 2048 5626 2225 5671; x_wconf 86' lang='lat' dir='ltr'><strong>cessat</strong></span> 
     </span>
    </p>
   </div>
   <div class='ocr_carea' id='block_1_88' title="bbox 634 5693 2221 5779">
    <p class='ocr_par' dir='ltr' id='par_1_88' title="bbox 634 5693 2221 5779">
     <span class='ocr_line' id='line_1_88' title="bbox 634 5693 2221 5779; baseline 0.009 -31"><span class='ocrx_word' id='word_1_668' title='bbox 634 5693 854 5762; x_wconf 83' lang='lat' dir='ltr'><strong>invidia,</strong></span> <span class='ocrx_word' id='word_1_669' title='bbox 904 5696 1094 5752; x_wconf 87' lang='lat' dir='ltr'><strong>adfuit.</strong></span> <span class='ocrx_word' id='word_1_670' title='bbox 1139 5696 1273 5754; x_wconf 84' lang='lat' dir='ltr'><strong>Nam</strong></span> <span class='ocrx_word' id='word_1_671' title='bbox 1318 5701 1407 5757; x_wconf 91' lang='lat' dir='ltr'><strong>die</strong></span> <span class='ocrx_word' id='word_1_672' title='bbox 1448 5705 1703 5772; x_wconf 88' lang='lat' dir='ltr'><strong>quadam,</strong></span> <span class='ocrx_word' id='word_1_673' title='bbox 1740 5705 1868 5760; x_wconf 89' lang='lat' dir='ltr'><strong>hora</strong></span> <span class='ocrx_word' id='word_1_674' title='bbox 1915 5707 2065 5776; x_wconf 89' lang='lat' dir='ltr'><strong>quasi</strong></span> <span class='ocrx_word' id='word_1_675' title='bbox 2096 5723 2221 5779; x_wconf 89' lang='lat' dir='ltr'><strong>sep-</strong></span> 
     </span>
    </p>
   </div>
   <div class='ocr_carea' id='block_1_89' title="bbox 639 5788 2225 5864">
    <p class='ocr_par' dir='ltr' id='par_1_89' title="bbox 639 5788 2225 5864">
     <span class='ocr_line' id='line_1_89' title="bbox 639 5788 2225 5864; baseline 0.007 -18"><span class='ocrx_word' id='word_1_676' title='bbox 639 5788 783 5853; x_wconf 86' lang='lat' dir='ltr'><strong>tima,</strong></span> <span class='ocrx_word' id='word_1_677' title='bbox 821 5804 852 5844; x_wconf 91' lang='lat' dir='ltr'><strong>e</strong></span> <span class='ocrx_word' id='word_1_678' title='bbox 901 5791 1156 5859; x_wconf 75' lang='lat' dir='ltr'><strong>Spelunca</strong></span> <span class='ocrx_word' id='word_1_679' title='bbox 1206 5792 1351 5849; x_wconf 80' lang='lat' dir='ltr'><strong>foras</strong></span> <span class='ocrx_word' id='word_1_680' title='bbox 1396 5809 1668 5864; x_wconf 86' lang='lat' dir='ltr'><strong>egressus,</strong></span> <span class='ocrx_word' id='word_1_681' title='bbox 1721 5800 1835 5855; x_wconf 91' lang='lat' dir='ltr'><strong>sole</strong></span> <span class='ocrx_word' id='word_1_682' title='bbox 1892 5800 2225 5857; x_wconf 83' lang='lat' dir='ltr'><strong>iervescente</strong></span> 
     </span>
    </p>
   </div>
   <div class='ocr_carea' id='block_1_90' title="bbox 635 5884 2227 5975">
    <p class='ocr_par' dir='ltr' id='par_1_90' title="bbox 635 5884 2227 5975">
     <span class='ocr_line' id='line_1_90' title="bbox 635 5884 2227 5975; baseline 0.006 -30"><span class='ocrx_word' id='word_1_683' title='bbox 635 5884 852 5948; x_wconf 84' lang='lat' dir='ltr'><strong>resedi;</strong></span> <span class='ocrx_word' id='word_1_684' title='bbox 882 5895 1009 5946; x_wconf 85' lang='lat' dir='ltr'><strong>tunc</strong></span> <span class='ocrx_word' id='word_1_685' title='bbox 1047 5887 1466 5967; x_wconf 24' lang='lat' dir='ltr'><strong>subito‘sttbtile</strong></span> <span class='ocrx_word' id='word_1_686' title='bbox 1492 5890 1613 5960; x_wconf 75' lang='lat' dir='ltr'><strong>(2t)</strong></span> <span class='ocrx_word' id='word_1_687' title='bbox 1660 5892 1945 5975; x_wconf 83' lang='lat' dir='ltr'><strong>tasciolum</strong></span> <span class='ocrx_word' id='word_1_688' title='bbox 1971 5904 2024 5956; x_wconf 86' lang='lat' dir='ltr'><strong>et</strong></span> <span class='ocrx_word' id='word_1_689' title='bbox 2054 5896 2227 5957; x_wconf 86' lang='lat' dir='ltr'><strong>oculis</strong></span> 
     </span>
    </p>
   </div>
   <div class='ocr_carea' id='block_1_91' title="bbox 2324 3391 3923 3464">
    <p class='ocr_par' dir='ltr' id='par_1_91' title="bbox 2324 3391 3923 3464">
     <span class='ocr_line' id='line_1_91' title="bbox 2324 3391 3923 3464; baseline 0.001 -17"><span class='ocrx_word' id='word_1_690' title='bbox 2324 3391 2481 3447; x_wconf 91' lang='lat' dir='ltr'><strong>simul</strong></span> <span class='ocrx_word' id='word_1_691' title='bbox 2513 3400 2567 3446; x_wconf 88' lang='lat' dir='ltr'><strong>et</strong></span> <span class='ocrx_word' id='word_1_692' title='bbox 2596 3407 2848 3462; x_wconf 88' lang='lat' dir='ltr'><strong>sponsam</strong></span> <span class='ocrx_word' id='word_1_693' title='bbox 2897 3408 3072 3450; x_wconf 87' lang='lat' dir='ltr'><strong>meant</strong></span> <span class='ocrx_word' id='word_1_694' title='bbox 3130 3394 3243 3449; x_wconf 88' lang='lat' dir='ltr'><strong>fore</strong></span> <span class='ocrx_word' id='word_1_695' title='bbox 3289 3408 3532 3463; x_wconf 89' lang='lat' dir='ltr'><strong>sperans,</strong></span> <span class='ocrx_word' id='word_1_696' title='bbox 3577 3409 3673 3464; x_wconf 89' lang='lat' dir='ltr'><strong>per</strong></span> <span class='ocrx_word' id='word_1_697' title='bbox 3722 3410 3923 3450; x_wconf 87' lang='lat' dir='ltr'><strong>manus</strong></span> 
     </span>
    </p>
   </div>
   <div class='ocr_carea' id='block_1_92' title="bbox 2324 3485 3924 3558">
    <p class='ocr_par' dir='ltr' id='par_1_92' title="bbox 2324 3485 3924 3558">
     <span class='ocr_line' id='line_1_92' title="bbox 2324 3485 3924 3558; baseline 0.003 -19"><span class='ocrx_word' id='word_1_698' title='bbox 2324 3485 2655 3556; x_wconf 88' lang='lat' dir='ltr'><strong>apprehendi</strong></span> <span class='ocrx_word' id='word_1_699' title='bbox 2688 3487 2833 3543; x_wconf 88' lang='lat' dir='ltr'><strong>illam</strong></span> <span class='ocrx_word' id='word_1_700' title='bbox 2858 3528 2873 3553; x_wconf 93' lang='lat'><strong>,</strong></span> <span class='ocrx_word' id='word_1_701' title='bbox 2905 3497 2959 3543; x_wconf 91' lang='lat' dir='ltr'><strong>et</strong></span> <span class='ocrx_word' id='word_1_702' title='bbox 3010 3489 3061 3542; x_wconf 91' lang='lat' dir='ltr'><strong>in</strong></span> <span class='ocrx_word' id='word_1_703' title='bbox 3095 3487 3230 3543; x_wconf 91' lang='lat' dir='ltr'><strong>hanc</strong></span> <span class='ocrx_word' id='word_1_704' title='bbox 3260 3487 3527 3544; x_wconf 89' lang='lat' dir='ltr'><strong>introduxi</strong></span> <span class='ocrx_word' id='word_1_705' title='bbox 3566 3488 3924 3558; x_wconf 87' lang='lat' dir='ltr'><strong>speluncam;</strong></span> 
     </span>
    </p>
   </div>
   <div class='ocr_carea' id='block_1_93' title="bbox 2328 3579 3921 3653">
    <p class='ocr_par' dir='ltr' id='par_1_93' title="bbox 2328 3579 3921 3653">
     <span class='ocr_line' id='line_1_93' title="bbox 2328 3579 3921 3653; baseline 0.003 -20"><span class='ocrx_word' id='word_1_706' title='bbox 2328 3579 2578 3651; x_wconf 68' lang='lat' dir='ltr'><strong>lacryma:</strong></span> <span class='ocrx_word' id='word_1_707' title='bbox 2622 3595 2752 3636; x_wconf 88' lang='lat' dir='ltr'><strong>vero</strong></span> <span class='ocrx_word' id='word_1_708' title='bbox 2794 3582 2862 3635; x_wconf 90' lang='lat' dir='ltr'><strong>ab</strong></span> <span class='ocrx_word' id='word_1_709' title='bbox 2891 3582 3008 3653; x_wconf 86' lang='lat' dir='ltr'><strong>ejus</strong></span> <span class='ocrx_word' id='word_1_710' title='bbox 3035 3582 3208 3637; x_wconf 92' lang='lat' dir='ltr'><strong>oculis</strong></span> <span class='ocrx_word' id='word_1_711' title='bbox 3254 3583 3557 3639; x_wconf 83' lang='lat' dir='ltr'><strong>nullatenus</strong></span> <span class='ocrx_word' id='word_1_712' title='bbox 3605 3582 3921 3638; x_wconf 86' lang='lat' dir='ltr'><strong>cessabant.</strong></span> 
     </span>
    </p>
   </div>
   <div class='ocr_carea' id='block_1_94' title="bbox 2326 3669 3929 3745">
    <p class='ocr_par' dir='ltr' id='par_1_94' title="bbox 2326 3669 3929 3745">
     <span class='ocr_line' id='line_1_94' title="bbox 2326 3669 3929 3745; baseline 0.003 -19"><span class='ocrx_word' id='word_1_713' title='bbox 2326 3669 2478 3726; x_wconf 86' lang='lat' dir='ltr'><strong>Tunc</strong></span> <span class='ocrx_word' id='word_1_714' title='bbox 2524 3686 2625 3741; x_wconf 89' lang='lat' dir='ltr'><strong>ego</strong></span> <span class='ocrx_word' id='word_1_715' title='bbox 2664 3672 2895 3728; x_wconf 88' lang='lat' dir='ltr'><strong>miseriis</strong></span> <span class='ocrx_word' id='word_1_716' title='bbox 2924 3682 2978 3728; x_wconf 90' lang='lat' dir='ltr'><strong>et</strong></span> <span class='ocrx_word' id='word_1_717' title='bbox 3007 3673 3262 3744; x_wconf 84' lang='lat' dir='ltr'><strong>lacrymis</strong></span> <span class='ocrx_word' id='word_1_718' title='bbox 3314 3674 3428 3745; x_wconf 88' lang='lat' dir='ltr'><strong>ejus</strong></span> <span class='ocrx_word' id='word_1_719' title='bbox 3465 3676 3829 3745; x_wconf 84' lang='lat' dir='ltr'><strong>compatiens,</strong></span> <span class='ocrx_word' id='word_1_720' title='bbox 3875 3683 3929 3731; x_wconf 89' lang='lat' dir='ltr'><strong>et</strong></span> 
     </span>
    </p>
   </div>
   <div class='ocr_carea' id='block_1_95' title="bbox 2328 3762 3924 3837">
    <p class='ocr_par' dir='ltr' id='par_1_95' title="bbox 2328 3762 3924 3837">
     <span class='ocr_line' id='line_1_95' title="bbox 2328 3762 3924 3837; baseline 0.003 -20"><span class='ocrx_word' id='word_1_721' title='bbox 2328 3762 2484 3818; x_wconf 88' lang='lat' dir='ltr'><strong>valde</strong></span> <span class='ocrx_word' id='word_1_722' title='bbox 2520 3778 2681 3833; x_wconf 87' lang='lat' dir='ltr'><strong>super</strong></span> <span class='ocrx_word' id='word_1_723' title='bbox 2702 3778 2820 3820; x_wconf 89' lang='lat' dir='ltr'><strong>eam</strong></span> <span class='ocrx_word' id='word_1_724' title='bbox 2846 3764 3053 3832; x_wconf 85' lang='lat' dir='ltr'><strong>dolens,</strong></span> <span class='ocrx_word' id='word_1_725' title='bbox 3084 3767 3275 3823; x_wconf 85' lang='lat' dir='ltr'><strong>sedere</strong></span> <span class='ocrx_word' id='word_1_726' title='bbox 3302 3782 3421 3823; x_wconf 89' lang='lat' dir='ltr'><strong>eam</strong></span> <span class='ocrx_word' id='word_1_727' title='bbox 3454 3766 3607 3837; x_wconf 88' lang='lat' dir='ltr'><strong>juxta</strong></span> <span class='ocrx_word' id='word_1_728' title='bbox 3650 3784 3739 3823; x_wconf 90' lang='lat' dir='ltr'><strong>me</strong></span> <span class='ocrx_word' id='word_1_729' title='bbox 3764 3768 3875 3824; x_wconf 85' lang='lat' dir='ltr'><strong>feci</strong></span> <span class='ocrx_word' id='word_1_730' title='bbox 3908 3785 3924 3822; x_wconf 89' lang='lat'><strong>:</strong></span> 
     </span>
    </p>
   </div>
   <div class='ocr_carea' id='block_1_96' title="bbox 2329 3853 3919 3931">
    <p class='ocr_par' dir='ltr' id='par_1_96' title="bbox 2329 3853 3919 3931">
     <span class='ocr_line' id='line_1_96' title="bbox 2329 3853 3919 3931; baseline 0.004 -22"><span class='ocrx_word' id='word_1_731' title='bbox 2329 3853 2579 3910; x_wconf 87' lang='lat' dir='ltr'><strong>similiter</strong></span> <span class='ocrx_word' id='word_1_732' title='bbox 2617 3864 2672 3911; x_wconf 90' lang='lat' dir='ltr'><strong>et</strong></span> <span class='ocrx_word' id='word_1_733' title='bbox 2708 3857 2927 3927; x_wconf 87' lang='lat' dir='ltr'><strong>glandes</strong></span> <span class='ocrx_word' id='word_1_734' title='bbox 2960 3858 3036 3913; x_wconf 92' lang='lat' dir='ltr'><strong>illi</strong></span> <span class='ocrx_word' id='word_1_735' title='bbox 3076 3860 3143 3914; x_wconf 88' lang='lat' dir='ltr'><strong>ad</strong></span> <span class='ocrx_word' id='word_1_736' title='bbox 3189 3859 3622 3916; x_wconf 88' lang='lat' dir='ltr'><strong>manducandum</strong></span> <span class='ocrx_word' id='word_1_737' title='bbox 3665 3862 3919 3931; x_wconf 69' lang='lat' dir='ltr'><strong>praebui;</strong></span> 
     </span>
    </p>
   </div>
   <div class='ocr_carea' id='block_1_97' title="bbox 2330 3950 3928 4026">
    <p class='ocr_par' dir='ltr' id='par_1_97' title="bbox 2330 3950 3928 4026">
     <span class='ocr_line' id='line_1_97' title="bbox 2330 3950 3928 4026; baseline 0.006 -24"><span class='ocrx_word' id='word_1_738' title='bbox 2330 3962 2438 4002; x_wconf 92' lang='lat' dir='ltr'><strong>non</strong></span> <span class='ocrx_word' id='word_1_739' title='bbox 2470 3950 2611 4003; x_wconf 89' lang='lat' dir='ltr'><strong>enim</strong></span> <span class='ocrx_word' id='word_1_740' title='bbox 2652 3950 2874 4007; x_wconf 90' lang='lat' dir='ltr'><strong>insidias</strong></span> <span class='ocrx_word' id='word_1_741' title='bbox 2903 3951 3104 4008; x_wconf 90' lang='lat' dir='ltr'><strong>diaboli</strong></span> <span class='ocrx_word' id='word_1_742' title='bbox 3149 3953 3411 4020; x_wconf 83' lang='lat' dir='ltr'><strong>intellexi,</strong></span> <span class='ocrx_word' id='word_1_743' title='bbox 3444 3968 3619 4026; x_wconf 90' lang='lat' dir='ltr'><strong>neque</strong></span> <span class='ocrx_word' id='word_1_744' title='bbox 3648 3955 3928 4012; x_wconf 77' lang='lat' dir='ltr'><strong>ullatenus</strong></span> 
     </span>
    </p>
   </div>
   <div class='ocr_carea' id='block_1_98' title="bbox 2330 4039 3927 4116">
    <p class='ocr_par' dir='ltr' id='par_1_98' title="bbox 2330 4039 3927 4116">
     <span class='ocr_line' id='line_1_98' title="bbox 2330 4039 3927 4116; baseline 0.006 -23"><span class='ocrx_word' id='word_1_745' title='bbox 2330 4039 2507 4094; x_wconf 92' lang='lat' dir='ltr'><strong>crucis</strong></span> <span class='ocrx_word' id='word_1_746' title='bbox 2536 4056 2623 4095; x_wconf 89' lang='lat' dir='ltr'><strong>me</strong></span> <span class='ocrx_word' id='word_1_747' title='bbox 2652 4042 2804 4111; x_wconf 90' lang='lat' dir='ltr'><strong>signo</strong></span> <span class='ocrx_word' id='word_1_748' title='bbox 2831 4044 3067 4112; x_wconf 91' lang='lat' dir='ltr'><strong>munivi;</strong></span> <span class='ocrx_word' id='word_1_749' title='bbox 3100 4046 3194 4102; x_wconf 89' lang='lat' dir='ltr'><strong>sed</strong></span> <span class='ocrx_word' id='word_1_750' title='bbox 3225 4046 3471 4104; x_wconf 89' lang='lat' dir='ltr'><strong>similiter</strong></span> <span class='ocrx_word' id='word_1_751' title='bbox 3494 4048 3772 4116; x_wconf 89' lang='lat' dir='ltr'><strong>sedentes,</strong></span> <span class='ocrx_word' id='word_1_752' title='bbox 3802 4049 3927 4105; x_wconf 86' lang='lat' dir='ltr'><strong>diu-</strong></span> 
     </span>
    </p>
   </div>
   <div class='ocr_carea' id='block_1_99' title="bbox 2330 4123 3928 4210">
    <p class='ocr_par' dir='ltr' id='par_1_99' title="bbox 2330 4123 3928 4210">
     <span class='ocr_line' id='line_1_99' title="bbox 2330 4123 3928 4210; baseline 0.007 -25"><span class='ocrx_word' id='word_1_753' title='bbox 2330 4132 2434 4188; x_wconf 84' lang='lat' dir='ltr'><strong>tius</strong></span> <span class='ocrx_word' id='word_1_754' title='bbox 2464 4134 2729 4202; x_wconf 89' lang='lat' dir='ltr'><strong>colloquia</strong></span> <span class='ocrx_word' id='word_1_755' title='bbox 2763 4123 3064 4192; x_wconf 76' lang='lat' dir='ltr'><strong>habuimus.</strong></span> <span class='ocrx_word' id='word_1_756' title='bbox 3107 4138 3258 4193; x_wconf 91' lang='lat' dir='ltr'><strong>Tunc</strong></span> <span class='ocrx_word' id='word_1_757' title='bbox 3283 4138 3423 4209; x_wconf 76' lang='lat' dir='ltr'><strong>cmpi</strong></span> <span class='ocrx_word' id='word_1_758' title='bbox 3448 4143 3596 4210; x_wconf 87' lang='lat' dir='ltr'><strong>quasi</strong></span> <span class='ocrx_word' id='word_1_759' title='bbox 3629 4141 3694 4195; x_wconf 90' lang='lat' dir='ltr'><strong>de</strong></span> <span class='ocrx_word' id='word_1_760' title='bbox 3737 4140 3928 4196; x_wconf 87' lang='lat' dir='ltr'><strong>labore</strong></span> 
     </span>
    </p>
   </div>
   <div class='ocr_carea' id='block_1_100' title="bbox 2331 4222 3929 4297">
    <p class='ocr_par' dir='ltr' id='par_1_100' title="bbox 2331 4222 3929 4297">
     <span class='ocr_line' id='line_1_100' title="bbox 2331 4222 3929 4297; baseline 0.008 -21"><span class='ocrx_word' id='word_1_761' title='bbox 2331 4222 2497 4278; x_wconf 92' lang='lat' dir='ltr'><strong>nimio</strong></span> <span class='ocrx_word' id='word_1_762' title='bbox 2517 4239 2706 4281; x_wconf 92' lang='lat' dir='ltr'><strong>somno</strong></span> <span class='ocrx_word' id='word_1_763' title='bbox 2738 4227 2983 4297; x_wconf 87' lang='lat' dir='ltr'><strong>gravari;</strong></span> <span class='ocrx_word' id='word_1_764' title='bbox 3016 4237 3070 4283; x_wconf 88' lang='lat' dir='ltr'><strong>at</strong></span> <span class='ocrx_word' id='word_1_765' title='bbox 3096 4229 3185 4285; x_wconf 86' lang='lat' dir='ltr'><strong>illa</strong></span> <span class='ocrx_word' id='word_1_766' title='bbox 3219 4230 3466 4286; x_wconf 84' lang='lat' dir='ltr'><strong>manibus</strong></span> <span class='ocrx_word' id='word_1_767' title='bbox 3508 4232 3625 4287; x_wconf 91' lang='lat' dir='ltr'><strong>suis</strong></span> <span class='ocrx_word' id='word_1_768' title='bbox 3650 4247 3770 4289; x_wconf 88' lang='lat' dir='ltr'><strong>mea</strong></span> <span class='ocrx_word' id='word_1_769' title='bbox 3812 4248 3929 4288; x_wconf 84' lang='lat' dir='ltr'><strong>om-</strong></span> 
     </span>
    </p>
   </div>
   <div class='ocr_carea' id='block_1_101' title="bbox 2332 4314 3927 4392">
    <p class='ocr_par' dir='ltr' id='par_1_101' title="bbox 2332 4314 3927 4392">
     <span class='ocr_line' id='line_1_101' title="bbox 2332 4314 3927 4392; baseline 0.006 -23"><span class='ocrx_word' id='word_1_770' title='bbox 2332 4314 2420 4369; x_wconf 90' lang='lat' dir='ltr'><strong>nia</strong></span> <span class='ocrx_word' id='word_1_771' title='bbox 2446 4318 2685 4372; x_wconf 88' lang='lat' dir='ltr'><strong>membra</strong></span> <span class='ocrx_word' id='word_1_772' title='bbox 2712 4318 2995 4374; x_wconf 90' lang='lat' dir='ltr'><strong>mulcendo</strong></span> <span class='ocrx_word' id='word_1_773' title='bbox 3017 4321 3270 4390; x_wconf 88' lang='lat' dir='ltr'><strong>palpavit,</strong></span> <span class='ocrx_word' id='word_1_774' title='bbox 3294 4331 3351 4377; x_wconf 91' lang='lat' dir='ltr'><strong>et</strong></span> <span class='ocrx_word' id='word_1_775' title='bbox 3378 4337 3444 4378; x_wconf 91' lang='lat' dir='ltr'><strong>eo</strong></span> <span class='ocrx_word' id='word_1_776' title='bbox 3465 4324 3695 4392; x_wconf 91' lang='lat' dir='ltr'><strong>amplius</strong></span> <span class='ocrx_word' id='word_1_777' title='bbox 3726 4338 3927 4379; x_wconf 90' lang='lat' dir='ltr'><strong>somno</strong></span> 
     </span>
    </p>
   </div>
   <div class='ocr_carea' id='block_1_102' title="bbox 2329 4408 3930 4485">
    <p class='ocr_par' dir='ltr' id='par_1_102' title="bbox 2329 4408 3930 4485">
     <span class='ocr_line' id='line_1_102' title="bbox 2329 4408 3930 4485; baseline 0.006 -26"><span class='ocrx_word' id='word_1_778' title='bbox 2329 4417 2579 4475; x_wconf 86' lang='lat' dir='ltr'><strong>gravatus</strong></span> <span class='ocrx_word' id='word_1_779' title='bbox 2599 4422 2738 4463; x_wconf 86' lang='lat' dir='ltr'><strong>sum.</strong></span> <span class='ocrx_word' id='word_1_780' title='bbox 2765 4408 2902 4476; x_wconf 82' lang='lat' dir='ltr'><strong>Quid</strong></span> <span class='ocrx_word' id='word_1_781' title='bbox 2922 4412 3136 4466; x_wconf 86' lang='lat' dir='ltr'><strong>morer?</strong></span> <span class='ocrx_word' id='word_1_782' title='bbox 3158 4412 3324 4467; x_wconf 90' lang='lat' dir='ltr'><strong>miser</strong></span> <span class='ocrx_word' id='word_1_783' title='bbox 3346 4428 3466 4482; x_wconf 90' lang='lat' dir='ltr'><strong>ego,</strong></span> <span class='ocrx_word' id='word_1_784' title='bbox 3491 4416 3579 4485; x_wconf 90' lang='lat' dir='ltr'><strong>qui</strong></span> <span class='ocrx_word' id='word_1_785' title='bbox 3606 4422 3763 4469; x_wconf 86' lang='lat' dir='ltr'><strong>antea</strong></span> <span class='ocrx_word' id='word_1_786' title='bbox 3791 4431 3930 4468; x_wconf 88' lang='lat' dir='ltr'><strong>nun-</strong></span> 
     </span>
    </p>
   </div>
   <div class='ocr_carea' id='block_1_103' title="bbox 2331 4500 3930 4571">
    <p class='ocr_par' dir='ltr' id='par_1_103' title="bbox 2331 4500 3930 4571">
     <span class='ocr_line' id='line_1_103' title="bbox 2331 4500 3930 4571; baseline 0.006 -19"><span class='ocrx_word' id='word_1_787' title='bbox 2331 4513 2492 4567; x_wconf 90' lang='lat' dir='ltr'><strong>quam</strong></span> <span class='ocrx_word' id='word_1_788' title='bbox 2525 4514 2646 4554; x_wconf 90' lang='lat' dir='ltr'><strong>cum</strong></span> <span class='ocrx_word' id='word_1_789' title='bbox 2692 4500 2886 4555; x_wconf 89' lang='lat' dir='ltr'><strong>femina</strong></span> <span class='ocrx_word' id='word_1_790' title='bbox 2919 4515 3141 4571; x_wconf 88' lang='lat' dir='ltr'><strong>peccare</strong></span> <span class='ocrx_word' id='word_1_791' title='bbox 3168 4506 3454 4570; x_wconf 89' lang='lat' dir='ltr'><strong>consensi,</strong></span> <span class='ocrx_word' id='word_1_792' title='bbox 3506 4503 3558 4558; x_wconf 90' lang='lat' dir='ltr'><strong>in</strong></span> <span class='ocrx_word' id='word_1_793' title='bbox 3600 4504 3807 4560; x_wconf 87' lang='lat' dir='ltr'><strong>somnis</strong></span> <span class='ocrx_word' id='word_1_794' title='bbox 3840 4518 3930 4561; x_wconf 85' lang='lat' dir='ltr'><strong>me</strong></span> 
     </span>
    </p>
   </div>
   <div class='ocr_carea' id='block_1_104' title="bbox 2332 4595 3931 4668">
    <p class='ocr_par' dir='ltr' id='par_1_104' title="bbox 2332 4595 3931 4668">
     <span class='ocr_line' id='line_1_104' title="bbox 2332 4595 3931 4668; baseline 0.006 -23"><span class='ocrx_word' id='word_1_795' title='bbox 2332 4601 2610 4660; x_wconf 88' lang='lat' dir='ltr'><strong>peccatum</strong></span> <span class='ocrx_word' id='word_1_796' title='bbox 2639 4601 2982 4661; x_wconf 87' lang='lat' dir='ltr'><strong>perpetrasse</strong></span> <span class='ocrx_word' id='word_1_797' title='bbox 3008 4595 3270 4665; x_wconf 88' lang='lat' dir='ltr'><strong>cognovi;</strong></span> <span class='ocrx_word' id='word_1_798' title='bbox 3306 4611 3428 4650; x_wconf 89' lang='lat' dir='ltr'><strong>nam</strong></span> <span class='ocrx_word' id='word_1_799' title='bbox 3459 4596 3638 4652; x_wconf 91' lang='lat' dir='ltr'><strong>subito</strong></span> <span class='ocrx_word' id='word_1_800' title='bbox 3663 4611 3931 4668; x_wconf 53' lang='lat' dir='ltr'><strong>experge.</strong></span> 
     </span>
    </p>
   </div>
   <div class='ocr_carea' id='block_1_105' title="bbox 2256 4680 3933 4760">
    <p class='ocr_par' dir='ltr' id='par_1_105' title="bbox 2256 4680 3933 4760">
     <span class='ocr_line' id='line_1_105' title="bbox 2256 4680 3933 4760; baseline 0.006 -24"><span class='ocrx_word' id='word_1_801' title='bbox 2256 4680 2314 4743; x_wconf 86' lang='lat' dir='ltr'><strong>D</strong></span> <span class='ocrx_word' id='word_1_802' title='bbox 2339 4684 2509 4738; x_wconf 88' lang='lat' dir='ltr'><strong>factus</strong></span> <span class='ocrx_word' id='word_1_803' title='bbox 2531 4699 2562 4738; x_wconf 92' lang='lat' dir='ltr'><strong>e</strong></span> <span class='ocrx_word' id='word_1_804' title='bbox 2584 4698 2797 4749; x_wconf 90' lang='lat' dir='ltr'><strong>somno,</strong></span> <span class='ocrx_word' id='word_1_805' title='bbox 2845 4686 2997 4756; x_wconf 89' lang='lat' dir='ltr'><strong>quasi</strong></span> <span class='ocrx_word' id='word_1_806' title='bbox 3036 4702 3158 4742; x_wconf 89' lang='lat' dir='ltr'><strong>cum</strong></span> <span class='ocrx_word' id='word_1_807' title='bbox 3191 4688 3386 4744; x_wconf 78' lang='lat' dir='ltr'><strong>femina</strong></span> <span class='ocrx_word' id='word_1_808' title='bbox 3415 4688 3813 4760; x_wconf 89' lang='lat' dir='ltr'><strong>discoopertum</strong></span> <span class='ocrx_word' id='word_1_809' title='bbox 3844 4704 3933 4746; x_wconf 88' lang='lat' dir='ltr'><strong>me</strong></span> 
     </span>
    </p>
   </div>
   <div class='ocr_carea' id='block_1_106' title="bbox 2332 4774 3933 4854">
    <p class='ocr_par' dir='ltr' id='par_1_106' title="bbox 2332 4774 3933 4854">
     <span class='ocr_line' id='line_1_106' title="bbox 2332 4774 3933 4854; baseline 0.006 -26"><span class='ocrx_word' id='word_1_810' title='bbox 2332 4774 2385 4828; x_wconf 94' lang='lat' dir='ltr'><strong>in</strong></span> <span class='ocrx_word' id='word_1_811' title='bbox 2408 4781 2546 4829; x_wconf 87' lang='lat' dir='ltr'><strong>terra</strong></span> <span class='ocrx_word' id='word_1_812' title='bbox 2574 4774 2843 4846; x_wconf 86' lang='lat' dir='ltr'><strong>jacentem</strong></span> <span class='ocrx_word' id='word_1_813' title='bbox 2880 4777 3083 4846; x_wconf 87' lang='lat' dir='ltr'><strong>inveni,</strong></span> <span class='ocrx_word' id='word_1_814' title='bbox 3130 4778 3244 4848; x_wconf 90' lang='lat' dir='ltr'><strong>ipsa</strong></span> <span class='ocrx_word' id='word_1_815' title='bbox 3280 4780 3392 4850; x_wconf 89' lang='lat' dir='ltr'><strong>jam</strong></span> <span class='ocrx_word' id='word_1_816' title='bbox 3429 4795 3557 4837; x_wconf 91' lang='lat' dir='ltr'><strong>vero</strong></span> <span class='ocrx_word' id='word_1_817' title='bbox 3599 4796 3707 4838; x_wconf 91' lang='lat' dir='ltr'><strong>non</strong></span> <span class='ocrx_word' id='word_1_818' title='bbox 3758 4797 3933 4854; x_wconf 84' lang='lat' dir='ltr'><strong>appa-</strong></span> 
     </span>
    </p>
   </div>
   <div class='ocr_carea' id='block_1_107' title="bbox 2331 4867 2455 4922">
    <p class='ocr_par' dir='ltr' id='par_1_107' title="bbox 2331 4867 2455 4922">
     <span class='ocr_line' id='line_1_107' title="bbox 2331 4867 2455 4922; baseline 0.008 -1"><span class='ocrx_word' id='word_1_819' title='bbox 2331 4867 2455 4922; x_wconf 88' lang='lat' dir='ltr'><strong>ruit.</strong></span> 
     </span>
    </p>
   </div>
   <div class='ocr_carea' id='block_1_108' title="bbox 2401 4977 3933 5052">
    <p class='ocr_par' dir='ltr' id='par_1_108' title="bbox 2401 4977 3933 5052">
     <span class='ocr_line' id='line_1_108' title="bbox 2401 4977 3933 5052; baseline 0.003 -17"><span class='ocrx_word' id='word_1_820' title='bbox 2401 4977 2530 5035; x_wconf 65' lang='lat' dir='ltr'><strong>(lar.</strong></span> <span class='ocrx_word' id='word_1_821' title='bbox 2588 4978 2730 5035; x_wconf 82' lang='lat' dir='ltr'><strong>XXI.</strong></span> <span class='ocrx_word' id='word_1_822' title='bbox 2760 5010 2829 5021; x_wconf 91' lang='lat'><strong><em>—</em></strong></span> <span class='ocrx_word' id='word_1_823' title='bbox 2859 4979 3011 5036; x_wconf 86' lang='lat' dir='ltr'><strong>Tunc</strong></span> <span class='ocrx_word' id='word_1_824' title='bbox 3056 4980 3238 5036; x_wconf 81' lang='lat' dir='ltr'><strong>infelix</strong></span> <span class='ocrx_word' id='word_1_825' title='bbox 3287 4996 3389 5052; x_wconf 88' lang='lat' dir='ltr'><strong>ego</strong></span> <span class='ocrx_word' id='word_1_826' title='bbox 3444 4981 3672 5039; x_wconf 90' lang='lat' dir='ltr'><strong>insidias</strong></span> <span class='ocrx_word' id='word_1_827' title='bbox 3726 4983 3933 5039; x_wconf 84' lang='lat' dir='ltr'><strong>diaboli</strong></span> 
     </span>
    </p>
   </div>
   <div class='ocr_carea' id='block_1_109' title="bbox 2330 5068 3935 5144">
    <p class='ocr_par' dir='ltr' id='par_1_109' title="bbox 2330 5068 3935 5144">
     <span class='ocr_line' id='line_1_109' title="bbox 2330 5068 3935 5144; baseline 0.004 -21"><span class='ocrx_word' id='word_1_828' title='bbox 2330 5081 2454 5124; x_wconf 89' lang='lat' dir='ltr'><strong>sero</strong></span> <span class='ocrx_word' id='word_1_829' title='bbox 2475 5068 2783 5136; x_wconf 88' lang='lat' dir='ltr'><strong>advertens,</strong></span> <span class='ocrx_word' id='word_1_830' title='bbox 2807 5069 2951 5127; x_wconf 90' lang='lat' dir='ltr'><strong>foras</strong></span> <span class='ocrx_word' id='word_1_831' title='bbox 2967 5070 3276 5140; x_wconf 84' lang='lat' dir='ltr'><strong>speluncam</strong></span> <span class='ocrx_word' id='word_1_832' title='bbox 3303 5072 3459 5127; x_wconf 86' lang='lat' dir='ltr'><strong>citius</strong></span> <span class='ocrx_word' id='word_1_833' title='bbox 3479 5073 3641 5139; x_wconf 84' lang='lat' dir='ltr'><strong>exivi,</strong></span> <span class='ocrx_word' id='word_1_834' title='bbox 3665 5082 3718 5129; x_wconf 91' lang='lat' dir='ltr'><strong>et</strong></span> <span class='ocrx_word' id='word_1_835' title='bbox 3742 5082 3935 5144; x_wconf 84' lang='lat' dir='ltr'><strong>pectus</strong></span> 
     </span>
    </p>
   </div>
   <div class='ocr_carea' id='block_1_110' title="bbox 2333 5161 3933 5235">
    <p class='ocr_par' dir='ltr' id='par_1_110' title="bbox 2333 5161 3933 5235">
     <span class='ocr_line' id='line_1_110' title="bbox 2333 5161 3933 5235; baseline 0.003 -19"><span class='ocrx_word' id='word_1_836' title='bbox 2333 5161 2552 5227; x_wconf 88' lang='lat' dir='ltr'><strong>feriens,</strong></span> <span class='ocrx_word' id='word_1_837' title='bbox 2588 5163 2833 5233; x_wconf 85' lang='lat' dir='ltr'><strong>ingentes</strong></span> <span class='ocrx_word' id='word_1_838' title='bbox 2866 5162 3129 5235; x_wconf 71' lang='lat' dir='ltr'><strong>lacrymas</strong></span> <span class='ocrx_word' id='word_1_839' title='bbox 3163 5163 3298 5220; x_wconf 78' lang='lat' dir='ltr'><strong>l‘udi.</strong></span> <span class='ocrx_word' id='word_1_840' title='bbox 3333 5164 3437 5234; x_wconf 87' lang='lat' dir='ltr'><strong>Ipsi</strong></span> <span class='ocrx_word' id='word_1_841' title='bbox 3466 5165 3671 5222; x_wconf 87' lang='lat' dir='ltr'><strong>interea</strong></span> <span class='ocrx_word' id='word_1_842' title='bbox 3714 5165 3933 5235; x_wconf 83' lang='lat' dir='ltr'><strong>leones,</strong></span> 
     </span>
    </p>
   </div>
   <div class='ocr_carea' id='block_1_111' title="bbox 2332 5254 3929 5329">
    <p class='ocr_par' dir='ltr' id='par_1_111' title="bbox 2332 5254 3929 5329">
     <span class='ocr_line' id='line_1_111' title="bbox 2332 5254 3929 5329; baseline 0.004 -22"><span class='ocrx_word' id='word_1_843' title='bbox 2332 5256 2420 5325; x_wconf 90' lang='lat' dir='ltr'><strong>qui</strong></span> <span class='ocrx_word' id='word_1_844' title='bbox 2463 5270 2669 5310; x_wconf 89' lang='lat' dir='ltr'><strong>mecum</strong></span> <span class='ocrx_word' id='word_1_845' title='bbox 2711 5254 2967 5325; x_wconf 87' lang='lat' dir='ltr'><strong>aderant,</strong></span> <span class='ocrx_word' id='word_1_846' title='bbox 3016 5271 3193 5312; x_wconf 90' lang='lat' dir='ltr'><strong>meum</strong></span> <span class='ocrx_word' id='word_1_847' title='bbox 3239 5257 3599 5329; x_wconf 87' lang='lat' dir='ltr'><strong>intelligentes</strong></span> <span class='ocrx_word' id='word_1_848' title='bbox 3641 5258 3929 5327; x_wconf 88' lang='lat' dir='ltr'><strong>delictum,</strong></span> 
     </span>
    </p>
   </div>
   <div class='ocr_carea' id='block_1_112' title="bbox 2333 5345 3934 5419">
    <p class='ocr_par' dir='ltr' id='par_1_112' title="bbox 2333 5345 3934 5419">
     <span class='ocr_line' id='line_1_112' title="bbox 2333 5345 3934 5419; baseline 0.003 -19"><span class='ocrx_word' id='word_1_849' title='bbox 2333 5348 2652 5417; x_wconf 89' lang='lat' dir='ltr'><strong>quantocius</strong></span> <span class='ocrx_word' id='word_1_850' title='bbox 2699 5345 2949 5419; x_wconf 88' lang='lat' dir='ltr'><strong>fugerunt</strong></span> <span class='ocrx_word' id='word_1_851' title='bbox 2977 5362 3007 5403; x_wconf 91' lang='lat' dir='ltr'><strong>a</strong></span> <span class='ocrx_word' id='word_1_852' title='bbox 3033 5363 3144 5405; x_wconf 92' lang='lat' dir='ltr'><strong>me.</strong></span> <span class='ocrx_word' id='word_1_853' title='bbox 3180 5348 3306 5405; x_wconf 69' lang='lat' dir='ltr'><strong>Hmc</strong></span> <span class='ocrx_word' id='word_1_854' title='bbox 3341 5357 3520 5404; x_wconf 88' lang='lat' dir='ltr'><strong>autem</strong></span> <span class='ocrx_word' id='word_1_855' title='bbox 3563 5364 3685 5404; x_wconf 91' lang='lat' dir='ltr'><strong>cum</strong></span> <span class='ocrx_word' id='word_1_856' title='bbox 3731 5364 3934 5406; x_wconf 84' lang='lat' dir='ltr'><strong>cerne-</strong></span> 
     </span>
    </p>
   </div>
   <div class='ocr_carea' id='block_1_113' title="bbox 2331 5438 3932 5509">
    <p class='ocr_par' dir='ltr' id='par_1_113' title="bbox 2331 5438 3932 5509">
     <span class='ocr_line' id='line_1_113' title="bbox 2331 5438 3932 5509; baseline 0.002 -15"><span class='ocrx_word' id='word_1_857' title='bbox 2331 5453 2467 5504; x_wconf 89' lang='lat' dir='ltr'><strong>rem,</strong></span> <span class='ocrx_word' id='word_1_858' title='bbox 2499 5438 2696 5509; x_wconf 88' lang='lat' dir='ltr'><strong>fugisse</strong></span> <span class='ocrx_word' id='word_1_859' title='bbox 2726 5440 2931 5496; x_wconf 83' lang='lat' dir='ltr'><strong>scilicet</strong></span> <span class='ocrx_word' id='word_1_860' title='bbox 2977 5440 3185 5508; x_wconf 89' lang='lat' dir='ltr'><strong>leones,</strong></span> <span class='ocrx_word' id='word_1_861' title='bbox 3222 5455 3343 5496; x_wconf 91' lang='lat' dir='ltr'><strong>cum</strong></span> <span class='ocrx_word' id='word_1_862' title='bbox 3372 5441 3516 5497; x_wconf 92' lang='lat' dir='ltr'><strong>luctu</strong></span> <span class='ocrx_word' id='word_1_863' title='bbox 3546 5440 3712 5496; x_wconf 85' lang='lat' dir='ltr'><strong>nimio</strong></span> <span class='ocrx_word' id='word_1_864' title='bbox 3737 5455 3799 5496; x_wconf 87' lang='lat' dir='ltr'><strong>ac</strong></span> <span class='ocrx_word' id='word_1_865' title='bbox 3820 5441 3932 5497; x_wconf 84' lang='lat' dir='ltr'><strong>do-</strong></span> 
     </span>
    </p>
   </div>
   <div class='ocr_carea' id='block_1_114' title="bbox 2330 5530 3931 5600">
    <p class='ocr_par' dir='ltr' id='par_1_114' title="bbox 2330 5530 3931 5600">
     <span class='ocr_line' id='line_1_114' title="bbox 2330 5530 3931 5600; baseline 0.001 -14"><span class='ocrx_word' id='word_1_866' title='bbox 2330 5530 2467 5596; x_wconf 88' lang='lat' dir='ltr'><strong>lore,</strong></span> <span class='ocrx_word' id='word_1_867' title='bbox 2500 5531 2639 5599; x_wconf 89' lang='lat' dir='ltr'><strong>coepi</strong></span> <span class='ocrx_word' id='word_1_868' title='bbox 2688 5531 2889 5588; x_wconf 83' lang='lat' dir='ltr'><strong>Christi</strong></span> <span class='ocrx_word' id='word_1_869' title='bbox 2940 5531 3364 5587; x_wconf 81' lang='lat' dir='ltr'><strong>misericordiam</strong></span> <span class='ocrx_word' id='word_1_870' title='bbox 3406 5532 3600 5587; x_wconf 86' lang='lat' dir='ltr'><strong>devote</strong></span> <span class='ocrx_word' id='word_1_871' title='bbox 3648 5533 3931 5600; x_wconf 82' lang='lat' dir='ltr'><strong>invocare,</strong></span> 
     </span>
    </p>
   </div>
   <div class='ocr_carea' id='block_1_115' title="bbox 2335 5621 3933 5691">
    <p class='ocr_par' dir='ltr' id='par_1_115' title="bbox 2335 5621 3933 5691">
     <span class='ocr_line' id='line_1_115' title="bbox 2335 5621 3933 5691; baseline 0.003 -17"><span class='ocrx_word' id='word_1_872' title='bbox 2335 5629 2601 5691; x_wconf 90' lang='lat' dir='ltr'><strong>quatenus</strong></span> <span class='ocrx_word' id='word_1_873' title='bbox 2630 5630 2685 5676; x_wconf 89' lang='lat' dir='ltr'><strong>et</strong></span> <span class='ocrx_word' id='word_1_874' title='bbox 2710 5621 2838 5675; x_wconf 92' lang='lat' dir='ltr'><strong>mihi</strong></span> <span class='ocrx_word' id='word_1_875' title='bbox 2872 5621 3203 5690; x_wconf 69' lang='lat' dir='ltr'><strong>ptenitentiae</strong></span> <span class='ocrx_word' id='word_1_876' title='bbox 3230 5638 3476 5678; x_wconf 85' lang='lat' dir='ltr'><strong>normam</strong></span> <span class='ocrx_word' id='word_1_877' title='bbox 3504 5621 3836 5687; x_wconf 89' lang='lat' dir='ltr'><strong>ostenderet,</strong></span> <span class='ocrx_word' id='word_1_878' title='bbox 3861 5636 3933 5678; x_wconf 82' lang='lat' dir='ltr'><strong>ac</strong></span> 
     </span>
    </p>
   </div>
   <div class='ocr_carea' id='block_1_116' title="bbox 2322 5712 3932 5784">
    <p class='ocr_par' dir='ltr' id='par_1_116' title="bbox 2322 5712 3932 5784">
     <span class='ocr_line' id='line_1_116' title="bbox 2322 5712 3932 5784; baseline 0.004 -17"><span class='ocrx_word' id='word_1_879' title='bbox 2322 5712 2513 5768; x_wconf 79' lang='lat' dir='ltr'><strong>leones</strong></span> <span class='ocrx_word' id='word_1_880' title='bbox 2564 5713 2740 5767; x_wconf 89' lang='lat' dir='ltr'><strong>redire</strong></span> <span class='ocrx_word' id='word_1_881' title='bbox 2784 5714 3021 5783; x_wconf 90' lang='lat' dir='ltr'><strong>juberet.</strong></span> <span class='ocrx_word' id='word_1_882' title='bbox 3072 5714 3182 5772; x_wconf 88' lang='lat' dir='ltr'><strong>Nec</strong></span> <span class='ocrx_word' id='word_1_883' title='bbox 3239 5731 3428 5784; x_wconf 90' lang='lat' dir='ltr'><strong>mora,</strong></span> <span class='ocrx_word' id='word_1_884' title='bbox 3473 5717 3932 5773; x_wconf 80' lang='lat' dir='ltr'><strong>clementissimus</strong></span> 
     </span>
    </p>
   </div>
   <div class='ocr_carea' id='block_1_117' title="bbox 2331 5802 3932 5878">
    <p class='ocr_par' dir='ltr' id='par_1_117' title="bbox 2331 5802 3932 5878">
     <span class='ocr_line' id='line_1_117' title="bbox 2331 5802 3932 5878; baseline 0.004 -20"><span class='ocrx_word' id='word_1_885' title='bbox 2331 5802 2510 5867; x_wconf 86' lang='lat' dir='ltr'><strong>Pater,</strong></span> <span class='ocrx_word' id='word_1_886' title='bbox 2545 5804 2633 5873; x_wconf 82' lang='lat' dir='ltr'><strong>qui</strong></span> <span class='ocrx_word' id='word_1_887' title='bbox 2675 5818 2763 5859; x_wconf 87' lang='lat' dir='ltr'><strong>me</strong></span> <span class='ocrx_word' id='word_1_888' title='bbox 2805 5806 2871 5859; x_wconf 84' lang='lat' dir='ltr'><strong>ad</strong></span> <span class='ocrx_word' id='word_1_889' title='bbox 2916 5806 3285 5875; x_wconf 62' lang='lat' dir='ltr'><strong>paenitentiam</strong></span> <span class='ocrx_word' id='word_1_890' title='bbox 3331 5822 3549 5863; x_wconf 89' lang='lat' dir='ltr'><strong>servare</strong></span> <span class='ocrx_word' id='word_1_891' title='bbox 3579 5810 3768 5878; x_wconf 89' lang='lat' dir='ltr'><strong>voluit,</strong></span> <span class='ocrx_word' id='word_1_892' title='bbox 3800 5806 3932 5864; x_wconf 69' lang='lat' dir='ltr'><strong>illos</strong></span> 
     </span>
    </p>
   </div>
   <div class='ocr_carea' id='block_1_118' title="bbox 2328 5894 3930 5976">
    <p class='ocr_par' dir='ltr' id='par_1_118' title="bbox 2328 5894 3930 5976">
     <span class='ocr_line' id='line_1_118' title="bbox 2328 5894 3930 5976; baseline 0.003 -22"><span class='ocrx_word' id='word_1_893' title='bbox 2328 5894 2612 5954; x_wconf 86' lang='lat' dir='ltr'><strong>confestim</strong></span> <span class='ocrx_word' id='word_1_894' title='bbox 2637 5896 2767 5954; x_wconf 87' lang='lat' dir='ltr'><strong>fecit</strong></span> <span class='ocrx_word' id='word_1_895' title='bbox 2792 5896 2970 5957; x_wconf 84' lang='lat' dir='ltr'><strong>redire</strong></span> <span class='ocrx_word' id='word_1_896' title='bbox 3015 5898 3221 5972; x_wconf 87' lang='lat' dir='ltr'><strong>leones,</strong></span> <span class='ocrx_word' id='word_1_897' title='bbox 3256 5915 3580 5975; x_wconf 86' lang='lat' dir='ltr'><strong>mecumque</strong></span> <span class='ocrx_word' id='word_1_898' title='bbox 3605 5901 3832 5976; x_wconf 81' lang='lat' dir='ltr'><strong>ingressi</strong></span> <span class='ocrx_word' id='word_1_899' title='bbox 3868 5900 3930 5959; x_wconf 87' lang='lat' dir='ltr'><strong>in</strong></span> 
     </span>
    </p>
   </div>
  </div>
