4158 6354
261 319 369 380 425

1372 314 1528 372 ἮΤΑ
1569 312 1811 373 SANCTI
1850 310 2131 368 MACARII
2168 309 2447 368 ROMANI.

3447 309 3554 368 426

261 434 406 492 Itane
432 428 766 502 speluncam,
799 427 1018 483 humum
1065 426 1289 499 pedibus
1319 428 1430 485 suis
1469 429 1535 484 ad
1564 429 1721 483 unius
1752 435 1858 483 sta-
1885 428 1936 490 Α
1966 427 2129 482 vitam
2160 442 2334 483 meam
2366 426 2421 481 in
2452 425 2675 481 veritate
2698 425 2959 481 enarravi.
3002 424 3160 498 231
3192 425 3301 483 Vos
3328 443 3479 499 ergo,
3500 431 3551 486 si

260 534 439 584 turam
468 522 702 579 hominis
737 521 1097 593 aggerebant;
1136 536 1238 594 ego
1277 532 1455 578 autem
1497 522 1613 577 haec
1660 521 1861 576 intelli-

259 634 417 695 gens,
448 618 754 675 collotenus
798 618 969 687 ipsam
1014 617 1207 672 intravi
1251 617 1479 681 fossam,
1515 616 1646 687 ipsis
1685 616 1857 686 impe-

258 724 390 771 rans
431 712 676 767 leonibus
698 719 758 765 ut
783 710 835 765 in
859 709 1048 766 eodem
1083 725 1170 765 me
1198 711 1488 779 sepelirent
1514 709 1679 779 Ioco.,
1703 709 1857 777 Quod

262 819 387 860 cum
431 803 632 859 factum
679 802 911 869 fuisset,
938 816 1109 858 annos
1139 810 1249 858 tres
1296 801 1539 872 sepultus
1581 801 1632 855 in
1668 800 1859 855 eadem

263 896 411 953 fossa
451 896 655 966 peregi.
704 894 917 950 Interea
974 894 1177 965 ingenti
1227 894 1404 964 pluvia
1453 892 1858 960 descendente,

263 996 422 1057 rupta
453 994 537 1042 est
564 986 815 1056 spelunca
843 986 1074 1056 desuper
1093 996 1255 1056 caput
1296 1000 1475 1041 meum
1502 986 1594 1041 ubi
1622 985 1852 1052 stabam,

264 1089 324 1136 et
345 1081 518 1135 lucem
546 1080 679 1145 vidi,
712 1089 767 1135 et
808 1080 952 1135 foras
981 1094 1173 1134 manus
1202 1077 1479 1145 emittens,
1515 1078 1708 1134 herbas
1740 1093 1861 1149 quae

263 1172 325 1229 in
355 1172 580 1228 circuitu
626 1187 790 1242 super
834 1182 996 1243 caput
1036 1181 1209 1239 erant,
1252 1171 1501 1243 decerpsi
1534 1180 1589 1227 et
1628 1170 1863 1226 comedi.

265 1263 465 1321 Tribus
504 1265 680 1335 itaque
721 1266 876 1319 annis
921 1263 1174 1331 evolutis,
1226 1263 1517 1320 adfuerunt
1554 1262 1760 1327 leones,
1811 1271 1866 1318 et

265 1356 453 1415 lumen
475 1358 617 1414 circa
649 1373 737 1414 me
766 1356 1029 1425 videntes,
1061 1356 1385 1413 effodiebam
1412 1358 1632 1412 humum
1664 1358 1718 1411 in
1761 1372 1864 1428 qua

263 1467 358 1510 me
378 1438 696 1523 spelierunt,
726 1466 827 1522 ego
848 1451 1067 1522 quidem
1095 1460 1209 1506 toto
1231 1465 1463 1521 corpore
1488 1464 1654 1505 sanus
1681 1463 1864 1519 egres-

267 1560 366 1601 sus
391 1561 555 1612 osum,
587 1545 836 1601 virtutem
879 1546 1162 1615 pristinam
1208 1546 1260 1600 in
1291 1560 1379 1601 me
1405 1543 1664 1601 sentiens.
1715 1545 1868 1599 Tunc

266 1636 582 1708 gloriﬁcans
615 1636 899 1692 Dominum
941 1652 1119 1692 meum
1160 1638 1345 1693 Jesum
1374 1637 1676 1703 Christum,
1725 1636 1866 1692 exivi

265 1730 341 1787 de
376 1731 654 1802 spelunca,
703 1746 1015 1801 ponensque
1052 1747 1226 1803 genua
1270 1748 1389 1788 mea
1422 1733 1475 1786 in
1516 1741 1683 1797 terra,
1732 1747 1868 1803 qua-

1965 536 2173 591 puguas
2207 522 2291 576 vel
2326 519 2547 576 insidias
2579 519 2794 590 maligni
2844 520 3012 575 hostis
3041 521 3269 577 sullerre
3299 522 3551 591 potestis,

1962 615 2321 681 considerate,
2352 623 2406 670 et
2446 614 2533 669 hic
2573 614 2848 669 nobiscum
2895 623 3134 681 manete,
3167 615 3248 670 sin
3289 615 3444 684 alias,
3484 615 3554 673 ad

1964 710 2381 774 monasterium,
2428 708 2495 763 de
2538 721 2646 779 quo
2684 707 2887 779 egressi
2917 708 3075 776 estis,
3116 708 3467 774 revertimini,
3499 718 3555 763 et

1964 804 2221 859 Dominus
2244 804 2314 858 sit
2344 804 2394 858 in
2423 803 2615 858 itinere
2640 812 2839 857 vestro.

2035 898 2163 953 ΟΑΡ.
2188 898 2380 953 XXIII.
2402 926 2473 941 --
2496 896 2605 951 Nos
2633 907 2807 951 autem
2849 911 2967 951 cum
3008 896 3105 952 ista
3137 911 3165 950 a
3217 907 3402 953 sancto
3450 896 3549 953 Dei

1965 990 2322 1057 audissemus,
2353 990 2605 1044 cadentes
2651 989 2703 1043 in
2736 998 2957 1056 terram,
2990 986 3407 1057 gloriﬁcavimus
3449 989 3557 1045 Do-

1969 1084 2195 1153 minum,
2225 1083 2314 1153 qui
2341 1080 2469 1137 facit
2507 1080 2773 1136 mirabilia
2798 1081 2960 1146 solus,
2994 1089 3046 1136 et
3074 1080 3141 1134 ad
3170 1089 3414 1135 sanctum
3439 1096 3559 1137 ser-

1968 1174 2432 1246 vumqne'Cbristi
2489 1173 2655 1228 locuti
2685 1188 2868 1228 sumus
2917 1171 3228 1237 Macarium,
3283 1172 3567 1228 dicentes:

1968 1267 2130 1323 Pater
2157 1266 2465 1321 beatissime
2495 1265 2713 1333 Maeari,
2747 1280 2841 1319 ora
2867 1279 2961 1333 pro
2988 1262 3143 1319 nobis
3162 1264 3231 1318 ad
3254 1263 3561 1332 Dominum,

1969 1368 2029 1414 ut
2058 1359 2125 1414 ad
2166 1368 2407 1414 nostrum
2448 1372 2690 1413 remeare
2722 1358 2986 1427 possimus
3026 1356 3434 1423 monasterium,
3483 1366 3569 1412 at-

1971 1469 2076 1524 que
2101 1453 2564 1509 conversationem
2595 1461 2740 1506 tuam
2767 1459 3005 1505 sanctam
3037 1466 3130 1519 per
3152 1466 3339 1506 omnes
3359 1448 3564 1507 Christi

1972 1546 2242 1601 Ecclesias
2271 1558 2543 1610 enarrare,
2582 1543 2853 1599 credimus
2883 1542 3026 1599 enim
3055 1543 3178 1612 quia
3210 1542 3466 1597 Dominus
3488 1542 3571 1598 id-

1973 1641 2118 1695 circo
2145 1656 2244 1695 nos
2281 1638 2533 1708 perduxit
2560 1638 2625 1691 ad
2659 1647 2731 1691 te.
2761 1636 2911 1692 Tunc
2959 1635 3139 1691 senior
3183 1634 3379 1691 diutius
3409 1650 3570 1705 super

1974 1748 2074 1787 nos
2095 1732 2391 1787 orationem
2421 1728 2572 1795 fudit,
2594 1739 2650 1783 et
2680 1727 2796 1782 lusa
2824 1726 3089 1792 oratione,
3120 1726 3394 1781 benedixit
3415 1734 3572 1797 atque

266 1823 517 1895 draginta
543 1823 657 1880 dies
685 1834 740 1880 et
768 1825 1116 1898 quadraginta
1144 1838 1329 1882 noctes
1358 1827 1412 1881 in
1443 1826 1634 1881 eodem
1668 1826 1859 1880 immo-
1894 1825 1941 1885 B
1966 1826 2239 1883 osculatus
2270 1832 2475 1879 estnos
2501 1836 2711 1889 omnes,
2744 1830 2800 1877 et
2822 1820 3217 1877 commendavit
3240 1819 3481 1888 Christo,
3512 1829 3573 1876 ut

266 1916 396 1971 bilis
426 1919 693 1985 permansi
738 1918 877 1987 loco,
909 1920 1221 1975 collaudans
1250 1929 1306 1977 et
1339 1920 1632 1976 obsecrans
1670 1920 1863 1987 Deum,

267 2018 324 2063 et
350 2008 642 2077 gratiarum
686 2009 925 2066 actiones
964 2010 1220 2076 oll‘erens,
1262 2012 1353 2082 qui
1386 2020 1532 2067 tanta
1562 2012 1869 2067 misericor-

267 2100 483 2156 diarum
515 2117 733 2158 munera
769 2104 924 2159 nobis
952 2105 1323 2174 peccatoribus
1341 2106 1541 2176 jugiter
1564 2114 1803 2175 praestat.

349 2195 481 2250 Car.
513 2194 680 2251 XXII.
716 2225 787 2237 —
839 2197 933 2252 His
996 2213 1123 2269 ergo
1167 2198 1450 2269 completis
1497 2198 1708 2266 diebus,
1758 2213 1870 2254 res-

280 2288 409 2357 pexi
441 2288 495 2342 in
526 2290 862 2358 speluncam,
899 2298 954 2345 et
998 2305 1124 2347 ecce
1164 2302 1391 2362 quatuor
1418 2291 1598 2362 anguli
1629 2291 1869 2360 ejusdem

267 2380 546 2448 Spelunca:
586 2382 789 2438 lumine
842 2384 1047 2439 cmleSti
1102 2385 1552 2454 resplenduerunt
1585 2384 1781 2451 valde;
1818 2390 1873 2441 et

266 2459 384 2527 vidi
437 2474 773 2531 Salvatorem
822 2476 1099 2532 Christum
1139 2476 1194 2532 in
1242 2478 1516 2534 schemate
1558 2477 1683 2545 viri,
1721 2479 1871 2548 quasi

267 2579 491 2622 auream
523 2567 810 2623 habentem
842 2569 894 2623 in
942 2568 1189 2624 manibus
1223 2569 1449 2640 virgam,
1498 2585 1563 2625 ac
1594 2569 1871 2625 dulcisona

268 2674 410 2717 voce
451 2661 750 2718 mirabilem
796 2670 1014 2718 cantum
1072 2674 1486 2735 personantem;
1535 2678 1644 2718 vox
1688 2674 1869 2718 autem

269 2755 418 2811 illius
458 2756 753 2813 vehemens
782 2766 837 2813 et
866 2758 1050 2826 l'ortis,
1084 2747 1236 2829 quasi
1277 2758 1425 2815 mille
1452 2759 1728 2815 hominum
1779 2774 1875 2815 au-

266 2848 542 2905 diebatur.
566 2849 696 2906 Cum
718 2866 846 2907 vero
869 2852 979 2922 jam
1011 2853 1263 2909 melodiae
1291 2854 1530 2909 caelestis
1564 2854 1757 2911 cantici
1786 2869 1875 2910 ex-

271 2942 577 3015 plerentur,
622 2956 845 3016 repente
886 2962 989 3001 vox
1035 2947 1205 3003 tribus
1248 2947 1455 3003 vicibus
1488 2947 1748 3017 insonuit,
1795 2949 1877 3005 di-

271 3050 410 3092 cens
436 3053 450 3092 :
483 3040 675 3105 Amen,
698 3048 755 3095 et
777 3040 831 3096 in
852 3041 1239 3112 sempiternum
1269 3057 1450 3098 amen.
1484 3042 1541 3097 In
1572 3044 1687 3115 ipsa
1716 3044 1881 3114 igitur

273 3126 413 3184 hora
459 3144 706 3200 egressus
755 3148 786 3185 a
831 3132 1085 3203 spelunca
1138 3133 1405 3203 Salvator,
1466 3136 1760 3192 scandebat
1809 3137 1875 3192 ad

1974 1923 2027 1979 in
2060 1938 2190 1993 pace
2228 1923 2493 1991 dirigeret
2534 1922 2676 1975 viam
2710 1930 2973 1987 nostram,
3003 1920 3200 1975 deinde
3231 1921 3451 1976 tradidit
3476 1936 3575 1978 nos

1973 2014 2224 2070 leonibus
2256 2014 2387 2081 illis,
2422 2013 2743 2084 praecipiens
2785 2014 2863 2069 eis
2894 2022 2952 2067 ut
3004 2013 3410 2069 transducerent
3451 2030 3571 2083 nos,

1971 2124 2253 2180 quousque
2279 2108 2398 2163 loca
2445 2106 2792 2162 tenebrarum
2833 2106 3311 2175 pertransiremus,
3345 2106 3430 2161 ubi
3465 2109 3575 2177 pri-

1974 2203 2094 2259 dem
2124 2212 2327 2271 septem
2353 2201 2468 2256 dies
2508 2210 2563 2256 et
2600 2199 2819 2254 totidem
2850 2207 3034 2253 noctes
3064 2200 3117 2252 in
3150 2199 3386 2253 tenebris
3402 2198 3575 2267 jacui-

1974 2310 2113 2351 mus.
2150 2295 2366 2349 Dimissi
2399 2309 2527 2363 ergo
2556 2309 2585 2346 a
2631 2308 2789 2347 servo
2838 2291 3035 2347 Christi
3088 2301 3274 2347 sancto
3317 2293 3572 2362 Macario,

1976 2404 2234 2461 prospere
2263 2388 2328 2442 ad
2357 2386 2597 2443 absidam
2627 2384 2921 2440 Alexandri
2950 2383 3317 2454 pervenimus,
3346 2384 3437 2439 ubi
3458 2384 3567 2440 leo-

1978 2497 2074 2538 nes
2103 2482 2397 2537 salutantes
2429 2495 2549 2545 nos,
2595 2478 2807 2534 concito
2860 2475 3029 2548 gradu
3081 2475 3284 2532 reversi
3333 2486 3456 2533 sunt
3506 2476 3573 2533 ad

1976 2593 2189 2635 servum
2224 2575 2339 2631 Dei.

2049 2672 2179 2726 CAP.
2232 2667 2421 2727 XXlV.
2472 2696 2541 2709 ——
2588 2666 2752 2737 Igitur
2796 2666 3007 2722 favente
3052 2666 3270 2722 Christo
3300 2666 3432 2733 Deo,
3461 2667 3579 2722 sine

1978 2765 2224 2835 angustia
2269 2762 2450 2832 aliqua
2499 2770 2737 2817 nostram
2783 2760 3181 2817 ambulavimus
3208 2760 3374 2828 viam,
3405 2768 3460 2815 et
3497 2759 3580 2816 in-

1980 2867 2256 2917 trocuntes
2311 2866 2512 2912 terram
2570 2856 2888 2922 Persarum,
2932 2855 3177 2912 venimus
3225 2857 3280 2910 in
3330 2870 3578 2925 campum

1982 2952 2309 3021 mirabilem,
2341 2950 2432 3021 qui
2463 2949 2661 3003 dicitur
2684 2948 2865 3015 Assia,
2916 2948 3006 3004 ubi
3034 2959 3253 3004 sanctus
3293 2948 3584 3003 Mercurius

1982 3046 2255 3104 interfecit
2283 3052 2580 3114 apostatam
2609 3040 2907 3107 lulianum,
2943 3052 2999 3095 et
3025 3040 3253 3112 ingressi
3282 3039 3459 3095 denuo
3488 3055 3581 3094 su-

1985 3160 2107 3200 mus
2134 3143 2405 3199 civitatem
2434 3137 2785 3202 Kitissefodo,
2818 3136 2871 3190 in
2903 3152 3005 3205 qua
3051 3136 3201 3205 pueri
3240 3146 3346 3189 tres
3372 3135 3584 3204 requie-

273 3219 504 3288 mtbera,
556 3232 613 3279 et
663 3238 791 3280 ecce
838 3226 1093 3281 continuo
1142 3227 1375 3282 maxima
1417 3228 1557 3297 ignis
1600 3228 1871 3295 columna,

1986 3248 2164 3303 scunt,
2195 3250 2303 3290 non
2348 3234 2505 3301 longe
2534 3246 2565 3285 a
2601 3229 2898 3300 Babylone.
2933 3227 3063 3282 Post
3100 3228 3215 3281 hazc
3254 3226 3453 3296 Tigrim
3482 3226 3585 3281 llu-

276 3316 436 3385 quasi
458 3316 630 3373 nubes
658 3319 854 3387 valida,
890 3320 1106 3374 intravit
1137 3320 1471 3392 speluncam,
1505 3331 1561 3377 et
1592 3320 1732 3377 facta
1757 3335 1882 3379 sunt

277 3411 549 3478 tonitrua,
590 3420 645 3467 et
683 3413 960 3469 immensae
1000 3415 1424 3481 coruscationes,
1459 3424 1513 3471 et
1542 3419 1725 3471 omnia
1755 3417 1881 3472 cceli

276 3504 525 3559 volatilia
567 3508 865 3563 secundum
922 3510 1167 3579 proprias
1216 3510 1394 3564 audivi
1454 3526 1615 3567 voces
1659 3526 1878 3579 canere,

280 3596 560 3654 dicentia:
590 3599 844 3667 Sanctus,
876 3610 1114 3668 sanctus,
1151 3612 1391 3670 sanctus,
1428 3604 1686 3659 Dominus
1717 3605 1880 3661 Deus.

281 3692 398 3764 Ego
429 3693 606 3764 itaque
634 3694 761 3748 dum
794 3694 910 3749 haec
949 3709 1252 3763 cernerem,
1306 3699 1571 3767 simulque
1617 3698 1880 3765 audirem,

282 3795 508 3859 propter
556 3787 777 3842 visionis
814 3788 1234 3858 magnitudinem
1281 3789 1501 3845 territus
1540 3790 1697 3844 valde
1736 3806 1877 3859 sum,

282 3891 343 3937 et
381 3881 437 3935 in
466 3881 668 3936 exstasi
710 3890 916 3954 raptus,
963 3884 1136 3939 cecidi
1174 3883 1228 3938 in
1271 3893 1491 3950 terram,
1538 3893 1596 3939 et
1624 3893 1747 3939 octo
1772 3883 1887 3940 dies

284 3972 416 4031 inde
446 3976 749 4045 permansi,
778 3983 906 4032 tunc
948 3992 1180 4049 namque
1209 3979 1453 4037 intellexi
1482 3979 1605 4049 quia
1635 3979 1888 4035 Salvator

286 4063 477 4120 mundi
512 4062 757 4121 Christus
796 4066 1055 4123 Dominus
1096 4069 1235 4124 hanc
1270 4070 1544 4140 ingressus
1574 4070 1887 4139 speluncam

288 4152 652 4223 benedixerit,
677 4158 927 4230 illamque
953 4162 1387 4219 sanctiﬁcaverit.
1416 4163 1566 4218 Tunc
1592 4178 1693 4234 ego
1716 4164 1887 4219 intro-

287 4265 516 4325 gressus
546 4252 598 4307 in
629 4269 770 4319 eam,
805 4271 901 4325 pro
942 4256 1245 4327 ignorantia
1282 4258 1493 4329 propria
1526 4272 1589 4314 ac
1617 4258 1889 4329 negligen-

289 4346 391 4413 tia,
424 4346 564 4416 coepi
594 4349 928 4416 satisfacere,
967 4352 1277 4408 coilaudans
1319 4361 1374 4408 et
1403 4350 1707 4424 glot-iﬁcans
1733 4353 1891 4409 Chri-

292 4448 438 4492 Stum
461 4438 794 4495 Salvatorem
820 4456 883 4496 ac
907 4442 1325 4515 Rcdentptorem
1350 4456 1618 4513 nostrum,
1652 4456 1706 4501 et
1736 4461 1889 4501 crea-

293 4540 474 4587 torem
506 4534 772 4603 omnium,
823 4536 913 4606 qui
956 4545 1101 4591 tanta
1126 4554 1214 4593 me
1244 4540 1492 4595 sustinuit
1531 4540 1808 4610 patientia,
1838 4549 1893 4595 et

1989 3348 2114 3390 men
2164 3336 2627 3401 pertranseuntes,
2685 3322 3091 3394 quintodecimo
3131 3322 3219 3377 die
3268 3322 3584 3377 intravimus

1989 3426 2307 3491 Jerusalem,
2338 3433 2392 3477 et
2416 3421 2482 3478 ad
2510 3419 2817 3491 sepulcrum
2845 3417 3057 3473 Domini
3086 3418 3254 3472 nostri
3273 3415 3399 3472 Jesu
3428 3416 3585 3471 Chri-

1991 3524 2082 3589 sti,
2115 3537 2212 3592 per
2254 3528 2447 3574 cuncta
2494 3517 2609 3570 loca
2640 3522 2823 3570 sancta
2851 3522 3160 3568 sanctorum
3191 3520 3425 3578 orantes,
3456 3526 3582 3581 gra-

1991 3619 2185 3673 tiarum
2215 3616 2452 3670 actiones
2474 3610 2693 3665 Christo
2715 3608 2980 3663 Salvatori
3007 3608 3247 3662 omnium
3276 3606 3560 3663 libavimnl

1992 3710 2080 3781 qui
2108 3722 2209 3763 nos
2258 3719 2354 3760 sua
2384 3703 2555 3774 gratia
2602 3701 2898 3755 incolumes
2929 3699 3165 3753 servavit
3203 3706 3391 3752 euntes
3422 3708 3476 3752 et
3504 3713 3572 3755 re-

1994 3800 2241 3856 deuntes.
2272 3796 2399 3851 Inde
2426 3794 2584 3864 igitur
2610 3792 2833 3863 egressi,
2863 3789 3038 3846 veloci
3066 3804 3223 3844 cursu
3245 3791 3311 3845 ad
3341 3800 3589 3846 nostrum

1993 3894 2335 3967 pervenimus
2374 3889 2789 3953 monasterium;
2821 3894 2877 3941 et
2920 3894 3161 3941 nostrum
3196 3885 3582 3957 hegumenum,

1994 4000 2051 4047 et
2072 3990 2266 4044 fratres
2294 3996 2508 4042 nosnos
2551 3997 2741 4039 omnes
2770 3981 2824 4037 in
2866 3995 2999 4051 pace
3042 3990 3097 4036 et
3142 3982 3397 4052 sospitate
3438 3996 3593 4051 repeo

1994 4086 2214 4150 rientes,
2251 4098 2344 4154 per
2372 4080 2614 4136 ordinem
2647 4092 2768 4148 qua:
2794 4074 3029 4132 vidimus
3079 4084 3134 4131 et
3162 4076 3461 4131 audivimus
3489 4074 3593 4131 tui-

1996 4176 2209 4243 rabilia,
2268 4184 2320 4229 et
2362 4168 2761 4229 misericordias
2813 4166 3047 4233 Domini,
3106 4165 3200 4222 sed
3230 4177 3282 4222 et
3328 4168 3493 4221 vitam
3538 4174 3595 4222 et

1996 4268 2462 4328 conversationem
2494 4261 2790 4319 beatissimi
2817 4259 3034 4315 Macarii
3065 4258 3173 4313 illis
3198 4259 3588 4313 enarravimus.

1997 4363 2269 4431 Quotquot
2298 4366 2475 4412 autem
2524 4355 2640 4409 haec
2677 4352 2986 4415 audiebant,
3033 4349 3321 4403 laudabant
3349 4359 3402 4404 et
3430 4349 3596 4418 glori-

1998 4453 2250 4518 ﬁcabant,
2281 4458 2337 4505 et
2376 4450 2633 4519 hymnum
2683 4445 2939 4499 dicebant
2991 4442 3099 4495 Deo
3152 4440 3293 4495 Patri
3353 4442 3597 4509 omnipo-

1999 4547 2158 4613 tenti,
2189 4554 2242 4599 et
2272 4542 2408 4598 Filio
2458 4540 2576 4609 ejus
2608 4536 2905 4606 unigenito.
2958 4532 3184 4587 Domino
3233 4547 3296 4588 ac
3331 4532 3599 4589 Salvatori

293 4630 553 4700 Ρθνίίυιίι
588 4630 655 4685 ad
694 4632 1087 4699 Ρωηίιεηιίθιυ,
1120 4646 1172 4688 ει
1212 4648 1399 4689 rursus
1429 4634 1593 4691 talem
1633 4634 1762 4690 mihi
1800 4634 1896 4691 de-
1919 4639 1974 4699 Ι)
2001 4649 2209 4705 nostro,
2240 4650 2337 4692 nec
2365 4650 2470 4690 non
2498 4643 2551 4688 et
2572 4629 2793 4701 Spiritui
2822 4625 3136 4681 viviﬁeatori
3161 4635 3215 4682 et
3246 4626 3596 4682 illuminatori

294 4726 626 4782 monstravit
678 4727 1041 4785 clementiam.
1094 4730 1322 4798 Quando
1375 4738 1554 4786 autem
1612 4729 1731 4785 haec
1782 4740 1900 4786 acta

296 4830 447 4886 sunt,
494 4831 699 4891 septem
738 4820 795 4877 in
835 4824 935 4879 hac
973 4823 1251 4895 spelunca,
1295 4824 1469 4879 aetatis
1511 4838 1643 4879 vero
1671 4823 1901 4894 quadra-

295 4917 447 4985 ginta
475 4930 735 4973 annorum
762 4917 1047 4975 habebam.

378 5009 524 5068 Ecce
564 5027 708 5069 nunc
734 5011 910 5083 vobis,
942 5013 1092 5070 velut
1128 5013 1254 5070 ﬁliis
1293 5012 1645 5078 cbarissimis,
1686 5026 1901 5067 omnem

2006 4735 2306 4789 animarum
2358 4736 2686 4788 nostrarum,
2728 4721 2820 4792 qui
2851 4718 3021 4775 trinus
3063 4719 3113 4774 in
3163 4723 3424 4791 personis,
3463 4734 3595 4774 una-

2007 4840 2114 4897 que
2146 4823 2352 4879 l)citate
2388 4818 2716 4883 nominatur,
2749 4813 2883 4868 vivit
2924 4821 2981 4867 et
3019 4824 3209 4886 regnat
3237 4815 3429 4884 ubique
3459 4813 3602 4866 Deus

2008 4915 2327 4974 benedictus
2355 4922 2409 4969 et
2438 4911 2741 4979 laudabilis,
2785 4926 2926 4967 nunc
2972 4919 3026 4967 et
3072 4923 3308 4979 semper,
3360 4919 3453 4966 oer
3501 4903 3603 4959 illl-

2011 5007 2263 5065 mortalia
2292 5005 2487 5062 saecula
2528 5004 2874 5073 saeculorum,
2901 5005 3089 5059 Amen.

1586 5167 1958 5226 ROSWEYDI
1993 5159 2315 5225 NOTATIO.

383 5290 463 5364 (l)
502 5288 726 5364 Macarii
754 5287 1021 5364 Romana]
1051 5287 1203 5364 Nulla
1244 5286 1403 5364 hujus
1436 5285 1899 5364 mentio‘irt’ltiar-

303 5355 859 5436 tyrol'ogioﬁomano.
891 5355 1249 5431 Men’ologium
1276 5355 1901 5436 C:raagorum,_2?g_0cto-_

302 5427 422 5491 liris
449 5427 513 5488 εἰ
562 5433 766 5490 Eodem
792 5435 882 5489 die
927 5427 1366 5488 commémoratio
1393 5429 1455 5486 S.
1487 5427 1549 5483 P.
1594 5428 1658 5483 N.
1689 5428 1902 5483 Macarii

301 5507 557 5562 Romani.
594 5525 614 5558 ›
650 5506 849 5561 Mensa
895 5503 1011 5559 fuse
1044 5504 1234 5561 eodem
1265 5504 1351 5558 die
1395 5502 1525 5557 Acta
1554 5500 1671 5570 ejus
1717 5500 1898 5569 expri-

299 5588 483 5645 munt,
513 5593 633 5647 qua:
679 5590 801 5632 cum
856 5576 941 5631 his
988 5576 1186 5630 nostris
1235 5576 1399 5645 plane
1444 5571 1791 5647 conveniunt.
1844 5571 1901 5626 In

302 5643 732 5706 lettmis'tamen
764 5648 1122 5718 peregrinatio
1152 5655 1210 5702 et
1240 5643 1498 5702 itinerum
1526 5643 1899 5718 dilticultatcs,

301 5737 441 5791 quas
472 5732 580 5775 tres
609 5716 1014 5791 peregrinantes
1041 5718 1174 5773 Vita:
1199 5719 1355 5791 hujus
1381 5727 1639 5791 auctores
1658 5716 1899 5791 subiere,

303 5787 651 5849 omittuntur.
685 5787 912 5847 unicum
951 5791 1084 5846 Vitre
1114 5790 1280 5858 hujus
1308 5790 1405 5844 Ms.
1433 5788 1706 5855 exemplar
1737 5787 1897 5842 habui

302 5879 374 5923 ex
402 5866 615 5923 abbatia
648 5863 1014 5928 Einhamensi,
1040 5865 1353 5918 charactere
1376 5862 1531 5932 plane
1562 5858 1787 5916 recenti.

626 5958 907 6040 Ρηιωι.
953 5953 1248 6035 LXXIII.

2078 5278 2340 5336 Baronius
2371 5276 2423 5331 in
2447 5273 2829 5346 Martyrologio
2853 5270 3119 5346 Romano,
3148 5264 3215 5320 ad
3243 5264 3383 5321 diem
3413 5264 3600 5346 “Ja-

2006 5351 2202 5419 nuarii,
2225 5348 2499 5405 existimat
2523 5338 2718 5421 de'hoc
2747 5341 2979 5399 Macario
3006 5338 3605 5421 rRomantragere‘Pal.

2009 5410 2234 5489 ladium,
2268 5422 2392 5476 dum
2435 5434 2558 5488 cap.
2607 5417 3021 5489 125_enttmerat
3066 5425 3160 5465 eos
3191 5412 3279 5479 qui
3306 5410 3607 5489 ad__Pit_t_ia-

2008 5512 2135 5552 num
2168 5482 2419 5549 maritum
2464 5482 2641 5559 parva:
2687 5486 2953 5551 Melania),
2982 5498 3102 5559 qua:
3133 5498 3274 5537 nunc
3305 5483 3356 5537 in
3386 5482 3604 5549 Sicilize,

2010 5582 2155 5625 nunc
2183 5568 2234 5621 in
2266 5554 2573 5632 Campaniae
2603 5560 2747 5632 agris
2783 5554 3161 5632 exercebatur,
3206 5564 3557 5632 accesserunt
3588 5570 3605 5609 :

2015 5659 2034 5692 ι
2074 5638 2351 5703 Similiter,
2378 5625 2567 5702 inquit,
2606 5625 2787 5704 eiiatn
2811 5626 3027 5704 quidam
3058 5626 3291 5704 nomine
3340 5625 3608 5704 Macarius

2010 5727 2076 5767 ex
2110 5697 2383 5764 vicariaI»
2438 5697 2695 5756 Baronius
2740 5699 2822 5753 hic
2855 5697 3097 5766 intelligit
3132 5699 3380 5753 vicariam
3411 5697 3606 5765 prmle-

2012 5793 2242 5844 cturam,
2292 5787 2456 5841 recte,
2506 5773 2649 5844 quod
2683 5788 2746 5829 ex
2774 5788 2837 5828 ea
2882 5770 3231 5827 monasticam
3288 5771 3448 5824 vitam
3494 5783 3608 5823 am-

2012 5856 2201 5928 plexus
2231 5851 2319 5906 sit.

3219 5933 3286 5993 1h
