4104 6356
224 575 3514 629 W

562 746 1035 889 VITA
1130 748 1729 893 BEATI
1820 748 2953 901 POSTHUMII
3024 792 3194 935 (ι),

703 1017 1093 1094 PATRIS
1124 1020 1612 1111 QUINQUE
1666 1021 2159 1099 MILLIUM
2196 1024 3022 1119 MONACHORUM,

1468 1204 1817 1268 INCERTO
1873 1206 2268 1270 AUCTORE.

1535 1428 2242 1618 Ξιβιτοῐοριιβ.

304 1688 567 1754 Quoniam
595 1690 867 1748 desiderio
907 1694 1231 1751 desiderasti
1275 1709 1491 1765 semper
1517 1695 1704 1751 audire
1732 1710 1852 1765 qua:
1880 1706 2063 1753 sancta
2092 1707 2254 1767 sunt;
2286 1704 2342 1757 et
2371 1714 2490 1767 nos,
2526 1716 2593 1757 ne
2638 1700 2854 1759 silentio
2884 1698 3125 1775 tempora
3161 1700 3510 1777 peragantur,

188 1856 191 1857 ν
230 1796 429 1838 curare
456 1781 713 1840 debemus
746 1804 760 1844 :
792 1785 993 1841 idcirco
1021 1786 1088 1842 de
1116 1786 1371 1858 operibus
1392 1786 1600 1841 Domini
1632 1796 1814 1842 tacere
1834 1800 1940 1843 non
1965 1803 2273 1859 possumus,
2306 1804 2426 1861 quas
2460 1792 2510 1846 in
2533 1790 2703 1847 servis
2732 1794 2841 1849 suis
2865 1794 3229 1851 indesinenter
3258 1797 3513 1857 ostendit.

223 1876 299 1928 At
326 1874 578 1945 primum,
610 1876 675 1932 de
705 1886 895 1933 sancto
926 1878 1236 1949 Posthumio
1269 1878 1366 1934 Dei
1395 1892 1558 1935 servo
1603 1879 1909 1945 sciendum,
1941 1890 2048 1951 quo
2093 1880 2281 1940 ordine
2309 1899 2430 1939 eum
2465 1882 2721 1941 Dominus
2752 1886 2817 1942 ad
2848 1904 2998 1942 suam
3046 1905 3238 1945 vocare
3266 1890 3517 1962 dignatus

221 1976 311 2023 est
338 1968 585 2037 gratiam,
617 1968 757 2024 sicut
786 1970 1134 2026 referentium
1160 1972 1381 2041 jactavit
1408 1973 1603 2039 oratio,
1635 1973 1729 2043 qni
1757 1971 2129 2029 conversionis
2156 1972 2273 2044 ejus
2304 1972 2545 2030 ordinem
2580 1984 2863 2032 noverunt.
2895 1976 3021 2034 Haec
3054 1988 3247 2035 vestrze
3269 1980 3517 2037 dilectio-

233 2058 291 2114 ni
322 2059 539 2129 scriptis
582 2061 831 2117 iutimare
859 2063 1064 2131 curavi,
1095 2063 1365 2133 quomodo
1395 2076 1490 2134 per
1532 2064 1764 2120 rusticos
1794 2061 2054 2121 Dominus
2095 2060 2443 2121 credentibus
2472 2064 2526 2121 in
2549 2079 2607 2122 se
2648 2067 3010 2125 manifestavit
3069 2072 3218 2141 regni
3263 2073 3347 2127 sui
3405 2088 3522 2144 my‘

228 2154 479 2209 sterium.
1784 2180 1785 2183 η

234 2290 3511 2328 .____.____________________________________

1619 2407 2075 2537 VITA.

297 2599 457 2672 233
471 2596 652 2655 Cum
667 2599 1113 2656 paruum—Erat
1138 2598 1482 2655 Posmumius
1510 2596 1820 2668 Mempbeus
1846 2596 1900 2658 Α
1929 2595 2110 2653 ﬁcavit
2136 2597 2423 2653 Dominum
2450 2597 2629 2655 valde.
2657 2596 2796 2657 Vere
2816 2608 2995 2657 autem
3018 2602 3344 2661 credidimus
3365 2604 3419 2662 in
3450 2616 3518 2665 eo

222 2708 442 2766 genere,
466 2693 680 2763 gentilis
724 2702 900 2760 natus,
933 2692 999 2747 ab
1027 2691 1246 2747 infantia
1292 2692 1571 2757 innocens,
1605 2691 1820 2762 ignarus

224 2780 547 2853 litterarum,
567 2783 702 2839 etab
718 2781 1060 2852 omniperitia
1090 2784 1298 2839 alienus
1327 2782 1725 2854 Egyptiorum,
1751 2781 1819 2837 ab

222 2894 412 2934 eorum
443 2878 721 2950 gentilium
747 2877 990 2933 delubris
1034 2893 1249 2947 semper
1281 2886 1588 2933 extraneus.
1624 2875 1820 2930 Fuerat

225 2970 452 3027 restium
469 2972 731 3042 spatarius
746 2968 845 3041 ('2),
882 2986 1151 3040 nunquam
1171 2986 1229 3026 se
1255 2970 1674 3026 adolescentium
1697 2982 1817 3039 gre-

224 3066 382 3138 gibus
405 3068 762 3134 commiscuit,
790 3081 888 3122 nec
920 3067 1115 3136 publici
1146 3082 1273 3122 usus
1301 3067 1507 3121 labulas
1528 3064 1819 3135 aliquando

224 3161 495 3233 cognovit,
531 3175 623 3231 pes
654 3161 771 3231 ejus
800 3161 864 3216 ad
889 3160 1193 3217 saltandum
1225 3176 1332 3216 non
1381 3169 1464 3216 est
1492 3170 1818 3217 commotus.

227 3262 284 3308 In
313 3256 422 3308 vita
448 3269 545 3309 sua
587 3253 881 3325 nunquam'
915 3254 983 3310 de
1010 3268 1105 3310 ore
1139 3253 1255 3323 ejus
1287 3253 1457 3324 turpis
1488 3268 1664 3307 sermo
1696 3266 1820 3322 pro-

227 3346 414 3410 cessit,
449 3359 620 3415 noque
642 3344 866 3400 avaritia
896 3346 949 3400 in
980 3360 1075 3399 cor
1096 3343 1213 3414 ejus
1239 3343 1525 3413 aliquando
1555 3343 1816 3398 ascendit.

229 3434 308 3493 Ad
334 3436 583 3492 feminam
608 3438 793 3492 oculos
819 3452 967 3505 suos,
1000 3451 1120 3491 cum
1151 3436 1325 3491 adhuc
1349 3445 1491 3491 esset
1515 3435 1567 3489 in
1594 3434 1816 3501 saeculo,

229 3546 336 3586 non
358 3529 585 3595 levavit;
612 3530 950 3585 mendacium
976 3527 1124 3584 omni
1151 3527 1346 3583 virtute
1370 3527 1581 3591 vitavit;
1615 3527 1822 3583 discor-

229 3622 375 3678 diam
409 3620 491 3678 vel
538 3620 716 3676 odium
747 3620 1005 3677 adversas
1060 3622 1363 3691 proximum
1419 3636 1606 3689 suum,
1640 3634 1814 3691 neque

230 3727 415 3772 contra
444 3727 774 3780 extraneum,
825 3725 1087 3783 noverat;
1136 3715 1473 3772 custodiebat
1522 3729 1712 3783 pacem
1764 3716 1818 3770 in

230 3811 408 3866 animo
437 3824 532 3864 suo
560 3825 652 3880 per
679 3824 836 3864 omne
883 3819 1111 3880 tempus.

302 3903 430 3958 Car.
454 3899 518 3957 ll.
551 3900 764 3956 —Cum
784 3917 912 3973 ergo
932 3901 1045 3957 haec
1063 3901 1207 3957 abeo
1221 3911 1556 3971 gererentur,
1574 3910 1629 3955 et
1653 3915 1821 3956 anno-

1929 2689 2206 2759 lmpletum
2236 2689 2366 2744 illud
2413 2691 2691 2760 propheta
2723 2692 3020 2749 Ezechielis
3050 2693 3266 2767 (Επειδὴ.
3302 2697 3407 2773 ut),
3433 2700 3518 2758 vel

1924 2782 2148 2838 Joannis
2191 2784 2418 2851 apostoli
2467 2784 2655 2856 (Apoc.
2693 2785 2781 2857 χ),
2812 2786 2904 2856 qui
2944 2788 3136 2843 librum
3176 2791 3243 2847 de
3267 2793 3514 2849 manibus

1923 2874 2235 2946 angelorum
2288 2877 2651 2948 accipientes,
2728 2878 3079 2935 comederunt
3133 2886 3188 2937 et
3238 2881 3515 2953 adimpleti

1906 2980 2048 3028 sunt
2072 2971 2335 3041 sapientia
2358 2972 2424 3025 ad
2448 2972 2898 3041 prophetandum.

1995 3065 2126 3120 Car.
2159 3061 2247 3118 ΙΙΙ.
2271 3090 2345 3106 --
2366 3064 2497 3119 item
2525 3065 2748 3135 angelus
2767 3066 2979 3120 Domini
3006 3068 3174 3138 tetigit
3199 3068 3339 3123 labia
3366 3069 3517 3124 Post—

1927 3157 2120 3212 liumii.
2173 3156 2242 3210 Et
2268 3156 2492 3227 depulsa
2522 3156 2896 3223 amaritudine,
2950 3158 3125 3230 lingua
3157 3156 3272 3229 ejus
3302 3160 3371 3216 de
3402 3161 3512 3217 Deo

1926 3249 2245 3319 loquebatur
2310 3249 2566 3319 ingentia.
2634 3249 2885 3321 Dixitque
2939 3252 3007 3305 ad
3064 3266 3187 3307 eum
3245 3254 3509 3323 angelus:

1926 3341 2229 3408 Posthumi,
2273 3342 2375 3412 ﬁge
2403 3357 2576 3412 genua
2611 3352 2698 3397 tua
2742 3344 2793 3397 in
2841 3352 3004 3411 terra,
3038 3352 3092 3401 et
3130 3343 3322 3403 faciem
3372 3357 3518 3405 tuam

1926 3441 1994 3495 ad
2024 3440 2320 3504 Orientem,
2355 3449 2409 3495 et
2435 3449 2566 3495 tunc
2594 3440 2810 3494 dabitur
2844 3441 2938 3495 tibi
2966 3456 2996 3496 a
3031 3442 3141 3499 Deo
3166 3445 3513 3515 quemadmo-

1926 3532 2054 3587 dum
2088 3532 2262 3601 possis
2283 3546 2460 3586 orare.
2479 3531 2543 3587 Et
2571 3533 2747 3602 posuit
2768 3522 3111 3591 Posthumius
3136 3550 3311 3607 genua
3337 3552 3434 3592 sua
3458 3534 3513 3593 in

1927 3636 2148 3694 terram,
2174 3626 2362 3681 faciem
2390 3641 2601 3697 quoque
2630 3629 2792 3683 etiam
2825 3628 2893 3683 ad
2922 3628 3197 3686 Orientem
3216 3674 3231 3697 ,
3259 3642 3312 3687 et
3340 3630 3517 3687 infusa

1925 3730 2010 3778 est
2050 3721 2100 3777 ei
2148 3721 2343 3786 oratio,
2377 3730 2430 3775 et
2484 3722 2597 3775 ait:
2630 3721 2950 3778 Benedicam
2995 3732 3067 3790 te,
3117 3720 3344 3781 Domine
3376 3726 3520 3783 Deus

1925 3815 2292 3884 omnipotens,
2325 3828 2422 3868 rex
2451 3815 2709 3880 caelestis,
2734 3815 2824 3885 qui
2845 3816 3213 3886 ignorantibus
3234 3828 3286 3873 te
3312 3834 3512 3875 nomen

1929 3917 2079 3962 tuum
2107 3907 2444 3961 innotescere
2471 3906 2634 3978 235
2663 3907 2818 3974 facis,
2853 3920 2949 3977 per
2971 3908 3254 3965 Dominum
3277 3919 3520 3967 nostrum

232 4010 353 4051 rum
372 4002 514 4050 esset
533 3994 746 4064 triginta
764 4003 992 4064 septem,
1023 3993 1225 4066 placuit
1245 3993 1355 4049 Deo
1377 3996 1585 4064 eripere
1606 4009 1727 4049 eum
1751 3993 1817 4050 de
1850 3975 1899 4035 Β
1924 3998 2108 4055 Jesum
2137 3996 2413 4054 Christum
2443 3975 2638 4053 Filium
2672 3975 3077 4066 tuum,_nomen
3104 4004 3253 4060 tuum
3280 4002 3523 4062 efficiens

231 4089 573 4160 corruptione
604 4099 940 4159 peccatorum
961 4132 975 4156 ,
1015 4098 1072 4147 et
1094 4091 1161 4147 ad
1199 4090 1658 4160 incorruptionem
1686 4091 1812 4146 vita:

231 4193 452 4239 aeternae
480 4198 726 4239 evocare.
760 4182 915 4239 Unde
944 4181 1113 4239 fertur
1162 4185 1411 4239 introisse
1458 4184 1523 4239 ad
1573 4198 1698 4239 eum
1728 4201 1821 4238 an-

232 4277 410 4351 gelum
445 4276 674 4342 Domini,
706 4277 921 4347 quando
944 4276 1058 4347 ipse
1083 4278 1314 4347 plectam
1339 4278 1420 4347 (5)
1445 4277 1512 4333 de
1533 4287 1687 4348 spato
1711 4278 1821 4348 ple-

231 4369 432 4424 ctebat.
466 4368 659 4439 Aitque
707 4369 771 4422 ad
822 4384 946 4425 eum
976 4369 1195 4439 angelus
1227 4388 1239 4422 :
1267 4369 1568 4425 Posthumi.
1620 4372 1689 4425 At
1732 4372 1823 4427 ille

234 4462 513 4531 aitzQuid
564 4462 685 4518 est?
741 4463 803 4517 Et
850 4463 987 4518 dixit
1031 4464 1095 4517 ad
1127 4479 1248 4518 eum
1299 4464 1521 4534 angelus
1570 4465 1820 4520 Domini:

235 4553 373 4623 Quid
407 4565 488 4609 est
517 4555 569 4609 in
599 4569 758 4609 manu
795 4557 924 4609 tua?
957 4557 1047 4611 Ille
1074 4558 1147 4611 ait
1171 4574 1186 4609 :
1213 4556 1375 4613 Funis
1406 4558 1720 4628 plectacius.
1759 4560 1825 4615 Et

235 4646 374 4703 dixit
404 4647 470 4702 ad
495 4663 614 4702 eum
650 4649 872 4718 angelus
905 4646 1117 4703 Domini
1145 4665 1159 4703 :
1186 4650 1354 4705 Deum
1404 4652 1703 4718 excelsum,
1735 4654 1825 4723 qui

233 4738 444 4795 habitat
474 4741 525 4795 in
554 4742 712 4807 cmlo,
746 4742 931 4797 nosti?
977 4741 1325 4799 Postliumius
1368 4744 1500 4798 dixit
1529 4762 1543 4799 :
1578 4746 1824 4809 Domine,

233 4832 421 4890 nescio
463 4832 506 4887 si
540 4842 622 4889 est
655 4834 800 4890 Deus
832 4834 884 4890 in
933 4836 1103 4901 coelo;
1137 4850 1254 4891 sum
1298 4837 1439 4892 enim
1471 4840 1724 4905 rusticus,
1776 4848 1829 4894 et

233 4920 382 4981 nulla
408 4935 493 4982 est
522 4925 652 4980 mihi
673 4927 955 4998 sapientia.
988 4928 1103 4983 Arti
1128 4944 1261 4983 mea:
1290 4929 1523 4985 inservio
1550 4930 1619 4984 ab
1650 4930 1827 4984 infan.

235 5019 307 5073 tia
337 5034 490 5087 mea,
537 5030 592 5075 et
622 5019 753 5074 nihil
785 5019 853 5075 ab
886 5023 1101 5077 urbanis
1149 5023 1451 5078 hominibus
1480 5024 1656 5079 audivi
1685 5027 1826 5096 quod

235 5112 531 5181 discerem,
578 5115 670 5170 sed
720 5123 772 5171 et
815 5116 1084 5186 publicum
1131 5132 1343 5188 semper
1374 5116 1481 5186 fugi
1532 5132 1828 5172 accessum.

237 5200 383 5257 Dixit
415 5202 479 5257 ad
512 5218 633 5258 eum
658 5203 885 5274 angelus
913 5222 927 5259 :
956 5206 1059 5261 Ora
1092 5205 1279 5273 Deum,
1308 5215 1363 5261 et
1391 5207 1606 5261 dabitur
1628 5207 1722 5262 tibi
1745 5222 1831 5263 sa-

236 5295 442 5366 pientia
477 5305 531 5350 et
562 5295 887 5352 intellectus.
941 5296 1282 5353 Posthumius
1326 5296 1499 5353 dixit:
1526 5298 1694 5355 Deum
1726 5316 1830 5353 non

1928 4090 2293 4159 maniiestum,
2326 4099 2387 4146 ut
2408 4092 2661 4162 populum
2686 4094 2781 4149 tibi
2805 4106 3158 4168 congregaret
3182 4112 3243 4153 ex
3272 4098 3523 4156 omnibus

1926 4184 2178 4254 gentibus
2208 4184 2540 4253 adeptivum.
2576 4184 2709 4241 Nam
2739 4187 2927 4243 volens
2967 4188 3171 4245 mundo
3204 4204 3521 4249 succurrere

1931 4276 2115 4333 labore
2146 4277 2434 4344 laboranti,
2484 4289 2705 4350 propter
2753 4283 2967 4351 generis
3013 4283 3232 4339 humani
3262 4285 3518 4354 salutem,

1929 4370 2090 4424 unico
2122 4369 2259 4425 Filio
2291 4388 2396 4426 non
2430 4373 2741 4441 pepercisti.
2773 4372 2878 4428 Per
2897 4388 3019 4429 eum
3048 4382 3176 4445 ergo
3201 4384 3253 4430 te
3275 4377 3524 4442 obsecro,

1932 4472 1986 4518 et
2015 4474 2158 4518 tuam
2189 4465 2636 4531 misericordiam,
2679 4473 2736 4520 ut
2764 4466 2896 4521 mihi
2936 4482 3079 4522 caeco
3107 4482 3291 4522 verum
3342 4470 3524 4524 lumen

1930 4557 1986 4611 in
2017 4558 2251 4612 tenebris
2298 4556 2591 4611 constituto
2633 4558 2905 4612 ostendas.
2954 4559 3033 4612 Tu
3066 4558 3238 4622 enim,
3273 4558 3522 4625 Domine,

1933 4650 2071 4705 nosti
2103 4649 2229 4718 quia
2260 4648 2460 4703 nullum
2487 4649 2726 4702 sciebam
2755 4650 2977 4703 omnino
3008 4662 3336 4713 sermonem,
3362 4659 3417 4707 et
3444 4648 3523 4707 di-

1932 4750 2123 4811 gnatus
2152 4756 2212 4796 es
2240 4741 2442 4795 donare
2472 4742 2611 4808 quod
2643 4741 2895 4809 loquerer
2913 4742 2979 4795 ad
3003 4751 3074 4806 te,
3104 4749 3158 4795 et
3180 4741 3406 4799 docuisti
3428 4760 3514 4798 me

1937 4833 2135 4902 quibus
2183 4842 2237 4887 te
2266 4842 2532 4902 rogarem.
2565 4831 2648 4886 Ex
2701 4845 2787 4886 me
2815 4830 2934 4903 ipso
2962 4846 3261 4904 cognosco,
3297 4834 3524 4889 Domine

1935 4927 2079 4983 Deus
2105 4938 2290 4992 meus,
2333 4926 2458 4996 quia
2487 4940 2613 4981 vere
2654 4925 2783 4981 caeci
2824 4925 3041 4993 vident,
3071 4926 3223 4982 surdi
3264 4925 3519 4991 audiunt,

1934 5028 2206 5073 mutorum
2236 5017 2431 5089 linguae
2458 5018 2763 5085 solvuntur,
2810 5014 2989 5073 claudi
3019 5017 3316 5083 ambulant,
3345 5016 3523 5087 lepro-

1936 5110 1982 5166 si
2036 5108 2389 5174 mundantur,
2446 5124 2713 5180 pauperes
2760 5110 3219 5181 evangelizantur,
3276 5114 3524 5178 peccato-

1936 5216 2025 5256 res
2074 5210 2334 5258 vocantur
2382 5200 2601 5273 (llatth.
2634 5202 2737 5273 ιι).
2766 5201 2897 5268 Quis
2926 5214 3073 5257 eram
3122 5212 3255 5271 ego,
3287 5200 3409 5271 quia
3441 5214 3527 5255 re-

1938 5296 2191 5351 cordatus
2210 5310 2269 5352 es
2298 5297 2438 5352 mei?
2479 5297 2537 5352 ln
2566 5312 2675 5369 quo
2695 5296 2951 5367 praevalet
2980 5295 3120 5366 apud
3159 5302 3213 5349 te
3244 5293 3523 5367 pusillani-

236 5389 364 5446 novi
397 5405 575 5455 orare,
608 5392 790 5445 nescio
819 5391 960 5447 enint
1005 5393 1129 5462 quid
1160 5391 1356 5447 dicam.
1395 5394 1459 5447 Et
1502 5393 1708 5462 accepit
1736 5408 1822 5449 an-

1941 5388 2100 5444 mitas
2128 5403 2268 5454 mea,
2298 5389 2421 5458 quia
2450 5366 2724 5460 requisisti
2774 5388 2897 5444 me?
2923 5386 3102 5453 Quare
3130 5366 3273 5442 nunc
3317 5394 3439 5456 pcto
3464 5398 3524 5443 ut

233 5480 391 5551 gelus
420 5478 603 5535 folium
637 5480 771 5535 lauri
795 5522 809 5547 ,
838 5492 891 5535 et
921 5481 1134 5552 scripsit
1163 5481 1215 5536 in
1243 5495 1308 5536 eo
1339 5482 1502 5536 verba
1530 5481 1791 5538 orationis
1810 5525 1826 5548 ,

234 5581 293 5627 et
323 5572 474 5628 dedit
505 5571 634 5629 illud
666 5568 1004 5641 Posthumio,
1035 5574 1223 5631 dicens
1256 5592 1269 5627 :
1302 5575 1562 5631 lilanduca
1593 5576 1743 5644 illud,
1777 5585 1833 5633 et

235 5666 347 5723 erit
375 5680 616 5721 amarum
647 5666 699 5721 in
743 5680 836 5722 ore
867 5676 960 5721 tuo
987 5667 1123 5721 sicut
1153 5666 1222 5723 fel
1250 5709 1265 5734 ,
1294 5677 1646 5734 ventremque
1681 5677 1828 5723 tuum

234 5758 488 5830 implebit
517 5759 981 5815 obsecrationibus
1013 5760 1311 5829 sapientiae,
1347 5770 1400 5816 et
1426 5758 1575 5815 dabit
1604 5761 1698 5815 tibi
1722 5760 1830 5815 for-

235 5870 387 5909 mam
417 5854 677 5911 orationis
707 5866 762 5910 et
789 5869 933 5910 sanat
977 5852 1255 5909 doctrinm.
1290 5855 1355 5910 Et
1377 5854 1644 5923 accipiens
1676 5854 1827 5909 Post-

233 5946 482 6015 humius,
518 5948 861 6004 manducavit
888 5965 900 6001 :
929 5955 983 6003 et
1011 5947 1208 6003 factum
1236 5957 1318 6003 est
1342 5961 1404 6003 os
1433 5949 1547 6017 ejus
1568 5962 1830 6002 atnarum.

231 6035 418 6097 Porro
447 6050 642 6097 venter
668 6040 787 6114 ejus
816 6040 1095 6097 dulcedine
1126 6040 1371 6111 impletus
1404 6048 1509 6105 est,
1540 6048 1593 6093 et
1626 6039 1831 6107 magni-

1938 5496 1971 5537 α
2006 5481 2258 5537 sordibus
2293 5498 2383 5539 me
2412 5464 2598 5538 abluas
2629 5491 2972 5552 peccatorum
3004 5480 3260 5535 naturalis
3290 5481 3523 5535 miseria:

1939 5591 2097 5640 meas,
2122 5591 2240 5645 quae
2268 5590 2355 5630 me
2383 5575 2542 5645 longe
2570 5584 2817 5644 tempore
2850 5570 3072 5641 pressit;
3107 5571 3353 5629 vivebam
3378 5574 3522 5629 enim

1938 5668 2182 5723 eruditus
2212 5684 2243 5721 a
2272 5667 2584 5737 parentibus
2613 5665 2905 5721 infideliter
2935 5678 3085 5721 more
3103 5666 3378 5737 gentilium
3406 5675 3525 5721 tan-

1939 5775 2099 5830 quam
2131 5759 2311 5814 socius
2336 5759 2724 5828 jumentorum.
2774 5754 2965 5813 Misisti
2997 5766 3052 5813 tu
3098 5757 3229 5813 mihi
3273 5759 3524 5830 angelum

1942 5865 2114 5921 tuum,
2145 5864 2199 5909 et
2227 5852 2533 5921 percussisti
2563 5851 2738 5909 femur
2764 5866 2964 5921 meum,
2998 5855 3361 5924 aperuistique
3393 5854 3522 5908 mihi

1936 5961 2158 6003 saxeum
2191 5952 2397 6014 pectus.
2434 5943 2525 6001 Vae
2557 5950 2749 6002 tacenti
2782 5948 2849 6003 de
2878 5958 2963 6014 te,
2991 5947 3115 6015 quia
3146 5947 3283 6016 ignis
3313 5947 3524 6000 ustione

1936 6036 2234 6093 trucidatur
2267 6038 2319 6091 in
2368 6037 2776 6107 sempiternum.
2829 6039 2970 6095 Ecce
2998 6037 3050 6091 in
3100 6037 3253 6092 brevi
3295 6035 3524 6106 c0guovi

4075 1854 4077 1889 i

4078 1936 4079 1981 i

4079 2016 4081 2071 1

4081 2096 4083 2147 i

4085 2330 4089 2391 .

4089 2418 4091 2487 ἲ

4091 2500 4093 2543 i

4094 2580 4095 2629 i

4095 2660 4099 2783 ‘1

4098 2822 4101 2861 4
