4158 6354
612 437 711 499 431

1658 424 1746 479 DE
1789 418 1967 477 VITIS
2011 412 2300 475 PATRUM
2340 413 2542 470 LIBER
2583 411 2856 473 PRIMUS.

3795 405 3895 464 452

614 558 867 635 quoniam
895 568 1002 611 non
1031 559 1112 608 est
1139 547 1389 621 gaudium
1433 543 1610 614 impiis
1653 539 1793 610 apud
1826 546 1900 603 te,
1933 550 2034 591 nec
2083 546 2209 603 pec-
2236 531 2289 592 Α
2314 532 2448 603 legis
2472 541 2597 601 tuae,
2617 532 2706 603 qui
2728 529 2855 585 mihi
2878 529 2929 584 in
2946 541 3109 584 carne
3128 525 3525 593 dominabatur,
3545 523 3892 590 subvertens;

616 629 890 712 catoribus
916 645 1100 704 laetitia
1131 650 1251 714 post
1277 640 1481 696 obitum
1508 634 1727 697 veniet;
1760 633 1864 687 nisi
1891 629 1956 685 ad
1992 637 2044 683 te
2071 641 2203 681 con-

615 752 909 809 vertentur,
942 737 1070 795 salvi
1113 750 1239 791 esse
1260 748 1365 788 non
1398 738 1641 800 possunt.
1701 726 1769 779 Et
1815 721 2068 793 quoniam
2100 731 2207 773 non

616 845 703 897 est
722 837 895 891 visum
934 832 1027 887 tibi
1067 828 1294 899 perdere
1314 839 1418 889 me,
1454 822 1681 878 Domine
1710 816 2021 885 redemptor
2040 808 2211 866 humi-

617 931 788 990 litatis
816 936 981 991 meae,
1012 920 1237 979 ostende
1259 917 1388 974 mihi
1416 917 1469 970 in
1501 914 1694 970 melius
1718 953 1735 981 ,
1764 919 1821 966 ut
1847 910 1898 964 in
1932 907 2090 978 pleno
2118 917 2196 959 co-

621 1038 879 1099 gnoscam
925 1017 1208 1075 Dominum
1240 1023 1294 1070 et
1341 1012 1669 1068 Salvatorem
1723 1006 1929 1073 Jesum,
1978 1010 2028 1057 et
2057 997 2201 1070 quod

618 1092 727 1175 non
752 1124 834 1173 est
854 1113 988 1169 alius
1019 1112 1223 1180 absque
1249 1118 1301 1163 te
1318 1148 1335 1174 ,
1358 1106 1450 1178 qui
1474 1119 1535 1160 es
1560 1101 1876 1159 benedictus
1902 1097 1954 1151 in
1986 1092 2207 1150 saecula.

620 1211 748 1269 Hac
788 1208 960 1265 oratio
998 1203 1169 1260 sancti
1194 1198 1494 1259 Posthumi‘t
1541 1196 1745 1267 prima,
1775 1206 1871 1262 per
1890 1203 2052 1260 quam
2088 1196 2211 1241 eum

620 1304 920 1361 introduxit
966 1298 1189 1370 angelus
1231 1292 1445 1350 Domini
1497 1289 1565 1345 ad
1594 1288 1737 1343 viam
1766 1284 1890 1339 fidei
1929 1279 2212 1349 requiren-

620 1396 827 1542 dagitp.
860 1484 949 1539 1V.
980 1482 1200 1536 ——Erat
1244 1478 1481 1534 intentus
1508 1489 1577 1530 ex
1622 1472 1725 1527 hoc
1764 1470 1953 1525 beatus
1982 1464 2214 1521 Posthu-

624 1583 787 1649 mius,
818 1579 1033 1651 quando
1058 1578 1127 1633 ad
1170 1591 1292 1633 eum
1323 1573 1541 1645 angelus
1570 1566 1781 1624 Domini
1810 1576 2057 1621 remeare
2086 1572 2215 1630 pos-

622 1684 747 1733 set:
773 1675 940 1729 fretus
968 1687 1032 1728 ex
1066 1670 1169 1725 hoc
1194 1666 1469 1738 sperabat,
1521 1660 1666 1734 quod
1696 1671 1840 1715 esset
1869 1670 1991 1711 eum
2026 1651 2218 1709 Domi—

624 1783 726 1824 nus
751 1780 965 1837 semper
990 1764 1327 1819 visitaturus.
1357 1758 1490 1814 Cum
1518 1764 1695 1811 autem
1724 1751 1876 1823 pauci
1906 1750 2023 1805 dies
2046 1757 2215 1803 trans-

625 1861 815 1926 issent,
864 1872 989 1914 ecce
1044 1852 1387 1910 Posthumius
1414 1850 1565 1920 juxta
1595 1842 2037 1903 consuetudinem
2068 1851 2239 1893 suam,

2309 642 2338 680 a
2366 627 2620 682 sordibus
2643 639 2798 692 aqua,
2829 622 3062 694 Spiritus
3086 620 3253 676 sancti
3283 618 3713 690 regeneratione;
3746 635 3897 675 mun-

2308 720 2468 775 dasti.
2520 719 2778 790 Loquitur
2830 720 2883 773 in
2916 732 3002 772 me
3028 716 3210 771 anima
3243 723 3519 779 renovata,
3571 729 3693 784 qua:
3744 713 3899 782 longo

2312 822 2555 884 tempcre
2578 814 2718 869 inter
2749 826 2879 867 oves
2902 809 3143 881 perditas
3163 808 3380 881 iacebat
3404 807 3634 876 abjecta.
3668 808 3903 879 Accepto

2312 908 2467 977 signo
2499 908 2714 961 laetatus
2743 921 2864 963 sum
2895 905 3049 974 quasi
3080 904 3311 959 nominis
3342 903 3517 974 magni
3544 920 3557 955 :
3581 916 3777 959 census
3804 904 3904 959 im-

2313 1005 2581 1071 peratoris
2611 1000 2692 1070 (5)
2719 998 2875 1054 militi
2897 998 3063 1053 inﬁxo
3083 1005 3366 1067 reparatur
3390 996 3445 1051 iu
3469 994 3718 1067 gratiam.
3741 995 3907 1064 Quasi

2314 1102 2493 1149 mutus
2521 1092 2702 1164 accepi
2752 1105 2962 1148 vocem.
2991 1089 3162 1161 Loqui
3192 1087 3353 1160 cupio
3386 1087 3507 1143 filiis
3532 1088 3662 1159 tuis,
3716 1097 3771 1144 et
3818 1089 3910 1158 by-

2323 1205 2505 1245 mnum
2548 1202 2771 1244 narrare
2817 1187 2871 1241 in
2918 1184 3281 1253 confessione,
3332 1181 3584 1254 quoniam
3631 1181 3911 1238 absolvisti

2320 1286 2589 1356 captivum
2630 1291 2973 1354 migrantem.
3002 1279 3251 1348 Qumsisti
3306 1277 3657 1346 stultum'per
3697 1276 3912 1349 sapien-

2319 1380 2473 1445 tiam,
2504 1378 2666 1434 vitam
2697 1376 2930 1444 donasti,
2976 1383 3222 1445 egentem
3255 1372 3459 1438 ditasti,
3509 1379 3783 1427 mortuum
3828 1383 3913 1426 re-

2319 1471 2611 1536 suscitasti,
2643 1473 2803 1541 longe
2831 1469 3062 1542 positum
3112 1466 3545 1540 appropinquare
3589 1474 3696 1521 tuae
3747 1464 3915 1534 maje-

2320 1566 2443 1620 stati
2475 1563 2676 1623 fecisti.
2721 1564 2953 1619 alienum
2982 1578 3010 1617 a
3039 1563 3450 1618 conversatione
3480 1558 3643 1616 Israel
3662 1599 3677 1626 ,
3708 1557 3917 1616 socium

2321 1667 2628 1714 sanctorum
2660 1666 2871 1712 tuorum
2902 1672 2996 1726 per
3025 1654 3225 1712 Christi
3256 1655 3482 1726 gratiam
3524 1668 3643 1710 esse
3675 1652 3917 1708 voluisti.

2323 1749 2449 1806 Ideo
2476 1749 2737 1805 confiteor
2779 1748 2891 1817 tibi,
2942 1756 2999 1805 et
3042 1748 3303 1819 psalmum
3346 1748 3520 1803 dicam
3568 1747 3773 1802 nomini
3805 1755 3919 1813 tuo,

2325 1861 2446 1902 cum
2476 1860 2565 1902 me
2593 1844 2843 1901 docueris
2888 1844 3161 1910 ordinem;
3193 1842 3414 1913 psallam
3447 1840 3564 1907 tibi,
3614 1851 3669 1896 et
3699 1838 3920 1895 benedi-

628 1951 817 2007 restim
848 1947 1131 2019 torquebat
1153 1960 1217 2001 ex
1247 1944 1434 2013 junco.
1464 1942 1531 1995 Et
1554 1940 1827 2009 ingressus
1856 1934 2079 2005 angelus
2109 1930 2217 1985 Do-
2247 1919 2297 1979 Β
2321 1954 2441 1997 cam
2464 1939 2669 1997 nomini
2698 1947 2787 1993 ιαο
2808 1940 2860 1994 in
2885 1949 2986 1993 me
3001 1954 3165 2004 ηιυω,
3200 1946 3255 1994 et
3277 1955 3326 1992 ιιι
3357 1936 3548 1991 meum
3571 1935 3921 1992 saeculorum,

631 2045 765 2101 mini
813 2043 880 2099 ad
920 2058 1065 2107 eum,
1095 2043 1208 2096 ait:
1234 2038 1372 2103 Ave,
1399 2034 1699 2092 Posthumi.
1734 2030 2033 2097 Statimque
2053 2038 2220 2097 pave-

628 2138 804 2193 factus
849 2135 1086 2191 surrexit
1124 2129 1487 2187 Posthumius.
1528 2127 1597 2182 Et
1639 2126 1713 2182 ait
1737 2124 1815 2179 illi
1844 2116 2221 2192 augelus:Vis

630 2232 821 2289 ducam
854 2238 907 2286 te
935 2229 1002 2284 ad
1045 2228 1219 2282 virum
1249 2224 1583 2281 sacerdotem
1612 2220 1730 2287 Dei,
1759 2217 1850 2288 qui
1902 2225 1955 2272 te
1984 2212 2223 2285 baptizet

624 2324 685 2379 in
715 2323 933 2379 nomine
978 2319 1147 2375 Patris
1175 2326 1231 2374 et
1258 2316 1383 2373 Filii
1433 2324 1487 2371 et
1530 2313 1759 2383 Spiritus
1789 2307 1995 2366 sancti?
2025 2304 2093 2361 Et
2128 2319 2220 2361 rc-

632 2416 847 2484 Spondit
876 2413 1220 2471 Posthumius
1246 2430 1259 2466 :
1289 2409 1517 2465 Domine
1543 2407 1618 2463 mi
1651 2414 1835 2462 sancte
1861 2404 1978 2469 Dei,
2010 2401 2112 2457 hoc
2143 2405 2227 2456 est

632 2509 762 2564 mihi
792 2506 1028 2578 optabile
1053 2504 1457 2576 jucundumque
1482 2499 1665 2569 valde,
1694 2506 1754 2554 ut
1782 2497 1942 2568 plene
1968 2510 2054 2551 me
2080 2495 2225 2550 viam

634 2602 835 2659 doceas
863 2599 982 2666 Dei,
1011 2609 1065 2655 et
1091 2613 1212 2669 quae
1238 2597 1311 2651 sit
1335 2594 1572 2666 perfecta
1598 2592 1745 2649 salus
1776 2604 1997 2661 operum
2032 2601 2226 2658 super-

636 2707 855 2750 norum.
887 2692 955 2747 Et
983 2686 1335 2761 apprehendit
1362 2702 1485 2743 eum
1517 2684 1737 2757 angelus
1760 2680 1974 2738 Domini
2006 2696 2036 2735 a
2063 2678 2228 2735 verti-

638 2785 903 2856 cecapilli
952 2782 1144 2852 capitis
1193 2782 1330 2851 ejus,
1378 2788 1437 2835 et
1480 2779 1631 2834 duxit
1656 2793 1778 2834 eum
1824 2776 1890 2831 ad
1941 2773 2227 2847 quemdam

638 2878 857 2936 nomine
900 2875 1141 2930 Priscum
1187 2870 1306 2945 (4),
1355 2881 1597 2927 sanctum
1628 2872 1799 2926 virum
1851 2878 1906 2925 et
1952 2870 2228 2924 timentem

638 2966 836 3026 Deum.
889 2965 1083 3037 Aitque
1128 2965 1205 3020 illi
1236 2981 1249 3019 :
1282 2964 1432 3019 Hunc
1456 2963 1591 3019 doce
1639 2978 1758 3034 qua:
1784 2962 1854 3017 sit
1886 2961 1967 3016 via
1999 2959 2229 3027 Domini,

640 3061 919 3133 sapientiae
947 3069 1004 3116 et
1032 3058 1367 3124 intellectus,
1414 3069 1468 3113 ct
1496 3056 1704 3127 baptiza
1750 3069 1871 3111 eum
1918 3054 1970 3107 in
2016 3053 2234 3109 nomine

638 3156 815 3213 l‘atris
843 3165 898 3212 et
929 3154 1043 3210 Filii
1077 3162 1133 3210 et
1159 3154 1389 3226 Spiritus
1420 3148 1613 3207 sancti.
1646 3149 1816 3205 Porro
1843 3146 2097 3203 sacerdos
2127 3146 2231 3201 Do-

645 3249 770 3304 mini
804 3247 1047 3313 audiens,
1076 3247 1371 3317 gratulatus
1399 3254 1483 3301 est
1506 3243 1693 3310 valde;
1723 3242 1820 3299 sed
1847 3240 2099 3299 sacerdos
2126 3254 2231 3296 non

2395 2032 2861 2107 Cae.VI.—235
2885 2033 3037 2103 Igitur
3076 2031 3418 2087 'Pnstbumius
3439 2029 3765 2101 baptismum
3780 2042 3922 2083 con-

2325 2138 2562 2194 secutus,
2590 2124 2796 2180 litteras
2828 2122 3133 2187 nesciebat;
3162 2120 3449 2177 sedtamen
3483 2133 3678 2175 nomen
3704 2116 3921 2173 Domini

2329 2219 2455 2276 fidei
2482 2230 2768 2288 augmento
2795 2224 2851 2272 et
2874 2217 3066 2271 robore
3094 2214 3162 2269 de
3211 2212 3299 2268 die
3328 2212 3383 2268 in
3430 2212 3572 2268 diem
3614 2211 3922 2267 crescebat.

2331 2310 2738 2369 Accendebatur
2770 2310 3013 2364 fraternae
3050 2306 3223 2361 studio
3273 2303 3568 2370 cbaritatis,
3604 2302 3929 2357 humilitatis

2326 2405 2548 2462 vinculo
2576 2404 2644 2459 ad
2673 2403 2953 2459 universos
2976 2400 3259 2469 colligatus
3291 2396 3466 2452 fuerat
3496 2394 3715 2452 fratres.
3740 2393 3931 2451 Chari-

2331 2502 2458 2559 tatis
2480 2501 2664 2572 iugum
2694 2498 3047 2554 vehementer
3067 2509 3175 2549 am:
3193 2494 3284 2549 hat
3307 2509 3320 2548 :
3348 2499 3678 2561 cunctosque
3706 2489 3928 2557 fratres,

2332 2597 2418 2668 qui
2441 2595 2688 2661 aderant,
2718 2590 2960 2648 secretim
2990 2592 3229 2660 prmium
3268 2585 3384 2642 loca
3414 2584 3797 2649 inhabitantes,
3828 2581 3933 2637 sol-

2331 2688 2477 2746 licite
2507 2686 2835 2756 requirebat.
2867 2683 3123 2740 Studiose
3177 2678 3412 2750 psalmos
3444 2676 3657 2733 dicebat
3684 2693 3701 2743 ;
3735 2689 3935 2746 corpus

2332 2797 2463 2838 vero
2504 2795 2662 2836 suum
2687 2777 2908 2849 jejuniis
2954 2774 3247 2845 affligebat,
3270 2772 3324 2828 in
3351 2779 3594 2828 oratione
3624 2770 3722 2825 Dei
3749 2770 3937 2840 quoti-

2333 2876 2421 2932 die
2444 2875 2807 2947 pernoctabat.
2845 2874 3096 2941 Agrestcs
3145 2870 3338 2925 edebat
3391 2867 3611 2930 herbas,
3636 2874 3693 2921 et
3726 2879 3927 2933 aquam

2324 2967 2582 3039 frigidam
2627 2966 2861 3022 bibebat.
2892 2963 3085 3020 Cilicio
3136 2978 3331 3019 corpus
3356 2970 3602 3027 opertum
3649 2959 3938 3031 fatigabat,

2337 3076 2433 3132 per
2459 3075 2701 3117 eremum
2730 3072 2976 3115 currens.
3004 3066 3060 3112 ut
3106 3058 3362 3113 miserum
3419 3056 3684 3126 frangeret
3714 3068 3941 3123 corpus,

2339 3168 2588 3211 asserens
2608 3168 2729 3210 esse
2755 3159 3057 3224 peccatum,
3080 3149 3366 3218 aliquando
3395 3148 3463 3204 ab
3484 3162 3646 3218 opere
3673 3148 3720 3203 si
3750 3160 3941 3203 vacas-

2342 3260 2446 3308 set.
2481 3248 2873 3307 V'erbositatem
2926 3247 3193 3303 sermonis
3240 3244 3503 3309 cavebat,
3534 3240 3734 3297 divinis
3787 3240 3946 3297 libris

645 3339 913 3396 intellexit
941 3339 1187 3410 angelum
1236 3337 1331 3393 Dei
1361 3352 1502 3403 esse,
1535 3338 1624 3407 qui
1676 3334 1972 3392 introduxit
2016 3348 2138 3390 eum
2170 3331 2235 3389 ad

2343 3343 2783 3402 accommodabat
2828 3338 3240 3410 aurem,jurare
3263 3336 3481 3393 omnino
3530 3333 3947 3393 detestabatur:

645 3448 728 3490 se.
759 3434 1058 3503 Statimque
1087 3431 1308 3502 angelus
1340 3431 1392 3485 in
1443 3428 1720 3500 splendida
1771 3436 2015 3483 mutatus
2058 3424 2239 3497 effigie

646 3525 862 3583 refulsit
889 3526 944 3579 in
974 3524 1165 3579 faciem
1194 3521 1487 3579 sacerdotis
1514 3522 1567 3576 in
1594 3520 1731 3576 albis
1761 3521 2025 3585 vestibus,
2058 3519 2241 3575 vultu-

651 3635 754 3691 que
783 3620 1003 3674 decoro.
1035 3618 1188 3673 Tunc
1204 3616 1407 3673 Christi
1432 3615 1685 3671 sacerdos
1711 3613 2243 3684 timore'perterritus

653 3711 846 3769 cecidit
887 3719 1261 3766 consternatus
1313 3708 1365 3763 in
1413 3717 1577 3764 terra.
1631 3707 1973 3778 Rursumque
2024 3707 2244 3776 angelus

657 3808 832 3863 erexit
865 3822 1010 3873 eum,
1041 3815 1098 3861 et
1122 3805 1197 3858 ait
1224 3822 1234 3856 :
1261 3802 1339 3859 Ne
1369 3804 1594 3869 timeas;
1626 3815 1919 3858 conservus
1946 3802 2087 3857 enim
2123 3808 2245 3857 tuus

654 3906 712 3954 et
756 3898 993 3953 omnium
1041 3895 1263 3951 fratrum
1307 3904 1519 3951 tuorum
1564 3910 1665 3966 ego
1708 3909 1826 3950 sum
1876 3895 2058 3968 (Apoc.
2083 3892 2243 3964 xm).

656 3992 907 4061 Oportuit
933 3990 1075 4045 enim
1106 3988 1203 4044 tibi
1227 3987 1570 4043 manifestare
1595 3988 1817 4058 gloriam
1849 3986 1943 4042 Dei
1970 3986 2161 4053 nostri,
2187 3994 2248 4041 ut

658 4085 797 4142 scias
817 4098 923 4156 quo
944 4082 1104 4140 modo
1126 4082 1269 4138 hunc
1288 4081 1486 4138 doceas
1506 4079 1727 4137 verbum
1747 4079 1980 4146 Domini,
1997 4080 2247 4135 erudiens

659 4194 783 4234 eum
808 4178 1101 4233 secundum
1125 4176 1479 4233 salvationem
1501 4176 1637 4245 ejus,
1667 4184 1726 4231 ut
1749 4175 1893 4229 vivat
1909 4173 1963 4229 in
1985 4183 2246 4230 aeternum

660 4287 839 4329 coram
874 4270 1120 4326 Domino.
1168 4268 1293 4324 Haec
1319 4269 1526 4334 dicens,
1557 4268 1804 4325 discessit
1830 4269 1898 4323 ab
1927 4269 2028 4324 eis.

732 4363 860 4420 CAP.
895 4363 959 4418 V.
985 4392 1055 4404 -
1076 4362 1291 4418 Priscus
1316 4370 1491 4417 autem
1514 4362 1797 4432 episcopus
1818 4375 2042 4429 accepto
2062 4376 2247 4419 secum

660 4455 996 4522 Posthumio,
1023 4456 1204 4510 docuit
1229 4470 1351 4510 eum
1376 4454 1642 4525 jejunare.
1672 4455 1767 4511 Cui
1803 4470 2015 4511 manum
2074 4456 2250 4525 impo-

665 4565 820 4614 nens,
848 4548 1294 4605 catechumenum
1322 4548 1479 4615 fecit;
1509 4558 1668 4620 atque
1697 4548 1768 4604 ita
1802 4551 2058 4606 velociter
2078 4550 2252 4619 bapti-

666 4645 823 4708 zavit,
856 4643 1057 4699 docens
1089 4658 1211 4697 eum
1254 4641 1555 4713 symbolum
1585 4643 1941 4699 Sacramenti.
1974 4642 2074 4708 Qui
2100 4656 2248 4712 mox,

2341 3440 2602 3498 mundum
2650 3454 2710 3495 se
2732 3439 2787 3494 in
2818 3438 2962 3493 omni
2995 3434 3240 3492 oratione
3272 3448 3363 3490 sua
3418 3431 3755 3496 exihibebat,
3781 3430 3945 3499 plan-

2343 3551 2471 3607 gere
2490 3551 2599 3591 non
2631 3531 2947 3589 desinebat:
2977 3544 3099 3585 nam
3124 3542 3239 3584 cum
3267 3524 3563 3595 frequentia
3586 3532 3873 3594 pateretur
3896 3520 3948 3576 in

2345 3642 2571 3699 corpore
2600 3626 2903 3682 daemonum
2965 3616 3410 3683 tentamenta,ad
3464 3624 3587 3671 nota
3638 3615 3952 3670 orationum

2344 3722 2595 3794 praesidia
2623 3718 2964 3777 convolabat.
2989 3716 3056 3771 Et
3077 3729 3147 3771 ne
3176 3712 3401 3783 amplius
3428 3724 3639 3765 sommo
3664 3706 3954 3775 indulgere

2348 3814 2642 3878 videretur,
2668 3822 2724 3866 ut
2756 3810 3000 3867 mortalia
3027 3808 3267 3864 membra
3292 3803 3522 3873 foveret,
3558 3800 3842 3871 paululum
3868 3813 3954 3853 su-

2350 3926 2444 3981 per
2471 3924 2598 3965 saxa
2643 3904 3035 3979 requiescebat,
3063 3911 3119 3957 ut
3145 3917 3263 3959 cum
3295 3900 3483 3958 duritia
3533 3894 3716 3953 lectuli
3740 3892 3955 3949 dolori-

2352 4005 2456 4060 bus
2489 4012 2675 4071 ageret.
2699 4014 2917 4069 corpus,
2949 3997 3127 4053 statim
3156 3997 3223 4050 ad
3269 3993 3364 4049 Dei
3394 4008 3425 4049 σε
3445 3997 3747 4060 insurgeret
3785 4000 3951 4055 Opus.

2348 4092 2549 4150 Panem
2603 4093 2763 4148 ctiam
2817 4104 2970 4147 suum
3002 4087 3071 4144 ad
3124 4099 3432 4144 mensuram
3488 4079 3842 4152 accipiebat,
3900 4089 3958 4132 et

2352 4202 2544 4258 aquam
2576 4186 2641 4242 ad
2662 4198 2966 4241 mensuram
2995 4182 3230 4239 bibebat.
3256 4178 3535 4248 Nunquam
3569 4176 3731 4247 pleno
3754 4182 3953 4227 ventre

2352 4294 2571 4335 amensa
2596 4278 2839 4343 recessit,
2882 4291 2981 4333 nec
3032 4276 3173 4331 sitim
3228 4287 3378 4328 suam
3432 4283 3661 4341 unquam
3710 4264 3955 4333 satiavit,

2353 4374 2561 4440 dicens,
2592 4371 2708 4427 Non
2747 4384 2868 4426 esse
2915 4369 3133 4439 dignum
3188 4367 3234 4422 si
3283 4370 3458 4422 carnis
3506 4364 3752 4418 voluntas
3807 4363 3961 4415 esset

2357 4469 2601 4537 impleta.
2655 4464 3026 4521 Obedientiam
3086 4477 3217 4518 vero
3288 4468 3345 4517 et
3410 4458 3566 4524 fecit,
3618 4463 3672 4512 et
3741 4453 3957 4519 docuit,

2358 4562 2614 4632 patientia
2683 4574 2813 4615 vero
2878 4558 3142 4630 superbos
3211 4565 3266 4613 et
3332 4552 3619 4611 iracundos
3706 4550 3963 4606 homines

2358 4654 2634 4712 humiliter
2694 4653 2979 4725 mitigavit.
3027 4651 3136 4708 Sed
3213 4650 3426 4721 quando
3486 4647 3712 4703 Satanas
3759 4658 3960 4715 sugge-

664 4746 723 4790 υι
753 4735 1057 4805 baptizatus
1084 4744 1186 4803 est,
1222 4736 1476 4805 impletus
1499 4744 1581 4792 est
1609 4734 1813 4807 Spiritu
1844 4745 2052 4806 sancto,
2082 4742 2137 4791 et
2279 4708 2335 4769 Β
2360 4747 2622 4806 suonibus
2665 4708 2778 4802 silis
2806 4708 3057 4817 ἔυρῖειηι
3086 4708 3417 4814 ριιορὸεἱιυιῃ
3449 4740 3617 4808 ipsius
3668 4708 3964 4805 impegit,

664 4828 743 4886 xit
776 4829 912 4882 banc
960 4827 1257 4882 orationem
1288 4828 1545 4883 :Gratias
1586 4828 1678 4882 tibi
1714 4843 1845 4899 ago,
1880 4828 2102 4884 Domine
2126 4827 2254 4884 Jesu

665 4920 900 4988 Christe,
950 4919 1039 4989 qui
1073 4935 1166 4987 per
1197 4919 1454 4989 Spiritum
1504 4930 1746 4976 sanctum
1795 4923 2143 4979 reconciliare
2169 4936 2257 4978 me

667 5014 915 5085 dignatus
939 5026 1000 5068 es
1032 5011 1140 5068 Deo
1170 5010 1335 5079 Patri,
1368 5023 1418 5067 et
1446 5012 1721 5069 redemisti
1754 5029 1840 5069 me
1880 5030 1910 5069 a
1941 5027 2116 5071 morte
2143 5022 2199 5070 et
2224 5030 2254 5069 a

666 5122 826 5179 paena
854 5116 1051 5163 aeterna
1082 5123 1096 5159 :
1124 5120 1280 5177 quam
1313 5121 1417 5161 non
1439 5107 1720 5164 credentes
1751 5109 1802 5163 in
1832 5120 1883 5165 te
1912 5125 2254 5182 consequun-

670 5212 780 5269 tur,
815 5209 1161 5271 peccatorum
1192 5214 1409 5254 suorum
1442 5200 1770 5270 ponderibus
1799 5204 2092 5274 aggravati.
2122 5204 2261 5259 Sunt

671 5301 849 5347 autem
875 5300 1095 5361 peccata
1118 5290 1337 5361 plumbo
1357 5290 1625 5363 graviora,
1649 5293 1842 5363 quibus
1871 5308 1973 5365 ego
1994 5296 2147 5349 laetor
2165 5309 2262 5350 ex-

672 5392 897 5451 tractus,
924 5393 977 5439 et
1001 5383 1070 5439 de
1090 5382 1342 5453 omnibus
1374 5383 1740 5461 iniquitatibus
1768 5392 1823 5440 et
1852 5387 2261 5446 necessitatibus

673 5475 950 5540 liberatus,
964 5477 1170 5532 exulto.
1192 5476 1330 5532 Vere
1342 5478 1483 5533 enim
1500 5492 1851 5548 personarum
1867 5481 2107 5551 acceptio
2120 5482 2261 5552 apud

676 5569 841 5621 Deum
858 5581 961 5621 non
999 5577 1082 5622 est
1135 5567 1358 5639 (Act.x),
1412 5568 1507 5625 sed
1549 5570 1916 5626 misericordia
1962 5571 2258 5644 multiplex.

672 5658 952 5726 Quomodo
975 5659 1133 5730 igitur
1154 5661 1401 5732 indignus
1416 5677 1516 5733 ego
1533 5662 1598 5717 ad
1615 5664 1768 5719 sedes
1785 5664 2098 5721 accederem
2121 5681 2266 5723 crea-

674 5760 809 5805 tura:
832 5759 970 5818 tuae,
1005 5752 1105 5806 nisi
1130 5760 1183 5806 tu
1216 5768 1301 5809 me
1318 5754 1525 5810 caelesti
1550 5753 1717 5825 digito
1748 5764 2029 5827 tangeres,
2064 5759 2261 5815 Renum

673 5845 816 5901 male
838 5844 1066 5911 aridum,
1097 5846 1238 5914 quod
1262 5846 1315 5900 in
1345 5848 1587 5918 corporis
1612 5849 1833 5905 materia
1861 5849 2105 5908 habitare
2130 5867 2263 5921 prae-

674 5939 932 6013 ceperas?
954 5938 1219 5996 velociter
1242 5940 1371 5995 mihi
1395 5941 1611 5997 voluisti
1633 5943 1953 6011 subvenire,
1988 5946 2259 6003 inimicum

2360 4842 2550 4899 oculos
2589 4841 2642 4897 in
2685 4841 2881 4897 ctelum
2913 4839 3148 4905 levabat,
3182 4846 3237 4892 ct
3260 4845 3438 4894 statim
3472 4844 3714 4889 sanctum
3766 4830 3967 4886 adesse

2362 4934 2461 4990 sibi
2490 4931 2755 4989 sentiebat
2790 4930 3071 4986 auxilium.
3096 4926 3245 4983 Talis
3275 4926 3394 4997 ejus
3422 4924 3534 4979 vita
3580 4936 3751 4992 usque
3780 4920 3854 4973 ad
3882 4933 3968 4973 se-

2362 5036 2572 5085 nectam
2605 5025 2723 5095 fuit,
2747 5023 2922 5095 qualis
2944 5022 3012 5078 ab
3038 5021 3190 5077 initio
3219 5018 3334 5085 fuit,
3352 5032 3475 5074 cum
3508 5016 3620 5069 haec
3641 5019 3970 5083 gererentur

2364 5119 2418 5174 in
2466 5132 2553 5188 eo,
2585 5126 2645 5173 ut
2671 5116 2893 5172 omnino
2921 5128 3088 5185 usque
3115 5111 3184 5168 ad
3213 5119 3537 5173 extremum,
3566 5118 3721 5161 suum
3775 5101 3963 5172 despi-

2365 5217 2513 5265 ceret
2541 5222 2756 5278 corpus.

2438 5301 2509 5356 Et
2537 5301 2581 5357 si
2608 5300 2825 5370 quando
2880 5294 3165 5353 infirmitas
3193 5291 3425 5349 febrium
3454 5299 3544 5345 aut
3573 5285 3837 5345 stomachi
3874 5283 3974 5339 do-

2367 5394 2513 5450 lores
2542 5392 2691 5465 gravi
2725 5398 2998 5448 tormento
3027 5403 3148 5445 eum
3196 5384 3499 5450 afficerent,
3535 5398 3639 5439 non
3688 5377 3841 5436 dedit
3892 5379 3976 5433 in-

2365 5484 2694 5557 dulgentiam
2740 5487 2929 5539 morbo
2965 5477 3318 5544 infirmitatis,
3348 5490 3450 5533 nec
3479 5476 3673 5532 calidis
3713 5487 3843 5527 usus
3890 5478 3978 5525 est

2368 5580 2551 5647 rebus,
2586 5592 2686 5633 nec
2712 5574 2920 5646 ieiunia
2940 5573 3249 5636 minoravit,
3292 5569 3566 5625 assumens
3590 5564 3731 5636 quod
3760 5564 3803 5618 si
3837 5577 3978 5617 cor-

2370 5671 2487 5742 pori
2516 5670 2693 5726 calido
2740 5669 2864 5724 cibo
2894 5668 3288 5729 consuleretur.
3323 5679 3354 5719 a
3399 5662 3630 5719 Domino
3661 5653 3978 5723 redemptio

2369 5766 2563 5821 animat
2596 5778 2701 5819 non
2729 5764 2972 5818 daretur.
3012 5760 3147 5816 Nam
3176 5762 3219 5814 si
3250 5756 3539 5829 aliquando
3565 5750 3810 5811 valetudo
3834 5763 3980 5819 gra-

2370 5856 2450 5913 vis
2471 5856 2665 5913 debitia
2697 5870 2871 5927 genua
2895 5854 3163 5927 fatigaret,
3188 5854 3258 5907 ita
3282 5859 3340 5906 ut
3380 5849 3449 5905 ad
3478 5848 3694 5919 vigilias
3734 5839 3984 5899 Posthu-

2368 5947 2512 6006 mius
2534 5961 2828 6019 exsurgere
2850 5961 2960 6004 non
2980 5945 3203 6010 valeret,
3237 5940 3446 6001 orando
3476 5948 3532 5999 et
3579 5932 3861 5995 osallcndo
3917 5929 3985 5991 in
