4158 6354
284 357 394 414 455

759 352 922 409 γιΤΑ
963 351 1167 408 BEATI
1207 349 1595 418 POSTHUMII,
1638 348 1884 406 PATRIS
1924 349 2238 420 QUINQUE
2275 343 2561 403 MlLLlUM
2597 344 3097 403 MONACHORUM.

3465 343 3572 401 454

283 483 462 531 stratu
491 487 590 528 suo
612 485 720 527 non
738 466 1107 524 desiuebaLSi
1131 467 1303 537 lingua
1327 481 1435 536 prae
1458 465 1546 521 siti
1562 464 1874 529 siccaretur,
1909 471 1957 527 Α
1990 463 2128 517 Nihil
2156 479 2220 518 ex
2265 462 2367 517 hoc
2415 462 2757 518 Posthumius
2800 464 3011 518 locutus
3057 470 3140 518 est
3169 461 3400 518 Macario
3427 479 3442 529 ;
3477 464 3574 520 sed

287 566 468 624 cordis
495 563 681 619 intima
708 560 1013 630 rugiebant,
1040 574 1108 612 ne
1154 559 1370 614 silentio
1400 557 1516 626 ejus
1564 553 1736 610 hostis
1765 555 1879 607 ani-

288 673 394 716 mae
422 654 669 712 diabolus
720 653 1011 715 laetaretur,
1047 659 1137 705 aut
1163 650 1217 704 in
1249 664 1413 718 opere
1437 648 1531 703 Dei
1555 648 1636 702 vir
1661 656 1879 700 sanctus

289 753 567 822 negligens
593 746 949 802 inveniretur.
983 743 1090 799 Sed
1132 758 1254 798 cum
1309 743 1364 796 in
1414 751 1520 795 tam
1569 736 1881 794 districtiori

291 847 397 903 vita
425 842 778 900 Posthumius
807 847 1171 910 permaneret,
1207 837 1273 892 ad
1305 836 1692 906 baptizatorem
1723 846 1880 887 suum

292 940 558 1013 perrexit,
588 944 642 992 et
663 935 731 989 ab
759 949 826 990 eo
848 932 1361 988 commendatoriam
1390 929 1688 984 orationem
1716 940 1884 997 popo-

295 1035 424 1100 scit,
451 1041 508 1088 et
528 1031 645 1086 sine
668 1021 850 1097 aliquo
871 1027 1013 1080 victu
1041 1025 1206 1080 eremi
1229 1023 1418 1094 petivit
1445 1035 1672 1084 arcana;
1707 1017 1884 1086 ibique

293 1127 465 1184 multo
496 1136 739 1193 tempore
760 1120 1091 1182 demoratus,
1122 1119 1427 1171 innumeras
1467 1112 1768 1168 daemonum
1798 1109 1883 1164 in-

293 1220 461 1275 sidias
492 1214 732 1286 pertulit.
767 1213 874 1267 Sed
907 1210 1186 1274 Dominus,
1212 1207 1305 1278 qui
1334 1207 1402 1262 de
1433 1204 1634 1260 mundo
1658 1215 1886 1258 venera-

295 1311 457 1366 bilem
489 1314 829 1363 converterat
857 1303 1052 1368 virum,
1080 1300 1318 1370 quotidie
1367 1314 1461 1354 cur
1501 1298 1618 1368 ejus
1644 1295 1887 1351 armabat

297 1405 368 1459 ad
405 1400 746 1458 sustinendas
769 1398 1033 1454 versutias
1062 1396 1386 1450 dtemonum.

369 1515 502 1570 CAP.
533 1513 641 1569 Vll.
673 1542 742 1554 —-
762 1511 894 1567 Nota
946 1510 1107 1581 igitur
1135 1509 1272 1562 facta
1317 1516 1397 1562 est
1416 1513 1601 1560 sancto
1631 1501 1886 1569 Macario,

295 1611 506 1668 scilicet
537 1605 681 1662 beati
707 1603 927 1660 Antonii
955 1601 1241 1671 discipulo,
1275 1596 1613 1654 conversatio
1646 1593 1888 1649 Postbu-

300 1704 419 1769 mii,
450 1711 504 1757 et
527 1698 741 1755 celebre
769 1697 886 1756 eius
915 1677 1114 1749 factum
1147 1701 1230 1747 est
1259 1689 1776 1756 nmnen,visumque
1806 1694 1888 1741 est

296 1799 379 1855 illi
409 1798 475 1852 ad
509 1800 646 1851 hunc
676 1794 826 1847 abire
875 1792 928 1845 in
956 1803 1223 1845 eremum.
1256 1785 1389 1841 Nam
1431 1786 1570 1840 idem
1625 1780 1888 1836 Macarius

1984 553 2110 609 dum
2140 553 2256 624 ejus
2283 555 2442 609 verba
2488 569 2670 610 secum
2711 554 2767 608 in
2816 555 2994 611 animo
3022 555 3281 620 volveret,
3309 555 3576 610 Macarius

1985 646 2163 702 emisit
2189 646 2469 716 spiritum;
2516 648 2804 716 statimque
2846 647 3168 717 populorum
3202 648 3386 716 ingens
3425 647 3577 702 turba

1986 741 2189 796 intente
2215 741 2281 795 ad
2313 740 2472 794 funus
2509 749 2753 794 currunt.
2787 739 2867 794 lbi
2901 738 3573 810 psallentiummultitudo,

1985 831 2214 887 diversis
2245 831 2565 902 hymnorum
2613 832 2854 896 vocibus,
2886 831 3041 901 quasi
3071 845 3178 884 uno
3230 845 3325 884 ore
3385 829 3571 885 laudes

1989 925 2097 980 Deo
2126 925 2420 990 canebant,
2443 924 2615 980 donec
2654 941 2850 994 corpus
2881 926 2948 979 ad
2999 924 3312 993 sepulcrum
3347 922 3579 976 deduce-

1987 1026 2135 1072 retur
2163 1016 2527 1071 humandum:
2555 1031 2713 1071 nemo
2742 1025 2922 1070 tamen
2967 1015 3316 1069 vehementer
3343 1012 3580 1080 dolebat,

1987 1123 2052 1165 eo
2082 1112 2221 1179 quod
2250 1116 2468 1165 sanctus
2492 1111 2753 1164 Macarius
2777 1119 2882 1163 tam
2914 1107 3169 1163 velociter
3197 1104 3581 1161 monasterium

1987 1202 2608 1274 relinqueret,quoniam
2667 1204 2920 1257 Dominus
2979 1202 3209 1256 similem
3270 1201 3318 1254 ei
3355 1199 3582 1255 Posthu-

1991 1297 2156 1354 mium
2178 1297 2327 1367 gregi
2355 1312 2452 1353 suo
2485 1299 2795 1366 magistrum
2826 1295 3150 1366 providerat.

2058 1389 2606 1445 Car.Vlll.—Tribus
2625 1404 2752 1458 ergo
2779 1389 2966 1444 diebus
3000 1397 3119 1458 post
3148 1386 3323 1440 sancti
3364 1383 3585 1438 Macarii

1991 1482 2269 1538 decessum
2316 1481 2503 1538 orabat
2554 1480 2917 1550 Posthumius,
2944 1489 3002 1534 ut
3054 1479 3321 1548 acciperet
3349 1476 3416 1530 de
3441 1475 3582 1530 ccelo

1987 1571 2192 1630 fontem
2224 1573 2482 1628 doctrinae
2502 1588 2597 1642 per
2623 1572 2808 1628 Jesum
2831 1573 2887 1626 in
2915 1571 3118 1641 Spiritu
3149 1579 3353 1634 sancto,
3379 1577 3436 1622 ut
3461 1583 3586 1636 pos-

1989 1675 2071 1720 set
2097 1674 2297 1720 tantam
2329 1665 2647 1735 populorum
2691 1664 2934 1719 militiam
2981 1664 3175 1719 docere
3221 1660 3585 1732 prudentiam.

1991 1757 2176 1814 Tertio
2200 1759 2361 1829 igitur
2383 1757 2470 1812 die
2491 1757 2636 1812 venit
2657 1759 2723 1812 ad
2751 1772 2871 1813 eum
2902 1757 3198 1812 secundum
3229 1752 3584 1808 consuetudi-

296 1889 376 1945 ab
400 1889 589 1944 illustri
617 1887 734 1941 viro
778 1883 1011 1939 Antonio
1041 1879 1429 1936 monachorum
1483 1877 1596 1932 fere
1626 1875 1888 1945 quinqua-
1918 1872 1968 1932 B
1996 1867 2136 1918 “em,
2167 1854 2254 1920 qui
2285 1866 2407 1907 eum
2438 1860 2778 1907 θοηνθηθΐδῑ
2799 1852 3041 1921 ³ηὲθὶυεν
3069 1859 3123 1904 et
3153 1851 3361 1904 Ῑοουιυε
3386 1859 3469 1902 θεῖ
3515 1846 3587 1902 ad

297 1983 452 2054 ginta
483 1978 643 2034 millia
693 1983 1004 2046 susceperat
1049 1970 1419 2044 gubernanda.
1450 1968 1706 2039 Ejusdem
1731 1965 1892 2035 igitur

303 2072 526 2130 Macarii
572 2071 745 2125 exitus
773 2069 839 2123 de
886 2067 1085 2122 saeculo
1119 2061 1606 2134 appropinquabat,
1631 2067 1685 2112 et
1707 2054 1890 2111 Domi-

302 2169 429 2225 nico
449 2167 619 2237 gregi,
639 2165 759 2235 quis
784 2171 901 2232 post
918 2161 1032 2230 ejus
1058 2173 1338 2215 excessum
1363 2152 1654 2224 magisterii
1679 2149 1895 2205 nomine

302 2263 708 2331 subrogaretur,
745 2256 1138 2324 iuquirebatur.
1172 2251 1401 2307 Sanctus
1430 2248 1609 2317 itaque
1633 2244 1896 2299 Macarius

304 2374 428 2414 cum
471 2357 540 2410 ad
569 2362 812 2409 sanctum
845 2350 1080 2404 venisset
1113 2343 1502 2406 Posthumium,
1531 2338 1745 2407 excepit
1773 2351 1894 2390 eum

306 2451 560 2516 libenter,
594 2447 858 2518 prrccipue
891 2441 1043 2511 cujus
1064 2440 1174 2510 jam
1217 2437 1285 2492 ab
1335 2433 1525 2504 angelo
1558 2431 1753 2485 famam
1808 2443 1892 2481 au-

310 2547 504 2602 dierat.
530 2542 648 2597 Non
677 2555 804 2610 ergo
862 2536 950 2592 ille
999 2544 1059 2589 ut
1103 2535 1332 2603 hospes,
1362 2529 1457 2584 sed
1482 2528 1598 2596 ejus
1630 2523 1901 2580 subtiliter

311 2638 599 2708 explorare
620 2633 958 2704 propositum
989 2634 1232 2683 venerat.
1262 2623 1430 2679 Porro
1454 2616 1667 2674 Macarii
1703 2628 1893 2685 aspec-

312 2733 478 2796 tibus,
503 2727 801 2785 Posthumii
824 2721 1146 2793 complacuit
1176 2713 1536 2779 conversatio,
1558 2720 1751 2767 eteum
1774 2721 1900 2763 sua-

312 2828 444 2884 dere
471 2825 654 2896 cmpit,
687 2833 745 2878 ut
774 2820 944 2875 sancti
981 2815 1200 2875 Antonii
1228 2811 1676 2868 anachoretarum
1707 2803 1904 2874 princi-

314 2923 398 2993 pis
420 2935 528 2975 non
569 2925 888 2989 gravaretur
913 2913 1130 2969 visitare
1169 2908 1443 2978 reliquias.
1479 2903 1585 2960 Sed
1612 2915 1732 2957 cum
1758 2897 1905 2955 omni

312 3017 515 3072 virtute
545 3012 885 3077 reniteretur,
909 3019 961 3063 et
979 3007 1127 3063 abire
1149 3003 1357 3072 penitus
1377 2999 1656 3062 noluisset,
1680 2996 1735 3050 in
1761 3009 1908 3048 som-

316 3110 402 3166 nis
461 3106 807 3164 Postbumius
855 3102 971 3158 sine
1022 3100 1200 3169 aliquo
1229 3094 1572 3151 cunctamine
1602 3091 1680 3144 ire
1705 3088 1905 3156 jussus,

315 3203 513 3259 divina:
568 3197 938 3255 contradicere
994 3208 1102 3248 non
1148 3199 1360 3262 poterat
1408 3182 1908 3256 majestati.ltaque

320 3312 444 3351 cum
476 3293 707 3348 Macario
736 3288 1043 3360 aggreditur
1072 3287 1204 3349 iter,
1241 3279 1638 3337 multitudinem
1688 3289 1914 3343 congre-

317 3387 552 3459 gationis
577 3383 990 3447 monachorum,
1015 3393 1136 3449 quae
1157 3392 1186 3431 a
1214 3375 1332 3431 solo
1354 3371 1751 3444 gubernabatur
1805 3367 1912 3421 Ma-

319 3481 487 3544 cario,
522 3480 816 3547 ingressus,
839 3471 906 3528 de
933 3487 1039 3542 quo
1068 3485 1210 3539 saepe
1232 3466 1310 3539 (6)
1338 3465 1575 3520 diximus
1602 3475 1797 3530 corpus
1821 3474 1911 3514 se-

321 3573 520 3646 pelisse
545 3569 804 3641 magistri,
829 3582 952 3623 cum
984 3564 1203 3635 spiritus
1232 3560 1348 3625 eius
1378 3569 1598 3614 vocatus
1623 3567 1783 3612 estex
1813 3569 1914 3610 sae-

320 3665 443 3722 culo

396 3757 639 3824 Quicum
672 3768 730 3808 se
760 3753 812 3807 in
841 3760 1084 3806 extremo
1115 3749 1237 3802 vitae
1269 3745 1427 3800 istius
1467 3741 1776 3811 temporalis
1831 3755 1915 3794 as-

325 3851 553 3924 piceret,
586 3849 844 3903 advocato
865 3844 930 3898 ad
964 3858 1022 3897 se
1051 3853 1235 3896 sancto
1267 3836 1600 3899 Posthumio,
1634 3835 1704 3888 ita
1756 3848 1912 3912 διχοτ-

323 3957 419 4000 sus
440 3951 523 3997 est
551 3941 600 3995 ei
631 3957 646 3997 :
677 3939 755 3993 En
787 3937 974 4002 frater,
1008 3944 1216 4002 tempus
1259 3929 1600 3986 resolutionis
1655 3942 1787 3981 mea:
1836 3927 1919 3981 in-

326 4046 467 4099 stat;
502 4041 826 4104 qnapropter
854 4027 1074 4083 audiens
1102 4028 1300 4080 bonum
1333 4020 1698 4077 testimonium
1745 4021 1812 4073 de
1843 4028 1912 4083 te,

325 4128 488 4183 ﬁnem
519 4124 808 4181 senectutis
855 4136 987 4176 meae
1017 4118 1304 4173 debilitatis
1343 4115 1596 4186 supposui
1648 4112 1921 4182 gressibus

324 4220 396 4274 ad
452 4215 859 4287 pertingendum
905 4226 1070 4279 usque
1101 4210 1167 4264 ad
1199 4219 1270 4266 te.
1303 4208 1453 4263 Nunc
1477 4208 1636 4277 igitur
1664 4207 1803 4260 bene
1825 4203 1900 4259 fe-

328 4310 455 4366 cisti
487 4308 672 4364 venire
722 4320 953 4360 mecum.
1014 4303 1240 4371 Suscipe
1280 4316 1408 4369 ergo
1465 4310 1683 4368 paterno
1741 4310 1924 4352 amore

329 4417 549 4474 gregem
602 4399 695 4454 Dei
754 4397 820 4451 ad
879 4394 1189 4474 regendum.
1225 4393 1343 4447 Noli
1377 4391 1787 4460 qumrere-quod
1827 4388 1922 4443 tibi

329 4471 470 4552 utile
507 4503 611 4559 est,
642 4492 738 4548 sed
789 4492 930 4562 quod
955 4489 1154 4553 multis,
1178 4471 1236 4541 ut
1265 4487 1394 4540 salvi
1428 4486 1557 4538 fiant
1594 4482 1645 4552 (1
1681 4483 1800 4538 Cor.
1827 4485 1921 4553 x);

334 4605 406 4646 ne
424 4604 550 4660 ergo
576 4602 738 4658 neges
761 4583 1086 4655 suscipiendi
1116 4581 1333 4638 honoris
1352 4580 1598 4650 gratiam,
1619 4580 1924 4632 mercedem

329 4700 362 4739 a
415 4684 644 4738 Domino
683 4691 992 4749 recepturus
1016 4687 1256 4744 tempore
1286 4681 1606 4742 opportuno.

404 4776 556 4832 Tunc
582 4785 797 4830 sanctus
830 4771 1174 4828 Posthumius
1205 4766 1428 4837 pedibus
1457 4765 1574 4834 ejus
1591 4765 1924 4832 provolutus,

331 4869 450 4924 ait:
480 4867 809 4922 Charissime
849 4866 1026 4928 Pater,
1058 4858 1328 4932 quomodo
1376 4855 1506 4910 mihi
1549 4862 1660 4908 tam
1717 4870 1927 4923 magna:

333 4953 700 5018 multitudinis
729 4971 914 5012 curam
946 4952 1203 5024 imponis,
1235 4950 1435 5006 rustico
1468 4947 1691 5012 homini,
1726 4947 1927 5002 litteras

333 5051 631 5109 nescienti?
661 5050 890 5105 Provide
928 5048 1090 5117 igitur
1119 5060 1185 5100 ex
1212 5043 1292 5098 eis
1322 5043 1571 5097 meritum
1629 5040 1923 5108 hominem,

332 5145 423 5215 qui
458 5142 624 5212 possit
653 5157 775 5196 cum
796 5137 1160 5194 sollicitudine
1186 5144 1362 5190 tantas
1381 5135 1588 5188 animas
1611 5147 1797 5203 regere
1827 5146 1925 5201 po-

336 5239 612 5306 pulorum.
644 5235 795 5290 Tunc
834 5231 1097 5288 Macarius
1118 5232 1193 5285 ait
1225 5230 1533 5285 Posthumio
1564 5245 1576 5280 :
1608 5227 1925 5282 Excusatio-

335 5345 434 5385 nes
455 5345 559 5382 non
584 5325 764 5389 audio.
799 5340 972 5395 neque
1003 5337 1191 5379 causas
1215 5323 1454 5391 recipio;
1487 5321 1537 5374 hi
1568 5324 1710 5374 enim
1742 5335 1928 5375 omnes

335 5423 440 5477 sub
472 5431 559 5474 tua
586 5419 790 5474 ditioue
819 5418 1130 5481 manebunt,
1167 5430 1265 5470 nec
1295 5404 1541 5470 alius'est
1573 5423 1734 5468 tantae
1765 5413 1931 5467 absti-

337 5514 539 5571 nentia:
570 5513 672 5582 vir,
700 5512 788 5583 qui
832 5512 1000 5582 possit
1025 5510 1176 5566 istius
1208 5509 1386 5579 populi
1441 5509 1741 5578 gubernare
1771 5509 1932 5579 236

351 5607 586 5674 animas,
612 5621 674 5661 ac
703 5606 931 5660 sollicite
953 5613 1300 5674 pertractare.
1335 5601 1402 5656 Et
1429 5613 1486 5656 ut
1514 5602 1712 5655 certius
1733 5602 1928 5667 dicam,

339 5700 695 5757 dilectissime
725 5699 912 5764 frater,
949 5705 1002 5751 te
1031 5696 1293 5752 electione
1349 5710 1444 5749 sua
1478 5680 1733 5748 Dominus
1789 5693 1933 5749 desi-

341 5793 525 5864 gnavit
554 5790 621 5845 ad
653 5789 1049 5860 suscrpiendum
1085 5788 1227 5842 hunc
1254 5786 1537 5843 ministerii
1583 5786 1758 5842 locum
1786 5804 1799 5853 ;
1833 5802 1932 5841 ue-

343 5899 614 5957 quaquam
660 5897 790 5955 ergo
817 5881 1029 5940 caelesti
1061 5879 1260 5952 poteris
1290 5879 1658 5936 contradicere
1681 5877 1933 5948 jussioni.

1998 1963 2153 2011 eum;
2184 1955 2237 2000 et
2253 1945 2526 2000 constituit
2553 1960 2676 2000 eum
2724 1945 3172 2000 monasteriorum
3221 1942 3495 1997 doctorem
3528 1951 3585 1996 et

1998 2042 2316 2111 principem,
2347 2042 2400 2096 in
2427 2055 2549 2095 eum
2576 2044 2800 2095 locuma
2825 2056 2930 2110 quo
2961 2038 3222 2094 Macarius
3251 2045 3588 2100 recesserat;

1996 2130 2249 2202 deditque
2307 2131 2356 2185 ei
2405 2130 2636 2186 formam
2683 2130 3039 2200 spiritualium
3084 2137 3506 2198 praeceptorum,
3535 2133 3593 2180 et

1996 2222 2147 2278 abiit.
2181 2223 2352 2278 Porro
2404 2222 2749 2277 Posthumius
2804 2219 3142 2290 congregatis
3172 2217 3425 2272 fratribus
3463 2231 3596 2270 cun-

1997 2318 2118 2382 ctis,
2148 2317 2396 2386 aperiens
2426 2330 2489 2370 os
2510 2330 2686 2380 suum,
2719 2316 2925 2369 locutus
2953 2322 3035 2368 est
3057 2312 3155 2376 eis,
3183 2311 3374 2366 dicens
3405 2327 3420 2364 :

2071 2411 2288 2474 Audite,
2344 2410 2513 2478 filioli,
2549 2411 2769 2466 verbum
2801 2409 2943 2479 quod
2971 2408 3227 2462 Dominus
3275 2407 3486 2460 locutus
3513 2412 3598 2459 est

2001 2503 2173 2570 vobis,
2203 2503 2515 2572 praeclaram
2552 2510 2941 2570 praeceptorum
2968 2498 3232 2568 justitiam
3258 2505 3316 2552 et
3353 2495 3593 2550 charita-

2003 2600 2070 2655 tis
2117 2598 2352 2668 regulam
2385 2597 2631 2652 sensibus
2683 2593 2879 2649 nostris
2929 2594 3115 2648 volens
3144 2590 3449 2646 infundere.
3500 2589 3600 2642 Pa-

2004 2699 2155 2746 terna
2206 2689 2350 2745 enim
2402 2703 2539 2743 voce
2593 2686 2781 2756 loquor
2811 2684 2876 2739 ad
2906 2699 3001 2738 vos
3051 2684 3104 2737 in
3143 2679 3358 2736 nomine
3388 2678 3602 2734 Domini

2007 2783 2174 2838 nostri
2205 2781 2333 2836 Jesu
2372 2780 2594 2845 Christi,
2627 2788 2681 2834 et
2731 2777 2962 2846 Spiritus
3011 2774 3105 2830 Dei
3155 2774 3343 2829 nostri.
3403 2767 3603 2840 Accepi

2007 2875 2152 2931 enim
2174 2875 2398 2929 formam
2423 2874 2490 2928 de
2519 2885 2678 2927 manu
2699 2871 2898 2940 angeli,
2929 2879 2986 2925 ut
3011 2868 3187 2923 dicam
3211 2867 3456 2921 universa
3478 2878 3600 2934 qua:

2009 2970 2302 3027 acciderint
2356 2970 2538 3024 sensui
2589 2983 2710 3023 meo
2735 3007 2750 3031 ,
2780 2965 2847 3020 ad
2890 2974 3124 3020 vestram
3165 2961 3600 3017 aediﬁcationem.

2013 3067 2226 3122 latente
2285 3065 2441 3132 igitur
2471 3064 2705 3133 praebete
2753 3075 2912 3116 aures
2944 3079 2955 3112 :
2993 3059 3137 3114 Deus
3167 3057 3283 3126 ipse
3329 3054 3608 3109 mandavit

2014 3158 2155 3228 quod
2177 3157 2244 3212 de
2271 3171 2364 3211 ore
2394 3169 2516 3210 meo
2553 3153 2816 3225 procedit.

1941 3253 1987 3316 C
2090 3252 2266 3307 Prima
2298 3259 2381 3305 est
2405 3249 2548 3304 enim
2578 3244 2817 3302 mandati
2846 3241 3254 3308 confoederatio,
3278 3240 3328 3293 in
3361 3237 3611 3295 omnibus

2017 3357 2114 3399 vos
2141 3341 2361 3397 obedire
2393 3339 2706 3410 majoribus.

2088 3432 2336 3491 Secunda
2368 3431 2604 3486 mandati
2635 3439 2718 3486 est
2738 3428 3022 3499 subjectio,
3055 3434 3112 3482 ut
3140 3425 3194 3480 in
3223 3425 3419 3479 timore
3463 3431 3612 3480 casto

2014 3529 2273 3585 serviatis
2299 3526 2544 3582 Domino.

2089 3623 2270 3679 Tertia
2311 3622 2505 3691 positio
2556 3630 2661 3685 est,
2690 3629 2747 3674 ut
2801 3628 3164 3688 temperanter
3192 3626 3246 3672 et
3275 3616 3359 3686 pie
3397 3622 3452 3670 et
3474 3613 3617 3684 juste

2023 3716 2209 3772 vivatis
2237 3716 2290 3770 in
2316 3715 2417 3770 hoc
2447 3713 2646 3769 saeculo
2674 3712 2805 3784 (Tit.
2832 3710 2916 3780 ll).

2102 3812 2304 3879 Quarta
2349 3809 2585 3863 mandati
2617 3811 2775 3875 ratio,
2802 3814 2858 3860 ut
2913 3817 3138 3872 corpora
3166 3812 3344 3855 vestra
3374 3797 3621 3866 afﬂigatis

2023 3918 2121 3973 per
2142 3901 2348 3967 omnia,
2366 3916 2471 3970 quo
2497 3897 2720 3970 possitis
2748 3896 3025 3967 acquirere
3051 3895 3349 3949 animarum
3367 3891 3620 3958 salutem,

2024 3993 2294 4051 domando
2312 3991 2554 4062 jejuniis,
2582 4005 2646 4045 ac
2677 3990 3050 4045 mortilicando
3081 4000 3325 4052 carnem,
3349 3984 3470 4053 quia
3504 3981 3621 4038 haec

2023 4096 2108 4145 est
2135 4085 2422 4143 delectatio
2467 4085 2732 4140 bonorum
2761 4096 3007 4152 operum.

2096 4180 2292 4246 Quinta
2332 4178 2643 4234 constitutio
2669 4217 2682 4239 ,
2707 4173 2937 4230 orationi
2959 4172 3271 4242 frequent’er
3299 4170 3520 4234 instare,
3552 4169 3625 4223 si.

2025 4282 2115 4330 cut
2139 4283 2194 4329 et
2209 4273 2497 4343 Apostolus
2515 4270 2884 4326 indesinenter
2898 4282 3055 4324 orare
3075 4282 3174 4321 nos
3184 4265 3333 4334 jubet
3349 4263 3365 4328 (
3375 4263 3396 4315 Ι
3410 4302 3422 4314 .
3442 4260 3625 4316 Thess.

2026 4366 2102 4436 v).
2134 4365 2362 4421 Orantes
2418 4365 2611 4432 quippe
2663 4376 2878 4431 semper
2935 4374 2998 4413 ac
3050 4357 3378 4427 jejunantes,
3407 4364 3461 4409 et
3492 4351 3620 4407 lidei

2027 4461 2166 4516 dona
2197 4461 2248 4515 in
2279 4457 2539 4515 memoria
2571 4453 2830 4512 tuentium
2863 4453 3161 4507 tenebimus
3202 4451 3386 4513 infixa,
3411 4457 3469 4501 ut
3500 4459 3624 4515 pos-

2031 4556 2202 4610 simus
2226 4551 2630 4608 scaturientium
2653 4548 2959 4602 daemonum
2991 4556 3249 4612 superare
3279 4553 3546 4594 naturam.

1949 4653 2006 4714 D
2106 4645 2357 4712 Sequitur
2414 4641 2556 4696 aliud
2605 4653 2774 4710 genus
2824 4636 3043 4703 erroris,
3078 4635 3132 4689 in
3182 4650 3288 4704 quo
3343 4631 3513 4701 majus
3543 4636 3629 4685 est

2030 4739 2224 4795 anima:
2274 4738 2550 4799 damnum,
2592 4729 2862 4800 superbia:
2914 4729 3113 4784 malum
3147 4741 3242 4797 per
3292 4725 3472 4780 omnia
3507 4735 3628 4778 esse

2040 4832 2338 4888 cavendum
2373 4845 2387 4882 :
2419 4831 2533 4880 haec
2579 4822 2827 4892 angelum
2887 4822 2939 4876 in
2989 4818 3286 4892 primordio
3344 4815 3526 4871 mundi
3561 4814 3629 4870 de

2032 4925 2173 4982 celo
2221 4920 2442 4992 dejecit,
2466 4928 2520 4974 et
2578 4918 2826 4973 novimus
2879 4915 3185 4985 superbiam
3218 4911 3478 4979 originale
3508 4923 3629 4965 esse

2033 5026 2336 5088 peccatum.
2371 5011 2449 5066 Ad
2475 5027 2633 5082 quam
2699 5009 3081 5066 excludendam
3111 5008 3178 5062 de
3217 5001 3629 5074 cogitationibus

2037 5106 2236 5162 nostris
2271 5106 2437 5160 Deum
2470 5119 2683 5174 semper
2713 5103 3084 5172 deprecemur,
3119 5108 3175 5152 ut
3211 5097 3441 5150 donetur
3473 5094 3627 5150 nobis

2037 5204 2205 5259 forma
2239 5201 2571 5256 humilitatis.

2109 5314 2328 5370 Accedit
2357 5323 2409 5369 et
2435 5314 2536 5367 alia
2584 5313 2855 5368 infestatio
2881 5309 3066 5365 mortis
3108 5307 3161 5360 in
3192 5319 3440 5374 corpore,
3467 5303 3514 5359 si
3557 5302 3630 5360 de

2041 5410 2289 5465 saeculari
2357 5409 2612 5464 vitiorum
2675 5422 2834 5462 causa
2918 5400 3299 5456 monachorum
3380 5397 3635 5454 sollicitet

2040 5518 2385 5573 quemquam.

2111 5594 2428 5649 Funiculutn
2478 5607 2607 5647 vero
2657 5588 2934 5646 charitatis
2981 5597 3104 5643 ante
3141 5587 3320 5643 omnia
3364 5587 3504 5642 inter
3534 5601 3633 5643 vos

2039 5685 2254 5750 habete,
2289 5685 2393 5740 lide
2417 5684 2671 5739 continua
2714 5682 2766 5736 in
2795 5697 2889 5750 Spe
2941 5690 3219 5737 manentes
3239 5722 3254 5749 ,
3283 5680 3533 5751 quoniam
3564 5678 3633 5734 ad

2040 5797 2266 5851 regnum
2321 5778 2414 5833 Dei
2447 5777 2708 5832 festinatis
2754 5776 3088 5832 aeternitatis.
3115 5775 3255 5831 Cura
3284 5790 3415 5843 ergo
3461 5770 3636 5826 discis

2043 5875 2203 5945 plina:
2231 5876 2614 5928 monachorum
2646 5871 2880 5943 perfecta
2903 5880 2985 5928 est
3009 5869 3249 5925 dilectio.
3275 5867 3400 5923 llaec
3424 5864 3637 5927 vincula
