4158 6354
651 232 757 291 ‘55
1699 233 1787 290 DE
1824 232 2007 288 VlTlS
2048 232 2333 288 PATRUM
2376 233 2581 288 LIBER
2624 234 2896 292 PRIMUS.
3814 256 3894 306 ωδ

648 351 925 408 cbaritatis
971 359 1025 407 et
1071 351 1220 423 pacis
1260 356 1525 408 exornant
1549 350 1669 405 sine
1718 351 1962 405 avaritia.
1995 350 2159 421 lgitur
2188 349 2244 403 in
2270 353 2323 410 A
2352 348 2561 418 plicitas
2590 350 2873 405 conﬁrmat
2902 351 3296 422 Scripturarum
3331 354 3444 410 Dei.
3478 356 3621 413 Multi
3658 375 3817 417 autem
3841 365 3896 424 de

590 488 597 491 .
649 443 941 501 dilectione
960 444 1174 499 sincera
1200 442 1395 500 modus
1414 442 1687 498 sufﬁciens
1732 452 1814 498 est
1841 442 2237 512 praesentibus;
2352 440 2463 495 Deo
2491 441 2644 496 aliter
2670 444 2987 509 sentientes,
3014 444 3331 500 exciderunt
3358 461 3387 499 a
3428 448 3709 507 dilectione
3753 453 3893 522 ipsius

647 540 708 593 et
724 537 815 606 qui
842 536 1073 591 invicem
1093 535 1339 603 diligunt,
1367 535 1464 590 ﬁlii
1491 536 1643 604 regni
1668 536 2025 592 vocabuntur.
2058 535 2241 590 Perfe-

647 628 789 685 ctius
834 628 1061 684 invicem
1105 628 1430 697 diligentes,
1472 628 1581 695 ipsi
1612 638 1739 681 sunt
1786 628 1874 696 qui
1916 626 2241 682 manducaui;

647 737 839 792 panem
887 724 939 777 in
969 735 1134 792 regno
1154 721 1251 777 Dei
1279 723 1399 777 sine
1446 720 1652 775 macula
1683 720 1863 791 (Luca:
1888 721 2027 791 xtv).
2053 719 2235 774 Perfe-

644 814 718 869 cti
745 827 874 884 ergo
924 813 1099 879 eritis,
1126 812 1175 867 si
1230 812 1489 869 mundum
1522 812 1844 867 sacriﬁcium
1900 813 2140 871 charitas
2182 814 2237 865 in

642 905 867 962 odorem
916 904 1201 959 suavitatis
1245 905 1364 960 zelo
1420 904 1729 960 succendet.
1784 903 2051 959 Gaudebit
2091 904 2235 959 enim

645 998 902 1055 Dominus
950 996 1106 1053 Iesus
1136 997 1189 1051 in
1216 997 1392 1062 vobis,
1419 999 1543 1067 quia
1573 995 1779 1052 fecistis
1830 998 2061 1052 ﬁdeliter
2088 996 2234 1065 quod

639 1093 757 1161 ipse
782 1091 1075 1147 mandavit.
1104 1091 1239 1146 Nam
1268 1091 1443 1161 prima
1476 1092 1608 1161 legis
1631 1093 1685 1145 in
1712 1100 1893 1146 monte
1921 1090 2047 1146 Sina
2089 1089 2233 1147 ordi-

638 1184 787 1241 natio
838 1187 952 1241 hazc
980 1185 1047 1241 ad
1070 1184 1291 1254 Moysen
1330 1185 1452 1240 data
1484 1194 1567 1239 est
1600 1204 1612 1239 :
1649 1186 1865 1255 Diliges,
1898 1184 2093 1255 inquit,
2122 1184 2230 1238 Do-

638 1280 842 1332 tninum
870 1279 1035 1332 Deum
1062 1285 1210 1333 tuum
1261 1292 1326 1333 ex
1363 1284 1476 1333 toto
1523 1277 1685 1331 corde
1730 1287 1820 1333 tuo
1846 1320 1858 1339 ,
1890 1286 1946 1333 et
1998 1294 2063 1333 ex
2122 1286 2229 1333 tota

636 1369 816 1423 anima
865 1378 955 1423 tua
997 1368 1176 1439 (Deut.
1196 1385 1280 1435 vt;
1315 1368 1525 1435 Luc.x;
1569 1368 1727 1424 Leuit.
1756 1368 1891 1439 xix).
1932 1371 2177 1426 Secunda
2210 1389 2223 1425 :

638 1460 840 1530 Diliges
888 1461 1192 1530 proximum
1226 1472 1394 1526 tuum,
1420 1463 1557 1516 sicut
1586 1462 1838 1529 teipsum.
1874 1461 2036 1516 Vacat
2081 1463 2225 1517 enim

634 1551 852 1607 dilectio
882 1552 999 1619 Dei,
1031 1552 1133 1607 nisi
1176 1552 1428 1623 jungatur
1448 1563 1501 1608 et
1545 1554 1793 1622 proximi.
1826 1554 2046 1609 Plenum
2097 1570 2225 1625 ergo
2332 1553 2467 1609 nihil
2496 1562 2769 1609 terrenum
2801 1569 3025 1623 prorsus
3047 1555 3347 1623 exquirant,
3378 1564 3435 1613 ut
3460 1555 3569 1626 jam
3598 1557 3891 1613 saecularium

636 1652 965 1713 praeceptum
997 1645 1256 1710 veritatis,
1289 1653 1346 1699 ut
1374 1655 1589 1700 maneat
1628 1647 1682 1699 in
1739 1662 1902 1701 sensu
1953 1646 2221 1701 individua
2333 1646 2672 1705 tenebrarum
2701 1660 2891 1702 causas
2915 1648 3291 1703 conculcantes
3317 1663 3380 1703 ac
3411 1658 3810 1718 prosternentes.

634 1738 819 1809 regula
857 1738 1155 1795 cbaritatis.
1190 1740 1341 1794 Tunc
1380 1756 1507 1810 ergo
1559 1740 1776 1795 dilectio
1831 1741 1987 1795 beata
2036 1742 2138 1796 erit
2168 1742 2220 1796 in
2254 1756 2303 1816 Β
2404 1737 2602 1793 Verum
2639 1737 2759 1808 quia
2792 1738 3101 1793 ctelestibus
3124 1738 3438 1808 regionibus
3489 1739 3619 1810 apti,
3656 1753 3744 1794 vos
3786 1742 3891 1795 satis

633 1833 795 1901 pleno
814 1875 829 1900 ,
862 1834 908 1887 si
937 1833 1077 1888 colla
1106 1832 1424 1889 obedientize
1455 1835 1737 1902 posueritis
1758 1836 2051 1903 proposito.
2342 1830 2559 1899 placere
2587 1830 2842 1884 convenit
2867 1830 3132 1897 Creatori,
3166 1830 3400 1901 virgines
3431 1840 3608 1886 mente
3636 1841 3685 1886 et
3702 1846 3891 1903 corpore

707 1923 1019 1980 Obedientia
1090 1940 1304 1994 quoque
1350 1926 1404 1979 in
1461 1925 1878 1997 congregatione
1947 1925 2219 1983 laudatur.
2339 1927 2742 1991 permanentes,
2778 1920 2979 1977 fructus
3011 1920 3138 1977 ﬁdei
3164 1931 3217 1976 et
3244 1922 3427 1976 limam
3474 1923 3729 1979 sermonis
3763 1938 3889 1994 quam

634 2016 785 2073 Nihil
832 2017 984 2074 vobis
1013 2017 1274 2086 proderit,
1309 2018 1476 2083 ﬁlioli,
1516 2018 1564 2072 si
1622 2017 1837 2089 diligitis
1890 2018 2141 2083 invicem,
2176 2028 2231 2073 et
2335 2018 2567 2074 maxime
2615 2030 3035 2086 conservantes;
3068 2020 3216 2079 nefas
3244 2028 3328 2076 est
3354 2022 3503 2081 enim
3532 2029 3589 2075 ut
3616 2020 3889 2077 monachum

630 2123 744 2165 non
772 2108 936 2164 vultis
961 2109 1188 2165 invicem
1231 2108 1472 2165 obedire.
1502 2108 1728 2165 Dilectio
1757 2110 1875 2164 sine
1922 2110 2229 2166 obedientia
2335 2110 2456 2179 quis
2485 2114 2846 2182 reprehendat
2875 2114 2927 2173 in
2958 2115 3168 2175 modico
3204 2116 3287 2172 vel
3317 2117 3370 2173 in
3404 2117 3656 2172 maximo.
3686 2115 3887 2185 lrrepre-

629 2203 793 2260 faciet
812 2203 1181 2259 criminosum
1201 2246 1216 2269 ,
1249 2211 1306 2259 et
1332 2203 1661 2257 conscientia
1689 2219 1888 2273 aegrum
1909 2245 1923 2256 .
1947 2204 2228 2271 Quomodo
2335 2203 2636 2262 hensibiles
2664 2208 2809 2262 enim
2841 2224 2940 2269 nos
2967 2223 3087 2265 esse
3117 2218 3388 2278 oportere,
3451 2210 3728 2280 Apostolus
3767 2209 3889 2266 docet

631 2300 776 2357 enim
797 2314 1017 2369 gramen
1040 2300 1328 2355 seminales
1346 2300 1568 2369 impedit
1586 2298 2228 2363 fructus,sicinobediens
2333 2297 2559 2369 (Coloss.
2585 2300 2682 2369 tv),
2714 2309 2768 2356 et
2792 2309 2850 2359 ut
2877 2316 3057 2358 sermo
3087 2312 3269 2359 uoster
3294 2304 3347 2358 in
3378 2306 3554 2372 gratia
3579 2303 3685 2359 sale
3710 2318 3886 2373 semper

628 2392 793 2449 homo
822 2392 1019 2448 frustra
1039 2393 1269 2464 jejunat,
1293 2404 1348 2448 et
1376 2393 1635 2448 orationis
1663 2394 1867 2448 nullum
1886 2394 2082 2462 accipit
2109 2392 2225 2447 fru-
2330 2393 2402 2447 sit
2439 2393 2715 2461 conditus,
2747 2394 2956 2450 scilicet
2977 2394 3319 2457 condimento
3339 2411 3452 2465 quo
3476 2410 3573 2450 nos
3595 2395 3886 2465 Evangelista

627 2492 796 2542 ctum.
830 2485 993 2555 igitur
1013 2487 1103 2552 qui
1128 2486 1181 2539 in
1204 2501 1314 2540 uno
1354 2498 1476 2541 esse
1507 2486 1912 2554 concupiscunt,
1943 2497 1999 2540 et
2042 2487 2227 2541 vivere
2330 2482 2589 2551 condivit,
2616 2484 2803 2539 dicens
2824 2484 2963 2544 :Vos
2987 2486 3119 2541 estis
3134 2487 3212 2542 sal
3244 2494 3405 2541 terrae
3438 2487 3654 2558 (Matth.
3674 2488 3744 2559 v).
3765 2484 3887 2553 Quod

626 2587 813 2633 mente
840 2579 1111 2633 communi
1136 2578 1548 2647 disposuerunt,
1582 2577 1634 2631 hi
1664 2577 1905 2632 consiliis
1931 2576 2225 2647 majoribus
2331 2588 2457 2643 peto
2489 2587 2542 2631 ut
2572 2592 2679 2635 non
2710 2578 2763 2632 in
2796 2577 2946 2641 vobis
2988 2588 3292 2647 evanescat,
3342 2595 3415 2636 ne
3446 2578 3605 2646 forte,
3650 2594 3761 2637 cum
3782 2594 3884 2649 eva-

626 2672 1172 2741 serviant.Quidquid
1192 2670 2227 2739 exconsillisprocesseritPatrum,hoc
2328 2669 2549 2735 nuerit,
2625 2678 2776 2725 extra
2828 2672 3291 2742 congregationem
3347 2674 3707 2731 multitudinis
3771 2671 3885 2727 loras

630 2765 795 2822 faciat
827 2767 915 2837 qui
947 2764 1335 2835 aperfectione
1360 2764 1536 2819 adhuc
1564 2764 1750 2833 procul
1776 2772 1880 2818 est.
1908 2762 2224 2832 Quicunque
2330 2762 2662 2831 projiciatur,
2704 2762 2901 2834 linguis
2940 2765 3275 2833 inimicorum
3329 2767 3572 2837 quotidie
3612 2767 3886 2823 conculcan-

623 2857 793 2913 frater
815 2857 997 2913 oneris
1013 2858 1282 2928 quidpiam
1294 2858 1541 2912 collosuo
1565 2857 1874 2925 portaverit,
1900 2855 2224 2925 necquidem
2326 2853 2474 2912 dum.

624 2950 881 3015 sustinet,
914 2951 982 3006 de
1006 2952 1230 3006 humero
1260 2966 1359 3006 suo
1385 2965 1524 3006 onus
1553 2958 1785 3016 exstare,
1812 2951 1858 3005 si
1890 2951 2056 3005 abbas
2080 2965 2220 3020 prte-
2400 2946 2513 3002 Hoc
2541 2956 2720 3004 autem
2752 2948 3001 3020 obsecro,
3028 2950 3200 3017 ﬁlioli,
3232 2952 3533 3010 secundum
3554 2951 3766 3026 formam
3790 2965 3885 3021 qua:

618 3058 747 3100 sens
768 3044 949 3111 fuerit,
979 3044 1256 3112 reperiens
1278 3058 1471 3115 aquam
1493 3044 1750 3099 scativam
1779 3045 1892 3100 sive
1914 3045 2221 3114 germinan-
2327 3039 2457 3095 mihi
2484 3040 2611 3096 data
2640 3050 2723 3096 εει
2752 3041 2819 3097 de
2843 3056 3003 3097 manu
3032 3043 3231 3114 angeli,
3260 3044 3452 3116 fugere
3480 3045 3706 3117 linguam
3734 3042 3884 3099 detra-

618 3148 729 3195 tem
776 3139 877 3211 (7),
906 3150 1109 3210 praeter
1140 3139 1353 3194 abbatis
1376 3138 1662 3194 consilium
1694 3139 1973 3195 diverterit
2030 3139 2097 3209 ad
2133 3140 2214 3195 bi-

2327 3129 2569 3187 hentium
2603 3131 2931 3203 iniquorum,
2966 3136 3054 3204 qui
3086 3134 3324 3190 mordaci
3353 3134 3543 3201 dente,
3588 3135 3739 3191 etiam
3788 3132 3883 3190 siue

616 3228 875 3295 bendum,
908 3239 999 3285 aut
1026 3229 1246 3285 alterius
1275 3227 1459 3285 fratris
1480 3245 1663 3286 meum
1691 3232 2018 3299 comitantis,
2052 3234 2211 3287 etiam
2324 3242 2507 3293 causa,
2542 3227 2799 3283 Ecclesia:
2826 3228 3019 3284 Christi
3053 3229 3312 3286 insultare
3340 3229 3624 3288 festinant,

616 3322 868 3393 junioris,
894 3334 1171 3392 peccatum
1204 3324 1401 3391 fecisti,
1434 3324 1526 3394 qui
1560 3335 1757 3391 praeter
1784 3325 2212 3381 benedictionem

616 3430 809 3485 aquam
841 3417 1056 3484 potasti.
1079 3416 1233 3484 Quod
1253 3417 1298 3471 si
1321 3416 1470 3470 calor
1496 3416 1624 3470 solis
1646 3418 1927 3483 exarserit,
1954 3426 2007 3471 et
2034 3417 2218 3472 volue-

618 3508 697 3563 ris
722 3507 926 3572 bibere,
956 3516 1012 3562 et
1032 3508 1195 3562 abbas
1218 3508 1282 3561 ad
1312 3518 1362 3562 te
1388 3509 1545 3578 237
1574 3509 1899 3564 domandum
1930 3509 2216 3579 prohibue-

615 3600 719 3664 rit;
748 3597 792 3652 si
821 3597 910 3653 vel
966 3606 1147 3653 mente
1202 3598 1652 3666 murmuraveris,
1679 3598 1977 3668 deliquisti.
2008 3600 2212 3655 Deinde

616 3692 663 3747 si
694 3691 748 3746 in
780 3692 862 3746 via
890 3691 1184 3746 calcaveris
1210 3692 1442 3759 spinam,
1468 3707 1574 3748 non
1605 3702 1692 3748 est
1718 3694 2016 3756 educenda,
2041 3694 2212 3750 donec

612 3776 782 3840 abbas
813 3784 1144 3855 praeceperit.

688 3877 883 3931 Procul
912 3878 979 3931 ab
1010 3877 1240 3932 invicem
1270 3885 1551 3932 contextas
1579 3876 1720 3933 vites
1748 3879 1992 3933 sternite.

685 3971 819 4025 Cum
842 3970 910 4027 ad
932 3969 1309 4025 dormiendum
1334 3970 1606 4036 seceditis,
1632 3971 1980 4027 interstitium
1999 3972 2210 4026 cubitus

614 4066 878 4119 habeatur
904 4063 1093 4129 unius;
1126 4079 1213 4128 ne,
1246 4062 1371 4117 dum
1400 4064 1467 4117 ad
1496 4063 1723 4119 invicem
1754 4065 2057 4132 proximam
2086 4080 2211 4120 cor-

612 4174 768 4231 pora,
792 4158 1094 4213 nutriantur
1123 4157 1360 4212 libidinis
1387 4157 1678 4211 incentiva.

686 4251 855 4305 Porro
885 4249 1152 4320 negotium
1181 4250 1377 4314 noctis,
1404 4256 1623 4318 propter
1652 4248 1907 4320 lucifugas
1935 4250 2209 4310 daemones

611 4352 670 4399 et
699 4344 1018 4414 noctipetas,
1052 4344 1104 4398 itt
1135 4342 1359 4411 spiritali
1391 4356 1556 4412 opere
1587 4353 1889 4413 peragatur.
1942 4346 2208 4417 Experre-

610 4438 718 4494 etis
746 4448 923 4493 autem
952 4437 1097 4493 nulla
1120 4436 1188 4492 de
1219 4435 1567 4491 saecularibus
1588 4446 1745 4491 causa
1773 4438 2085 4508 ingerenda,
2110 4442 2207 4496 do-

2348 545 2402 590 et
2443 537 2808 600 proximorum
2837 550 3079 591 suorum.
3112 538 3213 603 Qui
3254 546 3429 595 autem
3458 540 3747 612 hujusmodi
3772 562 3891 619 sunt,

2345 628 2568 682 audiant
2591 629 2796 683 Barucb
2820 628 3137 699 prophetam
3159 631 3423 687 dicentem
3450 650 3463 685 :
3490 632 3594 688 Pax
3616 635 3828 705 justititr,
3850 652 3894 696 et

2347 718 2521 775 honor
2564 722 2779 789 pietatis
2818 721 3047 791 (Boruclt
3094 722 3172 792 v).
3204 723 3295 779 Sic
3343 727 3480 779 enim
3514 727 3699 784 videns
3742 736 3894 801 populi

2343 811 2424 865 sui
2454 811 2793 868 dilectionem
2826 814 3180 868 fraternitatis
3220 830 3342 870 esse
3370 814 3745 888 incorruptam,
3777 823 3893 878 inter

2340 912 2568 958 cunctos
2598 903 2727 957 facit
2747 917 2843 959 eos
2874 904 3125 959 amicitiae
3154 905 3249 959 Dei
3274 905 3389 961 ﬁeri
3418 908 3613 963 socios.
3665 910 3890 977 Quoniam

2341 996 2432 1063 qui
2462 996 2690 1066 diligunt
2722 996 2913 1062 Deum,
2956 997 3250 1052 secundum
3279 988 3401 1053 boni
3451 1001 3630 1069 operis
3668 1003 3889 1072 gloriam,

2341 1090 2568 1144 invicem
2588 1092 2645 1144 in
2674 1090 2927 1159 operibus
2951 1089 3109 1146 bonis
3141 1092 3345 1147 irritam
3369 1092 3743 1150 faciuntvitam
3766 1097 3892 1154 istius

2338 1184 2547 1250 mundi,
2576 1183 2917 1253 profanantes
2938 1183 3193 1254 quidquid
3216 1200 3280 1241 ex
3304 1186 3519 1241 diabolo
3541 1196 3621 1243 est
3641 1189 3886 1258 cogitatio-

2337 1292 2464 1331 num
2503 1276 2771 1331 malarum
2803 1276 2854 1330 in
2884 1277 3134 1332 cordibus
3182 1278 3277 1333 Dei
3323 1294 3630 1346 servorum;
3676 1282 3889 1350 quoniam

2334 1368 2557 1437 cupiunt
2585 1368 3027 1423 anachoretarum
3049 1370 3247 1438 perfrui
3266 1370 3396 1436 vita,
3418 1372 3464 1425 si
3480 1371 3893 1442 corpusabdicant

2333 1460 2509 1525 adhuc
2565 1462 2619 1519 in
2672 1470 2816 1517 terra
2865 1461 3044 1531 positi,
3084 1462 3194 1531 jam
3241 1462 3554 1521 caelestibus
3582 1464 3889 1531 delectentur,

2395 3320 2787 3385 Dissensiones,
2825 3336 2956 3395 quas
2985 3322 3195 3378 habetis
3233 3324 3370 3379 inter
3420 3339 3537 3391 vos,
3572 3322 3795 3395 projicite
3830 3320 3883 3375 ab

2324 3416 2578 3480 invicem,
2620 3414 2851 3470 scientes
2894 3414 3179 3470 Dominum
3226 3426 3477 3473 nostrum
3521 3431 3625 3473 non
3663 3428 3772 3471 esse
3794 3411 3882 3467 dis-

2322 3509 2609 3575 sensionis,
2655 3508 2747 3563 sed
2779 3510 2925 3579 pacis
2951 3506 3006 3579 (1
3034 3509 3153 3563 Cor.
3182 3508 3327 3585 xtv),
3353 3510 3416 3565 Si
3450 3525 3553 3580 qua
3581 3508 3729 3582 igitur
3756 3518 3881 3559 scan-

2320 3601 2485 3667 dala,
2539 3600 2755 3655 inimico
2814 3609 3165 3672 suggerente,
3237 3600 3403 3656 frater
3462 3603 3620 3657 habet
3662 3599 3881 3654 adversus

2321 3694 2561 3760 fratrem,
2582 3702 2799 3763 propter
2820 3694 3201 3759 obedientiam,
3223 3695 3328 3749 ﬁde
3344 3703 3623 3759 exstante,
3647 3691 3877 3750 dimittat;

2320 3784 2576 3855 quoniam
2604 3799 2705 3855 ego
2748 3801 2852 3840 non
2879 3800 2943 3841 ex
2977 3801 3062 3841 me
3094 3787 3302 3856 loquor,
3336 3787 3438 3843 sed
3480 3802 3546 3843 ex
3584 3787 3709 3855 Deo,
3738 3783 3811 3853 qui
3837 3781 3879 3833 in

2319 3894 2482 3934 manu
2510 3878 2681 3933 nuntii
2712 3880 2792 3933 sui
2817 3878 3000 3934 docuit
3030 3894 3137 3934 me.

2393 3970 2457 4024 Et
2487 3971 2532 4023 si
2565 3970 2923 4025 obedientiam
2951 3972 3170 4040 prtelato
3191 3970 3557 4041 prtebueritis,
3581 3967 3877 4041 hospitalita-

2320 4072 2424 4119 tem
2460 4062 2844 4131 peregrinanti,
2875 4077 2943 4118 ex
2970 4071 3239 4137 praecepto
3270 4064 3487 4121 Domini
3519 4065 3708 4121 facitis.

2387 4154 2442 4209 Si
2489 4154 2603 4209 fieri
2651 4163 2844 4224 potest,
2879 4154 3022 4210 nullo
3054 4166 3209 4225 pacto
3238 4156 3393 4211 miles
3424 4158 3517 4212 Dei
3548 4158 3703 4213 debet
3726 4150 3876 4219 irasci,

2312 4262 2421 4305 non
2445 4248 2618 4301 solum
2643 4246 2710 4300 ad
2730 4247 2926 4312 socios,
2952 4262 3133 4304 verum
3160 4250 3319 4304 etiam
3346 4250 3417 4305 ad
3445 4260 3743 4306 extraneos.

2385 4337 2443 4391 ln
2474 4353 2793 4407 quocunque
2834 4340 3072 4409 negotio,
3111 4340 3287 4395 nullus
3318 4342 3662 4397 saecularium
3692 4350 3874 4393 servum

2288 4500 2289 4503 η
2314 4430 2414 4488 Dei
2441 4433 2639 4486 audeat
2654 4432 2915 4500 judicare,
2945 4433 3066 4501 quia
3098 4434 3236 4489 inter
3261 4449 3320 4489 se
3342 4442 3397 4489 et
3414 4436 3569 4490 illum
3593 4434 3763 4489 distat.
3781 4428 3873 4484 Non

610 4548 715 4589 nec
733 4533 799 4586 ad
819 4531 940 4600 galli
957 4540 1193 4597 cantum,
1216 4530 1570 4585 fraternarum
1587 4535 1886 4586 orationum
1906 4537 2207 4593 communis
2237 4535 2293 4595 D
2316 4524 2537 4595 Ρδίίπίδ
2552 4522 2894 4594 coniugatum
2916 4523 3116 4593 Ῑυάίείο
3142 4535 3316 4581 tecum
3340 4526 3696 4592 contendere;
3718 4520 3877 4578 melius

611 4624 747 4681 hora
797 4625 1065 4680 succedat.
1092 4610 1360 4679 'Alterius
1399 4623 1551 4679 vocis
1585 4634 1774 4681 cantus
1817 4628 2045 4685 alterum
2096 4646 2203 4686 non

612 4721 817 4777 excitet
844 4720 908 4773 ad
941 4718 1241 4785 orandum;
1285 4720 1381 4775 sed
1412 4735 1533 4775 cum
1563 4734 1716 4776 suum
1746 4731 1932 4792 pectus
1979 4724 2207 4782 tundere

610 4810 859 4880 cmperit,
913 4810 1001 4879 qui
1052 4810 1283 4879 primum
1332 4822 1688 4881 experrectus
1729 4822 1833 4884 est,
1877 4827 2206 4885 provocetur

607 4905 774 4960 etiam
802 4902 894 4958 ille
922 4904 1013 4973 qui
1036 4903 1256 4971 dormit,
1284 4917 1592 4974 exsurgere.
1624 4904 1778 4976 Saepe
1803 4908 1947 4965 enim
1980 4908 2204 4966 Satanas

611 5010 808 5053 somno
828 4994 1061 5049 animam
1083 5003 1294 5064 captam
1317 4995 1592 5051 nocturnis
1616 4996 1840 5052 involvit
1867 5000 2121 5067 tenebris,
2144 5010 2201 5059 ut

607 5090 678 5144 ab
704 5089 961 5144 orationis
990 5088 1290 5158 patrocinio
1313 5097 1559 5157 separata
1588 5089 1680 5155 sit,
1706 5103 1964 5160 operante
1986 5093 2199 5149 diabolo

605 5184 753 5238 socio
784 5185 1145 5240 tenebrarum.
1189 5183 1313 5239 Ideo
1365 5183 1487 5238 dico
1515 5183 1688 5253 vobis,
1746 5186 1918 5253 ﬁlioli,
1958 5188 2193 5257 vigilate,

609 5278 735 5344 quia
810 5276 1031 5331 nescitis
1104 5291 1207 5345 qua
1278 5275 1410 5330 hora
1490 5276 1575 5332 fur
1644 5279 1821 5335 veniet
1900 5281 2196 5337 animarum

604 5366 834 5438 (Matt/1.
866 5368 1030 5439 xxiv).

684 5480 906 5536 Studete
951 5482 1114 5551 igitur
1167 5485 1505 5553 complacare
1555 5487 1685 5553 Deo,
1736 5489 2193 5542 conversationem

607 5571 872 5630 habentes
896 5573 1216 5644 spiritalem.
1240 5576 1428 5631 Divina
1454 5580 1699 5633 mandata
1722 5580 1771 5633 in
1795 5579 2081 5635 dilectione
2102 5581 2195 5635 Dei

602 5681 728 5723 cum
760 5667 1044 5737 sapientia,
1078 5669 1211 5739 legis
1241 5680 1505 5742 prtecepta
1536 5674 1585 5726 in
1609 5674 1805 5727 tabulis
1830 5674 2069 5727 cordium
2102 5688 2194 5727 ve-

597 5774 836 5819 strorum
860 5763 995 5828 sint;
1021 5776 1119 5817 nec
1139 5764 1351 5833 quidem
1383 5766 1613 5835 amplius
1636 5768 1857 5837 sapiatis
1878 5782 2035 5837 quam
2060 5767 2192 5822 sim-

2314 4628 2397 4671 eSt
2432 4610 2581 4669 ~enim
2641 4615 2906 4671 monacho
2959 4615 3200 4672 fraudem
3246 4626 3299 4673 et
3350 4617 3576 4688 injurias
3621 4615 3874 4675 sustinere.

2312 4722 2472 4780 quam
2499 4716 2557 4761 ut
2582 4706 2829 4763 audiatur
2857 4723 2960 4765 vox
2991 4709 3180 4767 militis
3208 4712 3405 4767 (Lbristi
3439 4714 3491 4767 in
3522 4713 3769 4768 clamore.

2384 4825 2501 4881 Non
2526 4826 2681 4882 decet
2707 4828 3026 4882 monachum
3058 4842 3218 4883 causa
3250 4830 3492 4898 pecunia:
3519 4844 3639 4886 esse
3667 4824 3875 4898 negotia-

2310 4925 2506 4984 torem,
2553 4917 2647 4973 sed
2687 4916 2991 4973 caelestium
3034 4918 3297 4975 bonorum
3350 4920 3501 4975 lucra
3552 4908 3871 4976 mercantem.

2310 5010 2575 5067 Prtedicet
2602 5013 2826 5067 verbum
2858 5012 3065 5079 salutis,
3096 5013 3302 5069 animas
3342 5015 3532 5071 invitet
3575 5016 3639 5071 ad
3681 5013 3870 5077 ctelum,

2308 5102 2375 5157 ad
2442 5103 2667 5157 nihilum
2723 5102 2956 5159 deducat
2993 5105 3177 5160 saeculi
3213 5105 3565 5163 desiderium.
3611 5106 3714 5162 Cor
3750 5102 3871 5161 enim

2307 5193 2668 5271 Christianum
2719 5195 2948 5263 essulta,
2999 5198 3233 5253 maxime
3274 5200 3413 5254 servi
3462 5200 3583 5265 Dei,
3611 5208 3872 5270 tyrannum

2306 5283 2669 5342 fraudatorem
2701 5288 2995 5344 animarum
3027 5290 3227 5347 divinae
3251 5290 3467 5347 virtutis
3514 5295 3753 5351 oratione
3792 5306 3874 5347 ex-

2306 5387 2521 5447 pugnaL

2378 5491 2528 5556 Quod
2561 5492 2607 5546 s'.
2637 5503 2872 5549 terrores
2892 5495 3099 5565 aliquos
3122 5496 3419 5569 intuleﬁm,
3448 5509 3631 5557 currat
3658 5499 3720 5555 ad
3740 5495 3871 5553 auxi-

2300 5584 2430 5640 lium
2463 5586 2661 5652 crucis,
2689 5588 2868 5643 statim
2891 5588 2981 5646 ille
3006 5596 3259 5652 recedet:
3289 5596 3520 5654 versutia
3550 5597 3665 5669 ejus
3686 5589 3865 5650 crebris

2298 5677 2628 5733 orationibus
2652 5688 2706 5733 ct
2732 5679 2951 5755 jejoni‘ts
2981 5688 3301 5746 devincitur.
3334 5688 3544 5756 Filioli,
3565 5690 3691 5761 quid
3712 5686 3774 5741 ad
3795 5699 3872 5737 γε·

2295 5781 2459 5827 stram
2518 5776 2751 5844 pertinet
2781 5796 2985 5853 curam,
3042 5789 3086 5842 si
3137 5789 3392 5847 adversus
3444 5803 3545 5845 vos
3588 5785 3882 5843 conveniant
