4158 6354
323 229 428 286 ΑἾῚ

1361 227 1519 282 νιΤΑ
1554 229 1796 286 SANCTI
1840 229 2201 286 FRONTONII
2246 230 2554 286 ABBATIS.

3485 236 3591 288 438

317 343 622 397 darmonum
676 353 871 409 castra,
933 347 1159 413 potestis
1209 357 1264 402 et
1293 362 1386 401 vos
1439 347 1618 400 multis
1663 346 1899 416 adjuvari
1931 352 1985 410 Α
2080 346 2314 408 Quadam
2364 346 2451 401 die
2497 348 2549 401 in
2600 355 2781 402 monte
2808 346 3015 400 sedenti
3049 347 3202 412 mihi,
3234 348 3420 416 ingens
3445 352 3595 406 velut

314 433 617 505 agminibus
645 435 977 504 angelorum.
1015 436 1123 491 Sed
1171 455 1289 492 cum
1341 439 1642 494 daemonum
1674 448 1902 494 caterva:

313 543 562 583 crescere
591 529 874 597 coepuint,
909 533 1092 585 oculos
1120 540 1326 588 vestros
1358 534 1421 586 ad
1452 535 1644 590 ccelum
1692 534 1899 597 levetis,

311 619 554 675 dicentes
585 637 599 673 :
635 621 859 676 Domine
899 621 1025 677 Jesu
1055 623 1286 690 Christe,
1319 627 1508 694 adjuva
1542 625 1902 681 inﬁrmitatem

313 730 515 769 meam.
547 715 588 770 Τ
593 730 697 770 unc
725 731 906 771 sermo
937 718 1094 772 vobis
1121 720 1392 788 propheta:
1419 720 1595 775 Elisaei
1623 721 1905 775 conveniat

310 809 572 864 adversos
620 824 715 866 eos
751 812 840 879 qui
877 811 945 865 de
981 813 1220 871 Samaria
1277 816 1734 882 comprehendere
1779 829 1902 870 eum

311 911 593 966 venerant,
623 903 710 971 qui
737 904 956 958 terrenti
985 920 1047 958 se
1065 920 1232 973 puero
1254 919 1350 958 suo
1373 905 1648 975 respondit
1679 923 1691 958 :
1716 904 1902 975 Aperi,

307 992 560 1058 Domine,
593 993 779 1049 oculos
808 997 947 1050 servi
983 997 1079 1061 tui,
1111 1004 1164 1052 et
1191 996 1368 1052 videat
1391 997 1535 1066 quod
1571 997 1751 1067 plures
1775 1007 1905 1052 sunt

309 1085 591 1139 nobiscum
618 1101 774 1154 quam
798 1101 920 1141 cum
945 1087 1070 1142 illis.
1095 1089 1282 1144 Statim
1304 1103 1432 1159 ergo
1455 1089 1520 1144 ad
1544 1089 1902 1159 adiuvandum

312 1195 429 1246 vos,
463 1181 776 1248 angelorum
808 1181 897 1236 Dei
929 1182 1170 1252 legiones
1197 1183 1504 1248 advenient,
1547 1184 1636 1252 qtti
1665 1183 1787 1238 ﬁdei
1814 1199 1904 1239 ve-

307 1284 434 1328 strae
461 1273 723 1327 auxilium
749 1274 1045 1343 pra-beant.

379 1365 509 1421 CAP.
554 1366 646 1420 lx.
678 1366 898 1421 —Haec
944 1376 1090 1432 sunt,
1135 1367 1305 1431 ﬁlioli,
1353 1365 1627 1433 mandata,
1677 1382 1796 1435 qua:
1849 1377 1905 1420 ut

304 1455 727 1524 pusillanimitas
758 1456 922 1527 238
949 1457 1128 1511 cordis
1159 1457 1382 1521 invenit,
1416 1456 1566 1510 vobis
1605 1456 1672 1511 de
1701 1457 1900 1510 diaholi

305 1549 698 1603 certaminibus
727 1550 1029 1617 explanavi.
1073 1551 1206 1606 Nolo
1249 1560 1427 1605 autem
1465 1566 1526 1604 ea
1579 1566 1700 1617 qua:
1750 1551 1904 1605 nobis

295 1639 428 1708 ipso
457 1639 784 1695 immittente
811 1641 1123 1696 acciderunt
1171 1642 1385 1697 silentio
1413 1644 1713 1710 praeterire,
1747 1652 1803 1696 ut
1851 1650 1904 1695 et

307 1746 405 1790 vos
429 1735 639 1804 possitis
665 1736 886 1791 malitiis
909 1736 1026 1804 ejus
1053 1737 1328 1791 resistere.

2014 438 2237 489 militum
2271 437 2423 490 turba
2463 437 2713 491 occurrit.
2749 437 2894 505 Quos
2933 436 3058 490 dum
3099 439 3267 492 oculis
3313 454 3592 496 cernerem

2011 532 2286 586 venientes
2310 548 2338 584 a
2369 532 2545 610 longe,
2571 531 2782 588 Satanae
2809 533 3025 603 angelos
3046 532 3223 587 statim
3251 549 3372 589 esse
3399 551 3595 604 cogno-

2009 624 2083 679 vi.
2121 624 2232 693 Ego
2258 632 2436 678 autem
2476 624 2717 692 deposito
2748 625 2894 678 omni
2928 635 3148 690 terrore,
3197 626 3423 695 genibus
3469 645 3594 696 pro-

2010 714 2223 768 volutus
2252 713 2433 777 humo,
2465 724 2519 767 ut
2549 714 2860 770 secederent
2903 715 3143 783 orabam,
3189 716 3471 772 Dominum
3516 719 3595 772 iu-

2013 821 2210 861 vocans
2233 807 2667 876 Redetnptorem.
2697 806 2846 861 Tunc
2868 809 3020 862 turba
3050 824 3167 878 qua}
3186 819 3428 875 venerat,
3454 811 3597 865 velut

2010 899 2226 967 stipula,
2259 914 2378 967 quae
2405 915 2432 951 a
2465 909 2623 954 vento
2675 901 2897 968 rapitur,
2956 916 3216 969 nusquam
3271 904 3593 970 comparuit.

2015 993 2221 1048 Gratias
2248 1009 2375 1064 ergo
2405 995 2487 1064 egi
2521 995 2746 1048 Domino
2777 1008 2872 1063 per
2902 994 3083 1049 .Iesum
3113 995 3380 1049 Christum
3408 995 3595 1049 Domi-

2013 1102 2136 1142 hum
2167 1096 2433 1153 nostrum,
2478 1087 2620 1157 quod
2663 1103 2784 1140 meo
2833 1087 3105 1142 certamini
3154 1087 3311 1140 tinem
3347 1084 3598 1153 imposuit

2010 1181 2138 1248 cito,
2168 1188 2221 1234 et
2249 1182 2544 1235 orationem
2578 1195 2749 1234 meam
2782 1181 2921 1233 illico
2955 1179 3240 1234 exaudivit.
3277 1178 3470 1232 Multas
3495 1182 3598 1230 ita-

2011 1289 2112 1342 que
2143 1272 2365 1327 insidias
2395 1287 2582 1342 passus
2614 1288 2755 1338 sum,
2792 1285 2844 1326 et
2885 1287 2948 1326 ex
2986 1271 3232 1324 omnibus
3277 1285 3361 1324 me
3402 1269 3600 1339 eripuit

2009 1366 2286 1422 Dominus.
2319 1366 2471 1421 Unde
2499 1375 2552 1420 et
2580 1380 2698 1429 vos,
2725 1364 2894 1431 ﬁlioli,
2919 1373 3226 1419 constantes
3252 1372 3443 1427 estote,
3475 1362 3601 1432 quia

2010 1456 2155 1511 mitis
2186 1469 2268 1511 est
2294 1457 2550 1511 Dominus
2573 1457 2638 1510 ad
2679 1455 3014 1510 liberandum
3069 1471 3186 1511 nos.
3243 1456 3433 1509 Amate
3471 1468 3602 1524 ergo

2009 1551 2315 1615 Dominum,
2367 1551 2514 1606 odite
2559 1551 2876 1620 malignum,
2920 1558 2972 1604 et
3021 1550 3161 1604 Deus
3217 1547 3600 1603 misericordiae

2010 1646 2113 1699 erit
2171 1645 2466 1709 vobiscum,
2525 1651 2583 1697 ut
2634 1643 2851 1712 possitis
2907 1642 3023 1712 ejus
3079 1640 3298 1696 insidias
3349 1640 3597 1696 evadere.

1932 1735 1984 1795 B
2013 1741 2202 1792 Amen.

1575 1867 1945 1925 ROSWEYD!
1983 1872 2310 1927 ΝΟΤΑΤΙΟ.

380 1959 460 2029 (1)
509 1957 839 2032 Posthumii.]
870 1959 1004 2014 Alim
1033 1959 1295 2014 editiones
1342 1959 1540 2014 habent
1579 1959 1892 2017 Pasthumii.

305 2031 386 2084 De
418 2033 518 2084 hoc
547 2032 679 2085 nihil
707 2031 835 2085 mihi
867 2031 1099 2086 occurrit
1124 2032 1208 2085 vel
1233 2034 1288 2084 in
1333 2031 1525 2085 tabulis
1569 2034 1898 2087 ecclesiasti-

301 2103 407 2165 cis,
430 2102 510 2156 vel
541 2102 679 2172 apud
704 2103 1007 2157 historicos.
1039 2102 1204 2156 Multa
1232 2102 1314 2155 hic
1341 2104 1519 2156 al‘linia
1546 2118 1665 2157 cum
1693 2105 1900 2156 Pachu-

304 2175 439 2240 niio,
472 2173 695 2243 ejusque
723 2175 926 2242 regula.
963 2174 1027 2227 Et
1057 2188 1176 2227 cum
1206 2173 1524 2243 Pachomius
1549 2176 1754 2227 dicatur
1780 2175 1898 2242 qui-

288 2240 528 2297 busdam
560 2240 893 2310 Pncltumitts,
923 2259 1112 2298 vereor
1141 2260 1206 2299 ne
1230 2240 1566 2297 Pasthumius
1591 2261 1659 2297 ex
1691 2240 1898 2297 Pachu-

299 2317 410 2366 Δτηίο
438 2316 756 2384 irrrepserit.

382 2386 459 2456 (‘2)
504 2386 822 2456 Spatarius.]
857 2387 929 2441 Ita
959 2402 1145 2442 omnes
1171 2387 1453 2442 editiones.
1504 2386 1644 2450 Mox,
1678 2387 1899 2456 plectam

305 2459 370 2530 de
419 2457 905 2530 spatlzoplectebat.
950 2459 1120 2530 Notae,
1154 2459 1408 2530 spat/tuin:
1453 2457 1762 2526 palmarum.
1799 2457 1900 2512 Lc-

305 2529 403 2602 Vit.
436 2545 587 2583 χχιιι.
616 2527 681 2582 Et
702 2546 773 2602 ex
803 2529 991 2602 palmis
1017 2527 1130 2584 fere
1146 2527 1315 2602 restes
1339 2545 1462 2602 suos
1486 2539 1539 2582 et
1564 2530 1764 2602 plectas
1788 2531 1899 2596 ple-

304 2600 519 2653 ctebant
549 2599 817 2654 eremitas.’
843 2600 989 2653 Alias
1018 2601 1388 2655 existimabam
1421 2599 1702 2667 legendum
1751 2617 1901 2667 spar-

305 2674 492 2734 larius,
525 2671 677 2740 quasi
703 2674 792 2739 qui
816 2687 847 2726 e
875 2683 1058 2740 sparto
1086 2681 1282 2726 restem
1315 2674 1526 2739 plectat,
1559 2671 1647 2739 qui
1671 2670 1896 2734 Polluci,

304 2741 382 2795 lib
392 2758 539 2818 LVII,
559 2758 685 2818 cap.
714 2742 803 2818 5:},
820 2743 1026 2818 dicitur
1056 2744 1464 2818 ᾳπᾳρτοπλόκος.

379 2815 456 2882 (5)
499 2812 773 2884 Pieriam]
794 2814 930 2874 Mox,
956 2815 1094 2884 funis
1111 2812 1408 2883 pléctacitts,
1430 2829 1458 2867 a
1477 2812 1663 2867 GI‘I’BCO
1686 2815 1896 2869 πλεκτὸν

306 2884 357 2937 id
401 2895 502 2948 est,
534 2885 746 2952 plexum
779 2901 870 2939 seu
903 2884 1119 2938 ﬂexum.
1147 2888 1280 2951 Quae
1310 2899 1412 2938 vox
1445 2900 1547 2938 non
1579 2899 1701 2938 raro
1739 2887 1789 2937 in
1815 2886 1901 2938 his

305 2955 460 3008 libris
491 2956 745 3009 occurrit.

381 3026 461 3095 (4)
503 3026 782 3098 Priscum]
807 3027 905 3082 llic
925 3027 1117 3082 dicitur
1135 3029 1408 3093 sacerdos;
1433 3025 1678 3096 sequenti
1701 3029 1896 3096 capite,

307 3099 596 3166 episwpus.

381 3166 459 3238 (5)
507 3167 698 3222 Census
729 3167 1095 3238 imperatoris.]
1125 3169 1344 3223 Videtur
1371 3169 1483 3223 [nec
1516 3168 1766 3237 periodus
1794 3183 1900 3223 tne-

309 3238 463 3309 lioris
490 3243 611 3308 styli
641 3241 993 3309 fragmentum
1024 3255 1163 3295 esse.
1202 3240 1336 3293 Fors
1363 3257 1428 3292 ex
1461 3240 1691 3309 eleganti
1723 3241 1898 3308 aliquo

308 3308 465 3364 Patre
493 3298 886 3366 adumbratim).
911 3313 1114 3366 Alludit
1144 3312 1208 3366 ad
1244 3313 1514 3374 militiam,
1545 3298 1666 3368 Cum
1699 3298 1896 3366 nomen
1927 3298 1974 3360 C

307 3382 651 3456 itnpetamris
699 3384 851 3438 tniliti
904 3383 1307 3437 inscribebatur.
1369 3382 1437 3437 Ut
1495 3382 1580 3436 hic
1625 3382 1689 3436 de
1721 3397 1820 3435 ove
1848 3392 1901 3435 et

2005 1965 2195 2030 milite,
2230 1966 2306 2017 sic
2342 1964 2481 2034 apud
2513 1963 2892 2032 Augustinum,
2924 1961 3081 2029 epist.
3111 1961 3182 2016 50
3214 1977 3227 2012 :
3267 1979 3286 2012 ‹
3326 1960 3416 2016 Sic
3445 1975 3599 2034 error

2001 2037 2350 2106 corrigendus
2375 2033 2458 2090 est
2479 2037 2614 2098 ovis,
2637 2044 2823 2106 utnon
2854 2035 2908 2088 in
2934 2050 2995 2106 ea
3023 2041 3396 2106 corrumpatur
3417 2033 3597 2106 signa-

2004 2108 2182 2161 culum
2230 2108 2623 2174 liedemptoris.
2670 2105 2851 2174 Neque
2880 2105 3021 2159 enim
3053 2105 3096 2156 si
3137 2107 3416 2172 quisquam
3449 2105 3596 2171 regio

2004 2184 2314 2230 charactere
2345 2191 2374 2230 a
2404 2180 2613 2244 signato
2654 2173 2926 2230 desertore
2967 2176 3226 2240 signetur,
3269 2184 3320 2226 et
3370 2173 3604 2238 accipiat

2001 2249 2416 2313 indulgentiam,
2449 2260 2607 2315 atque
2632 2247 2722 2302 illc
2760 2248 2944 2300 redeat
2974 2245 3040 2298 ad
3073 2245 3343 2308 militiam,
3378 2245 3471 2298 ille
3503 2259 3602 2296 au-

2007 2329 2112 2371 tem
2146 2334 2266 2372 esse
2308 2321 2358 2371 in
2394 2320 2577 2372 militia
2606 2319 2657 2371 in
2687 2333 2789 2386 qua
2826 2317 3058 2371 nondum
3091 2325 3204 2369 erat
3251 2315 3490 2381 incipiat,
3544 2315 3597 2368 in

2006 2390 2184 2459 aliquo
2213 2405 2398 2444 eorum
2431 2390 2709 2443 character
2740 2390 2826 2441 ille
2859 2387 3204 2459 rescinditur,
3242 2401 3469 2459 att-non
3502 2399 3596 2453 po-

2007 2456 2113 2514 tius
2152 2461 2205 2513 in
2247 2460 2506 2528 ambobus
2538 2461 2868 2528 agnoscitur,
2898 2467 2951 2512 et
2983 2458 3185 2511 honore
3225 2456 3424 2519 debito,
3465 2470 3602 2525 quo-

2005 2532 2145 2584 niam
2180 2527 2356 2601 regius
2380 2540 2482 2595 est,
2517 2527 2888 2599 approbatur?
2932 2547 2949 2579 ›

2077 2623 2158 2694 (6)
2198 2622 2275 2676 De
2303 2639 2403 2693 quo
2450 2621 2628 2694 saepe]
2675 2621 2810 2676 Hinc
2841 2631 3076 2694 apparet
3115 2628 3388 2694 auctorem
3439 2619 3598 2694 hujus

2006 2691 2147 2749 vna
2187 2705 2241 2749 et
2285 2691 2419 2749 alias
2469 2691 2776 2748 sanctorum
2839 2692 2986 2747 Vitas
3041 2691 3468 2746 consarcinasse.
3523 2692 3600 2744 De

2005 2766 2260 2830 Macario,
2293 2767 2382 2836 qui
2415 2767 2704 2836 Antonium
2736 2762 3230 2836 dicitursep‘elisse,
3271 2762 3390 2816 vide
3439 2775 3603 2836 supra

2006 2839 2286 2909 prolegum
2309 2831 2372 2890 in
2405 2835 2581 2890 Vitam
2605 2837 2775 2890 sancti
2803 2835 2948 2888 Pauli
2979 2833 3132 2902 primi
3159 2836 3419 2895 eremitte,
3451 2849 3506 2885 ιι.
3540 2831 3595 2885 ϐ.

2077 2930 2156 3000 (7)
2198 2931 2398 3000 Aquam
2421 2931 2659 2984 scativam
2678 2931 2777 2983 sive
2793 2926 3207 3000 germinantem
3233 2927 3351 2995 Ipse
3373 2927 3604 2994 explicat

2005 2999 2130 3071 quid
2159 2999 2360 3057 scativa
2383 3000 2450 3054 sit
2470 3017 2627 3071 aqua,
2653 3015 2976 3068 nempequae
2995 2999 3215 3053 scaturit
3237 3009 3290 3053 et
3309 2999 3595 3071 germinat.

2006 3069 2088 3126 Ᾱιι
2113 3090 2179 3127 ex
2207 3088 2301 3128 sua
2327 3069 2569 3142 origine?
2594 3072 2703 3125 Nisi
2729 3073 2864 3124 lorte
2887 3079 3193 3138 corruptam
3225 3085 3418 3142 aquam
3436 3069 3602 3142 intel-

2007 3145 2151 3213 ligat.
2184 3155 2238 3197 et
2267 3140 2558 3199 scatentem
2588 3143 2878 3213 vermibus.
2911 3141 3001 3213 Vel
3026 3143 3260 3194 stativum
3290 3140 3415 3213 quis
3433 3140 3600 3208 legat,

2007 3209 2070 3267 ut
2094 3216 2144 3269 in
2167 3215 2440 3286 Martyrol.
2471 3214 2700 3286 Adonis,
2727 3209 2952 3286 50_Juli_i
2983 3227 3048 3265 ex
3077 3213 3177 3265 Ms.
3207 3211 3448 3286 reposui,
3475 3225 3599 3286 qua:

2005 3285 2118 3340 fere
2159 3280 2440 3340 lutulenta.
2496 3284 2584 3340 Sic
2639 3283 2770 3336 alius
2812 3282 3124 3336 lutulentam
3156 3295 3347 3351 aquam
3379 3280 3514 3334 bibit
3544 3281 3596 3332 in

2014 3356 2131 3410 Vita
2159 3357 2306 3411 Pauli
2337 3357 2494 3425 primi
2523 3355 2782 3421 eremitaa,
2814 3367 2935 3422 cap.
2970 3355 3022 3407 5.

309 3515 3598 3540 Μ

1744 3659 1988 3704 APRILIS
2034 3661 2162 3702 XIV.

579 3800 1052 3945 ViTA
1153 3797 1872 3947 SANCTI
1967 3800 3094 3950 FRONTONII
3156 3872 3239 3944 (υ
3288 3904 3334 3966 ς

1726 4049 2208 4123 ABBATIS

1229 4221 1914 4309 AUCTORE
1992 4225 2659 4312 INCERTO.

1597 4487 2310 4664 impingas.

397 4741 667 4809 Quoniam
702 4755 845 4813 saepe
867 4743 1214 4798 desiderastis
1243 4743 1429 4800 audire
1448 4759 1566 4814 quin
1588 4754 1769 4798 sancta
1794 4755 1938 4810 sunt,
1969 4753 2023 4799 et
2043 4760 2142 4813 ego
2165 4745 2374 4812 placide
2393 4745 2630 4814 disposui
2652 4751 2882 4818 operari,
2906 4752 3015 4821 jam
3042 4767 3148 4808 non
3178 4752 3230 4809 in
3260 4757 3486 4825 pellibus
3512 4771 3611 4812 ca-

321 4849 570 4905 prarum,
601 4835 697 4890 sed
726 4851 858 4891 auro
883 4846 940 4890 et
968 4845 1192 4907 argento
1231 4836 1560 4907 gemmisque
1601 4837 2000 4906 pretiosissimis
2038 4837 2250 4893 decrevi
2282 4852 2595 4894 construere
2635 4843 2892 4911 templum
2925 4845 3039 4910 Dei,
3064 4854 3122 4900 ut
3147 4855 3201 4901 et
3229 4863 3325 4901 nos
3354 4861 3606 4918 tauquam

323 4928 540 4998 lapides
569 4929 676 4983 vivi
705 4930 1034 4984 rediﬁcemur
1065 4932 1117 4985 in
1149 4921 1364 4985 domum
1387 4929 1741 5000 spiritualem,
1765 4947 1829 4984 ex
1861 4931 2111 5000 operibus
2139 4933 2420 4987 meliorum
2446 4934 2786 5003 proﬁcientes
2816 4937 2864 4991 in
2887 4936 3104 4992 Christo
3124 4939 3248 4994 Jesu
3272 4940 3494 4995 Domino
3515 4956 3615 4995 no-

323 5032 440 5078 stro
463 5021 518 5092 (Ι
541 5021 662 5077 Pet.
691 5024 786 5092 ιι);
818 5024 945 5092 quid
979 5037 1118 5079 nunc
1146 5024 1284 5094 apud
1310 5024 1531 5078 Nitriam
1565 5034 1770 5094 gestum
1793 5025 1881 5091 sit,
1909 5023 2168 5089 referam;
2201 5035 2256 5080 et
2286 5043 2390 5082 non
2417 5029 2698 5096 praeteribo
2718 5032 2999 5088 veritatem
3025 5034 3133 5088 ullo
3151 5035 3329 5088 modo.
3355 5035 3610 5102 quoniam

325 5118 458 5174 satis
486 5117 718 5172 aediﬁcat
747 5118 1041 5173 monachos
1071 5132 1309 5188 praesens
1335 5120 1667 5188 opusculum.

331 5211 3614 5296 ——_________—___.__________l____.

1738 5332 2214 5464 VITA.

395 5517 577 5574 CAPUT
615 5535 923 5574 rntnuu.—
949 5519 1110 5591 Igitur
1135 5519 1477 5588 Frontonius,
1496 5536 1657 5576 verus
1683 5521 1774 5577 Dei
1804 5535 1918 5576 ser-

331 5623 444 5678 vus,
484 5613 658 5666 studio
692 5613 783 5668 Dei
811 5613 1013 5667 timoris
1037 5613 1104 5669 de
1126 5615 1213 5668 die
1241 5615 1291 5668 in
1315 5615 1454 5670 diem
1482 5617 1784 5684 proﬁciens,
1821 5633 1920 5686 pti-

332 5699 525 5760 blicani
567 5721 1019 5780 communemque
1064 5707 1224 5762 vitam
1274 5709 1711 5778 perhorrescens,
1760 5711 1921 5782 239

2025 5526 2196 5580 aviam
2250 5529 2559 5604 desiderans
2600 5531 2963 5598 solitudinem,
2993 5537 3298 5593 convocatis
3323 5537 3389 5594 ad
3414 5552 3474 5596 se
3495 5539 3607 5596 ira-

2024 5620 2216 5688 tribus,
2248 5622 2382 5676 dixit
2412 5623 2587 5693 (erant
2613 5623 2750 5678 enim
2778 5639 2897 5679 cum
2925 5641 2990 5681 eo
3020 5628 3117 5682 viri
3157 5631 3368 5685 circiter
3397 5645 3612 5702 septua-

2030 5711 2198 5779 ginta)
2234 5728 2246 5764 :
2291 5713 2368 5767 Eu
2399 5714 2522 5781 quid
2555 5715 2706 5770 nobis
2753 5726 2807 5770 ct
2856 5720 3054 5774 mundo
3094 5723 3407 5792 damnabili,
3456 5725 3610 5794 Cujus
