  <div class='ocr_page' id='page_1' title='image "/cluster/home/n/w/nwhite01/storage/ocr_20150623/73/hvd.32044011474434/225.png"; bbox 0 0 4158 6354; ppageno 0'>
   <div class='ocr_carea' id='block_1_1' title="bbox 597 335 703 392">
    <p class='ocr_par' dir='ltr' id='par_1_1' title="bbox 597 335 703 392">
     <span class='ocr_line' id='line_1_1' title="bbox 597 335 703 392; baseline 0.038 -4"><span class='ocrx_word' id='word_1_1' title='bbox 597 335 703 392; x_wconf 74' lang='grc'><strong>459</strong></span> 
     </span>
    </p>
   </div>
   <div class='ocr_carea' id='block_1_2' title="bbox 1631 334 2829 398">
    <p class='ocr_par' dir='ltr' id='par_1_2' title="bbox 1631 334 2829 398">
     <span class='ocr_line' id='line_1_2' title="bbox 1631 334 2829 398; baseline -0.001 -5"><span class='ocrx_word' id='word_1_2' title='bbox 1631 337 1721 393; x_wconf 87' lang='lat' dir='ltr'><strong>DE</strong></span> <span class='ocrx_word' id='word_1_3' title='bbox 1760 337 1941 395; x_wconf 79' lang='lat' dir='ltr'><strong>VITIS</strong></span> <span class='ocrx_word' id='word_1_4' title='bbox 1983 337 2269 398; x_wconf 72' lang='lat' dir='ltr'><strong>PATRUM</strong></span> <span class='ocrx_word' id='word_1_5' title='bbox 2306 338 2513 397; x_wconf 76' lang='lat' dir='ltr'><strong>LIBER</strong></span> <span class='ocrx_word' id='word_1_6' title='bbox 2556 334 2829 395; x_wconf 72' lang='lat' dir='ltr'><strong>PRIMUS.</strong></span> 
     </span>
    </p>
   </div>
   <div class='ocr_carea' id='block_1_3' title="bbox 3775 339 3870 397">
    <p class='ocr_par' dir='ltr' id='par_1_3' title="bbox 3775 339 3870 397">
     <span class='ocr_line' id='line_1_3' title="bbox 3775 339 3870 397; baseline 0.021 -2"><span class='ocrx_word' id='word_1_7' title='bbox 3775 339 3870 397; x_wconf 67' lang='grc'><strong>440</strong></span> 
     </span>
    </p>
   </div>
   <div class='ocr_carea' id='block_1_4' title="bbox 601 449 3874 525">
    <p class='ocr_par' dir='ltr' id='par_1_4' title="bbox 601 449 3874 525">
     <span class='ocr_line' id='line_1_4' title="bbox 601 449 3874 525; baseline 0.001 -16"><span class='ocrx_word' id='word_1_8' title='bbox 601 454 853 525; x_wconf 82' lang='lat' dir='ltr'><strong>operibus</strong></span> <span class='ocrx_word' id='word_1_9' title='bbox 882 458 1188 510; x_wconf 87' lang='lat' dir='ltr'><strong>renuntiare</strong></span> <span class='ocrx_word' id='word_1_10' title='bbox 1217 454 1361 509; x_wconf 91' lang='lat' dir='ltr'><strong>omni</strong></span> <span class='ocrx_word' id='word_1_11' title='bbox 1400 455 1563 510; x_wconf 90' lang='lat' dir='ltr'><strong>modo</strong></span> <span class='ocrx_word' id='word_1_12' title='bbox 1592 453 1869 521; x_wconf 76' lang='lat' dir='ltr'><strong>condecet,</strong></span> <span class='ocrx_word' id='word_1_13' title='bbox 1928 464 1983 508; x_wconf 92' lang='lat' dir='ltr'><strong>ut</strong></span> <span class='ocrx_word' id='word_1_14' title='bbox 2026 455 2187 509; x_wconf 62' lang='lat' dir='ltr'><strong>carle-</strong></span> <span class='ocrx_word' id='word_1_15' title='bbox 2214 454 2266 512; x_wconf 76' lang='grc' dir='ltr'><strong>Α</strong></span> <span class='ocrx_word' id='word_1_16' title='bbox 2291 466 2457 519; x_wconf 89' lang='lat' dir='ltr'><strong>quere</strong></span> <span class='ocrx_word' id='word_1_17' title='bbox 2486 452 2700 518; x_wconf 87' lang='lat' dir='ltr'><strong>poterit,</strong></span> <span class='ocrx_word' id='word_1_18' title='bbox 2727 450 2896 519; x_wconf 89' lang='lat' dir='ltr'><strong>ipsum</strong></span> <span class='ocrx_word' id='word_1_19' title='bbox 2914 450 3115 521; x_wconf 86' lang='lat' dir='ltr'><strong>jugiter</strong></span> <span class='ocrx_word' id='word_1_20' title='bbox 3136 449 3192 507; x_wconf 90' lang='lat' dir='ltr'><strong>in</strong></span> <span class='ocrx_word' id='word_1_21' title='bbox 3217 460 3401 509; x_wconf 89' lang='lat' dir='ltr'><strong>mente</strong></span> <span class='ocrx_word' id='word_1_22' title='bbox 3424 451 3708 522; x_wconf 76' lang='lat' dir='ltr'><strong>habentes,</strong></span> <span class='ocrx_word' id='word_1_23' title='bbox 3729 469 3874 513; x_wconf 87' lang='lat' dir='ltr'><strong>eum-</strong></span> 
     </span>
    </p>
   </div>
   <div class='ocr_carea' id='block_1_5' title="bbox 597 547 2184 618">
    <p class='ocr_par' dir='ltr' id='par_1_5' title="bbox 597 547 2184 618">
     <span class='ocr_line' id='line_1_5' title="bbox 597 547 2184 618; baseline -0.003 -13"><span class='ocrx_word' id='word_1_24' title='bbox 597 556 738 605; x_wconf 83' lang='lat' dir='ltr'><strong>stem</strong></span> <span class='ocrx_word' id='word_1_25' title='bbox 766 562 1157 618; x_wconf 82' lang='lat' dir='ltr'><strong>consequamur</strong></span> <span class='ocrx_word' id='word_1_26' title='bbox 1182 547 1381 601; x_wconf 86' lang='lat' dir='ltr'><strong>vitam?</strong></span> <span class='ocrx_word' id='word_1_27' title='bbox 1432 548 1766 617; x_wconf 75' lang='lat' dir='ltr'><strong>Quapropter</strong></span> <span class='ocrx_word' id='word_1_28' title='bbox 1809 562 2089 617; x_wconf 85' lang='lat' dir='ltr'><strong>pergamus</strong></span> <span class='ocrx_word' id='word_1_29' title='bbox 2119 547 2184 600; x_wconf 87' lang='lat' dir='ltr'><strong>ad</strong></span> 
     </span>
    </p>
   </div>
   <div class='ocr_carea' id='block_1_6' title="bbox 602 637 2185 707">
    <p class='ocr_par' dir='ltr' id='par_1_6' title="bbox 602 637 2185 707">
     <span class='ocr_line' id='line_1_6' title="bbox 602 637 2185 707; baseline -0.002 -13"><span class='ocrx_word' id='word_1_30' title='bbox 602 653 865 703; x_wconf 86' lang='lat' dir='ltr'><strong>eremum,</strong></span> <span class='ocrx_word' id='word_1_31' title='bbox 896 638 1029 693; x_wconf 89' lang='lat' dir='ltr'><strong>nihil</strong></span> <span class='ocrx_word' id='word_1_32' title='bbox 1062 639 1337 692; x_wconf 76' lang='lat' dir='ltr'><strong>nobiscum</strong></span> <span class='ocrx_word' id='word_1_33' title='bbox 1384 638 1636 703; x_wconf 83' lang='lat' dir='ltr'><strong>ferentes,</strong></span> <span class='ocrx_word' id='word_1_34' title='bbox 1693 637 1758 691; x_wconf 90' lang='lat' dir='ltr'><strong>ad</strong></span> <span class='ocrx_word' id='word_1_35' title='bbox 1807 638 2185 707; x_wconf 83' lang='lat' dir='ltr'><strong>acquirendam</strong></span> 
     </span>
    </p>
   </div>
   <div class='ocr_carea' id='block_1_7' title="bbox 596 732 2185 804">
    <p class='ocr_par' dir='ltr' id='par_1_7' title="bbox 596 732 2185 804">
     <span class='ocr_line' id='line_1_7' title="bbox 596 732 2185 804; baseline -0.001 -16"><span class='ocrx_word' id='word_1_36' title='bbox 596 734 871 790; x_wconf 65' lang='lat' dir='ltr'><strong>caelestem</strong></span> <span class='ocrx_word' id='word_1_37' title='bbox 892 734 1138 804; x_wconf 79' lang='lat' dir='ltr'><strong>gloriam,</strong></span> <span class='ocrx_word' id='word_1_38' title='bbox 1163 741 1217 788; x_wconf 91' lang='lat' dir='ltr'><strong>et</strong></span> <span class='ocrx_word' id='word_1_39' title='bbox 1241 732 1568 803; x_wconf 83' lang='lat' dir='ltr'><strong>superiorem</strong></span> <span class='ocrx_word' id='word_1_40' title='bbox 1591 732 1969 801; x_wconf 85' lang='lat' dir='ltr'><strong>investigemus</strong></span> <span class='ocrx_word' id='word_1_41' title='bbox 1989 748 2053 787; x_wconf 79' lang='lat' dir='ltr'><strong>ex</strong></span> <span class='ocrx_word' id='word_1_42' title='bbox 2077 734 2185 787; x_wconf 91' lang='lat' dir='ltr'><strong>vir-</strong></span> 
     </span>
    </p>
   </div>
   <div class='ocr_carea' id='block_1_8' title="bbox 600 824 2185 893">
    <p class='ocr_par' dir='ltr' id='par_1_8' title="bbox 600 824 2185 893">
     <span class='ocr_line' id='line_1_8' title="bbox 600 824 2185 893; baseline 0.001 -15"><span class='ocrx_word' id='word_1_43' title='bbox 600 825 801 879; x_wconf 87' lang='lat' dir='ltr'><strong>tutibus</strong></span> <span class='ocrx_word' id='word_1_44' title='bbox 843 824 1200 893; x_wconf 88' lang='lat' dir='ltr'><strong>disciplinam.</strong></span> <span class='ocrx_word' id='word_1_45' title='bbox 1238 824 1329 879; x_wconf 86' lang='lat' dir='ltr'><strong>His</strong></span> <span class='ocrx_word' id='word_1_46' title='bbox 1358 824 1519 881; x_wconf 89' lang='lat' dir='ltr'><strong>dictis</strong></span> <span class='ocrx_word' id='word_1_47' title='bbox 1550 824 1784 879; x_wconf 89' lang='lat' dir='ltr'><strong>universi</strong></span> <span class='ocrx_word' id='word_1_48' title='bbox 1817 838 2138 880; x_wconf 90' lang='lat' dir='ltr'><strong>consensere</strong></span> <span class='ocrx_word' id='word_1_49' title='bbox 2171 842 2185 891; x_wconf 88' lang='lat'><strong>;</strong></span> 
     </span>
    </p>
   </div>
   <div class='ocr_carea' id='block_1_9' title="bbox 598 916 2190 990">
    <p class='ocr_par' dir='ltr' id='par_1_9' title="bbox 598 916 2190 990">
     <span class='ocr_line' id='line_1_9' title="bbox 598 916 2190 990; baseline 0.001 -18"><span class='ocrx_word' id='word_1_50' title='bbox 598 916 1007 987; x_wconf 84' lang='lat' dir='ltr'><strong>deferentesque</strong></span> <span class='ocrx_word' id='word_1_51' title='bbox 1034 918 1101 974; x_wconf 91' lang='lat' dir='ltr'><strong>ad</strong></span> <span class='ocrx_word' id='word_1_52' title='bbox 1132 935 1371 975; x_wconf 90' lang='lat' dir='ltr'><strong>eremum</strong></span> <span class='ocrx_word' id='word_1_53' title='bbox 1394 936 1576 977; x_wconf 87' lang='lat' dir='ltr'><strong>secum</strong></span> <span class='ocrx_word' id='word_1_54' title='bbox 1604 936 1763 990; x_wconf 89' lang='lat' dir='ltr'><strong>parva</strong></span> <span class='ocrx_word' id='word_1_55' title='bbox 1794 920 1999 974; x_wconf 85' lang='lat' dir='ltr'><strong>olerum</strong></span> <span class='ocrx_word' id='word_1_56' title='bbox 2028 920 2190 976; x_wconf 87' lang='lat' dir='ltr'><strong>semi-</strong></span> 
     </span>
    </p>
   </div>
   <div class='ocr_carea' id='block_1_10' title="bbox 602 1011 2191 1085">
    <p class='ocr_par' dir='ltr' id='par_1_10' title="bbox 602 1011 2191 1085">
     <span class='ocr_line' id='line_1_10' title="bbox 602 1011 2191 1085; baseline 0.002 -21"><span class='ocrx_word' id='word_1_57' title='bbox 602 1025 693 1075; x_wconf 92' lang='lat' dir='ltr'><strong>na,</strong></span> <span class='ocrx_word' id='word_1_58' title='bbox 725 1018 779 1063; x_wconf 92' lang='lat' dir='ltr'><strong>et</strong></span> <span class='ocrx_word' id='word_1_59' title='bbox 806 1011 890 1065; x_wconf 91' lang='lat' dir='ltr'><strong>bis</strong></span> <span class='ocrx_word' id='word_1_60' title='bbox 920 1020 1128 1077; x_wconf 85' lang='lat' dir='ltr'><strong>acutos,</strong></span> <span class='ocrx_word' id='word_1_61' title='bbox 1160 1029 1458 1082; x_wconf 88' lang='lat' dir='ltr'><strong>parvosque</strong></span> <span class='ocrx_word' id='word_1_62' title='bbox 1487 1016 1729 1069; x_wconf 88' lang='lat' dir='ltr'><strong>sarculos</strong></span> <span class='ocrx_word' id='word_1_63' title='bbox 1752 1013 1853 1085; x_wconf 61' lang='grc' dir='ltr'><strong>(ἓ),</strong></span> <span class='ocrx_word' id='word_1_64' title='bbox 1911 1013 2050 1069; x_wconf 90' lang='lat' dir='ltr'><strong>unde</strong></span> <span class='ocrx_word' id='word_1_65' title='bbox 2091 1014 2191 1067; x_wconf 89' lang='lat' dir='ltr'><strong>hu-</strong></span> 
     </span>
    </p>
   </div>
   <div class='ocr_carea' id='block_1_11' title="bbox 607 1102 2192 1173">
    <p class='ocr_par' dir='ltr' id='par_1_11' title="bbox 607 1102 2192 1173">
     <span class='ocr_line' id='line_1_11' title="bbox 607 1102 2192 1173; baseline 0.002 -18"><span class='ocrx_word' id='word_1_66' title='bbox 607 1116 752 1155; x_wconf 89' lang='lat' dir='ltr'><strong>mum</strong></span> <span class='ocrx_word' id='word_1_67' title='bbox 800 1102 1140 1170; x_wconf 86' lang='lat' dir='ltr'><strong>del‘odcrent,</strong></span> <span class='ocrx_word' id='word_1_68' title='bbox 1199 1107 1419 1173; x_wconf 83' lang='lat' dir='ltr'><strong>profecti</strong></span> <span class='ocrx_word' id='word_1_69' title='bbox 1457 1116 1599 1172; x_wconf 89' lang='lat' dir='ltr'><strong>sunt,</strong></span> <span class='ocrx_word' id='word_1_70' title='bbox 1633 1116 1685 1160; x_wconf 91' lang='lat' dir='ltr'><strong>et</strong></span> <span class='ocrx_word' id='word_1_71' title='bbox 1712 1113 1974 1160; x_wconf 88' lang='lat' dir='ltr'><strong>venerunt</strong></span> <span class='ocrx_word' id='word_1_72' title='bbox 2022 1104 2095 1159; x_wconf 91' lang='lat' dir='ltr'><strong>ita</strong></span> <span class='ocrx_word' id='word_1_73' title='bbox 2134 1104 2192 1158; x_wconf 88' lang='lat' dir='ltr'><strong>in</strong></span> 
     </span>
    </p>
   </div>
   <div class='ocr_carea' id='block_1_12' title="bbox 599 1197 2190 1267">
    <p class='ocr_par' dir='ltr' id='par_1_12' title="bbox 599 1197 2190 1267">
     <span class='ocr_line' id='line_1_12' title="bbox 599 1197 2190 1267; baseline 0.003 -17"><span class='ocrx_word' id='word_1_74' title='bbox 599 1210 839 1250; x_wconf 86' lang='lat' dir='ltr'><strong>eremum</strong></span> <span class='ocrx_word' id='word_1_75' title='bbox 895 1215 907 1248; x_wconf 86' lang='lat'>:</span> <span class='ocrx_word' id='word_1_76' title='bbox 963 1214 1255 1267; x_wconf 82' lang='lat' dir='ltr'><strong>rursusque</strong></span> <span class='ocrx_word' id='word_1_77' title='bbox 1290 1200 1611 1254; x_wconf 79' lang='lat' dir='ltr'><strong>Frontonius</strong></span> <span class='ocrx_word' id='word_1_78' title='bbox 1662 1200 1735 1254; x_wconf 92' lang='lat' dir='ltr'><strong>ait</strong></span> <span class='ocrx_word' id='word_1_79' title='bbox 1773 1216 1789 1255; x_wconf 89' lang='lat'><strong>:</strong></span> <span class='ocrx_word' id='word_1_80' title='bbox 1832 1199 2086 1254; x_wconf 87' lang='lat' dir='ltr'><strong>Dominus</strong></span> <span class='ocrx_word' id='word_1_81' title='bbox 2134 1197 2190 1255; x_wconf 86' lang='lat' dir='ltr'><strong>in</strong></span> 
     </span>
    </p>
   </div>
   <div class='ocr_carea' id='block_1_13' title="bbox 599 1288 2192 1363">
    <p class='ocr_par' dir='ltr' id='par_1_13' title="bbox 599 1288 2192 1363">
     <span class='ocr_line' id='line_1_13' title="bbox 599 1288 2192 1363; baseline 0.004 -20"><span class='ocrx_word' id='word_1_82' title='bbox 599 1288 898 1359; x_wconf 82' lang='lat' dir='ltr'><strong>Evangelio</strong></span> <span class='ocrx_word' id='word_1_83' title='bbox 928 1293 1000 1345; x_wconf 86' lang='lat' dir='ltr'><strong>ait</strong></span> <span class='ocrx_word' id='word_1_84' title='bbox 1033 1309 1045 1343; x_wconf 90' lang='lat'>:</span> <span class='ocrx_word' id='word_1_85' title='bbox 1078 1293 1252 1348; x_wconf 86' lang='lat' dir='ltr'><strong>Nolite</strong></span> <span class='ocrx_word' id='word_1_86' title='bbox 1278 1295 1515 1362; x_wconf 84' lang='lat' dir='ltr'><strong>cogitare</strong></span> <span class='ocrx_word' id='word_1_87' title='bbox 1544 1293 1668 1363; x_wconf 92' lang='lat' dir='ltr'><strong>quid</strong></span> <span class='ocrx_word' id='word_1_88' title='bbox 1700 1292 2054 1363; x_wconf 89' lang='lat' dir='ltr'><strong>manducetis,</strong></span> <span class='ocrx_word' id='word_1_89' title='bbox 2100 1300 2192 1349; x_wconf 91' lang='lat' dir='ltr'><strong>aut</strong></span> 
     </span>
    </p>
   </div>
   <div class='ocr_carea' id='block_1_14' title="bbox 602 1382 2192 1455">
    <p class='ocr_par' dir='ltr' id='par_1_14' title="bbox 602 1382 2192 1455">
     <span class='ocr_line' id='line_1_14' title="bbox 602 1382 2192 1455; baseline 0.003 -18"><span class='ocrx_word' id='word_1_90' title='bbox 602 1382 730 1452; x_wconf 90' lang='lat' dir='ltr'><strong>quid</strong></span> <span class='ocrx_word' id='word_1_91' title='bbox 772 1384 986 1453; x_wconf 79' lang='lat' dir='ltr'><strong>bibatis,</strong></span> <span class='ocrx_word' id='word_1_92' title='bbox 1020 1396 1109 1439; x_wconf 88' lang='lat' dir='ltr'><strong>aut</strong></span> <span class='ocrx_word' id='word_1_93' title='bbox 1142 1402 1248 1455; x_wconf 90' lang='lat' dir='ltr'><strong>quo</strong></span> <span class='ocrx_word' id='word_1_94' title='bbox 1275 1387 1620 1455; x_wconf 88' lang='lat' dir='ltr'><strong>operiamini;</strong></span> <span class='ocrx_word' id='word_1_95' title='bbox 1670 1387 1783 1441; x_wconf 83' lang='lat' dir='ltr'><strong>haec</strong></span> <span class='ocrx_word' id='word_1_96' title='bbox 1830 1387 1971 1441; x_wconf 89' lang='lat' dir='ltr'><strong>enim</strong></span> <span class='ocrx_word' id='word_1_97' title='bbox 2011 1386 2192 1442; x_wconf 80' lang='lat' dir='ltr'><strong>omnia</strong></span> 
     </span>
    </p>
   </div>
   <div class='ocr_carea' id='block_1_15' title="bbox 598 1477 2188 1549">
    <p class='ocr_par' dir='ltr' id='par_1_15' title="bbox 598 1477 2188 1549">
     <span class='ocr_line' id='line_1_15' title="bbox 598 1477 2188 1549; baseline 0.002 -17"><span class='ocrx_word' id='word_1_98' title='bbox 598 1486 789 1548; x_wconf 87' lang='lat' dir='ltr'><strong>gentes</strong></span> <span class='ocrx_word' id='word_1_99' title='bbox 817 1477 1000 1533; x_wconf 90' lang='lat' dir='ltr'><strong>mundi</strong></span> <span class='ocrx_word' id='word_1_100' title='bbox 1022 1489 1286 1547; x_wconf 53' lang='lat' dir='ltr'><strong>quaerunt.</strong></span> <span class='ocrx_word' id='word_1_101' title='bbox 1312 1480 1542 1546; x_wconf 75' lang='lat' dir='ltr'><strong>Qua-rite</strong></span> <span class='ocrx_word' id='word_1_102' title='bbox 1566 1480 1791 1547; x_wconf 86' lang='lat' dir='ltr'><strong>primum</strong></span> <span class='ocrx_word' id='word_1_103' title='bbox 1818 1495 2038 1549; x_wconf 83' lang='lat' dir='ltr'><strong>regnum</strong></span> <span class='ocrx_word' id='word_1_104' title='bbox 2070 1480 2188 1549; x_wconf 91' lang='lat' dir='ltr'><strong>Dei,</strong></span> 
     </span>
    </p>
   </div>
   <div class='ocr_carea' id='block_1_16' title="bbox 597 1569 2193 1641">
    <p class='ocr_par' dir='ltr' id='par_1_16' title="bbox 597 1569 2193 1641">
     <span class='ocr_line' id='line_1_16' title="bbox 597 1569 2193 1641; baseline 0.001 -17"><span class='ocrx_word' id='word_1_105' title='bbox 597 1576 653 1624; x_wconf 88' lang='lat' dir='ltr'><strong>et</strong></span> <span class='ocrx_word' id='word_1_106' title='bbox 690 1569 950 1636; x_wconf 85' lang='lat' dir='ltr'><strong>justitiam</strong></span> <span class='ocrx_word' id='word_1_107' title='bbox 997 1570 1134 1636; x_wconf 76' lang='lat' dir='ltr'><strong>eius,</strong></span> <span class='ocrx_word' id='word_1_108' title='bbox 1186 1581 1239 1626; x_wconf 93' lang='lat' dir='ltr'><strong>et</strong></span> <span class='ocrx_word' id='word_1_109' title='bbox 1299 1571 1415 1625; x_wconf 79' lang='lat' dir='ltr'><strong>haec</strong></span> <span class='ocrx_word' id='word_1_110' title='bbox 1465 1572 1644 1626; x_wconf 86' lang='lat' dir='ltr'><strong>omnia</strong></span> <span class='ocrx_word' id='word_1_111' title='bbox 1679 1572 1999 1641; x_wconf 72' lang='lat' dir='ltr'><strong>adjiciantur</strong></span> <span class='ocrx_word' id='word_1_112' title='bbox 2041 1572 2193 1626; x_wconf 81' lang='lat' dir='ltr'><strong>vobis</strong></span> 
     </span>
    </p>
   </div>
   <div class='ocr_carea' id='block_1_17' title="bbox 598 1659 2190 1732">
    <p class='ocr_par' dir='ltr' id='par_1_17' title="bbox 598 1659 2190 1732">
     <span class='ocr_line' id='line_1_17' title="bbox 598 1659 2190 1732; baseline 0.003 -19"><span class='ocrx_word' id='word_1_113' title='bbox 598 1659 813 1732; x_wconf 77' lang='lat' dir='ltr'><strong>(Matth.</strong></span> <span class='ocrx_word' id='word_1_114' title='bbox 845 1662 940 1732; x_wconf 81' lang='lat' dir='ltr'><strong>vi).</strong></span> <span class='ocrx_word' id='word_1_115' title='bbox 970 1662 1268 1719; x_wconf 88' lang='lat' dir='ltr'><strong>Teneamus</strong></span> <span class='ocrx_word' id='word_1_116' title='bbox 1299 1664 1641 1732; x_wconf 88' lang='lat' dir='ltr'><strong>promissum,</strong></span> <span class='ocrx_word' id='word_1_117' title='bbox 1675 1675 1727 1719; x_wconf 93' lang='lat' dir='ltr'><strong>et</strong></span> <span class='ocrx_word' id='word_1_118' title='bbox 1765 1666 2099 1720; x_wconf 89' lang='lat' dir='ltr'><strong>inveniemus</strong></span> <span class='ocrx_word' id='word_1_119' title='bbox 2137 1663 2190 1718; x_wconf 92' lang='lat' dir='ltr'><strong>in</strong></span> 
     </span>
    </p>
   </div>
   <div class='ocr_carea' id='block_1_18' title="bbox 601 1752 2191 1825">
    <p class='ocr_par' dir='ltr' id='par_1_18' title="bbox 601 1752 2191 1825">
     <span class='ocr_line' id='line_1_18' title="bbox 601 1752 2191 1825; baseline 0.001 -18"><span class='ocrx_word' id='word_1_120' title='bbox 601 1752 758 1807; x_wconf 83' lang='lat' dir='ltr'><strong>nobis</strong></span> <span class='ocrx_word' id='word_1_121' title='bbox 786 1768 919 1822; x_wconf 91' lang='lat' dir='ltr'><strong>opus</strong></span> <span class='ocrx_word' id='word_1_122' title='bbox 951 1754 1159 1809; x_wconf 89' lang='lat' dir='ltr'><strong>Domini</strong></span> <span class='ocrx_word' id='word_1_123' title='bbox 1184 1765 1581 1810; x_wconf 89' lang='lat' dir='ltr'><strong>conservatum.</strong></span> <span class='ocrx_word' id='word_1_124' title='bbox 1615 1754 1815 1811; x_wconf 90' lang='lat' dir='ltr'><strong>Omnes</strong></span> <span class='ocrx_word' id='word_1_125' title='bbox 1837 1772 1962 1825; x_wconf 88' lang='lat' dir='ltr'><strong>ergo</strong></span> <span class='ocrx_word' id='word_1_126' title='bbox 1987 1755 2191 1809; x_wconf 83' lang='lat' dir='ltr'><strong>habita-</strong></span> 
     </span>
    </p>
   </div>
   <div class='ocr_carea' id='block_1_19' title="bbox 2288 527 3874 614">
    <p class='ocr_par' dir='ltr' id='par_1_19' title="bbox 2288 527 3874 614">
     <span class='ocr_line' id='line_1_19' title="bbox 2288 527 3874 614; baseline 0.006 -17"><span class='ocrx_word' id='word_1_127' title='bbox 2288 560 2391 614; x_wconf 91' lang='lat' dir='ltr'><strong>que</strong></span> <span class='ocrx_word' id='word_1_128' title='bbox 2418 543 2631 598; x_wconf 82' lang='lat' dir='ltr'><strong>assidue</strong></span> <span class='ocrx_word' id='word_1_129' title='bbox 2661 543 2911 599; x_wconf 84' lang='lat' dir='ltr'><strong>orantes?</strong></span> <span class='ocrx_word' id='word_1_130' title='bbox 2939 544 3095 600; x_wconf 86' lang='lat' dir='ltr'><strong>Certe</strong></span> <span class='ocrx_word' id='word_1_131' title='bbox 3124 546 3167 599; x_wconf 91' lang='lat' dir='ltr'><strong>si</strong></span> <span class='ocrx_word' id='word_1_132' title='bbox 3229 527 3395 601; x_wconf 38' lang='lat' dir='ltr'><strong>fame.</strong></span> <span class='ocrx_word' id='word_1_133' title='bbox 3416 544 3778 605; x_wconf 89' lang='lat' dir='ltr'><strong>defecerimus</strong></span> <span class='ocrx_word' id='word_1_134' title='bbox 3825 550 3874 607; x_wconf 91' lang='lat' dir='ltr'><strong>in</strong></span> 
     </span>
    </p>
   </div>
   <div class='ocr_carea' id='block_1_20' title="bbox 2290 634 3877 707">
    <p class='ocr_par' dir='ltr' id='par_1_20' title="bbox 2290 634 3877 707">
     <span class='ocr_line' id='line_1_20' title="bbox 2290 634 3877 707; baseline 0.004 -19"><span class='ocrx_word' id='word_1_135' title='bbox 2290 649 2495 698; x_wconf 90' lang='lat' dir='ltr'><strong>eremo,</strong></span> <span class='ocrx_word' id='word_1_136' title='bbox 2527 648 2625 688; x_wconf 91' lang='lat' dir='ltr'><strong>nos</strong></span> <span class='ocrx_word' id='word_1_137' title='bbox 2657 634 2939 689; x_wconf 91' lang='lat' dir='ltr'><strong>Dominum</strong></span> <span class='ocrx_word' id='word_1_138' title='bbox 2969 649 3311 700; x_wconf 86' lang='lat' dir='ltr'><strong>accusemus,</strong></span> <span class='ocrx_word' id='word_1_139' title='bbox 3341 643 3399 693; x_wconf 87' lang='lat' dir='ltr'><strong>et</strong></span> <span class='ocrx_word' id='word_1_140' title='bbox 3448 638 3877 707; x_wconf 89' lang='lat' dir='ltr'><strong>improperemus</strong></span> 
     </span>
    </p>
   </div>
   <div class='ocr_carea' id='block_1_21' title="bbox 2288 726 3877 796">
    <p class='ocr_par' dir='ltr' id='par_1_21' title="bbox 2288 726 3877 796">
     <span class='ocr_line' id='line_1_21' title="bbox 2288 726 3877 796; baseline 0.001 -13"><span class='ocrx_word' id='word_1_141' title='bbox 2288 728 2362 793; x_wconf 89' lang='lat' dir='ltr'><strong>ei,</strong></span> <span class='ocrx_word' id='word_1_142' title='bbox 2390 742 2511 781; x_wconf 88' lang='lat' dir='ltr'><strong>cum</strong></span> <span class='ocrx_word' id='word_1_143' title='bbox 2541 726 2606 781; x_wconf 92' lang='lat' dir='ltr'><strong>ad</strong></span> <span class='ocrx_word' id='word_1_144' title='bbox 2640 728 2813 796; x_wconf 90' lang='lat' dir='ltr'><strong>ipsum</strong></span> <span class='ocrx_word' id='word_1_145' title='bbox 2863 726 3171 782; x_wconf 89' lang='lat' dir='ltr'><strong>venerimus</strong></span> <span class='ocrx_word' id='word_1_146' title='bbox 3222 727 3464 783; x_wconf 86' lang='lat' dir='ltr'><strong>dicentes</strong></span> <span class='ocrx_word' id='word_1_147' title='bbox 3496 744 3510 782; x_wconf 90' lang='lat'><strong>:</strong></span> <span class='ocrx_word' id='word_1_148' title='bbox 3541 727 3877 785; x_wconf 82' lang='lat' dir='ltr'><strong>Credidimus</strong></span> 
     </span>
    </p>
   </div>
   <div class='ocr_carea' id='block_1_22' title="bbox 2292 816 3880 889">
    <p class='ocr_par' dir='ltr' id='par_1_22' title="bbox 2292 816 3880 889">
     <span class='ocr_line' id='line_1_22' title="bbox 2292 816 3880 889; baseline 0 -12"><span class='ocrx_word' id='word_1_149' title='bbox 2292 819 2582 889; x_wconf 90' lang='lat' dir='ltr'><strong>Evangelio</strong></span> <span class='ocrx_word' id='word_1_150' title='bbox 2634 827 2749 885; x_wconf 90' lang='lat' dir='ltr'><strong>tuo,</strong></span> <span class='ocrx_word' id='word_1_151' title='bbox 2797 817 2887 873; x_wconf 92' lang='lat' dir='ltr'><strong>ubi</strong></span> <span class='ocrx_word' id='word_1_152' title='bbox 2913 816 3096 873; x_wconf 80' lang='lat' dir='ltr'><strong>dixisti</strong></span> <span class='ocrx_word' id='word_1_153' title='bbox 3124 819 3264 889; x_wconf 91' lang='lat' dir='ltr'><strong>quod</strong></span> <span class='ocrx_word' id='word_1_154' title='bbox 3296 820 3575 875; x_wconf 87' lang='lat' dir='ltr'><strong>universos</strong></span> <span class='ocrx_word' id='word_1_155' title='bbox 3602 820 3655 875; x_wconf 90' lang='lat' dir='ltr'><strong>in</strong></span> <span class='ocrx_word' id='word_1_156' title='bbox 3684 831 3737 876; x_wconf 91' lang='lat' dir='ltr'><strong>te</strong></span> <span class='ocrx_word' id='word_1_157' title='bbox 3762 836 3880 878; x_wconf 85' lang='lat' dir='ltr'><strong>cre-</strong></span> 
     </span>
    </p>
   </div>
   <div class='ocr_carea' id='block_1_23' title="bbox 2291 909 3881 984">
    <p class='ocr_par' dir='ltr' id='par_1_23' title="bbox 2291 909 3881 984">
     <span class='ocr_line' id='line_1_23' title="bbox 2291 909 3881 984; baseline 0.003 -18"><span class='ocrx_word' id='word_1_158' title='bbox 2291 912 2480 966; x_wconf 89' lang='lat' dir='ltr'><strong>dentes</strong></span> <span class='ocrx_word' id='word_1_159' title='bbox 2528 910 2652 966; x_wconf 68' lang='lat' dir='ltr'><strong>coali</strong></span> <span class='ocrx_word' id='word_1_160' title='bbox 2702 909 2895 980; x_wconf 87' lang='lat' dir='ltr'><strong>pabulo</strong></span> <span class='ocrx_word' id='word_1_161' title='bbox 2956 924 3143 979; x_wconf 85' lang='lat' dir='ltr'><strong>pasces</strong></span> <span class='ocrx_word' id='word_1_162' title='bbox 3194 927 3208 963; x_wconf 89' lang='lat'><strong>:</strong></span> <span class='ocrx_word' id='word_1_163' title='bbox 3256 910 3479 967; x_wconf 82' lang='lat' dir='ltr'><strong>fecimus</strong></span> <span class='ocrx_word' id='word_1_164' title='bbox 3523 921 3713 967; x_wconf 88' lang='lat' dir='ltr'><strong>cuncta</strong></span> <span class='ocrx_word' id='word_1_165' title='bbox 3764 928 3881 984; x_wconf 70' lang='lat' dir='ltr'><strong>qua:</strong></span> 
     </span>
    </p>
   </div>
   <div class='ocr_carea' id='block_1_24' title="bbox 2292 1002 3879 1075">
    <p class='ocr_par' dir='ltr' id='par_1_24' title="bbox 2292 1002 3879 1075">
     <span class='ocr_line' id='line_1_24' title="bbox 2292 1002 3879 1075; baseline 0.003 -18"><span class='ocrx_word' id='word_1_166' title='bbox 2292 1002 2615 1073; x_wconf 80' lang='lat' dir='ltr'><strong>praecepisti,</strong></span> <span class='ocrx_word' id='word_1_167' title='bbox 2647 1002 2981 1071; x_wconf 86' lang='lat' dir='ltr'><strong>speravimus</strong></span> <span class='ocrx_word' id='word_1_168' title='bbox 3008 1002 3063 1057; x_wconf 91' lang='lat' dir='ltr'><strong>in</strong></span> <span class='ocrx_word' id='word_1_169' title='bbox 3110 1012 3183 1068; x_wconf 89' lang='lat' dir='ltr'><strong>te,</strong></span> <span class='ocrx_word' id='word_1_170' title='bbox 3214 1012 3272 1059; x_wconf 81' lang='lat' dir='ltr'><strong>et</strong></span> <span class='ocrx_word' id='word_1_171' title='bbox 3320 1013 3373 1058; x_wconf 92' lang='lat' dir='ltr'><strong>tu</strong></span> <span class='ocrx_word' id='word_1_172' title='bbox 3420 1018 3518 1059; x_wconf 89' lang='lat' dir='ltr'><strong>nos</strong></span> <span class='ocrx_word' id='word_1_173' title='bbox 3563 1004 3879 1075; x_wconf 79' lang='lat' dir='ltr'><strong>despexisti.</strong></span> 
     </span>
    </p>
   </div>
   <div class='ocr_carea' id='block_1_25' title="bbox 2292 1095 3878 1168">
    <p class='ocr_par' dir='ltr' id='par_1_25' title="bbox 2292 1095 3878 1168">
     <span class='ocr_line' id='line_1_25' title="bbox 2292 1095 3878 1168; baseline 0.001 -14"><span class='ocrx_word' id='word_1_174' title='bbox 2292 1097 2395 1154; x_wconf 87' lang='lat' dir='ltr'><strong>Sed</strong></span> <span class='ocrx_word' id='word_1_175' title='bbox 2419 1097 2538 1168; x_wconf 87' lang='lat' dir='ltr'><strong>quia</strong></span> <span class='ocrx_word' id='word_1_176' title='bbox 2567 1095 2637 1152; x_wconf 90' lang='lat' dir='ltr'><strong>ibi</strong></span> <span class='ocrx_word' id='word_1_177' title='bbox 2663 1111 2761 1152; x_wconf 90' lang='lat' dir='ltr'><strong>nos</strong></span> <span class='ocrx_word' id='word_1_178' title='bbox 2785 1097 3044 1166; x_wconf 81' lang='lat' dir='ltr'><strong>probasti,</strong></span> <span class='ocrx_word' id='word_1_179' title='bbox 3074 1096 3159 1153; x_wconf 83' lang='lat' dir='ltr'><strong>hic</strong></span> <span class='ocrx_word' id='word_1_180' title='bbox 3187 1098 3379 1168; x_wconf 88' lang='lat' dir='ltr'><strong>magis,</strong></span> <span class='ocrx_word' id='word_1_181' title='bbox 3411 1108 3471 1154; x_wconf 91' lang='lat' dir='ltr'><strong>ut</strong></span> <span class='ocrx_word' id='word_1_182' title='bbox 3495 1098 3690 1167; x_wconf 88' lang='lat' dir='ltr'><strong>probes</strong></span> <span class='ocrx_word' id='word_1_183' title='bbox 3735 1100 3878 1156; x_wconf 90' lang='lat' dir='ltr'><strong>veri-</strong></span> 
     </span>
    </p>
   </div>
   <div class='ocr_carea' id='block_1_26' title="bbox 2294 1189 3882 1262">
    <p class='ocr_par' dir='ltr' id='par_1_26' title="bbox 2294 1189 3882 1262">
     <span class='ocr_line' id='line_1_26' title="bbox 2294 1189 3882 1262; baseline 0.001 -16"><span class='ocrx_word' id='word_1_184' title='bbox 2294 1202 2480 1256; x_wconf 90' lang='lat' dir='ltr'><strong>tatem,</strong></span> <span class='ocrx_word' id='word_1_185' title='bbox 2512 1189 2677 1245; x_wconf 84' lang='lat' dir='ltr'><strong>redde</strong></span> <span class='ocrx_word' id='word_1_186' title='bbox 2703 1190 2846 1262; x_wconf 91' lang='lat' dir='ltr'><strong>quod</strong></span> <span class='ocrx_word' id='word_1_187' title='bbox 2878 1190 3193 1260; x_wconf 89' lang='lat' dir='ltr'><strong>promisisti.</strong></span> <span class='ocrx_word' id='word_1_188' title='bbox 3244 1190 3421 1246; x_wconf 84' lang='lat' dir='ltr'><strong>Nolite</strong></span> <span class='ocrx_word' id='word_1_189' title='bbox 3464 1206 3593 1261; x_wconf 86' lang='lat' dir='ltr'><strong>ergo</strong></span> <span class='ocrx_word' id='word_1_190' title='bbox 3642 1208 3882 1248; x_wconf 90' lang='lat' dir='ltr'><strong>murmu-</strong></span> 
     </span>
    </p>
   </div>
   <div class='ocr_carea' id='block_1_27' title="bbox 2293 1282 3877 1353">
    <p class='ocr_par' dir='ltr' id='par_1_27' title="bbox 2293 1282 3877 1353">
     <span class='ocr_line' id='line_1_27' title="bbox 2293 1282 3877 1353; baseline 0 -13"><span class='ocrx_word' id='word_1_191' title='bbox 2293 1300 2413 1340; x_wconf 88' lang='lat' dir='ltr'><strong>rare</strong></span> <span class='ocrx_word' id='word_1_192' title='bbox 2442 1282 2697 1339; x_wconf 87' lang='lat' dir='ltr'><strong>adversus</strong></span> <span class='ocrx_word' id='word_1_193' title='bbox 2746 1282 2939 1351; x_wconf 91' lang='lat' dir='ltr'><strong>Deum,</strong></span> <span class='ocrx_word' id='word_1_194' title='bbox 2967 1298 3034 1337; x_wconf 93' lang='lat' dir='ltr'><strong>ne</strong></span> <span class='ocrx_word' id='word_1_195' title='bbox 3064 1292 3483 1351; x_wconf 88' lang='lat' dir='ltr'><strong>murmurantes,</strong></span> <span class='ocrx_word' id='word_1_196' title='bbox 3526 1283 3666 1338; x_wconf 87' lang='lat' dir='ltr'><strong>sicut</strong></span> <span class='ocrx_word' id='word_1_197' title='bbox 3695 1292 3877 1353; x_wconf 83' lang='lat' dir='ltr'><strong>patres</strong></span> 
     </span>
    </p>
   </div>
   <div class='ocr_carea' id='block_1_28' title="bbox 2295 1372 3882 1442">
    <p class='ocr_par' dir='ltr' id='par_1_28' title="bbox 2295 1372 3882 1442">
     <span class='ocr_line' id='line_1_28' title="bbox 2295 1372 3882 1442; baseline 0.001 -12"><span class='ocrx_word' id='word_1_198' title='bbox 2295 1376 2464 1431; x_wconf 89' lang='lat' dir='ltr'><strong>nostri</strong></span> <span class='ocrx_word' id='word_1_199' title='bbox 2490 1376 2541 1429; x_wconf 91' lang='lat' dir='ltr'><strong>in</strong></span> <span class='ocrx_word' id='word_1_200' title='bbox 2573 1376 2673 1428; x_wconf 89' lang='lat' dir='ltr'><strong>hoc</strong></span> <span class='ocrx_word' id='word_1_201' title='bbox 2703 1372 2938 1437; x_wconf 90' lang='lat' dir='ltr'><strong>deserto,</strong></span> <span class='ocrx_word' id='word_1_202' title='bbox 2973 1388 2999 1424; x_wconf 90' lang='lat' dir='ltr'><strong>a</strong></span> <span class='ocrx_word' id='word_1_203' title='bbox 3030 1372 3372 1442; x_wconf 90' lang='lat' dir='ltr'><strong>serpentibus</strong></span> <span class='ocrx_word' id='word_1_204' title='bbox 3421 1374 3672 1442; x_wconf 87' lang='lat' dir='ltr'><strong>pereatis.</strong></span> <span class='ocrx_word' id='word_1_205' title='bbox 3725 1373 3882 1442; x_wconf 85' lang='lat' dir='ltr'><strong>Quod</strong></span> 
     </span>
    </p>
   </div>
   <div class='ocr_carea' id='block_1_29' title="bbox 2295 1462 3886 1537">
    <p class='ocr_par' dir='ltr' id='par_1_29' title="bbox 2295 1462 3886 1537">
     <span class='ocr_line' id='line_1_29' title="bbox 2295 1462 3886 1537; baseline -0.001 -14"><span class='ocrx_word' id='word_1_206' title='bbox 2295 1469 2340 1523; x_wconf 87' lang='lat' dir='ltr'><strong>si</strong></span> <span class='ocrx_word' id='word_1_207' title='bbox 2384 1466 2794 1537; x_wconf 79' lang='lat' dir='ltr'><strong>expectaveritis</strong></span> <span class='ocrx_word' id='word_1_208' title='bbox 2844 1464 3149 1531; x_wconf 88' lang='lat' dir='ltr'><strong>Dominum,</strong></span> <span class='ocrx_word' id='word_1_209' title='bbox 3176 1462 3387 1532; x_wconf 88' lang='lat' dir='ltr'><strong>quando</strong></span> <span class='ocrx_word' id='word_1_210' title='bbox 3437 1463 3684 1530; x_wconf 89' lang='lat' dir='ltr'><strong>voluerit,</strong></span> <span class='ocrx_word' id='word_1_211' title='bbox 3736 1463 3886 1521; x_wconf 86' lang='lat' dir='ltr'><strong>dabit</strong></span> 
     </span>
    </p>
   </div>
   <div class='ocr_carea' id='block_1_30' title="bbox 2296 1553 3887 1623">
    <p class='ocr_par' dir='ltr' id='par_1_30' title="bbox 2296 1553 3887 1623">
     <span class='ocr_line' id='line_1_30' title="bbox 2296 1553 3887 1623; baseline -0.002 -10"><span class='ocrx_word' id='word_1_212' title='bbox 2296 1559 2431 1613; x_wconf 89' lang='lat' dir='ltr'><strong>bona</strong></span> <span class='ocrx_word' id='word_1_213' title='bbox 2465 1556 2776 1613; x_wconf 89' lang='lat' dir='ltr'><strong>timentibus</strong></span> <span class='ocrx_word' id='word_1_214' title='bbox 2806 1569 2885 1610; x_wconf 90' lang='lat' dir='ltr'><strong>se.</strong></span> <span class='ocrx_word' id='word_1_215' title='bbox 2920 1554 3037 1621; x_wconf 89' lang='lat' dir='ltr'><strong>Quo</strong></span> <span class='ocrx_word' id='word_1_216' title='bbox 3067 1554 3235 1622; x_wconf 90' lang='lat' dir='ltr'><strong>dicto,</strong></span> <span class='ocrx_word' id='word_1_217' title='bbox 3258 1553 3524 1609; x_wconf 89' lang='lat' dir='ltr'><strong>siluerunt</strong></span> <span class='ocrx_word' id='word_1_218' title='bbox 3547 1568 3736 1610; x_wconf 90' lang='lat' dir='ltr'><strong>omnes</strong></span> <span class='ocrx_word' id='word_1_219' title='bbox 3758 1570 3887 1623; x_wconf 82' lang='lat' dir='ltr'><strong>pau-</strong></span> 
     </span>
    </p>
   </div>
   <div class='ocr_carea' id='block_1_31' title="bbox 2293 1644 3887 1704">
    <p class='ocr_par' dir='ltr' id='par_1_31' title="bbox 2293 1644 3887 1704">
     <span class='ocr_line' id='line_1_31' title="bbox 2293 1644 3887 1704; baseline -0.001 0"><span class='ocrx_word' id='word_1_220' title='bbox 2293 1648 2458 1704; x_wconf 88' lang='lat' dir='ltr'><strong>lulum</strong></span> <span class='ocrx_word' id='word_1_221' title='bbox 2487 1662 2516 1701; x_wconf 88' lang='lat' dir='ltr'><strong>a</strong></span> <span class='ocrx_word' id='word_1_222' title='bbox 2549 1645 2970 1702; x_wconf 88' lang='lat' dir='ltr'><strong>murmuratione</strong></span> <span class='ocrx_word' id='word_1_223' title='bbox 2998 1657 3093 1698; x_wconf 90' lang='lat' dir='ltr'><strong>sua</strong></span> <span class='ocrx_word' id='word_1_224' title='bbox 3129 1661 3140 1695; x_wconf 93' lang='lat'><strong>:</strong></span> <span class='ocrx_word' id='word_1_225' title='bbox 3175 1651 3331 1698; x_wconf 89' lang='lat' dir='ltr'><strong>erant</strong></span> <span class='ocrx_word' id='word_1_226' title='bbox 3358 1652 3536 1698; x_wconf 88' lang='lat' dir='ltr'><strong>tamen</strong></span> <span class='ocrx_word' id='word_1_227' title='bbox 3567 1644 3621 1699; x_wconf 89' lang='lat' dir='ltr'><strong>in</strong></span> <span class='ocrx_word' id='word_1_228' title='bbox 3650 1658 3887 1703; x_wconf 67' lang='lat' dir='ltr'><strong>maerore</strong></span> 
     </span>
    </p>
   </div>
   <div class='ocr_carea' id='block_1_32' title="bbox 2296 1739 2522 1810">
    <p class='ocr_par' dir='ltr' id='par_1_32' title="bbox 2296 1739 2522 1810">
     <span class='ocr_line' id='line_1_32' title="bbox 2296 1739 2522 1810; baseline -0.018 -15"><span class='ocrx_word' id='word_1_229' title='bbox 2296 1739 2474 1810; x_wconf 85' lang='lat' dir='ltr'><strong>positi.</strong></span> <span class='ocrx_word' id='word_1_230' title='bbox 2514 1740 2522 1747; x_wconf 84' lang='lat'><strong>&#39;</strong></span> 
     </span>
    </p>
   </div>
   <div class='ocr_carea' id='block_1_33' title="bbox 597 1828 2186 1917">
    <p class='ocr_par' dir='ltr' id='par_1_33' title="bbox 597 1841 2186 1917">
     <span class='ocr_line' id='line_1_33' title="bbox 597 1841 2186 1917; baseline 0.003 -20"><span class='ocrx_word' id='word_1_231' title='bbox 597 1841 729 1898; x_wconf 73' lang='lat' dir='ltr'><strong>bant</strong></span> <span class='ocrx_word' id='word_1_232' title='bbox 757 1844 810 1899; x_wconf 88' lang='lat' dir='ltr'><strong>in</strong></span> <span class='ocrx_word' id='word_1_233' title='bbox 841 1861 1043 1913; x_wconf 90' lang='lat' dir='ltr'><strong>eremo,</strong></span> <span class='ocrx_word' id='word_1_234' title='bbox 1071 1847 1122 1900; x_wconf 92' lang='lat' dir='ltr'><strong>in</strong></span> <span class='ocrx_word' id='word_1_235' title='bbox 1147 1861 1309 1915; x_wconf 85' lang='lat' dir='ltr'><strong>Opere</strong></span> <span class='ocrx_word' id='word_1_236' title='bbox 1332 1848 1540 1902; x_wconf 91' lang='lat' dir='ltr'><strong>Domini</strong></span> <span class='ocrx_word' id='word_1_237' title='bbox 1564 1847 1765 1917; x_wconf 88' lang='lat' dir='ltr'><strong>jugiter</strong></span> <span class='ocrx_word' id='word_1_238' title='bbox 1788 1848 2113 1913; x_wconf 88' lang='lat' dir='ltr'><strong>laborantes,</strong></span> <span class='ocrx_word' id='word_1_239' title='bbox 2137 1857 2186 1903; x_wconf 86' lang='lat' dir='ltr'><strong>et</strong></span> 
     </span>
    </p>
   </div>
   <div class='ocr_carea' id='block_1_34' title="bbox 2290 1828 3889 1917">
    <p class='ocr_par' dir='ltr' id='par_1_34' title="bbox 2368 1828 3889 1901">
     <span class='ocr_line' id='line_1_34' title="bbox 2368 1828 3889 1901; baseline 0 -15"><span class='ocrx_word' id='word_1_240' title='bbox 2368 1830 2498 1887; x_wconf 62' lang='lat' dir='ltr'><strong>Car.</strong></span> <span class='ocrx_word' id='word_1_241' title='bbox 2532 1831 2621 1887; x_wconf 83' lang='lat' dir='ltr'><strong>IV.</strong></span> <span class='ocrx_word' id='word_1_242' title='bbox 2652 1860 2723 1872; x_wconf 87' lang='lat'><strong>-—-</strong></span> <span class='ocrx_word' id='word_1_243' title='bbox 2750 1828 2863 1901; x_wconf 85' lang='lat' dir='ltr'><strong>Ego</strong></span> <span class='ocrx_word' id='word_1_244' title='bbox 2894 1843 3021 1885; x_wconf 89' lang='lat' dir='ltr'><strong>vero</strong></span> <span class='ocrx_word' id='word_1_245' title='bbox 3070 1828 3329 1899; x_wconf 86' lang='lat' dir='ltr'><strong>proposui</strong></span> <span class='ocrx_word' id='word_1_246' title='bbox 3373 1828 3625 1884; x_wconf 88' lang='lat' dir='ltr'><strong>universa</strong></span> <span class='ocrx_word' id='word_1_247' title='bbox 3651 1828 3889 1886; x_wconf 78' lang='lat' dir='ltr'><strong>breviter</strong></span> 
     </span>
    </p>
   </div>
   <div class='ocr_carea' id='block_1_35' title="bbox 599 1937 2187 2013">
    <p class='ocr_par' dir='ltr' id='par_1_35' title="bbox 599 1937 2187 2013">
     <span class='ocr_line' id='line_1_35' title="bbox 599 1937 2187 2013; baseline 0.004 -20"><span class='ocrx_word' id='word_1_248' title='bbox 599 1937 654 1993; x_wconf 86' lang='lat' dir='ltr'><strong>ln</strong></span> <span class='ocrx_word' id='word_1_249' title='bbox 684 1954 853 2009; x_wconf 86' lang='lat' dir='ltr'><strong>agone</strong></span> <span class='ocrx_word' id='word_1_250' title='bbox 879 1941 1143 2010; x_wconf 79' lang='lat' dir='ltr'><strong>spirituali</strong></span> <span class='ocrx_word' id='word_1_251' title='bbox 1180 1942 1551 2012; x_wconf 84' lang='lat' dir='ltr'><strong>proficientes;</strong></span> <span class='ocrx_word' id='word_1_252' title='bbox 1584 1943 1871 2013; x_wconf 87' lang='lat' dir='ltr'><strong>adjuvabat</strong></span> <span class='ocrx_word' id='word_1_253' title='bbox 1911 1944 2051 1998; x_wconf 91' lang='lat' dir='ltr'><strong>enim</strong></span> <span class='ocrx_word' id='word_1_254' title='bbox 2085 1944 2187 1999; x_wconf 85' lang='lat' dir='ltr'><strong>Do-</strong></span> 
     </span>
    </p>
   </div>
   <div class='ocr_carea' id='block_1_36' title="bbox 592 2035 2189 2106">
    <p class='ocr_par' dir='ltr' id='par_1_36' title="bbox 592 2035 2189 2106">
     <span class='ocr_line' id='line_1_36' title="bbox 592 2035 2189 2106; baseline 0.003 -19"><span class='ocrx_word' id='word_1_255' title='bbox 592 2035 778 2089; x_wconf 82' lang='lat' dir='ltr'><strong>minus</strong></span> <span class='ocrx_word' id='word_1_256' title='bbox 810 2051 995 2091; x_wconf 85' lang='lat' dir='ltr'><strong>servos</strong></span> <span class='ocrx_word' id='word_1_257' title='bbox 1024 2052 1169 2091; x_wconf 91' lang='lat' dir='ltr'><strong>suos.</strong></span> <span class='ocrx_word' id='word_1_258' title='bbox 1207 2038 1325 2106; x_wconf 89' lang='lat' dir='ltr'><strong>Ipse</strong></span> <span class='ocrx_word' id='word_1_259' title='bbox 1356 2052 1487 2093; x_wconf 89' lang='lat' dir='ltr'><strong>vero</strong></span> <span class='ocrx_word' id='word_1_260' title='bbox 1515 2037 1842 2092; x_wconf 86' lang='lat' dir='ltr'><strong>Frontonius</strong></span> <span class='ocrx_word' id='word_1_261' title='bbox 1873 2052 1978 2091; x_wconf 90' lang='lat' dir='ltr'><strong>non</strong></span> <span class='ocrx_word' id='word_1_262' title='bbox 2009 2052 2105 2106; x_wconf 91' lang='lat' dir='ltr'><strong>pro</strong></span> <span class='ocrx_word' id='word_1_263' title='bbox 2131 2052 2189 2093; x_wconf 88' lang='lat' dir='ltr'><strong>se</strong></span> 
     </span>
    </p>
   </div>
   <div class='ocr_carea' id='block_1_37' title="bbox 599 2130 2183 2199">
    <p class='ocr_par' dir='ltr' id='par_1_37' title="bbox 599 2130 2183 2199">
     <span class='ocr_line' id='line_1_37' title="bbox 599 2130 2183 2199; baseline 0.001 -17"><span class='ocrx_word' id='word_1_264' title='bbox 599 2135 825 2194; x_wconf 89' lang='lat' dir='ltr'><strong>tantum,</strong></span> <span class='ocrx_word' id='word_1_265' title='bbox 852 2131 943 2183; x_wconf 87' lang='lat' dir='ltr'><strong>sed</strong></span> <span class='ocrx_word' id='word_1_266' title='bbox 972 2146 1068 2199; x_wconf 88' lang='lat' dir='ltr'><strong>pro</strong></span> <span class='ocrx_word' id='word_1_267' title='bbox 1090 2132 1296 2186; x_wconf 90' lang='lat' dir='ltr'><strong>cunctis</strong></span> <span class='ocrx_word' id='word_1_268' title='bbox 1316 2131 1523 2196; x_wconf 87' lang='lat' dir='ltr'><strong>orabat,</strong></span> <span class='ocrx_word' id='word_1_269' title='bbox 1556 2131 1731 2186; x_wconf 88' lang='lat' dir='ltr'><strong>sciens</strong></span> <span class='ocrx_word' id='word_1_270' title='bbox 1755 2130 2010 2199; x_wconf 85' lang='lat' dir='ltr'><strong>scriptum</strong></span> <span class='ocrx_word' id='word_1_271' title='bbox 2036 2146 2183 2186; x_wconf 88' lang='lat' dir='ltr'><strong>esse:</strong></span> 
     </span>
    </p>
   </div>
   <div class='ocr_carea' id='block_1_38' title="bbox 599 2218 2187 2293">
    <p class='ocr_par' dir='ltr' id='par_1_38' title="bbox 599 2218 2187 2293">
     <span class='ocr_line' id='line_1_38' title="bbox 599 2218 2187 2293; baseline 0.003 -19"><span class='ocrx_word' id='word_1_272' title='bbox 599 2218 715 2274; x_wconf 91' lang='lat' dir='ltr'><strong>Non</strong></span> <span class='ocrx_word' id='word_1_273' title='bbox 746 2236 992 2291; x_wconf 76' lang='lat' dir='ltr'><strong>quaerens</strong></span> <span class='ocrx_word' id='word_1_274' title='bbox 1022 2223 1162 2291; x_wconf 92' lang='lat' dir='ltr'><strong>quod</strong></span> <span class='ocrx_word' id='word_1_275' title='bbox 1195 2223 1327 2278; x_wconf 88' lang='lat' dir='ltr'><strong>mihi</strong></span> <span class='ocrx_word' id='word_1_276' title='bbox 1358 2224 1486 2279; x_wconf 90' lang='lat' dir='ltr'><strong>utile</strong></span> <span class='ocrx_word' id='word_1_277' title='bbox 1515 2223 1607 2291; x_wconf 90' lang='lat' dir='ltr'><strong>sit,</strong></span> <span class='ocrx_word' id='word_1_278' title='bbox 1649 2224 1745 2280; x_wconf 91' lang='lat' dir='ltr'><strong>sed</strong></span> <span class='ocrx_word' id='word_1_279' title='bbox 1794 2223 1937 2293; x_wconf 89' lang='lat' dir='ltr'><strong>quod</strong></span> <span class='ocrx_word' id='word_1_280' title='bbox 1980 2223 2187 2290; x_wconf 90' lang='lat' dir='ltr'><strong>multis,</strong></span> 
     </span>
    </p>
   </div>
   <div class='ocr_carea' id='block_1_39' title="bbox 598 2312 1349 2385">
    <p class='ocr_par' dir='ltr' id='par_1_39' title="bbox 598 2312 1349 2385">
     <span class='ocr_line' id='line_1_39' title="bbox 598 2312 1349 2385; baseline 0.005 -20"><span class='ocrx_word' id='word_1_281' title='bbox 598 2321 657 2366; x_wconf 91' lang='lat' dir='ltr'><strong>ut</strong></span> <span class='ocrx_word' id='word_1_282' title='bbox 688 2312 820 2367; x_wconf 87' lang='lat' dir='ltr'><strong>salvi</strong></span> <span class='ocrx_word' id='word_1_283' title='bbox 854 2313 982 2369; x_wconf 85' lang='lat' dir='ltr'><strong>ﬁant</strong></span> <span class='ocrx_word' id='word_1_284' title='bbox 1008 2314 1060 2383; x_wconf 86' lang='grc' dir='ltr'><strong>(Ι</strong></span> <span class='ocrx_word' id='word_1_285' title='bbox 1094 2314 1213 2369; x_wconf 87' lang='lat' dir='ltr'><strong>Cor.</strong></span> <span class='ocrx_word' id='word_1_286' title='bbox 1240 2332 1274 2369; x_wconf 82' lang='lat' dir='ltr'><strong>x</strong></span> <span class='ocrx_word' id='word_1_287' title='bbox 1307 2314 1349 2385; x_wconf 96' lang='lat'><strong>).</strong></span> 
     </span>
    </p>
   </div>
   <div class='ocr_carea' id='block_1_40' title="bbox 664 2402 2191 2479">
    <p class='ocr_par' dir='ltr' id='par_1_40' title="bbox 664 2402 2191 2479">
     <span class='ocr_line' id='line_1_40' title="bbox 664 2402 2191 2479; baseline 0.005 -21"><span class='ocrx_word' id='word_1_288' title='bbox 664 2402 797 2459; x_wconf 64' lang='lat' dir='ltr'><strong>Car.</strong></span> <span class='ocrx_word' id='word_1_289' title='bbox 831 2406 893 2458; x_wconf 92' lang='lat' dir='ltr'><strong>ll.</strong></span> <span class='ocrx_word' id='word_1_290' title='bbox 927 2436 996 2446; x_wconf 90' lang='lat'><strong>—-</strong></span> <span class='ocrx_word' id='word_1_291' title='bbox 1024 2404 1265 2477; x_wconf 87' lang='lat' dir='ltr'><strong>Cumque</strong></span> <span class='ocrx_word' id='word_1_292' title='bbox 1308 2408 1362 2461; x_wconf 90' lang='lat' dir='ltr'><strong>in</strong></span> <span class='ocrx_word' id='word_1_293' title='bbox 1391 2407 1581 2463; x_wconf 89' lang='lat' dir='ltr'><strong>eadem</strong></span> <span class='ocrx_word' id='word_1_294' title='bbox 1611 2422 1797 2463; x_wconf 91' lang='lat' dir='ltr'><strong>eremo</strong></span> <span class='ocrx_word' id='word_1_295' title='bbox 1847 2409 2007 2479; x_wconf 90' lang='lat' dir='ltr'><strong>longo</strong></span> <span class='ocrx_word' id='word_1_296' title='bbox 2054 2418 2191 2465; x_wconf 90' lang='lat' dir='ltr'><strong>tem-</strong></span> 
     </span>
    </p>
   </div>
   <div class='ocr_carea' id='block_1_41' title="bbox 598 2499 2188 2564">
    <p class='ocr_par' dir='ltr' id='par_1_41' title="bbox 598 2499 2188 2564">
     <span class='ocr_line' id='line_1_41' title="bbox 598 2499 2188 2564; baseline 0.005 -15"><span class='ocrx_word' id='word_1_297' title='bbox 598 2510 725 2564; x_wconf 90' lang='lat' dir='ltr'><strong>pore</strong></span> <span class='ocrx_word' id='word_1_298' title='bbox 754 2506 1125 2564; x_wconf 86' lang='lat' dir='ltr'><strong>morarentur,</strong></span> <span class='ocrx_word' id='word_1_299' title='bbox 1155 2508 1363 2553; x_wconf 87' lang='lat' dir='ltr'><strong>tentare</strong></span> <span class='ocrx_word' id='word_1_300' title='bbox 1390 2514 1485 2555; x_wconf 88' lang='lat' dir='ltr'><strong>eos</strong></span> <span class='ocrx_word' id='word_1_301' title='bbox 1534 2499 1874 2556; x_wconf 89' lang='lat' dir='ltr'><strong>adversarius</strong></span> <span class='ocrx_word' id='word_1_302' title='bbox 1922 2502 2188 2557; x_wconf 88' lang='lat' dir='ltr'><strong>Christia-</strong></span> 
     </span>
    </p>
   </div>
   <div class='ocr_carea' id='block_1_42' title="bbox 597 2589 2191 2663">
    <p class='ocr_par' dir='ltr' id='par_1_42' title="bbox 597 2589 2191 2663">
     <span class='ocr_line' id='line_1_42' title="bbox 597 2589 2191 2663; baseline 0.006 -22"><span class='ocrx_word' id='word_1_303' title='bbox 597 2601 791 2642; x_wconf 84' lang='lat' dir='ltr'><strong>norum</strong></span> <span class='ocrx_word' id='word_1_304' title='bbox 822 2589 1008 2658; x_wconf 63' lang='lat' dir='ltr'><strong>carpit,</strong></span> <span class='ocrx_word' id='word_1_305' title='bbox 1039 2599 1095 2643; x_wconf 91' lang='lat' dir='ltr'><strong>ut</strong></span> <span class='ocrx_word' id='word_1_306' title='bbox 1126 2592 1421 2660; x_wconf 82' lang='lat' dir='ltr'><strong>cogitarent</strong></span> <span class='ocrx_word' id='word_1_307' title='bbox 1452 2593 1506 2645; x_wconf 91' lang='lat' dir='ltr'><strong>in</strong></span> <span class='ocrx_word' id='word_1_308' title='bbox 1534 2592 1697 2647; x_wconf 90' lang='lat' dir='ltr'><strong>corde</strong></span> <span class='ocrx_word' id='word_1_309' title='bbox 1744 2608 1843 2648; x_wconf 93' lang='lat' dir='ltr'><strong>suo</strong></span> <span class='ocrx_word' id='word_1_310' title='bbox 1900 2594 2043 2663; x_wconf 92' lang='lat' dir='ltr'><strong>quod</strong></span> <span class='ocrx_word' id='word_1_311' title='bbox 2095 2595 2191 2650; x_wconf 90' lang='lat' dir='ltr'><strong>de-</strong></span> 
     </span>
    </p>
   </div>
   <div class='ocr_carea' id='block_1_43' title="bbox 597 2680 2191 2754">
    <p class='ocr_par' dir='ltr' id='par_1_43' title="bbox 597 2680 2191 2754">
     <span class='ocr_line' id='line_1_43' title="bbox 597 2680 2191 2754; baseline 0.006 -19"><span class='ocrx_word' id='word_1_312' title='bbox 597 2680 840 2735; x_wconf 88' lang='lat' dir='ltr'><strong>buissent</strong></span> <span class='ocrx_word' id='word_1_313' title='bbox 868 2683 921 2736; x_wconf 91' lang='lat' dir='ltr'><strong>in</strong></span> <span class='ocrx_word' id='word_1_314' title='bbox 970 2684 1168 2738; x_wconf 67' lang='lat' dir='ltr'><strong>saeculo</strong></span> <span class='ocrx_word' id='word_1_315' title='bbox 1215 2683 1505 2749; x_wconf 86' lang='lat' dir='ltr'><strong>demorari,</strong></span> <span class='ocrx_word' id='word_1_316' title='bbox 1558 2686 1680 2754; x_wconf 88' lang='lat' dir='ltr'><strong>quia</strong></span> <span class='ocrx_word' id='word_1_317' title='bbox 1726 2686 2191 2743; x_wconf 82' lang='lat' dir='ltr'><strong>Anacboretarum</strong></span> 
     </span>
    </p>
   </div>
   <div class='ocr_carea' id='block_1_44' title="bbox 596 2773 2185 2846">
    <p class='ocr_par' dir='ltr' id='par_1_44' title="bbox 596 2773 2185 2846">
     <span class='ocr_line' id='line_1_44' title="bbox 596 2773 2185 2846; baseline 0.006 -20"><span class='ocrx_word' id='word_1_318' title='bbox 596 2773 701 2827; x_wconf 91' lang='lat' dir='ltr'><strong>vita</strong></span> <span class='ocrx_word' id='word_1_319' title='bbox 747 2773 1030 2829; x_wconf 89' lang='lat' dir='ltr'><strong>durissima</strong></span> <span class='ocrx_word' id='word_1_320' title='bbox 1079 2784 1190 2841; x_wconf 91' lang='lat' dir='ltr'><strong>est,</strong></span> <span class='ocrx_word' id='word_1_321' title='bbox 1244 2785 1296 2831; x_wconf 89' lang='lat' dir='ltr'><strong>et</strong></span> <span class='ocrx_word' id='word_1_322' title='bbox 1342 2792 1502 2831; x_wconf 91' lang='lat' dir='ltr'><strong>nemo</strong></span> <span class='ocrx_word' id='word_1_323' title='bbox 1547 2791 1665 2831; x_wconf 90' lang='lat' dir='ltr'><strong>eam</strong></span> <span class='ocrx_word' id='word_1_324' title='bbox 1715 2786 1892 2846; x_wconf 91' lang='lat' dir='ltr'><strong>potest</strong></span> <span class='ocrx_word' id='word_1_325' title='bbox 1938 2778 2185 2835; x_wconf 77' lang='lat' dir='ltr'><strong>sufferre.</strong></span> 
     </span>
    </p>
   </div>
   <div class='ocr_carea' id='block_1_45' title="bbox 596 2865 2193 2940">
    <p class='ocr_par' dir='ltr' id='par_1_45' title="bbox 596 2865 2193 2940">
     <span class='ocr_line' id='line_1_45' title="bbox 596 2865 2193 2940; baseline 0.005 -21"><span class='ocrx_word' id='word_1_326' title='bbox 596 2865 1000 2921; x_wconf 83' lang='lat' dir='ltr'><strong>Murmuravere</strong></span> <span class='ocrx_word' id='word_1_327' title='bbox 1028 2882 1158 2938; x_wconf 84' lang='lat' dir='ltr'><strong>ergo</strong></span> <span class='ocrx_word' id='word_1_328' title='bbox 1188 2867 1241 2921; x_wconf 92' lang='lat' dir='ltr'><strong>in</strong></span> <span class='ocrx_word' id='word_1_329' title='bbox 1269 2867 1524 2924; x_wconf 88' lang='lat' dir='ltr'><strong>cordibus</strong></span> <span class='ocrx_word' id='word_1_330' title='bbox 1554 2869 1665 2923; x_wconf 91' lang='lat' dir='ltr'><strong>suis</strong></span> <span class='ocrx_word' id='word_1_331' title='bbox 1692 2912 1706 2935; x_wconf 94' lang='lat'><strong>,</strong></span> <span class='ocrx_word' id='word_1_332' title='bbox 1737 2870 1978 2926; x_wconf 85' lang='lat' dir='ltr'><strong>dicentes</strong></span> <span class='ocrx_word' id='word_1_333' title='bbox 2004 2889 2018 2931; x_wconf 82' lang='lat'><strong>;</strong></span> <span class='ocrx_word' id='word_1_334' title='bbox 2053 2871 2193 2940; x_wconf 86' lang='lat' dir='ltr'><strong>Quid</strong></span> 
     </span>
    </p>
   </div>
   <div class='ocr_carea' id='block_1_46' title="bbox 596 2958 2192 3028">
    <p class='ocr_par' dir='ltr' id='par_1_46' title="bbox 596 2958 2192 3028">
     <span class='ocr_line' id='line_1_46' title="bbox 596 2958 2192 3028; baseline 0.006 -16"><span class='ocrx_word' id='word_1_335' title='bbox 596 2964 699 3021; x_wconf 87' lang='lat' dir='ltr'><strong>est,</strong></span> <span class='ocrx_word' id='word_1_336' title='bbox 737 2958 881 3027; x_wconf 90' lang='lat' dir='ltr'><strong>quod</strong></span> <span class='ocrx_word' id='word_1_337' title='bbox 912 2959 1081 3014; x_wconf 90' lang='lat' dir='ltr'><strong>voluit</strong></span> <span class='ocrx_word' id='word_1_338' title='bbox 1112 2961 1269 3015; x_wconf 88' lang='lat' dir='ltr'><strong>Pater</strong></span> <span class='ocrx_word' id='word_1_339' title='bbox 1298 2970 1480 3015; x_wconf 84' lang='lat' dir='ltr'><strong>noster</strong></span> <span class='ocrx_word' id='word_1_340' title='bbox 1508 2961 1856 3028; x_wconf 88' lang='lat' dir='ltr'><strong>Frontonius,</strong></span> <span class='ocrx_word' id='word_1_341' title='bbox 1897 2973 1955 3017; x_wconf 91' lang='lat' dir='ltr'><strong>ut</strong></span> <span class='ocrx_word' id='word_1_342' title='bbox 1985 2964 2192 3021; x_wconf 87' lang='lat' dir='ltr'><strong>habite-</strong></span> 
     </span>
    </p>
   </div>
   <div class='ocr_carea' id='block_1_47' title="bbox 596 3050 2191 3123">
    <p class='ocr_par' dir='ltr' id='par_1_47' title="bbox 596 3050 2191 3123">
     <span class='ocr_line' id='line_1_47' title="bbox 596 3050 2191 3123; baseline 0.007 -20"><span class='ocrx_word' id='word_1_343' title='bbox 596 3064 715 3104; x_wconf 90' lang='lat' dir='ltr'><strong>mus</strong></span> <span class='ocrx_word' id='word_1_344' title='bbox 746 3050 799 3103; x_wconf 91' lang='lat' dir='ltr'><strong>in</strong></span> <span class='ocrx_word' id='word_1_345' title='bbox 831 3052 1052 3106; x_wconf 89' lang='lat' dir='ltr'><strong>eremo?</strong></span> <span class='ocrx_word' id='word_1_346' title='bbox 1078 3050 1327 3122; x_wconf 88' lang='lat' dir='ltr'><strong>Nunquid</strong></span> <span class='ocrx_word' id='word_1_347' title='bbox 1355 3052 1431 3107; x_wconf 88' lang='lat' dir='ltr'><strong>illi</strong></span> <span class='ocrx_word' id='word_1_348' title='bbox 1463 3055 1552 3123; x_wconf 88' lang='lat' dir='ltr'><strong>qui</strong></span> <span class='ocrx_word' id='word_1_349' title='bbox 1584 3055 1637 3109; x_wconf 92' lang='lat' dir='ltr'><strong>in</strong></span> <span class='ocrx_word' id='word_1_350' title='bbox 1670 3055 1889 3111; x_wconf 87' lang='lat' dir='ltr'><strong>urbibus</strong></span> <span class='ocrx_word' id='word_1_351' title='bbox 1920 3064 1974 3111; x_wconf 91' lang='lat' dir='ltr'><strong>et</strong></span> <span class='ocrx_word' id='word_1_352' title='bbox 2000 3056 2055 3111; x_wconf 90' lang='lat' dir='ltr'><strong>in</strong></span> <span class='ocrx_word' id='word_1_353' title='bbox 2101 3072 2191 3113; x_wconf 90' lang='lat' dir='ltr'><strong>ca-</strong></span> 
     </span>
    </p>
   </div>
   <div class='ocr_carea' id='block_1_48' title="bbox 595 3143 2190 3221">
    <p class='ocr_par' dir='ltr' id='par_1_48' title="bbox 595 3143 2190 3221">
     <span class='ocr_line' id='line_1_48' title="bbox 595 3143 2190 3221; baseline 0.006 -24"><span class='ocrx_word' id='word_1_354' title='bbox 595 3143 765 3198; x_wconf 89' lang='lat' dir='ltr'><strong>stellis</strong></span> <span class='ocrx_word' id='word_1_355' title='bbox 792 3144 1051 3211; x_wconf 86' lang='lat' dir='ltr'><strong>habitant,</strong></span> <span class='ocrx_word' id='word_1_356' title='bbox 1087 3146 1257 3203; x_wconf 90' lang='lat' dir='ltr'><strong>Deum</strong></span> <span class='ocrx_word' id='word_1_357' title='bbox 1289 3147 1474 3204; x_wconf 89' lang='lat' dir='ltr'><strong>videre</strong></span> <span class='ocrx_word' id='word_1_358' title='bbox 1501 3164 1606 3205; x_wconf 92' lang='lat' dir='ltr'><strong>non</strong></span> <span class='ocrx_word' id='word_1_359' title='bbox 1639 3162 1901 3219; x_wconf 87' lang='lat' dir='ltr'><strong>possunt;</strong></span> <span class='ocrx_word' id='word_1_360' title='bbox 1936 3160 1990 3207; x_wconf 89' lang='lat' dir='ltr'><strong>et</strong></span> <span class='ocrx_word' id='word_1_361' title='bbox 2011 3152 2102 3221; x_wconf 90' lang='lat' dir='ltr'><strong>qui</strong></span> <span class='ocrx_word' id='word_1_362' title='bbox 2134 3151 2190 3207; x_wconf 92' lang='lat' dir='ltr'><strong>in</strong></span> 
     </span>
    </p>
   </div>
   <div class='ocr_carea' id='block_1_49' title="bbox 595 3238 2189 3306">
    <p class='ocr_par' dir='ltr' id='par_1_49' title="bbox 595 3238 2189 3306">
     <span class='ocr_line' id='line_1_49' title="bbox 595 3238 2189 3306; baseline 0.006 -14"><span class='ocrx_word' id='word_1_363' title='bbox 595 3253 780 3293; x_wconf 88' lang='lat' dir='ltr'><strong>eremo</strong></span> <span class='ocrx_word' id='word_1_364' title='bbox 810 3238 1075 3306; x_wconf 86' lang='lat' dir='ltr'><strong>habitant,</strong></span> <span class='ocrx_word' id='word_1_365' title='bbox 1111 3243 1209 3295; x_wconf 90' lang='lat' dir='ltr'><strong>soli</strong></span> <span class='ocrx_word' id='word_1_366' title='bbox 1240 3242 1464 3298; x_wconf 82' lang='lat' dir='ltr'><strong>vident?</strong></span> <span class='ocrx_word' id='word_1_367' title='bbox 1494 3259 1673 3299; x_wconf 90' lang='lat' dir='ltr'><strong>nonne</strong></span> <span class='ocrx_word' id='word_1_368' title='bbox 1721 3260 1814 3300; x_wconf 92' lang='lat' dir='ltr'><strong>eos</strong></span> <span class='ocrx_word' id='word_1_369' title='bbox 1863 3246 1991 3301; x_wconf 88' lang='lat' dir='ltr'><strong>boni</strong></span> <span class='ocrx_word' id='word_1_370' title='bbox 2039 3256 2189 3302; x_wconf 88' lang='lat' dir='ltr'><strong>actus</strong></span> 
     </span>
    </p>
   </div>
   <div class='ocr_carea' id='block_1_50' title="bbox 596 3331 2187 3409">
    <p class='ocr_par' dir='ltr' id='par_1_50' title="bbox 596 3331 2187 3409">
     <span class='ocr_line' id='line_1_50' title="bbox 596 3331 2187 3409; baseline 0.005 -23"><span class='ocrx_word' id='word_1_371' title='bbox 596 3331 1017 3386; x_wconf 88' lang='lat' dir='ltr'><strong>commendant?</strong></span> <span class='ocrx_word' id='word_1_372' title='bbox 1049 3332 1293 3402; x_wconf 90' lang='lat' dir='ltr'><strong>quisnam</strong></span> <span class='ocrx_word' id='word_1_373' title='bbox 1325 3336 1525 3403; x_wconf 90' lang='lat' dir='ltr'><strong>poterit</strong></span> <span class='ocrx_word' id='word_1_374' title='bbox 1570 3334 1693 3391; x_wconf 88' lang='lat' dir='ltr'><strong>cibo</strong></span> <span class='ocrx_word' id='word_1_375' title='bbox 1739 3337 1921 3392; x_wconf 86' lang='lat' dir='ltr'><strong>vivere</strong></span> <span class='ocrx_word' id='word_1_376' title='bbox 1968 3338 2187 3409; x_wconf 85' lang='lat' dir='ltr'><strong>angelo-</strong></span> 
     </span>
    </p>
   </div>
   <div class='ocr_carea' id='block_1_51' title="bbox 595 3422 2190 3501">
    <p class='ocr_par' dir='ltr' id='par_1_51' title="bbox 595 3422 2190 3501">
     <span class='ocr_line' id='line_1_51' title="bbox 595 3422 2190 3501; baseline 0.008 -24"><span class='ocrx_word' id='word_1_377' title='bbox 595 3423 749 3477; x_wconf 79' lang='lat' dir='ltr'><strong>rum?</strong></span> <span class='ocrx_word' id='word_1_378' title='bbox 781 3422 919 3477; x_wconf 87' lang='lat' dir='ltr'><strong>Ecce</strong></span> <span class='ocrx_word' id='word_1_379' title='bbox 973 3426 1234 3480; x_wconf 91' lang='lat' dir='ltr'><strong>morimur</strong></span> <span class='ocrx_word' id='word_1_380' title='bbox 1266 3426 1448 3494; x_wconf 86' lang='lat' dir='ltr'><strong>fame;</strong></span> <span class='ocrx_word' id='word_1_381' title='bbox 1481 3428 1720 3485; x_wconf 84' lang='lat' dir='ltr'><strong>defectus</strong></span> <span class='ocrx_word' id='word_1_382' title='bbox 1752 3430 2050 3501; x_wconf 79' lang='lat' dir='ltr'><strong>vigiliarum</strong></span> <span class='ocrx_word' id='word_1_383' title='bbox 2082 3448 2190 3489; x_wconf 93' lang='lat' dir='ltr'><strong>non</strong></span> 
     </span>
    </p>
   </div>
   <div class='ocr_carea' id='block_1_52' title="bbox 596 3515 2191 3593">
    <p class='ocr_par' dir='ltr' id='par_1_52' title="bbox 596 3515 2191 3593">
     <span class='ocr_line' id='line_1_52' title="bbox 596 3515 2191 3593; baseline 0.006 -24"><span class='ocrx_word' id='word_1_384' title='bbox 596 3515 739 3583; x_wconf 86' lang='lat' dir='ltr'><strong>capit</strong></span> <span class='ocrx_word' id='word_1_385' title='bbox 769 3516 937 3583; x_wconf 91' lang='lat' dir='ltr'><strong>labor,</strong></span> <span class='ocrx_word' id='word_1_386' title='bbox 972 3518 1064 3571; x_wconf 88' lang='lat' dir='ltr'><strong>sed</strong></span> <span class='ocrx_word' id='word_1_387' title='bbox 1092 3519 1297 3573; x_wconf 79' lang='lat' dir='ltr'><strong>acriora</strong></span> <span class='ocrx_word' id='word_1_388' title='bbox 1332 3536 1429 3574; x_wconf 91' lang='lat' dir='ltr'><strong>nos</strong></span> <span class='ocrx_word' id='word_1_389' title='bbox 1479 3521 1729 3593; x_wconf 87' lang='lat' dir='ltr'><strong>frangunt</strong></span> <span class='ocrx_word' id='word_1_390' title='bbox 1769 3522 1997 3592; x_wconf 89' lang='lat' dir='ltr'><strong>jejunia,</strong></span> <span class='ocrx_word' id='word_1_391' title='bbox 2031 3525 2191 3580; x_wconf 81' lang='lat' dir='ltr'><strong>fiunt-</strong></span> 
     </span>
    </p>
   </div>
   <div class='ocr_carea' id='block_1_53' title="bbox 597 3609 2192 3688">
    <p class='ocr_par' dir='ltr' id='par_1_53' title="bbox 597 3609 2192 3688">
     <span class='ocr_line' id='line_1_53' title="bbox 597 3609 2192 3688; baseline 0.007 -24"><span class='ocrx_word' id='word_1_392' title='bbox 597 3624 703 3680; x_wconf 89' lang='lat' dir='ltr'><strong>que</strong></span> <span class='ocrx_word' id='word_1_393' title='bbox 730 3609 926 3665; x_wconf 86' lang='lat' dir='ltr'><strong>debilia</strong></span> <span class='ocrx_word' id='word_1_394' title='bbox 954 3625 1147 3680; x_wconf 87' lang='lat' dir='ltr'><strong>genua,</strong></span> <span class='ocrx_word' id='word_1_395' title='bbox 1181 3621 1241 3666; x_wconf 88' lang='lat' dir='ltr'><strong>ut</strong></span> <span class='ocrx_word' id='word_1_396' title='bbox 1266 3612 1630 3685; x_wconf 87' lang='lat' dir='ltr'><strong>unusquisque</strong></span> <span class='ocrx_word' id='word_1_397' title='bbox 1658 3627 1900 3671; x_wconf 90' lang='lat' dir='ltr'><strong>nostrum</strong></span> <span class='ocrx_word' id='word_1_398' title='bbox 1932 3632 2036 3672; x_wconf 91' lang='lat' dir='ltr'><strong>non</strong></span> <span class='ocrx_word' id='word_1_399' title='bbox 2068 3632 2192 3688; x_wconf 88' lang='lat' dir='ltr'><strong>pos-</strong></span> 
     </span>
    </p>
   </div>
   <div class='ocr_carea' id='block_1_54' title="bbox 596 3702 853 3758">
    <p class='ocr_par' dir='ltr' id='par_1_54' title="bbox 596 3702 853 3758">
     <span class='ocr_line' id='line_1_54' title="bbox 596 3702 853 3758; baseline -0.004 -2"><span class='ocrx_word' id='word_1_400' title='bbox 596 3702 667 3757; x_wconf 88' lang='lat' dir='ltr'><strong>sit</strong></span> <span class='ocrx_word' id='word_1_401' title='bbox 691 3710 853 3758; x_wconf 90' lang='lat' dir='ltr'><strong>stare.</strong></span> 
     </span>
    </p>
   </div>
   <div class='ocr_carea' id='block_1_55' title="bbox 669 3792 2187 3871">
    <p class='ocr_par' dir='ltr' id='par_1_55' title="bbox 669 3792 2187 3871">
     <span class='ocr_line' id='line_1_55' title="bbox 669 3792 2187 3871; baseline 0.007 -22"><span class='ocrx_word' id='word_1_402' title='bbox 669 3792 799 3849; x_wconf 77' lang='lat' dir='ltr'><strong>CAP.</strong></span> <span class='ocrx_word' id='word_1_403' title='bbox 834 3793 919 3849; x_wconf 89' lang='lat' dir='ltr'><strong>Ill.</strong></span> <span class='ocrx_word' id='word_1_404' title='bbox 952 3823 1023 3835; x_wconf 90' lang='lat'>—</span> <span class='ocrx_word' id='word_1_405' title='bbox 1061 3794 1301 3851; x_wconf 88' lang='lat' dir='ltr'><strong>Audiens</strong></span> <span class='ocrx_word' id='word_1_406' title='bbox 1330 3796 1657 3853; x_wconf 85' lang='lat' dir='ltr'><strong>Frontonius</strong></span> <span class='ocrx_word' id='word_1_407' title='bbox 1685 3814 1871 3856; x_wconf 90' lang='lat' dir='ltr'><strong>eorum</strong></span> <span class='ocrx_word' id='word_1_408' title='bbox 1923 3818 2187 3871; x_wconf 91' lang='lat' dir='ltr'><strong>murmur,</strong></span> 
     </span>
    </p>
   </div>
   <div class='ocr_carea' id='block_1_56' title="bbox 594 3891 2189 3968">
    <p class='ocr_par' dir='ltr' id='par_1_56' title="bbox 594 3891 2189 3968">
     <span class='ocr_line' id='line_1_56' title="bbox 594 3891 2189 3968; baseline 0.006 -24"><span class='ocrx_word' id='word_1_409' title='bbox 594 3900 883 3960; x_wconf 87' lang='lat' dir='ltr'><strong>antequam</strong></span> <span class='ocrx_word' id='word_1_410' title='bbox 912 3891 979 3944; x_wconf 90' lang='lat' dir='ltr'><strong>ad</strong></span> <span class='ocrx_word' id='word_1_411' title='bbox 1011 3907 1130 3945; x_wconf 90' lang='lat' dir='ltr'><strong>eum</strong></span> <span class='ocrx_word' id='word_1_412' title='bbox 1159 3894 1506 3948; x_wconf 86' lang='lat' dir='ltr'><strong>convenirent</strong></span> <span class='ocrx_word' id='word_1_413' title='bbox 1535 3895 1778 3951; x_wconf 87' lang='lat' dir='ltr'><strong>dicentes</strong></span> <span class='ocrx_word' id='word_1_414' title='bbox 1804 3897 2005 3967; x_wconf 91' lang='lat' dir='ltr'><strong>aliquid</strong></span> <span class='ocrx_word' id='word_1_415' title='bbox 2024 3940 2039 3965; x_wconf 94' lang='lat'><strong>,</strong></span> <span class='ocrx_word' id='word_1_416' title='bbox 2071 3899 2189 3968; x_wconf 90' lang='lat' dir='ltr'><strong>ipse</strong></span> 
     </span>
    </p>
   </div>
   <div class='ocr_carea' id='block_1_57' title="bbox 595 3984 2189 4058">
    <p class='ocr_par' dir='ltr' id='par_1_57' title="bbox 595 3984 2189 4058">
     <span class='ocr_line' id='line_1_57' title="bbox 595 3984 2189 4058; baseline 0.006 -20"><span class='ocrx_word' id='word_1_417' title='bbox 595 3984 931 4053; x_wconf 66' lang='lat' dir='ltr'><strong>praeveniens</strong></span> <span class='ocrx_word' id='word_1_418' title='bbox 954 4000 1046 4038; x_wconf 91' lang='lat' dir='ltr'><strong>eos</strong></span> <span class='ocrx_word' id='word_1_419' title='bbox 1074 3986 1149 4039; x_wconf 88' lang='lat' dir='ltr'><strong>ait</strong></span> <span class='ocrx_word' id='word_1_420' title='bbox 1182 4004 1192 4037; x_wconf 90' lang='lat'>:</span> <span class='ocrx_word' id='word_1_421' title='bbox 1227 3987 1516 4058; x_wconf 88' lang='lat' dir='ltr'><strong>Quousque</strong></span> <span class='ocrx_word' id='word_1_422' title='bbox 1548 3990 1768 4045; x_wconf 91' lang='lat' dir='ltr'><strong>irritatis</strong></span> <span class='ocrx_word' id='word_1_423' title='bbox 1817 3991 1986 4047; x_wconf 90' lang='lat' dir='ltr'><strong>Deum</strong></span> <span class='ocrx_word' id='word_1_424' title='bbox 2039 4010 2189 4048; x_wconf 89' lang='lat' dir='ltr'><strong>mur-</strong></span> 
     </span>
    </p>
   </div>
   <div class='ocr_carea' id='block_1_58' title="bbox 597 4076 2189 4156">
    <p class='ocr_par' dir='ltr' id='par_1_58' title="bbox 597 4076 2189 4156">
     <span class='ocr_line' id='line_1_58' title="bbox 597 4076 2189 4156; baseline 0.008 -27"><span class='ocrx_word' id='word_1_425' title='bbox 597 4085 875 4131; x_wconf 88' lang='lat' dir='ltr'><strong>murantes</strong></span> <span class='ocrx_word' id='word_1_426' title='bbox 906 4076 959 4130; x_wconf 92' lang='lat' dir='ltr'><strong>in</strong></span> <span class='ocrx_word' id='word_1_427' title='bbox 988 4077 1242 4132; x_wconf 89' lang='lat' dir='ltr'><strong>cordibus</strong></span> <span class='ocrx_word' id='word_1_428' title='bbox 1271 4081 1488 4146; x_wconf 87' lang='lat' dir='ltr'><strong>vestris,</strong></span> <span class='ocrx_word' id='word_1_429' title='bbox 1521 4090 1576 4135; x_wconf 91' lang='lat' dir='ltr'><strong>et</strong></span> <span class='ocrx_word' id='word_1_430' title='bbox 1603 4081 1845 4139; x_wconf 89' lang='lat' dir='ltr'><strong>dicentes</strong></span> <span class='ocrx_word' id='word_1_431' title='bbox 1875 4100 1889 4137; x_wconf 91' lang='lat'><strong>:</strong></span> <span class='ocrx_word' id='word_1_432' title='bbox 1939 4084 2189 4156; x_wconf 85' lang='lat' dir='ltr'><strong>Nunquid</strong></span> 
     </span>
    </p>
   </div>
   <div class='ocr_carea' id='block_1_59' title="bbox 593 4168 2189 4240">
    <p class='ocr_par' dir='ltr' id='par_1_59' title="bbox 593 4168 2189 4240">
     <span class='ocr_line' id='line_1_59' title="bbox 593 4168 2189 4240; baseline 0.009 -20"><span class='ocrx_word' id='word_1_433' title='bbox 593 4168 686 4239; x_wconf 88' lang='lat' dir='ltr'><strong>qui</strong></span> <span class='ocrx_word' id='word_1_434' title='bbox 716 4182 955 4222; x_wconf 87' lang='lat' dir='ltr'><strong>eremum</strong></span> <span class='ocrx_word' id='word_1_435' title='bbox 987 4168 1306 4240; x_wconf 87' lang='lat' dir='ltr'><strong>inhabitant,</strong></span> <span class='ocrx_word' id='word_1_436' title='bbox 1340 4171 1395 4227; x_wconf 89' lang='lat' dir='ltr'><strong>hi</strong></span> <span class='ocrx_word' id='word_1_437' title='bbox 1429 4181 1631 4229; x_wconf 78' lang='lat' dir='ltr'><strong>tantum</strong></span> <span class='ocrx_word' id='word_1_438' title='bbox 1680 4186 1808 4231; x_wconf 89' lang='lat' dir='ltr'><strong>sunt</strong></span> <span class='ocrx_word' id='word_1_439' title='bbox 1854 4177 1949 4232; x_wconf 89' lang='lat' dir='ltr'><strong>Dei</strong></span> <span class='ocrx_word' id='word_1_440' title='bbox 1998 4180 2189 4234; x_wconf 82' lang='lat' dir='ltr'><strong>servi?</strong></span> 
     </span>
    </p>
   </div>
   <div class='ocr_carea' id='block_1_60' title="bbox 594 4259 2191 4336">
    <p class='ocr_par' dir='ltr' id='par_1_60' title="bbox 594 4259 2191 4336">
     <span class='ocr_line' id='line_1_60' title="bbox 594 4259 2191 4336; baseline 0.008 -22"><span class='ocrx_word' id='word_1_441' title='bbox 594 4268 650 4314; x_wconf 92' lang='lat' dir='ltr'><strong>et</strong></span> <span class='ocrx_word' id='word_1_442' title='bbox 673 4259 795 4329; x_wconf 86' lang='lat' dir='ltr'><strong>quis</strong></span> <span class='ocrx_word' id='word_1_443' title='bbox 826 4275 893 4314; x_wconf 79' lang='lat' dir='ltr'><strong>ex</strong></span> <span class='ocrx_word' id='word_1_444' title='bbox 922 4259 1046 4315; x_wconf 90' lang='lat' dir='ltr'><strong>cibo</strong></span> <span class='ocrx_word' id='word_1_445' title='bbox 1079 4263 1275 4328; x_wconf 91' lang='lat' dir='ltr'><strong>poterit</strong></span> <span class='ocrx_word' id='word_1_446' title='bbox 1302 4264 1480 4320; x_wconf 90' lang='lat' dir='ltr'><strong>vivere</strong></span> <span class='ocrx_word' id='word_1_447' title='bbox 1506 4267 1858 4336; x_wconf 85' lang='lat' dir='ltr'><strong>angelorum?</strong></span> <span class='ocrx_word' id='word_1_448' title='bbox 1887 4270 2191 4327; x_wconf 88' lang='lat' dir='ltr'><strong>Convenia-</strong></span> 
     </span>
    </p>
   </div>
   <div class='ocr_carea' id='block_1_61' title="bbox 593 4353 2189 4429">
    <p class='ocr_par' dir='ltr' id='par_1_61' title="bbox 593 4353 2189 4429">
     <span class='ocr_line' id='line_1_61' title="bbox 593 4353 2189 4429; baseline 0.007 -20"><span class='ocrx_word' id='word_1_449' title='bbox 593 4368 717 4409; x_wconf 88' lang='lat' dir='ltr'><strong>mus</strong></span> <span class='ocrx_word' id='word_1_450' title='bbox 740 4354 806 4407; x_wconf 92' lang='lat' dir='ltr'><strong>ad</strong></span> <span class='ocrx_word' id='word_1_451' title='bbox 835 4353 1103 4420; x_wconf 87' lang='lat' dir='ltr'><strong>abbatem,</strong></span> <span class='ocrx_word' id='word_1_452' title='bbox 1132 4364 1187 4411; x_wconf 92' lang='lat' dir='ltr'><strong>et</strong></span> <span class='ocrx_word' id='word_1_453' title='bbox 1210 4354 1492 4426; x_wconf 90' lang='lat' dir='ltr'><strong>loquamur</strong></span> <span class='ocrx_word' id='word_1_454' title='bbox 1523 4358 1589 4413; x_wconf 88' lang='lat' dir='ltr'><strong>ad</strong></span> <span class='ocrx_word' id='word_1_455' title='bbox 1618 4375 1760 4429; x_wconf 92' lang='lat' dir='ltr'><strong>cum,</strong></span> <span class='ocrx_word' id='word_1_456' title='bbox 1796 4370 1854 4416; x_wconf 93' lang='lat' dir='ltr'><strong>ut</strong></span> <span class='ocrx_word' id='word_1_457' title='bbox 1885 4362 2189 4421; x_wconf 90' lang='lat' dir='ltr'><strong>habitemus</strong></span> 
     </span>
    </p>
   </div>
   <div class='ocr_carea' id='block_1_62' title="bbox 592 4444 2190 4526">
    <p class='ocr_par' dir='ltr' id='par_1_62' title="bbox 592 4444 2190 4526">
     <span class='ocr_line' id='line_1_62' title="bbox 592 4444 2190 4526; baseline 0.009 -27"><span class='ocrx_word' id='word_1_458' title='bbox 592 4446 649 4500; x_wconf 87' lang='lat' dir='ltr'><strong>in</strong></span> <span class='ocrx_word' id='word_1_459' title='bbox 673 4444 932 4511; x_wconf 90' lang='lat' dir='ltr'><strong>civitate;</strong></span> <span class='ocrx_word' id='word_1_460' title='bbox 960 4448 1083 4517; x_wconf 92' lang='lat' dir='ltr'><strong>quia</strong></span> <span class='ocrx_word' id='word_1_461' title='bbox 1113 4448 1159 4502; x_wconf 90' lang='lat' dir='ltr'><strong>si</strong></span> <span class='ocrx_word' id='word_1_462' title='bbox 1187 4448 1276 4517; x_wconf 92' lang='lat' dir='ltr'><strong>qui</strong></span> <span class='ocrx_word' id='word_1_463' title='bbox 1310 4464 1405 4504; x_wconf 89' lang='lat' dir='ltr'><strong>nos</strong></span> <span class='ocrx_word' id='word_1_464' title='bbox 1439 4450 1549 4505; x_wconf 89' lang='lat' dir='ltr'><strong>illic</strong></span> <span class='ocrx_word' id='word_1_465' title='bbox 1598 4452 1853 4521; x_wconf 88' lang='lat' dir='ltr'><strong>viderint,</strong></span> <span class='ocrx_word' id='word_1_466' title='bbox 1887 4464 2190 4526; x_wconf 90' lang='lat' dir='ltr'><strong>opportune</strong></span> 
     </span>
    </p>
   </div>
   <div class='ocr_carea' id='block_1_63' title="bbox 592 4537 2187 4619">
    <p class='ocr_par' dir='ltr' id='par_1_63' title="bbox 592 4537 2187 4619">
     <span class='ocr_line' id='line_1_63' title="bbox 592 4537 2187 4619; baseline 0.009 -27"><span class='ocrx_word' id='word_1_467' title='bbox 592 4537 748 4592; x_wconf 86' lang='lat' dir='ltr'><strong>nobis</strong></span> <span class='ocrx_word' id='word_1_468' title='bbox 772 4538 923 4605; x_wconf 82' lang='lat' dir='ltr'><strong>juxta</strong></span> <span class='ocrx_word' id='word_1_469' title='bbox 952 4539 1051 4595; x_wconf 91' lang='lat' dir='ltr'><strong>Dei</strong></span> <span class='ocrx_word' id='word_1_470' title='bbox 1080 4549 1258 4595; x_wconf 89' lang='lat' dir='ltr'><strong>votum</strong></span> <span class='ocrx_word' id='word_1_471' title='bbox 1303 4540 1541 4612; x_wconf 87' lang='lat' dir='ltr'><strong>dirigunt</strong></span> <span class='ocrx_word' id='word_1_472' title='bbox 1583 4559 1753 4616; x_wconf 88' lang='lat' dir='ltr'><strong>escas,</strong></span> <span class='ocrx_word' id='word_1_473' title='bbox 1788 4557 1949 4616; x_wconf 90' lang='lat' dir='ltr'><strong>prout</strong></span> <span class='ocrx_word' id='word_1_474' title='bbox 1994 4549 2187 4619; x_wconf 89' lang='lat' dir='ltr'><strong>cuique</strong></span> 
     </span>
    </p>
   </div>
   <div class='ocr_carea' id='block_1_64' title="bbox 2292 1919 3887 1990">
    <p class='ocr_par' dir='ltr' id='par_1_64' title="bbox 2292 1919 3887 1990">
     <span class='ocr_line' id='line_1_64' title="bbox 2292 1919 3887 1990; baseline -0.001 -10"><span class='ocrx_word' id='word_1_475' title='bbox 2292 1924 2534 1990; x_wconf 79' lang='lat' dir='ltr'><strong>exsequi,</strong></span> <span class='ocrx_word' id='word_1_476' title='bbox 2566 1931 2620 1979; x_wconf 93' lang='lat' dir='ltr'><strong>et</strong></span> <span class='ocrx_word' id='word_1_477' title='bbox 2649 1933 2839 1978; x_wconf 89' lang='lat' dir='ltr'><strong>cuneta</strong></span> <span class='ocrx_word' id='word_1_478' title='bbox 2878 1936 3129 1976; x_wconf 89' lang='lat' dir='ltr'><strong>sermone</strong></span> <span class='ocrx_word' id='word_1_479' title='bbox 3169 1920 3371 1974; x_wconf 91' lang='lat' dir='ltr'><strong>rustico</strong></span> <span class='ocrx_word' id='word_1_480' title='bbox 3418 1919 3887 1989; x_wconf 85' lang='lat' dir='ltr'><strong>comprehendere</strong></span> 
     </span>
    </p>
   </div>
   <div class='ocr_carea' id='block_1_65' title="bbox 2292 2013 3888 2088">
    <p class='ocr_par' dir='ltr' id='par_1_65' title="bbox 2292 2013 3888 2088">
     <span class='ocr_line' id='line_1_65' title="bbox 2292 2013 3888 2088; baseline -0.001 -16"><span class='ocrx_word' id='word_1_481' title='bbox 2292 2033 2411 2088; x_wconf 73' lang='lat' dir='ltr'><strong>qua:</strong></span> <span class='ocrx_word' id='word_1_482' title='bbox 2440 2033 2561 2072; x_wconf 91' lang='lat' dir='ltr'><strong>cum</strong></span> <span class='ocrx_word' id='word_1_483' title='bbox 2595 2031 2692 2071; x_wconf 93' lang='lat' dir='ltr'><strong>suo</strong></span> <span class='ocrx_word' id='word_1_484' title='bbox 2723 2014 2976 2086; x_wconf 88' lang='lat' dir='ltr'><strong>prosequi</strong></span> <span class='ocrx_word' id='word_1_485' title='bbox 3005 2014 3157 2069; x_wconf 89' lang='lat' dir='ltr'><strong>titulo</strong></span> <span class='ocrx_word' id='word_1_486' title='bbox 3190 2013 3268 2069; x_wconf 83' lang='lat' dir='ltr'><strong>fas</strong></span> <span class='ocrx_word' id='word_1_487' title='bbox 3299 2021 3416 2079; x_wconf 90' lang='lat' dir='ltr'><strong>est;</strong></span> <span class='ocrx_word' id='word_1_488' title='bbox 3450 2022 3503 2067; x_wconf 91' lang='lat' dir='ltr'><strong>et</strong></span> <span class='ocrx_word' id='word_1_489' title='bbox 3556 2029 3653 2083; x_wconf 86' lang='lat' dir='ltr'><strong>per</strong></span> <span class='ocrx_word' id='word_1_490' title='bbox 3695 2013 3888 2084; x_wconf 76' lang='lat' dir='ltr'><strong>hujus-</strong></span> 
     </span>
    </p>
   </div>
   <div class='ocr_carea' id='block_1_66' title="bbox 2291 2108 3890 2181">
    <p class='ocr_par' dir='ltr' id='par_1_66' title="bbox 2291 2108 3890 2181">
     <span class='ocr_line' id='line_1_66' title="bbox 2291 2108 3890 2181; baseline -0.002 -12"><span class='ocrx_word' id='word_1_491' title='bbox 2291 2112 2435 2169; x_wconf 89' lang='lat' dir='ltr'><strong>modi</strong></span> <span class='ocrx_word' id='word_1_492' title='bbox 2464 2113 2625 2168; x_wconf 89' lang='lat' dir='ltr'><strong>libelli</strong></span> <span class='ocrx_word' id='word_1_493' title='bbox 2654 2111 2951 2167; x_wconf 87' lang='lat' dir='ltr'><strong>sententias</strong></span> <span class='ocrx_word' id='word_1_494' title='bbox 2982 2125 3047 2165; x_wconf 89' lang='lat' dir='ltr'><strong>ac</strong></span> <span class='ocrx_word' id='word_1_495' title='bbox 3093 2109 3435 2181; x_wconf 82' lang='lat' dir='ltr'><strong>syll0gismos</strong></span> <span class='ocrx_word' id='word_1_496' title='bbox 3483 2108 3626 2166; x_wconf 92' lang='lat' dir='ltr'><strong>dulci</strong></span> <span class='ocrx_word' id='word_1_497' title='bbox 3675 2110 3890 2181; x_wconf 88' lang='lat' dir='ltr'><strong>eloquio</strong></span> 
     </span>
    </p>
   </div>
   <div class='ocr_carea' id='block_1_67' title="bbox 2294 2202 3889 2276">
    <p class='ocr_par' dir='ltr' id='par_1_67' title="bbox 2294 2202 3889 2276">
     <span class='ocr_line' id='line_1_67' title="bbox 2294 2202 3889 2276; baseline -0.002 -14"><span class='ocrx_word' id='word_1_498' title='bbox 2294 2222 2550 2275; x_wconf 86' lang='lat' dir='ltr'><strong>currere,</strong></span> <span class='ocrx_word' id='word_1_499' title='bbox 2598 2215 2756 2276; x_wconf 91' lang='lat' dir='ltr'><strong>prout</strong></span> <span class='ocrx_word' id='word_1_500' title='bbox 2806 2214 2982 2275; x_wconf 87' lang='lat' dir='ltr'><strong>potest</strong></span> <span class='ocrx_word' id='word_1_501' title='bbox 3029 2204 3395 2275; x_wconf 82' lang='lat' dir='ltr'><strong>unusquisque</strong></span> <span class='ocrx_word' id='word_1_502' title='bbox 3446 2202 3612 2258; x_wconf 91' lang='lat' dir='ltr'><strong>lector</strong></span> <span class='ocrx_word' id='word_1_503' title='bbox 3681 2203 3889 2261; x_wconf 88' lang='lat' dir='ltr'><strong>audire.</strong></span> 
     </span>
    </p>
   </div>
   <div class='ocr_carea' id='block_1_68' title="bbox 2294 2294 3891 2366">
    <p class='ocr_par' dir='ltr' id='par_1_68' title="bbox 2294 2294 3891 2366">
     <span class='ocr_line' id='line_1_68' title="bbox 2294 2294 3891 2366; baseline -0.001 -13"><span class='ocrx_word' id='word_1_504' title='bbox 2294 2298 2598 2355; x_wconf 83' lang='lat' dir='ltr'><strong>Redeamus</strong></span> <span class='ocrx_word' id='word_1_505' title='bbox 2623 2298 2689 2352; x_wconf 89' lang='lat' dir='ltr'><strong>ad</strong></span> <span class='ocrx_word' id='word_1_506' title='bbox 2730 2296 2975 2352; x_wconf 88' lang='lat' dir='ltr'><strong>ordinem</strong></span> <span class='ocrx_word' id='word_1_507' title='bbox 3025 2298 3187 2366; x_wconf 70' lang='lat' dir='ltr'><strong>ccepti</strong></span> <span class='ocrx_word' id='word_1_508' title='bbox 3234 2294 3497 2365; x_wconf 84' lang='lat' dir='ltr'><strong>opusculi,</strong></span> <span class='ocrx_word' id='word_1_509' title='bbox 3532 2304 3589 2350; x_wconf 91' lang='lat' dir='ltr'><strong>ut</strong></span> <span class='ocrx_word' id='word_1_510' title='bbox 3638 2311 3748 2351; x_wconf 87' lang='lat' dir='ltr'><strong>non</strong></span> <span class='ocrx_word' id='word_1_511' title='bbox 3788 2312 3891 2352; x_wconf 86' lang='lat' dir='ltr'><strong>no-</strong></span> 
     </span>
    </p>
   </div>
   <div class='ocr_carea' id='block_1_69' title="bbox 2294 2390 3245 2444">
    <p class='ocr_par' dir='ltr' id='par_1_69' title="bbox 2294 2390 3245 2444">
     <span class='ocr_line' id='line_1_69' title="bbox 2294 2390 3245 2444; baseline -0.007 1"><span class='ocrx_word' id='word_1_512' title='bbox 2294 2400 2406 2444; x_wconf 88' lang='lat' dir='ltr'><strong>stra</strong></span> <span class='ocrx_word' id='word_1_513' title='bbox 2428 2390 2704 2443; x_wconf 90' lang='lat' dir='ltr'><strong>videamur</strong></span> <span class='ocrx_word' id='word_1_514' title='bbox 2734 2402 2999 2444; x_wconf 88' lang='lat' dir='ltr'><strong>asserere.</strong></span> <span class='ocrx_word' id='word_1_515' title='bbox 3238 2392 3245 2395; x_wconf 77' lang='lat'><em>‘</em></span> 
     </span>
    </p>
   </div>
   <div class='ocr_carea' id='block_1_70' title="bbox 2364 2477 3890 2550">
    <p class='ocr_par' dir='ltr' id='par_1_70' title="bbox 2364 2477 3890 2550">
     <span class='ocr_line' id='line_1_70' title="bbox 2364 2477 3890 2550; baseline -0.003 -13"><span class='ocrx_word' id='word_1_516' title='bbox 2364 2481 2491 2537; x_wconf 54' lang='lat' dir='ltr'><strong>Cu).</strong></span> <span class='ocrx_word' id='word_1_517' title='bbox 2525 2482 2589 2537; x_wconf 83' lang='lat' dir='ltr'><strong>V.</strong></span> <span class='ocrx_word' id='word_1_518' title='bbox 2621 2511 2691 2523; x_wconf 94' lang='lat'><strong><em>—</em></strong></span> <span class='ocrx_word' id='word_1_519' title='bbox 2722 2480 2902 2550; x_wconf 88' lang='lat' dir='ltr'><strong>Pergit</strong></span> <span class='ocrx_word' id='word_1_520' title='bbox 2931 2480 3108 2550; x_wconf 90' lang='lat' dir='ltr'><strong>itaque</strong></span> <span class='ocrx_word' id='word_1_521' title='bbox 3132 2477 3376 2548; x_wconf 83' lang='lat' dir='ltr'><strong>angelus,</strong></span> <span class='ocrx_word' id='word_1_522' title='bbox 3407 2479 3604 2533; x_wconf 91' lang='lat' dir='ltr'><strong>missus</strong></span> <span class='ocrx_word' id='word_1_523' title='bbox 3630 2492 3662 2531; x_wconf 88' lang='lat' dir='ltr'><strong>a</strong></span> <span class='ocrx_word' id='word_1_524' title='bbox 3707 2477 3890 2533; x_wconf 87' lang='lat' dir='ltr'><strong>Domi-</strong></span> 
     </span>
    </p>
   </div>
   <div class='ocr_carea' id='block_1_71' title="bbox 2294 2567 3893 2643">
    <p class='ocr_par' dir='ltr' id='par_1_71' title="bbox 2294 2567 3893 2643">
     <span class='ocr_line' id='line_1_71' title="bbox 2294 2567 3893 2643; baseline -0.002 -14"><span class='ocrx_word' id='word_1_525' title='bbox 2294 2589 2365 2629; x_wconf 93' lang='lat' dir='ltr'><strong>no</strong></span> <span class='ocrx_word' id='word_1_526' title='bbox 2415 2572 2481 2627; x_wconf 88' lang='lat' dir='ltr'><strong>ad</strong></span> <span class='ocrx_word' id='word_1_527' title='bbox 2521 2572 2803 2643; x_wconf 82' lang='lat' dir='ltr'><strong>quemdam</strong></span> <span class='ocrx_word' id='word_1_528' title='bbox 2848 2570 3074 2625; x_wconf 87' lang='lat' dir='ltr'><strong>divitem</strong></span> <span class='ocrx_word' id='word_1_529' title='bbox 3125 2578 3321 2635; x_wconf 89' lang='lat' dir='ltr'><strong>nocte,</strong></span> <span class='ocrx_word' id='word_1_530' title='bbox 3351 2576 3406 2623; x_wconf 88' lang='lat' dir='ltr'><strong>et</strong></span> <span class='ocrx_word' id='word_1_531' title='bbox 3450 2568 3580 2623; x_wconf 89' lang='lat' dir='ltr'><strong>dicit</strong></span> <span class='ocrx_word' id='word_1_532' title='bbox 3630 2567 3705 2623; x_wconf 91' lang='lat' dir='ltr'><strong>illi</strong></span> <span class='ocrx_word' id='word_1_533' title='bbox 3751 2586 3767 2623; x_wconf 89' lang='lat'><strong>:</strong></span> <span class='ocrx_word' id='word_1_534' title='bbox 3812 2568 3893 2626; x_wconf 82' lang='lat' dir='ltr'><strong>Tu</strong></span> 
     </span>
    </p>
   </div>
   <div class='ocr_carea' id='block_1_72' title="bbox 2295 2660 3886 2737">
    <p class='ocr_par' dir='ltr' id='par_1_72' title="bbox 2295 2660 3886 2737">
     <span class='ocr_line' id='line_1_72' title="bbox 2295 2660 3886 2737; baseline -0.004 -15"><span class='ocrx_word' id='word_1_535' title='bbox 2295 2666 2529 2737; x_wconf 88' lang='lat' dir='ltr'><strong>epularis</strong></span> <span class='ocrx_word' id='word_1_536' title='bbox 2558 2665 2611 2718; x_wconf 91' lang='lat' dir='ltr'><strong>in</strong></span> <span class='ocrx_word' id='word_1_537' title='bbox 2640 2663 2836 2719; x_wconf 85' lang='lat' dir='ltr'><strong>divitiis</strong></span> <span class='ocrx_word' id='word_1_538' title='bbox 2864 2660 3144 2732; x_wconf 87' lang='lat' dir='ltr'><strong>splendide</strong></span> <span class='ocrx_word' id='word_1_539' title='bbox 3166 2702 3181 2727; x_wconf 92' lang='lat'><strong>,</strong></span> <span class='ocrx_word' id='word_1_540' title='bbox 3211 2670 3267 2716; x_wconf 90' lang='lat' dir='ltr'><strong>et</strong></span> <span class='ocrx_word' id='word_1_541' title='bbox 3292 2660 3435 2715; x_wconf 90' lang='lat' dir='ltr'><strong>servi</strong></span> <span class='ocrx_word' id='word_1_542' title='bbox 3465 2660 3569 2715; x_wconf 90' lang='lat' dir='ltr'><strong>mei</strong></span> <span class='ocrx_word' id='word_1_543' title='bbox 3597 2662 3653 2715; x_wconf 90' lang='lat' dir='ltr'><strong>in</strong></span> <span class='ocrx_word' id='word_1_544' title='bbox 3702 2675 3886 2717; x_wconf 87' lang='lat' dir='ltr'><strong>eremo</strong></span> 
     </span>
    </p>
   </div>
   <div class='ocr_carea' id='block_1_73' title="bbox 2295 2752 3884 2828">
    <p class='ocr_par' dir='ltr' id='par_1_73' title="bbox 2295 2752 3884 2828">
     <span class='ocr_line' id='line_1_73' title="bbox 2295 2752 3884 2828; baseline -0.004 -14"><span class='ocrx_word' id='word_1_545' title='bbox 2295 2758 2535 2828; x_wconf 85' lang='lat' dir='ltr'><strong>indigent</strong></span> <span class='ocrx_word' id='word_1_546' title='bbox 2563 2770 2737 2826; x_wconf 90' lang='lat' dir='ltr'><strong>pane;</strong></span> <span class='ocrx_word' id='word_1_547' title='bbox 2768 2770 2931 2823; x_wconf 88' lang='lat' dir='ltr'><strong>surge</strong></span> <span class='ocrx_word' id='word_1_548' title='bbox 2954 2769 3082 2824; x_wconf 89' lang='lat' dir='ltr'><strong>ergo</strong></span> <span class='ocrx_word' id='word_1_549' title='bbox 3110 2752 3365 2818; x_wconf 88' lang='lat' dir='ltr'><strong>diluculo,</strong></span> <span class='ocrx_word' id='word_1_550' title='bbox 3412 2760 3470 2807; x_wconf 91' lang='lat' dir='ltr'><strong>et</strong></span> <span class='ocrx_word' id='word_1_551' title='bbox 3516 2752 3671 2807; x_wconf 88' lang='lat' dir='ltr'><strong>mitte</strong></span> <span class='ocrx_word' id='word_1_552' title='bbox 3718 2753 3884 2809; x_wconf 87' lang='lat' dir='ltr'><strong>servis</strong></span> 
     </span>
    </p>
   </div>
   <div class='ocr_carea' id='block_1_74' title="bbox 2296 2843 3883 2917">
    <p class='ocr_par' dir='ltr' id='par_1_74' title="bbox 2296 2843 3883 2917">
     <span class='ocr_line' id='line_1_74' title="bbox 2296 2843 3883 2917; baseline -0.005 -10"><span class='ocrx_word' id='word_1_553' title='bbox 2296 2854 2430 2908; x_wconf 91' lang='lat' dir='ltr'><strong>meis</strong></span> <span class='ocrx_word' id='word_1_554' title='bbox 2460 2864 2611 2905; x_wconf 90' lang='lat' dir='ltr'><strong>escas</strong></span> <span class='ocrx_word' id='word_1_555' title='bbox 2640 2864 2709 2904; x_wconf 85' lang='lat' dir='ltr'><strong>ex</strong></span> <span class='ocrx_word' id='word_1_556' title='bbox 2741 2847 2987 2903; x_wconf 89' lang='lat' dir='ltr'><strong>omnibus</strong></span> <span class='ocrx_word' id='word_1_557' title='bbox 3018 2863 3138 2917; x_wconf 73' lang='lat' dir='ltr'><strong>qua:</strong></span> <span class='ocrx_word' id='word_1_558' title='bbox 3169 2847 3262 2901; x_wconf 91' lang='lat' dir='ltr'><strong>tibi</strong></span> <span class='ocrx_word' id='word_1_559' title='bbox 3295 2843 3441 2910; x_wconf 90' lang='lat' dir='ltr'><strong>dedi,</strong></span> <span class='ocrx_word' id='word_1_560' title='bbox 3472 2844 3596 2914; x_wconf 91' lang='lat' dir='ltr'><strong>quia</strong></span> <span class='ocrx_word' id='word_1_561' title='bbox 3626 2858 3883 2914; x_wconf 77' lang='lat' dir='ltr'><strong>procura-</strong></span> 
     </span>
    </p>
   </div>
   <div class='ocr_carea' id='block_1_75' title="bbox 2296 2936 3883 3015">
    <p class='ocr_par' dir='ltr' id='par_1_75' title="bbox 2296 2936 3883 3015">
     <span class='ocr_line' id='line_1_75' title="bbox 2296 2936 3883 3015; baseline -0.005 -15"><span class='ocrx_word' id='word_1_562' title='bbox 2296 2955 2472 3003; x_wconf 85' lang='lat' dir='ltr'><strong>torem</strong></span> <span class='ocrx_word' id='word_1_563' title='bbox 2498 2952 2550 3001; x_wconf 86' lang='lat' dir='ltr'><strong>te</strong></span> <span class='ocrx_word' id='word_1_564' title='bbox 2577 2944 2727 3015; x_wconf 89' lang='lat' dir='ltr'><strong>posui</strong></span> <span class='ocrx_word' id='word_1_565' title='bbox 2751 2944 2929 3013; x_wconf 87' lang='lat' dir='ltr'><strong>gregis</strong></span> <span class='ocrx_word' id='word_1_566' title='bbox 2956 2939 3082 3007; x_wconf 89' lang='lat' dir='ltr'><strong>mei,</strong></span> <span class='ocrx_word' id='word_1_567' title='bbox 3115 2941 3207 3011; x_wconf 92' lang='lat' dir='ltr'><strong>qui</strong></span> <span class='ocrx_word' id='word_1_568' title='bbox 3237 2948 3292 2995; x_wconf 92' lang='lat' dir='ltr'><strong>te</strong></span> <span class='ocrx_word' id='word_1_569' title='bbox 3316 2940 3455 2995; x_wconf 57' lang='lat' dir='ltr'><strong>caelo</strong></span> <span class='ocrx_word' id='word_1_570' title='bbox 3481 2937 3720 2993; x_wconf 86' lang='lat' dir='ltr'><strong>lactante</strong></span> <span class='ocrx_word' id='word_1_571' title='bbox 3745 2936 3883 3010; x_wconf 86' lang='lat' dir='ltr'><strong>jugi-</strong></span> 
     </span>
    </p>
   </div>
   <div class='ocr_carea' id='block_1_76' title="bbox 2299 3030 3883 3111">
    <p class='ocr_par' dir='ltr' id='par_1_76' title="bbox 2299 3030 3883 3111">
     <span class='ocr_line' id='line_1_76' title="bbox 2299 3030 3883 3111; baseline -0.006 -13"><span class='ocrx_word' id='word_1_572' title='bbox 2299 3051 2383 3098; x_wconf 92' lang='lat' dir='ltr'><strong>ter</strong></span> <span class='ocrx_word' id='word_1_573' title='bbox 2412 3040 2555 3111; x_wconf 90' lang='lat' dir='ltr'><strong>pavi,</strong></span> <span class='ocrx_word' id='word_1_574' title='bbox 2590 3054 2688 3094; x_wconf 91' lang='lat' dir='ltr'><strong>nec</strong></span> <span class='ocrx_word' id='word_1_575' title='bbox 2715 3052 2949 3107; x_wconf 84' lang='lat' dir='ltr'><strong>unquam</strong></span> <span class='ocrx_word' id='word_1_576' title='bbox 2979 3034 3184 3091; x_wconf 89' lang='lat' dir='ltr'><strong>dimisi.</strong></span> <span class='ocrx_word' id='word_1_577' title='bbox 3213 3033 3288 3088; x_wconf 91' lang='lat' dir='ltr'><strong>Ita</strong></span> <span class='ocrx_word' id='word_1_578' title='bbox 3339 3047 3467 3103; x_wconf 88' lang='lat' dir='ltr'><strong>ergo</strong></span> <span class='ocrx_word' id='word_1_579' title='bbox 3515 3032 3717 3101; x_wconf 87' lang='lat' dir='ltr'><strong>placuit</strong></span> <span class='ocrx_word' id='word_1_580' title='bbox 3761 3030 3883 3088; x_wconf 85' lang='lat' dir='ltr'><strong>mihi</strong></span> 
     </span>
    </p>
   </div>
   <div class='ocr_carea' id='block_1_77' title="bbox 2297 3123 3882 3202">
    <p class='ocr_par' dir='ltr' id='par_1_77' title="bbox 2297 3123 3882 3202">
     <span class='ocr_line' id='line_1_77' title="bbox 2297 3123 3882 3202; baseline -0.005 -15"><span class='ocrx_word' id='word_1_581' title='bbox 2297 3147 2363 3188; x_wconf 81' lang='lat' dir='ltr'><strong>ex</strong></span> <span class='ocrx_word' id='word_1_582' title='bbox 2388 3133 2736 3202; x_wconf 84' lang='lat' dir='ltr'><strong>eleemosyna</strong></span> <span class='ocrx_word' id='word_1_583' title='bbox 2767 3138 2858 3184; x_wconf 88' lang='lat' dir='ltr'><strong>tua</strong></span> <span class='ocrx_word' id='word_1_584' title='bbox 2892 3127 3118 3183; x_wconf 84' lang='lat' dir='ltr'><strong>reticere</strong></span> <span class='ocrx_word' id='word_1_585' title='bbox 3165 3139 3425 3196; x_wconf 88' lang='lat' dir='ltr'><strong>pauperes</strong></span> <span class='ocrx_word' id='word_1_586' title='bbox 3472 3139 3645 3190; x_wconf 90' lang='lat' dir='ltr'><strong>meos,</strong></span> <span class='ocrx_word' id='word_1_587' title='bbox 3700 3124 3793 3194; x_wconf 88' lang='lat' dir='ltr'><strong>qui</strong></span> <span class='ocrx_word' id='word_1_588' title='bbox 3834 3123 3882 3179; x_wconf 92' lang='lat' dir='ltr'><strong>in</strong></span> 
     </span>
    </p>
   </div>
   <div class='ocr_carea' id='block_1_78' title="bbox 2214 3214 3882 3293">
    <p class='ocr_par' dir='ltr' id='par_1_78' title="bbox 2214 3214 3882 3293">
     <span class='ocr_line' id='line_1_78' title="bbox 2214 3214 3882 3293; baseline -0.007 -12"><span class='ocrx_word' id='word_1_589' title='bbox 2214 3225 2263 3289; x_wconf 84' lang='lat' dir='ltr'><strong>C</strong></span> <span class='ocrx_word' id='word_1_590' title='bbox 2294 3225 2515 3281; x_wconf 91' lang='lat' dir='ltr'><strong>deserto</strong></span> <span class='ocrx_word' id='word_1_591' title='bbox 2543 3223 2893 3293; x_wconf 89' lang='lat' dir='ltr'><strong>spiritualiter</strong></span> <span class='ocrx_word' id='word_1_592' title='bbox 2922 3221 3132 3285; x_wconf 89' lang='lat' dir='ltr'><strong>vivunt,</strong></span> <span class='ocrx_word' id='word_1_593' title='bbox 3165 3228 3221 3275; x_wconf 92' lang='lat' dir='ltr'><strong>et</strong></span> <span class='ocrx_word' id='word_1_594' title='bbox 3247 3233 3307 3274; x_wconf 90' lang='lat' dir='ltr'><strong>se</strong></span> <span class='ocrx_word' id='word_1_595' title='bbox 3334 3216 3468 3272; x_wconf 87' lang='lat' dir='ltr'><strong>mihi</strong></span> <span class='ocrx_word' id='word_1_596' title='bbox 3512 3229 3613 3271; x_wconf 89' lang='lat' dir='ltr'><strong>suo</strong></span> <span class='ocrx_word' id='word_1_597' title='bbox 3661 3214 3882 3271; x_wconf 83' lang='lat' dir='ltr'><strong>Domino</strong></span> 
     </span>
    </p>
   </div>
   <div class='ocr_carea' id='block_1_79' title="bbox 2297 3307 3882 3381">
    <p class='ocr_par' dir='ltr' id='par_1_79' title="bbox 2297 3307 3882 3381">
     <span class='ocr_line' id='line_1_79' title="bbox 2297 3307 3882 3381; baseline -0.006 -8"><span class='ocrx_word' id='word_1_598' title='bbox 2297 3316 2675 3381; x_wconf 87' lang='lat' dir='ltr'><strong>crediderunt;</strong></span> <span class='ocrx_word' id='word_1_599' title='bbox 2709 3314 2911 3369; x_wconf 90' lang='lat' dir='ltr'><strong>idcirco</strong></span> <span class='ocrx_word' id='word_1_600' title='bbox 2947 3313 3113 3367; x_wconf 83' lang='lat' dir='ltr'><strong>facias</strong></span> <span class='ocrx_word' id='word_1_601' title='bbox 3142 3324 3476 3375; x_wconf 88' lang='lat' dir='ltr'><strong>sermonem,</strong></span> <span class='ocrx_word' id='word_1_602' title='bbox 3503 3323 3663 3379; x_wconf 90' lang='lat' dir='ltr'><strong>quem</strong></span> <span class='ocrx_word' id='word_1_603' title='bbox 3709 3307 3882 3375; x_wconf 87' lang='lat' dir='ltr'><strong>modo,</strong></span> 
     </span>
    </p>
   </div>
   <div class='ocr_carea' id='block_1_80' title="bbox 2296 3402 3884 3480">
    <p class='ocr_par' dir='ltr' id='par_1_80' title="bbox 2296 3402 3884 3480">
     <span class='ocr_line' id='line_1_80' title="bbox 2296 3402 3884 3480; baseline -0.008 -11"><span class='ocrx_word' id='word_1_604' title='bbox 2296 3413 2492 3469; x_wconf 90' lang='lat' dir='ltr'><strong>missus</strong></span> <span class='ocrx_word' id='word_1_605' title='bbox 2523 3429 2553 3467; x_wconf 90' lang='lat' dir='ltr'><strong>a</strong></span> <span class='ocrx_word' id='word_1_606' title='bbox 2585 3412 2836 3477; x_wconf 90' lang='lat' dir='ltr'><strong>Domino,</strong></span> <span class='ocrx_word' id='word_1_607' title='bbox 2865 3410 3058 3480; x_wconf 89' lang='lat' dir='ltr'><strong>loquor</strong></span> <span class='ocrx_word' id='word_1_608' title='bbox 3088 3408 3156 3463; x_wconf 90' lang='lat' dir='ltr'><strong>ad</strong></span> <span class='ocrx_word' id='word_1_609' title='bbox 3196 3415 3271 3461; x_wconf 90' lang='lat' dir='ltr'><strong>te.</strong></span> <span class='ocrx_word' id='word_1_610' title='bbox 3320 3404 3473 3473; x_wconf 87' lang='lat' dir='ltr'><strong>Quod</strong></span> <span class='ocrx_word' id='word_1_611' title='bbox 3519 3403 3627 3459; x_wconf 88' lang='lat' dir='ltr'><strong>nisi</strong></span> <span class='ocrx_word' id='word_1_612' title='bbox 3675 3402 3884 3472; x_wconf 80' lang='lat' dir='ltr'><strong>ieceris,</strong></span> 
     </span>
    </p>
   </div>
   <div class='ocr_carea' id='block_1_81' title="bbox 2296 3493 3575 3575">
    <p class='ocr_par' dir='ltr' id='par_1_81' title="bbox 2296 3493 3575 3575">
     <span class='ocr_line' id='line_1_81' title="bbox 2296 3493 3575 3575; baseline -0.011 -14"><span class='ocrx_word' id='word_1_613' title='bbox 2296 3502 2570 3575; x_wconf 81' lang='lat' dir='ltr'><strong>dissipasti</strong></span> <span class='ocrx_word' id='word_1_614' title='bbox 2597 3501 2775 3558; x_wconf 73' lang='lat' dir='ltr'><strong>foedus</strong></span> <span class='ocrx_word' id='word_1_615' title='bbox 2804 3498 3087 3569; x_wconf 75' lang='lat' dir='ltr'><strong>pacificum</strong></span> <span class='ocrx_word' id='word_1_616' title='bbox 3121 3495 3331 3552; x_wconf 90' lang='lat' dir='ltr'><strong>Domini</strong></span> <span class='ocrx_word' id='word_1_617' title='bbox 3357 3494 3451 3551; x_wconf 88' lang='lat' dir='ltr'><strong>Dei</strong></span> <span class='ocrx_word' id='word_1_618' title='bbox 3478 3493 3575 3549; x_wconf 93' lang='lat' dir='ltr'><strong>tui.</strong></span> 
     </span>
    </p>
   </div>
   <div class='ocr_carea' id='block_1_82' title="bbox 2367 3614 3885 3675">
    <p class='ocr_par' dir='ltr' id='par_1_82' title="bbox 2367 3614 3885 3675">
     <span class='ocr_line' id='line_1_82' title="bbox 2367 3614 3885 3675; baseline -0.007 -2"><span class='ocrx_word' id='word_1_619' title='bbox 2367 3619 2497 3673; x_wconf 71' lang='lat' dir='ltr'><strong>CAP.</strong></span> <span class='ocrx_word' id='word_1_620' title='bbox 2524 3616 2613 3672; x_wconf 81' lang='lat' dir='ltr'><strong>Vl.</strong></span> <span class='ocrx_word' id='word_1_621' title='bbox 2640 3645 2712 3656; x_wconf 95' lang='lat'><strong><em>—</em></strong></span> <span class='ocrx_word' id='word_1_622' title='bbox 2739 3616 2807 3669; x_wconf 79' lang='lat' dir='ltr'><strong>At</strong></span> <span class='ocrx_word' id='word_1_623' title='bbox 2847 3614 2939 3668; x_wconf 91' lang='lat' dir='ltr'><strong>ille</strong></span> <span class='ocrx_word' id='word_1_624' title='bbox 2985 3621 3135 3668; x_wconf 89' lang='lat' dir='ltr'><strong>tanto</strong></span> <span class='ocrx_word' id='word_1_625' title='bbox 3180 3620 3387 3665; x_wconf 89' lang='lat' dir='ltr'><strong>terrore</strong></span> <span class='ocrx_word' id='word_1_626' title='bbox 3433 3615 3733 3675; x_wconf 84' lang='lat' dir='ltr'><strong>conventus</strong></span> <span class='ocrx_word' id='word_1_627' title='bbox 3759 3648 3776 3675; x_wconf 92' lang='lat'><strong>,</strong></span> <span class='ocrx_word' id='word_1_628' title='bbox 3824 3619 3885 3663; x_wconf 82' lang='lat' dir='ltr'><strong>ex</strong></span> 
     </span>
    </p>
   </div>
   <div class='ocr_carea' id='block_1_83' title="bbox 2298 3706 3885 3778">
    <p class='ocr_par' dir='ltr' id='par_1_83' title="bbox 2298 3706 3885 3778">
     <span class='ocr_line' id='line_1_83' title="bbox 2298 3706 3885 3778; baseline -0.013 -8"><span class='ocrx_word' id='word_1_629' title='bbox 2298 3714 2390 3771; x_wconf 88' lang='lat' dir='ltr'><strong>illo</strong></span> <span class='ocrx_word' id='word_1_630' title='bbox 2421 3725 2615 3768; x_wconf 90' lang='lat' dir='ltr'><strong>somno</strong></span> <span class='ocrx_word' id='word_1_631' title='bbox 2644 3706 3064 3778; x_wconf 83' lang='lat' dir='ltr'><strong>expergiscitur;</strong></span> <span class='ocrx_word' id='word_1_632' title='bbox 3094 3717 3533 3775; x_wconf 79' lang='lat' dir='ltr'><strong>consurgensque</strong></span> <span class='ocrx_word' id='word_1_633' title='bbox 3558 3713 3743 3767; x_wconf 88' lang='lat' dir='ltr'><strong>mane,</strong></span> <span class='ocrx_word' id='word_1_634' title='bbox 3764 3712 3885 3753; x_wconf 85' lang='lat' dir='ltr'><strong>con-</strong></span> 
     </span>
    </p>
   </div>
   <div class='ocr_carea' id='block_1_84' title="bbox 2296 3792 3886 3869">
    <p class='ocr_par' dir='ltr' id='par_1_84' title="bbox 2296 3792 3886 3869">
     <span class='ocr_line' id='line_1_84' title="bbox 2296 3792 3886 3869; baseline -0.008 -7"><span class='ocrx_word' id='word_1_635' title='bbox 2296 3808 2506 3863; x_wconf 88' lang='lat' dir='ltr'><strong>vocatis</strong></span> <span class='ocrx_word' id='word_1_636' title='bbox 2529 3804 2845 3861; x_wconf 88' lang='lat' dir='ltr'><strong>necessariis</strong></span> <span class='ocrx_word' id='word_1_637' title='bbox 2878 3802 3083 3859; x_wconf 89' lang='lat' dir='ltr'><strong>amicis.</strong></span> <span class='ocrx_word' id='word_1_638' title='bbox 3118 3797 3396 3861; x_wconf 86' lang='lat' dir='ltr'><strong>servisque</strong></span> <span class='ocrx_word' id='word_1_639' title='bbox 3425 3796 3587 3869; x_wconf 60' lang='lat'><strong>240</strong></span> <span class='ocrx_word' id='word_1_640' title='bbox 3614 3794 3731 3850; x_wconf 91' lang='lat' dir='ltr'><strong>suis</strong></span> <span class='ocrx_word' id='word_1_641' title='bbox 3762 3792 3886 3849; x_wconf 81' lang='lat' dir='ltr'><strong>lide-</strong></span> 
     </span>
    </p>
   </div>
   <div class='ocr_carea' id='block_1_85' title="bbox 2293 3888 3887 3966">
    <p class='ocr_par' dir='ltr' id='par_1_85' title="bbox 2293 3888 3887 3966">
     <span class='ocr_line' id='line_1_85' title="bbox 2293 3888 3887 3966; baseline -0.008 -12"><span class='ocrx_word' id='word_1_642' title='bbox 2293 3901 2460 3966; x_wconf 90' lang='lat' dir='ltr'><strong>libus,</strong></span> <span class='ocrx_word' id='word_1_643' title='bbox 2491 3900 2702 3954; x_wconf 89' lang='lat' dir='ltr'><strong>locutus</strong></span> <span class='ocrx_word' id='word_1_644' title='bbox 2730 3906 2811 3951; x_wconf 92' lang='lat' dir='ltr'><strong>est</strong></span> <span class='ocrx_word' id='word_1_645' title='bbox 2837 3896 2903 3951; x_wconf 92' lang='lat' dir='ltr'><strong>ad</strong></span> <span class='ocrx_word' id='word_1_646' title='bbox 2929 3908 3047 3962; x_wconf 86' lang='lat' dir='ltr'><strong>eos,</strong></span> <span class='ocrx_word' id='word_1_647' title='bbox 3077 3893 3298 3949; x_wconf 87' lang='lat' dir='ltr'><strong>dicens:</strong></span> <span class='ocrx_word' id='word_1_648' title='bbox 3327 3890 3543 3946; x_wconf 85' lang='lat' dir='ltr'><strong>Jacenti</strong></span> <span class='ocrx_word' id='word_1_649' title='bbox 3574 3888 3708 3943; x_wconf 89' lang='lat' dir='ltr'><strong>mihi</strong></span> <span class='ocrx_word' id='word_1_650' title='bbox 3738 3894 3887 3943; x_wconf 84' lang='lat' dir='ltr'><strong>nocte</strong></span> 
     </span>
    </p>
   </div>
   <div class='ocr_carea' id='block_1_86' title="bbox 2296 3980 3889 4061">
    <p class='ocr_par' dir='ltr' id='par_1_86' title="bbox 2296 3980 3889 4061">
     <span class='ocr_line' id='line_1_86' title="bbox 2296 3980 3889 4061; baseline -0.009 -14"><span class='ocrx_word' id='word_1_651' title='bbox 2296 3992 2353 4047; x_wconf 92' lang='lat' dir='ltr'><strong>in</strong></span> <span class='ocrx_word' id='word_1_652' title='bbox 2387 3992 2546 4059; x_wconf 89' lang='lat' dir='ltr'><strong>lecto,</strong></span> <span class='ocrx_word' id='word_1_653' title='bbox 2575 3989 2849 4061; x_wconf 86' lang='lat' dir='ltr'><strong>quidpiam</strong></span> <span class='ocrx_word' id='word_1_654' title='bbox 2894 3987 3095 4043; x_wconf 86' lang='lat' dir='ltr'><strong>sororis</strong></span> <span class='ocrx_word' id='word_1_655' title='bbox 3126 3998 3373 4055; x_wconf 87' lang='lat' dir='ltr'><strong>ceperam</strong></span> <span class='ocrx_word' id='word_1_656' title='bbox 3401 4000 3415 4050; x_wconf 89' lang='lat'><strong>;</strong></span> <span class='ocrx_word' id='word_1_657' title='bbox 3447 3992 3501 4038; x_wconf 91' lang='lat' dir='ltr'><strong>et</strong></span> <span class='ocrx_word' id='word_1_658' title='bbox 3548 3996 3676 4037; x_wconf 88' lang='lat' dir='ltr'><strong>ecce</strong></span> <span class='ocrx_word' id='word_1_659' title='bbox 3717 3980 3889 4035; x_wconf 92' lang='lat' dir='ltr'><strong>subito</strong></span> 
     </span>
    </p>
   </div>
   <div class='ocr_carea' id='block_1_87' title="bbox 2298 4073 3889 4149">
    <p class='ocr_par' dir='ltr' id='par_1_87' title="bbox 2298 4073 3889 4149">
     <span class='ocr_line' id='line_1_87' title="bbox 2298 4073 3889 4149; baseline -0.008 -8"><span class='ocrx_word' id='word_1_660' title='bbox 2298 4084 2518 4141; x_wconf 89' lang='lat' dir='ltr'><strong>nuntius</strong></span> <span class='ocrx_word' id='word_1_661' title='bbox 2546 4082 2736 4149; x_wconf 89' lang='lat' dir='ltr'><strong>astitit,</strong></span> <span class='ocrx_word' id='word_1_662' title='bbox 2767 4081 2951 4137; x_wconf 81' lang='lat' dir='ltr'><strong>dicens</strong></span> <span class='ocrx_word' id='word_1_663' title='bbox 2981 4097 2993 4134; x_wconf 91' lang='lat'><strong>:</strong></span> <span class='ocrx_word' id='word_1_664' title='bbox 3026 4080 3107 4135; x_wconf 91' lang='lat' dir='ltr'><strong>En</strong></span> <span class='ocrx_word' id='word_1_665' title='bbox 3139 4088 3192 4134; x_wconf 93' lang='lat' dir='ltr'><strong>tu</strong></span> <span class='ocrx_word' id='word_1_666' title='bbox 3220 4076 3454 4147; x_wconf 87' lang='lat' dir='ltr'><strong>epularis</strong></span> <span class='ocrx_word' id='word_1_667' title='bbox 3476 4075 3531 4131; x_wconf 81' lang='lat' dir='ltr'><strong>in</strong></span> <span class='ocrx_word' id='word_1_668' title='bbox 3557 4074 3760 4130; x_wconf 87' lang='lat' dir='ltr'><strong>divitiis</strong></span> <span class='ocrx_word' id='word_1_669' title='bbox 3787 4073 3889 4129; x_wconf 81' lang='lat' dir='ltr'><strong>tuis</strong></span> 
     </span>
    </p>
   </div>
   <div class='ocr_carea' id='block_1_88' title="bbox 2297 4166 3884 4247">
    <p class='ocr_par' dir='ltr' id='par_1_88' title="bbox 2297 4166 3884 4247">
     <span class='ocr_line' id='line_1_88' title="bbox 2297 4166 3884 4247; baseline -0.008 -14"><span class='ocrx_word' id='word_1_670' title='bbox 2297 4175 2580 4247; x_wconf 74' lang='lat' dir='ltr'><strong>splendide</strong></span> <span class='ocrx_word' id='word_1_671' title='bbox 2605 4172 2769 4243; x_wconf 89' lang='lat' dir='ltr'><strong>,servi</strong></span> <span class='ocrx_word' id='word_1_672' title='bbox 2791 4188 2919 4229; x_wconf 90' lang='lat' dir='ltr'><strong>vero</strong></span> <span class='ocrx_word' id='word_1_673' title='bbox 2941 4171 3045 4228; x_wconf 92' lang='lat' dir='ltr'><strong>mei</strong></span> <span class='ocrx_word' id='word_1_674' title='bbox 3069 4171 3123 4225; x_wconf 92' lang='lat' dir='ltr'><strong>in</strong></span> <span class='ocrx_word' id='word_1_675' title='bbox 3145 4171 3361 4226; x_wconf 90' lang='lat' dir='ltr'><strong>deserto</strong></span> <span class='ocrx_word' id='word_1_676' title='bbox 3380 4168 3620 4239; x_wconf 89' lang='lat' dir='ltr'><strong>indigent</strong></span> <span class='ocrx_word' id='word_1_677' title='bbox 3641 4166 3884 4235; x_wconf 88' lang='lat' dir='ltr'><strong>panibus.</strong></span> 
     </span>
    </p>
   </div>
   <div class='ocr_carea' id='block_1_89' title="bbox 2297 4259 3888 4339">
    <p class='ocr_par' dir='ltr' id='par_1_89' title="bbox 2297 4259 3888 4339">
     <span class='ocr_line' id='line_1_89' title="bbox 2297 4259 3888 4339; baseline -0.006 -15"><span class='ocrx_word' id='word_1_678' title='bbox 2297 4266 2470 4339; x_wconf 86' lang='lat' dir='ltr'><strong>Surge</strong></span> <span class='ocrx_word' id='word_1_679' title='bbox 2493 4281 2621 4337; x_wconf 89' lang='lat' dir='ltr'><strong>ergo</strong></span> <span class='ocrx_word' id='word_1_680' title='bbox 2668 4264 2919 4330; x_wconf 91' lang='lat' dir='ltr'><strong>diluculo,</strong></span> <span class='ocrx_word' id='word_1_681' title='bbox 2946 4273 3000 4320; x_wconf 92' lang='lat' dir='ltr'><strong>et</strong></span> <span class='ocrx_word' id='word_1_682' title='bbox 3047 4263 3201 4318; x_wconf 81' lang='lat' dir='ltr'><strong>mitte</strong></span> <span class='ocrx_word' id='word_1_683' title='bbox 3242 4262 3413 4317; x_wconf 85' lang='lat' dir='ltr'><strong>servis</strong></span> <span class='ocrx_word' id='word_1_684' title='bbox 3458 4259 3592 4316; x_wconf 88' lang='lat' dir='ltr'><strong>meis</strong></span> <span class='ocrx_word' id='word_1_685' title='bbox 3625 4274 3781 4315; x_wconf 86' lang='lat' dir='ltr'><strong>escas</strong></span> <span class='ocrx_word' id='word_1_686' title='bbox 3823 4274 3888 4315; x_wconf 79' lang='lat' dir='ltr'><strong>ex</strong></span> 
     </span>
    </p>
   </div>
   <div class='ocr_carea' id='block_1_90' title="bbox 2294 4350 3889 4429">
    <p class='ocr_par' dir='ltr' id='par_1_90' title="bbox 2294 4350 3889 4429">
     <span class='ocr_line' id='line_1_90' title="bbox 2294 4350 3889 4429; baseline -0.006 -12"><span class='ocrx_word' id='word_1_687' title='bbox 2294 4360 2547 4418; x_wconf 90' lang='lat' dir='ltr'><strong>omnibus</strong></span> <span class='ocrx_word' id='word_1_688' title='bbox 2573 4374 2695 4429; x_wconf 74' lang='lat' dir='ltr'><strong>qua:</strong></span> <span class='ocrx_word' id='word_1_689' title='bbox 2720 4358 2845 4413; x_wconf 90' lang='lat' dir='ltr'><strong>dedi</strong></span> <span class='ocrx_word' id='word_1_690' title='bbox 2876 4357 2995 4424; x_wconf 89' lang='lat' dir='ltr'><strong>tibi,</strong></span> <span class='ocrx_word' id='word_1_691' title='bbox 3016 4355 3138 4427; x_wconf 89' lang='lat' dir='ltr'><strong>quia</strong></span> <span class='ocrx_word' id='word_1_692' title='bbox 3189 4360 3590 4425; x_wconf 85' lang='lat' dir='ltr'><strong>procuratorem</strong></span> <span class='ocrx_word' id='word_1_693' title='bbox 3640 4360 3694 4407; x_wconf 87' lang='lat' dir='ltr'><strong>te</strong></span> <span class='ocrx_word' id='word_1_694' title='bbox 3742 4350 3889 4423; x_wconf 88' lang='lat' dir='ltr'><strong>posui</strong></span> 
     </span>
    </p>
   </div>
   <div class='ocr_carea' id='block_1_91' title="bbox 2295 4449 3890 4529">
    <p class='ocr_par' dir='ltr' id='par_1_91' title="bbox 2295 4449 3890 4529">
     <span class='ocr_line' id='line_1_91' title="bbox 2295 4449 3890 4529; baseline -0.006 -17"><span class='ocrx_word' id='word_1_695' title='bbox 2295 4456 2473 4529; x_wconf 82' lang='lat' dir='ltr'><strong>gregis</strong></span> <span class='ocrx_word' id='word_1_696' title='bbox 2504 4454 2630 4509; x_wconf 90' lang='lat' dir='ltr'><strong>mei.</strong></span> <span class='ocrx_word' id='word_1_697' title='bbox 2665 4453 2807 4509; x_wconf 88' lang='lat' dir='ltr'><strong>Ecce</strong></span> <span class='ocrx_word' id='word_1_698' title='bbox 2833 4454 3048 4508; x_wconf 88' lang='lat' dir='ltr'><strong>mittere</strong></span> <span class='ocrx_word' id='word_1_699' title='bbox 3074 4466 3256 4522; x_wconf 58' lang='lat' dir='ltr'><strong>quaero</strong></span> <span class='ocrx_word' id='word_1_700' title='bbox 3284 4467 3301 4518; x_wconf 88' lang='lat'><strong>;</strong></span> <span class='ocrx_word' id='word_1_701' title='bbox 3327 4450 3423 4507; x_wconf 88' lang='lat' dir='ltr'><strong>sed</strong></span> <span class='ocrx_word' id='word_1_702' title='bbox 3472 4449 3562 4504; x_wconf 88' lang='lat' dir='ltr'><strong>ubi</strong></span> <span class='ocrx_word' id='word_1_703' title='bbox 3612 4459 3890 4505; x_wconf 89' lang='lat' dir='ltr'><strong>morentur</strong></span> 
     </span>
    </p>
   </div>
   <div class='ocr_carea' id='block_1_92' title="bbox 2296 4540 3889 4615">
    <p class='ocr_par' dir='ltr' id='par_1_92' title="bbox 2296 4540 3889 4615">
     <span class='ocr_line' id='line_1_92' title="bbox 2296 4540 3889 4615; baseline -0.006 -10"><span class='ocrx_word' id='word_1_704' title='bbox 2296 4548 2437 4605; x_wconf 91' lang='lat' dir='ltr'><strong>servi</strong></span> <span class='ocrx_word' id='word_1_705' title='bbox 2462 4547 2580 4613; x_wconf 82' lang='lat' dir='ltr'><strong>Dei,</strong></span> <span class='ocrx_word' id='word_1_706' title='bbox 2613 4543 2821 4615; x_wconf 91' lang='lat' dir='ltr'><strong>ignoro.</strong></span> <span class='ocrx_word' id='word_1_707' title='bbox 2853 4543 3025 4614; x_wconf 86' lang='lat' dir='ltr'><strong>Cupio</strong></span> <span class='ocrx_word' id='word_1_708' title='bbox 3054 4552 3378 4614; x_wconf 82' lang='lat' dir='ltr'><strong>praeceptum</strong></span> <span class='ocrx_word' id='word_1_709' title='bbox 3428 4540 3656 4611; x_wconf 89' lang='lat' dir='ltr'><strong>implere</strong></span> <span class='ocrx_word' id='word_1_710' title='bbox 3708 4542 3889 4597; x_wconf 85' lang='lat' dir='ltr'><strong>admo-</strong></span> 
     </span>
    </p>
   </div>
   <div class='ocr_carea' id='block_1_93' title="bbox 594 4627 3889 4715">
    <p class='ocr_par' dir='ltr' id='par_1_93' title="bbox 594 4627 3889 4715">
     <span class='ocr_line' id='line_1_93' title="bbox 594 4627 3889 4715; baseline 0.001 -26"><span class='ocrx_word' id='word_1_711' title='bbox 594 4634 853 4690; x_wconf 91' lang='lat' dir='ltr'><strong>Dominus</strong></span> <span class='ocrx_word' id='word_1_712' title='bbox 885 4637 1092 4693; x_wconf 92' lang='lat' dir='ltr'><strong>dederit</strong></span> <span class='ocrx_word' id='word_1_713' title='bbox 1142 4638 1340 4695; x_wconf 86' lang='lat' dir='ltr'><strong>facere.</strong></span> <span class='ocrx_word' id='word_1_714' title='bbox 1392 4640 1523 4696; x_wconf 92' lang='lat' dir='ltr'><strong>Illud</strong></span> <span class='ocrx_word' id='word_1_715' title='bbox 1572 4650 1749 4697; x_wconf 90' lang='lat' dir='ltr'><strong>autem</strong></span> <span class='ocrx_word' id='word_1_716' title='bbox 1795 4646 2007 4712; x_wconf 90' lang='lat' dir='ltr'><strong>scitote,</strong></span> <span class='ocrx_word' id='word_1_717' title='bbox 2060 4646 2185 4715; x_wconf 89' lang='lat' dir='ltr'><strong>quia</strong></span> <span class='ocrx_word' id='word_1_718' title='bbox 2215 4627 2270 4687; x_wconf 81' lang='lat' dir='ltr'><strong>D</strong></span> <span class='ocrx_word' id='word_1_719' title='bbox 2296 4642 2439 4698; x_wconf 88' lang='lat' dir='ltr'><strong>nitus</strong></span> <span class='ocrx_word' id='word_1_720' title='bbox 2470 4660 2481 4695; x_wconf 92' lang='lat'>:</span> <span class='ocrx_word' id='word_1_721' title='bbox 2512 4640 2605 4697; x_wconf 89' lang='lat' dir='ltr'><strong>sed</strong></span> <span class='ocrx_word' id='word_1_722' title='bbox 2633 4640 2752 4710; x_wconf 89' lang='lat' dir='ltr'><strong>quis</strong></span> <span class='ocrx_word' id='word_1_723' title='bbox 2777 4638 2929 4705; x_wconf 87' lang='lat' dir='ltr'><strong>mihi,</strong></span> <span class='ocrx_word' id='word_1_724' title='bbox 2957 4637 3024 4694; x_wconf 90' lang='lat' dir='ltr'><strong>ad</strong></span> <span class='ocrx_word' id='word_1_725' title='bbox 3047 4652 3204 4709; x_wconf 89' lang='lat' dir='ltr'><strong>quem</strong></span> <span class='ocrx_word' id='word_1_726' title='bbox 3228 4638 3451 4709; x_wconf 80' lang='lat' dir='ltr'><strong>dirigam</strong></span> <span class='ocrx_word' id='word_1_727' title='bbox 3481 4636 3681 4700; x_wconf 89' lang='lat' dir='ltr'><strong>locum,</strong></span> <span class='ocrx_word' id='word_1_728' title='bbox 3708 4646 3889 4694; x_wconf 83' lang='lat' dir='ltr'><strong>osten-</strong></span> 
     </span>
    </p>
   </div>
   <div class='ocr_carea' id='block_1_94' title="bbox 593 4729 2183 4805">
    <p class='ocr_par' dir='ltr' id='par_1_94' title="bbox 593 4729 2183 4805">
     <span class='ocr_line' id='line_1_94' title="bbox 593 4729 2183 4805; baseline 0.005 -22"><span class='ocrx_word' id='word_1_729' title='bbox 593 4744 699 4783; x_wconf 91' lang='lat' dir='ltr'><strong>non</strong></span> <span class='ocrx_word' id='word_1_730' title='bbox 729 4729 940 4783; x_wconf 86' lang='lat' dir='ltr'><strong>necabit</strong></span> <span class='ocrx_word' id='word_1_731' title='bbox 983 4730 1243 4787; x_wconf 86' lang='lat' dir='ltr'><strong>Dominus</strong></span> <span class='ocrx_word' id='word_1_732' title='bbox 1268 4732 1411 4788; x_wconf 85' lang='lat' dir='ltr'><strong>fame</strong></span> <span class='ocrx_word' id='word_1_733' title='bbox 1436 4734 1668 4789; x_wconf 87' lang='lat' dir='ltr'><strong>animam</strong></span> <span class='ocrx_word' id='word_1_734' title='bbox 1695 4735 1851 4805; x_wconf 90' lang='lat' dir='ltr'><strong>justi.</strong></span> <span class='ocrx_word' id='word_1_735' title='bbox 1882 4736 2022 4791; x_wconf 83' lang='lat' dir='ltr'><strong>Ecce</strong></span> <span class='ocrx_word' id='word_1_736' title='bbox 2042 4737 2183 4791; x_wconf 88' lang='lat' dir='ltr'><strong>oculi</strong></span> 
     </span>
    </p>
   </div>
   <div class='ocr_carea' id='block_1_95' title="bbox 590 4820 2181 4899">
    <p class='ocr_par' dir='ltr' id='par_1_95' title="bbox 590 4820 2181 4899">
     <span class='ocr_line' id='line_1_95' title="bbox 590 4820 2181 4899; baseline 0.004 -24"><span class='ocrx_word' id='word_1_737' title='bbox 590 4820 801 4875; x_wconf 89' lang='lat' dir='ltr'><strong>Domini</strong></span> <span class='ocrx_word' id='word_1_738' title='bbox 834 4836 997 4891; x_wconf 90' lang='lat' dir='ltr'><strong>super</strong></span> <span class='ocrx_word' id='word_1_739' title='bbox 1020 4822 1268 4880; x_wconf 90' lang='lat' dir='ltr'><strong>timentes</strong></span> <span class='ocrx_word' id='word_1_740' title='bbox 1298 4840 1443 4891; x_wconf 87' lang='lat' dir='ltr'><strong>eum,</strong></span> <span class='ocrx_word' id='word_1_741' title='bbox 1476 4834 1536 4880; x_wconf 92' lang='lat' dir='ltr'><strong>ut</strong></span> <span class='ocrx_word' id='word_1_742' title='bbox 1562 4826 1671 4880; x_wconf 86' lang='lat' dir='ltr'><strong>alat</strong></span> <span class='ocrx_word' id='word_1_743' title='bbox 1696 4841 1790 4881; x_wconf 92' lang='lat' dir='ltr'><strong>eos</strong></span> <span class='ocrx_word' id='word_1_744' title='bbox 1820 4825 1961 4881; x_wconf 87' lang='lat' dir='ltr'><strong>fame</strong></span> <span class='ocrx_word' id='word_1_745' title='bbox 2006 4826 2181 4899; x_wconf 80' lang='lat' dir='ltr'><strong>(Psal.</strong></span> 
     </span>
    </p>
   </div>
   <div class='ocr_carea' id='block_1_96' title="bbox 588 4912 2183 4990">
    <p class='ocr_par' dir='ltr' id='par_1_96' title="bbox 588 4912 2183 4990">
     <span class='ocr_line' id='line_1_96' title="bbox 588 4912 2183 4990; baseline 0.004 -20"><span class='ocrx_word' id='word_1_746' title='bbox 588 4913 786 4984; x_wconf 68' lang='lat' dir='ltr'><strong>usti).</strong></span> <span class='ocrx_word' id='word_1_747' title='bbox 820 4912 888 4970; x_wconf 88' lang='lat' dir='ltr'><strong>Et</strong></span> <span class='ocrx_word' id='word_1_748' title='bbox 917 4916 1043 4971; x_wconf 88' lang='lat' dir='ltr'><strong>illud</strong></span> <span class='ocrx_word' id='word_1_749' title='bbox 1074 4932 1180 4972; x_wconf 92' lang='lat' dir='ltr'><strong>non</strong></span> <span class='ocrx_word' id='word_1_750' title='bbox 1209 4920 1582 4974; x_wconf 89' lang='lat' dir='ltr'><strong>memoramini</strong></span> <span class='ocrx_word' id='word_1_751' title='bbox 1619 4919 1902 4989; x_wconf 90' lang='lat' dir='ltr'><strong>scriptum,</strong></span> <span class='ocrx_word' id='word_1_752' title='bbox 1935 4921 2078 4990; x_wconf 91' lang='lat' dir='ltr'><strong>quod</strong></span> <span class='ocrx_word' id='word_1_753' title='bbox 2109 4922 2183 4977; x_wconf 90' lang='lat' dir='ltr'><strong>ait</strong></span> 
     </span>
    </p>
   </div>
   <div class='ocr_carea' id='block_1_97' title="bbox 590 5005 2185 5082">
    <p class='ocr_par' dir='ltr' id='par_1_97' title="bbox 590 5005 2185 5082">
     <span class='ocr_line' id='line_1_97' title="bbox 590 5005 2185 5082; baseline 0.005 -22"><span class='ocrx_word' id='word_1_754' title='bbox 590 5005 923 5075; x_wconf 83' lang='lat' dir='ltr'><strong>Apostolus:</strong></span> <span class='ocrx_word' id='word_1_755' title='bbox 959 5006 1017 5063; x_wconf 87' lang='lat' dir='ltr'><strong>In</strong></span> <span class='ocrx_word' id='word_1_756' title='bbox 1041 5006 1179 5064; x_wconf 86' lang='lat' dir='ltr'><strong>fame</strong></span> <span class='ocrx_word' id='word_1_757' title='bbox 1224 5018 1281 5065; x_wconf 87' lang='lat' dir='ltr'><strong>et</strong></span> <span class='ocrx_word' id='word_1_758' title='bbox 1323 5011 1411 5066; x_wconf 89' lang='lat' dir='ltr'><strong>siti</strong></span> <span class='ocrx_word' id='word_1_759' title='bbox 1436 5009 1526 5082; x_wconf 87' lang='lat' dir='ltr'><strong>(II</strong></span> <span class='ocrx_word' id='word_1_760' title='bbox 1556 5008 1675 5065; x_wconf 86' lang='lat' dir='ltr'><strong>Cor.</strong></span> <span class='ocrx_word' id='word_1_761' title='bbox 1709 5010 1831 5081; x_wconf 73' lang='lat' dir='ltr'><strong>XI)?</strong></span> <span class='ocrx_word' id='word_1_762' title='bbox 1878 5011 1985 5067; x_wconf 85' lang='lat' dir='ltr'><strong>Sed</strong></span> <span class='ocrx_word' id='word_1_763' title='bbox 2032 5013 2185 5068; x_wconf 87' lang='lat' dir='ltr'><strong>vobis</strong></span> 
     </span>
    </p>
   </div>
   <div class='ocr_carea' id='block_1_98' title="bbox 589 5100 2187 5173">
    <p class='ocr_par' dir='ltr' id='par_1_98' title="bbox 589 5100 2187 5173">
     <span class='ocr_line' id='line_1_98' title="bbox 589 5100 2187 5173; baseline 0.004 -20"><span class='ocrx_word' id='word_1_764' title='bbox 589 5114 799 5170; x_wconf 90' lang='lat' dir='ltr'><strong>quoque</strong></span> <span class='ocrx_word' id='word_1_765' title='bbox 848 5100 901 5155; x_wconf 90' lang='lat' dir='ltr'><strong>in</strong></span> <span class='ocrx_word' id='word_1_766' title='bbox 959 5116 1142 5157; x_wconf 89' lang='lat' dir='ltr'><strong>eremo</strong></span> <span class='ocrx_word' id='word_1_767' title='bbox 1195 5118 1465 5173; x_wconf 91' lang='lat' dir='ltr'><strong>nunquam</strong></span> <span class='ocrx_word' id='word_1_768' title='bbox 1495 5102 1780 5159; x_wconf 88' lang='lat' dir='ltr'><strong>defuerunt</strong></span> <span class='ocrx_word' id='word_1_769' title='bbox 1805 5105 2013 5160; x_wconf 85' lang='lat' dir='ltr'><strong>radices</strong></span> <span class='ocrx_word' id='word_1_770' title='bbox 2060 5105 2187 5161; x_wconf 87' lang='lat' dir='ltr'><strong>her-</strong></span> 
     </span>
    </p>
   </div>
   <div class='ocr_carea' id='block_1_99' title="bbox 586 5188 2179 5263">
    <p class='ocr_par' dir='ltr' id='par_1_99' title="bbox 586 5188 2179 5263">
     <span class='ocr_line' id='line_1_99' title="bbox 586 5188 2179 5263; baseline 0.003 -18"><span class='ocrx_word' id='word_1_771' title='bbox 586 5188 797 5257; x_wconf 86' lang='lat' dir='ltr'><strong>barum,</strong></span> <span class='ocrx_word' id='word_1_772' title='bbox 830 5206 929 5247; x_wconf 86' lang='lat' dir='ltr'><strong>nec</strong></span> <span class='ocrx_word' id='word_1_773' title='bbox 953 5192 1227 5248; x_wconf 90' lang='lat' dir='ltr'><strong>mansistis</strong></span> <span class='ocrx_word' id='word_1_774' title='bbox 1253 5192 1539 5263; x_wconf 90' lang='lat' dir='ltr'><strong>aliquando</strong></span> <span class='ocrx_word' id='word_1_775' title='bbox 1564 5193 1753 5263; x_wconf 91' lang='lat' dir='ltr'><strong>jejuni.</strong></span> <span class='ocrx_word' id='word_1_776' title='bbox 1802 5193 2179 5250; x_wconf 82' lang='lat' dir='ltr'><strong>Recordamini</strong></span> 
     </span>
    </p>
   </div>
   <div class='ocr_carea' id='block_1_100' title="bbox 586 5286 2183 5359">
    <p class='ocr_par' dir='ltr' id='par_1_100' title="bbox 586 5286 2183 5359">
     <span class='ocr_line' id='line_1_100' title="bbox 586 5286 2183 5359; baseline 0.004 -22"><span class='ocrx_word' id='word_1_777' title='bbox 586 5293 765 5339; x_wconf 89' lang='lat' dir='ltr'><strong>autem</strong></span> <span class='ocrx_word' id='word_1_778' title='bbox 795 5286 913 5354; x_wconf 90' lang='lat' dir='ltr'><strong>quia</strong></span> <span class='ocrx_word' id='word_1_779' title='bbox 945 5296 1101 5342; x_wconf 88' lang='lat' dir='ltr'><strong>antea</strong></span> <span class='ocrx_word' id='word_1_780' title='bbox 1129 5287 1339 5343; x_wconf 91' lang='lat' dir='ltr'><strong>locutus</strong></span> <span class='ocrx_word' id='word_1_781' title='bbox 1367 5301 1484 5341; x_wconf 88' lang='lat' dir='ltr'><strong>sum</strong></span> <span class='ocrx_word' id='word_1_782' title='bbox 1519 5288 1669 5341; x_wconf 86' lang='lat' dir='ltr'><strong>vobis</strong></span> <span class='ocrx_word' id='word_1_783' title='bbox 1701 5306 1714 5344; x_wconf 92' lang='lat'><strong>:</strong></span> <span class='ocrx_word' id='word_1_784' title='bbox 1747 5288 1921 5343; x_wconf 89' lang='lat' dir='ltr'><strong>Nolite</strong></span> <span class='ocrx_word' id='word_1_785' title='bbox 1950 5289 2183 5359; x_wconf 87' lang='lat' dir='ltr'><strong>cogitare</strong></span> 
     </span>
    </p>
   </div>
   <div class='ocr_carea' id='block_1_101' title="bbox 586 5378 2179 5451">
    <p class='ocr_par' dir='ltr' id='par_1_101' title="bbox 586 5378 2179 5451">
     <span class='ocr_line' id='line_1_101' title="bbox 586 5378 2179 5451; baseline 0.002 -19"><span class='ocrx_word' id='word_1_786' title='bbox 586 5378 711 5447; x_wconf 86' lang='lat' dir='ltr'><strong>quid</strong></span> <span class='ocrx_word' id='word_1_787' title='bbox 743 5378 1095 5447; x_wconf 88' lang='lat' dir='ltr'><strong>manducetis,</strong></span> <span class='ocrx_word' id='word_1_788' title='bbox 1130 5390 1222 5436; x_wconf 90' lang='lat' dir='ltr'><strong>aut</strong></span> <span class='ocrx_word' id='word_1_789' title='bbox 1250 5379 1379 5451; x_wconf 91' lang='lat' dir='ltr'><strong>quid</strong></span> <span class='ocrx_word' id='word_1_790' title='bbox 1408 5378 1623 5444; x_wconf 86' lang='lat' dir='ltr'><strong>bibatis,</strong></span> <span class='ocrx_word' id='word_1_791' title='bbox 1676 5389 1766 5433; x_wconf 92' lang='lat' dir='ltr'><strong>aut</strong></span> <span class='ocrx_word' id='word_1_792' title='bbox 1814 5395 1921 5450; x_wconf 91' lang='lat' dir='ltr'><strong>quo</strong></span> <span class='ocrx_word' id='word_1_793' title='bbox 1968 5382 2179 5449; x_wconf 86' lang='lat' dir='ltr'><strong>operia-</strong></span> 
     </span>
    </p>
   </div>
   <div class='ocr_carea' id='block_1_102' title="bbox 587 5473 2178 5547">
    <p class='ocr_par' dir='ltr' id='par_1_102' title="bbox 587 5473 2178 5547">
     <span class='ocr_line' id='line_1_102' title="bbox 587 5473 2178 5547; baseline 0.004 -23"><span class='ocrx_word' id='word_1_794' title='bbox 587 5473 739 5538; x_wconf 86' lang='lat' dir='ltr'><strong>mini,</strong></span> <span class='ocrx_word' id='word_1_795' title='bbox 766 5473 881 5529; x_wconf 66' lang='lat' dir='ltr'><strong>hinc</strong></span> <span class='ocrx_word' id='word_1_796' title='bbox 905 5477 1048 5531; x_wconf 89' lang='lat' dir='ltr'><strong>enim</strong></span> <span class='ocrx_word' id='word_1_797' title='bbox 1072 5476 1248 5533; x_wconf 91' lang='lat' dir='ltr'><strong>omnia</strong></span> <span class='ocrx_word' id='word_1_798' title='bbox 1272 5484 1458 5545; x_wconf 89' lang='lat' dir='ltr'><strong>gentes</strong></span> <span class='ocrx_word' id='word_1_799' title='bbox 1484 5473 1666 5529; x_wconf 92' lang='lat' dir='ltr'><strong>mundi</strong></span> <span class='ocrx_word' id='word_1_800' title='bbox 1692 5482 1936 5544; x_wconf 82' lang='lat' dir='ltr'><strong>quaerunt</strong></span> <span class='ocrx_word' id='word_1_801' title='bbox 1961 5474 2178 5547; x_wconf 80' lang='lat' dir='ltr'><strong>(Matth.</strong></span> 
     </span>
    </p>
   </div>
   <div class='ocr_carea' id='block_1_103' title="bbox 587 5566 2180 5637">
    <p class='ocr_par' dir='ltr' id='par_1_103' title="bbox 587 5566 2180 5637">
     <span class='ocr_line' id='line_1_103' title="bbox 587 5566 2180 5637; baseline 0.003 -17"><span class='ocrx_word' id='word_1_802' title='bbox 587 5566 684 5637; x_wconf 82' lang='lat' dir='ltr'><strong>vr).</strong></span> <span class='ocrx_word' id='word_1_803' title='bbox 718 5567 873 5623; x_wconf 87' lang='lat' dir='ltr'><strong>Novit</strong></span> <span class='ocrx_word' id='word_1_804' title='bbox 902 5570 1156 5625; x_wconf 88' lang='lat' dir='ltr'><strong>Dominus</strong></span> <span class='ocrx_word' id='word_1_805' title='bbox 1180 5572 1359 5625; x_wconf 89' lang='lat' dir='ltr'><strong>cibum</strong></span> <span class='ocrx_word' id='word_1_806' title='bbox 1387 5570 1516 5624; x_wconf 88' lang='lat' dir='ltr'><strong>dare</strong></span> <span class='ocrx_word' id='word_1_807' title='bbox 1547 5568 1861 5624; x_wconf 86' lang='lat' dir='ltr'><strong>timentibus</strong></span> <span class='ocrx_word' id='word_1_808' title='bbox 1891 5584 1970 5625; x_wconf 93' lang='lat' dir='ltr'><strong>se.</strong></span> <span class='ocrx_word' id='word_1_809' title='bbox 2022 5571 2180 5637; x_wconf 77' lang='lat' dir='ltr'><strong>Qua:-</strong></span> 
     </span>
    </p>
   </div>
   <div class='ocr_carea' id='block_1_104' title="bbox 585 5658 2176 5731">
    <p class='ocr_par' dir='ltr' id='par_1_104' title="bbox 585 5658 2176 5731">
     <span class='ocr_line' id='line_1_104' title="bbox 585 5658 2176 5731; baseline 0.001 -16"><span class='ocrx_word' id='word_1_810' title='bbox 585 5658 688 5715; x_wconf 86' lang='lat' dir='ltr'><strong>rite</strong></span> <span class='ocrx_word' id='word_1_811' title='bbox 720 5660 949 5731; x_wconf 87' lang='lat' dir='ltr'><strong>primum</strong></span> <span class='ocrx_word' id='word_1_812' title='bbox 982 5677 1205 5731; x_wconf 90' lang='lat' dir='ltr'><strong>regnum</strong></span> <span class='ocrx_word' id='word_1_813' title='bbox 1235 5662 1350 5729; x_wconf 90' lang='lat' dir='ltr'><strong>Dei,</strong></span> <span class='ocrx_word' id='word_1_814' title='bbox 1385 5671 1439 5716; x_wconf 91' lang='lat' dir='ltr'><strong>et</strong></span> <span class='ocrx_word' id='word_1_815' title='bbox 1482 5660 1739 5730; x_wconf 86' lang='lat' dir='ltr'><strong>justitiam</strong></span> <span class='ocrx_word' id='word_1_816' title='bbox 1790 5660 1929 5730; x_wconf 87' lang='lat' dir='ltr'><strong>ejus,</strong></span> <span class='ocrx_word' id='word_1_817' title='bbox 1962 5670 2016 5715; x_wconf 89' lang='lat' dir='ltr'><strong>et</strong></span> <span class='ocrx_word' id='word_1_818' title='bbox 2062 5661 2176 5716; x_wconf 80' lang='lat' dir='ltr'><strong>haec</strong></span> 
     </span>
    </p>
   </div>
   <div class='ocr_carea' id='block_1_105' title="bbox 585 5752 2172 5823">
    <p class='ocr_par' dir='ltr' id='par_1_105' title="bbox 585 5752 2172 5823">
     <span class='ocr_line' id='line_1_105' title="bbox 585 5752 2172 5823; baseline 0 -16"><span class='ocrx_word' id='word_1_819' title='bbox 585 5752 767 5809; x_wconf 87' lang='lat' dir='ltr'><strong>omnia</strong></span> <span class='ocrx_word' id='word_1_820' title='bbox 796 5754 1114 5823; x_wconf 80' lang='lat' dir='ltr'><strong>adjiciantur</strong></span> <span class='ocrx_word' id='word_1_821' title='bbox 1147 5753 1319 5809; x_wconf 91' lang='lat' dir='ltr'><strong>vobis.</strong></span> <span class='ocrx_word' id='word_1_822' title='bbox 1351 5752 1409 5807; x_wconf 88' lang='lat' dir='ltr'><strong>Si</strong></span> <span class='ocrx_word' id='word_1_823' title='bbox 1438 5754 1579 5808; x_wconf 88' lang='lat' dir='ltr'><strong>enim</strong></span> <span class='ocrx_word' id='word_1_824' title='bbox 1631 5753 1890 5809; x_wconf 86' lang='lat' dir='ltr'><strong>Dominus</strong></span> <span class='ocrx_word' id='word_1_825' title='bbox 1936 5753 2172 5808; x_wconf 88' lang='lat' dir='ltr'><strong>volatilia</strong></span> 
     </span>
    </p>
   </div>
   <div class='ocr_carea' id='block_1_106' title="bbox 587 5844 2175 5916">
    <p class='ocr_par' dir='ltr' id='par_1_106' title="bbox 587 5844 2175 5916">
     <span class='ocr_line' id='line_1_106' title="bbox 587 5844 2175 5916; baseline 0 -14"><span class='ocrx_word' id='word_1_826' title='bbox 587 5846 778 5915; x_wconf 82' lang='lat' dir='ltr'><strong>pascit,</strong></span> <span class='ocrx_word' id='word_1_827' title='bbox 811 5855 865 5903; x_wconf 93' lang='lat' dir='ltr'><strong>et</strong></span> <span class='ocrx_word' id='word_1_828' title='bbox 893 5860 1085 5903; x_wconf 88' lang='lat' dir='ltr'><strong>corvos</strong></span> <span class='ocrx_word' id='word_1_829' title='bbox 1116 5861 1222 5901; x_wconf 85' lang='lat' dir='ltr'><strong>non</strong></span> <span class='ocrx_word' id='word_1_830' title='bbox 1253 5844 1487 5914; x_wconf 86' lang='lat' dir='ltr'><strong>deserit,</strong></span> <span class='ocrx_word' id='word_1_831' title='bbox 1520 5846 1788 5916; x_wconf 87' lang='lat' dir='ltr'><strong>quomodo</strong></span> <span class='ocrx_word' id='word_1_832' title='bbox 1818 5861 1915 5902; x_wconf 89' lang='lat' dir='ltr'><strong>nos</strong></span> <span class='ocrx_word' id='word_1_833' title='bbox 1942 5846 2175 5903; x_wconf 88' lang='lat' dir='ltr'><strong>derelin-</strong></span> 
     </span>
    </p>
   </div>
   <div class='ocr_carea' id='block_1_107' title="bbox 2289 4727 3887 4802">
    <p class='ocr_par' dir='ltr' id='par_1_107' title="bbox 2289 4727 3887 4802">
     <span class='ocr_line' id='line_1_107' title="bbox 2289 4727 3887 4802; baseline -0.002 -15"><span class='ocrx_word' id='word_1_834' title='bbox 2289 4732 2412 4789; x_wconf 88' lang='lat' dir='ltr'><strong>det?</strong></span> <span class='ocrx_word' id='word_1_835' title='bbox 2432 4730 2696 4788; x_wconf 89' lang='lat' dir='ltr'><strong>Convenit</strong></span> <span class='ocrx_word' id='word_1_836' title='bbox 2715 4746 2804 4788; x_wconf 89' lang='lat' dir='ltr'><strong>me</strong></span> <span class='ocrx_word' id='word_1_837' title='bbox 2825 4730 3067 4802; x_wconf 86' lang='lat' dir='ltr'><strong>angelus,</strong></span> <span class='ocrx_word' id='word_1_838' title='bbox 3094 4730 3347 4801; x_wconf 60' lang='lat' dir='ltr'><strong>pracepit</strong></span> <span class='ocrx_word' id='word_1_839' title='bbox 3365 4740 3419 4788; x_wconf 84' lang='lat' dir='ltr'><strong>et</strong></span> <span class='ocrx_word' id='word_1_840' title='bbox 3441 4728 3609 4785; x_wconf 87' lang='lat' dir='ltr'><strong>Deus.</strong></span> <span class='ocrx_word' id='word_1_841' title='bbox 3632 4727 3747 4786; x_wconf 91' lang='lat' dir='ltr'><strong>Sed</strong></span> <span class='ocrx_word' id='word_1_842' title='bbox 3772 4744 3887 4796; x_wconf 86' lang='lat' dir='ltr'><strong>vos,</strong></span> 
     </span>
    </p>
   </div>
   <div class='ocr_carea' id='block_1_108' title="bbox 2289 4823 3887 4896">
    <p class='ocr_par' dir='ltr' id='par_1_108' title="bbox 2289 4823 3887 4896">
     <span class='ocr_line' id='line_1_108' title="bbox 2289 4823 3887 4896; baseline -0.002 -16"><span class='ocrx_word' id='word_1_843' title='bbox 2289 4826 2383 4896; x_wconf 91' lang='lat' dir='ltr'><strong>qui</strong></span> <span class='ocrx_word' id='word_1_844' title='bbox 2405 4826 2652 4882; x_wconf 89' lang='lat' dir='ltr'><strong>seniores</strong></span> <span class='ocrx_word' id='word_1_845' title='bbox 2682 4825 2835 4893; x_wconf 84' lang='lat' dir='ltr'><strong>estis,</strong></span> <span class='ocrx_word' id='word_1_846' title='bbox 2860 4824 3129 4881; x_wconf 89' lang='lat' dir='ltr'><strong>ostendite</strong></span> <span class='ocrx_word' id='word_1_847' title='bbox 3169 4825 3368 4879; x_wconf 89' lang='lat' dir='ltr'><strong>locum.</strong></span> <span class='ocrx_word' id='word_1_848' title='bbox 3414 4823 3480 4877; x_wconf 86' lang='lat' dir='ltr'><strong>Et</strong></span> <span class='ocrx_word' id='word_1_849' title='bbox 3518 4838 3679 4879; x_wconf 87' lang='lat' dir='ltr'><strong>nemo</strong></span> <span class='ocrx_word' id='word_1_850' title='bbox 3720 4823 3887 4879; x_wconf 86' lang='lat' dir='ltr'><strong>valuit</strong></span> 
     </span>
    </p>
   </div>
   <div class='ocr_carea' id='block_1_109' title="bbox 2289 4914 3881 4988">
    <p class='ocr_par' dir='ltr' id='par_1_109' title="bbox 2289 4914 3881 4988">
     <span class='ocr_line' id='line_1_109' title="bbox 2289 4914 3881 4988; baseline -0.003 -14"><span class='ocrx_word' id='word_1_851' title='bbox 2289 4918 2363 4974; x_wconf 92' lang='lat' dir='ltr'><strong>illi</strong></span> <span class='ocrx_word' id='word_1_852' title='bbox 2385 4918 2625 4974; x_wconf 89' lang='lat' dir='ltr'><strong>indicare</strong></span> <span class='ocrx_word' id='word_1_853' title='bbox 2650 4918 2847 4988; x_wconf 91' lang='lat' dir='ltr'><strong>locum,</strong></span> <span class='ocrx_word' id='word_1_854' title='bbox 2876 4917 2999 4988; x_wconf 90' lang='lat' dir='ltr'><strong>quia</strong></span> <span class='ocrx_word' id='word_1_855' title='bbox 3027 4917 3079 4972; x_wconf 92' lang='lat' dir='ltr'><strong>in</strong></span> <span class='ocrx_word' id='word_1_856' title='bbox 3124 4916 3308 4971; x_wconf 90' lang='lat' dir='ltr'><strong>abdito</strong></span> <span class='ocrx_word' id='word_1_857' title='bbox 3350 4914 3550 4970; x_wconf 91' lang='lat' dir='ltr'><strong>montis</strong></span> <span class='ocrx_word' id='word_1_858' title='bbox 3573 4916 3881 4984; x_wconf 87' lang='lat' dir='ltr'><strong>manebant,</strong></span> 
     </span>
    </p>
   </div>
   <div class='ocr_carea' id='block_1_110' title="bbox 2290 5012 3360 5081">
    <p class='ocr_par' dir='ltr' id='par_1_110' title="bbox 2290 5012 3360 5081">
     <span class='ocr_line' id='line_1_110' title="bbox 2290 5012 3360 5081; baseline -0.002 -13"><span class='ocrx_word' id='word_1_859' title='bbox 2290 5018 2346 5068; x_wconf 91' lang='lat' dir='ltr'><strong>et</strong></span> <span class='ocrx_word' id='word_1_860' title='bbox 2374 5027 2533 5067; x_wconf 92' lang='lat' dir='ltr'><strong>nemo</strong></span> <span class='ocrx_word' id='word_1_861' title='bbox 2562 5012 2652 5067; x_wconf 89' lang='lat' dir='ltr'><strong>ubi</strong></span> <span class='ocrx_word' id='word_1_862' title='bbox 2682 5019 3020 5067; x_wconf 91' lang='lat' dir='ltr'><strong>morarentur</strong></span> <span class='ocrx_word' id='word_1_863' title='bbox 3048 5020 3360 5081; x_wconf 87' lang='lat' dir='ltr'><strong>agnoverat.</strong></span> 
     </span>
    </p>
   </div>
   <div class='ocr_carea' id='block_1_111' title="bbox 2362 5100 3883 5174">
    <p class='ocr_par' dir='ltr' id='par_1_111' title="bbox 2362 5100 3883 5174">
     <span class='ocr_line' id='line_1_111' title="bbox 2362 5100 3883 5174; baseline -0.001 -17"><span class='ocrx_word' id='word_1_864' title='bbox 2362 5104 2488 5158; x_wconf 67' lang='lat' dir='ltr'><strong>Cu».</strong></span> <span class='ocrx_word' id='word_1_865' title='bbox 2517 5103 2631 5158; x_wconf 83' lang='lat' dir='ltr'><strong>Vll.</strong></span> <span class='ocrx_word' id='word_1_866' title='bbox 2665 5131 2735 5144; x_wconf 90' lang='lat'><strong>——</strong></span> <span class='ocrx_word' id='word_1_867' title='bbox 2765 5104 2932 5174; x_wconf 84' lang='lat' dir='ltr'><strong>igitur</strong></span> <span class='ocrx_word' id='word_1_868' title='bbox 2959 5104 3127 5157; x_wconf 87' lang='lat' dir='ltr'><strong>altera</strong></span> <span class='ocrx_word' id='word_1_869' title='bbox 3151 5112 3310 5157; x_wconf 92' lang='lat' dir='ltr'><strong>nocte</strong></span> <span class='ocrx_word' id='word_1_870' title='bbox 3346 5100 3551 5157; x_wconf 88' lang='lat' dir='ltr'><strong>duriori</strong></span> <span class='ocrx_word' id='word_1_871' title='bbox 3587 5100 3883 5156; x_wconf 90' lang='lat' dir='ltr'><strong>commina-</strong></span> 
     </span>
    </p>
   </div>
   <div class='ocr_carea' id='block_1_112' title="bbox 2289 5192 3881 5265">
    <p class='ocr_par' dir='ltr' id='par_1_112' title="bbox 2289 5192 3881 5265">
     <span class='ocr_line' id='line_1_112' title="bbox 2289 5192 3881 5265; baseline -0.004 -12"><span class='ocrx_word' id='word_1_872' title='bbox 2289 5197 2433 5254; x_wconf 89' lang='lat' dir='ltr'><strong>tione</strong></span> <span class='ocrx_word' id='word_1_873' title='bbox 2458 5205 2773 5263; x_wconf 90' lang='lat' dir='ltr'><strong>conventus,</strong></span> <span class='ocrx_word' id='word_1_874' title='bbox 2810 5195 3084 5265; x_wconf 87' lang='lat' dir='ltr'><strong>plagisque</strong></span> <span class='ocrx_word' id='word_1_875' title='bbox 3113 5193 3395 5251; x_wconf 90' lang='lat' dir='ltr'><strong>confossus</strong></span> <span class='ocrx_word' id='word_1_876' title='bbox 3420 5194 3575 5249; x_wconf 88' lang='lat' dir='ltr'><strong>dives</strong></span> <span class='ocrx_word' id='word_1_877' title='bbox 3603 5192 3717 5258; x_wconf 87' lang='lat' dir='ltr'><strong>ille,</strong></span> <span class='ocrx_word' id='word_1_878' title='bbox 3766 5207 3881 5248; x_wconf 89' lang='lat' dir='ltr'><strong>cor-</strong></span> 
     </span>
    </p>
   </div>
   <div class='ocr_carea' id='block_1_113' title="bbox 2286 5284 3881 5361">
    <p class='ocr_par' dir='ltr' id='par_1_113' title="bbox 2286 5284 3881 5361">
     <span class='ocr_line' id='line_1_113' title="bbox 2286 5284 3881 5361; baseline -0.004 -15"><span class='ocrx_word' id='word_1_879' title='bbox 2286 5291 2476 5361; x_wconf 91' lang='lat' dir='ltr'><strong>ripitur</strong></span> <span class='ocrx_word' id='word_1_880' title='bbox 2495 5299 2549 5345; x_wconf 92' lang='lat' dir='ltr'><strong>et</strong></span> <span class='ocrx_word' id='word_1_881' title='bbox 2579 5298 2818 5361; x_wconf 89' lang='lat' dir='ltr'><strong>urgetur,</strong></span> <span class='ocrx_word' id='word_1_882' title='bbox 2853 5296 2911 5342; x_wconf 91' lang='lat' dir='ltr'><strong>ut</strong></span> <span class='ocrx_word' id='word_1_883' title='bbox 2930 5286 3102 5343; x_wconf 88' lang='lat' dir='ltr'><strong>servis</strong></span> <span class='ocrx_word' id='word_1_884' title='bbox 3129 5286 3221 5342; x_wconf 91' lang='lat' dir='ltr'><strong>Dei</strong></span> <span class='ocrx_word' id='word_1_885' title='bbox 3266 5286 3526 5359; x_wconf 86' lang='lat' dir='ltr'><strong>dirigeret</strong></span> <span class='ocrx_word' id='word_1_886' title='bbox 3553 5300 3729 5341; x_wconf 88' lang='lat' dir='ltr'><strong>escas.</strong></span> <span class='ocrx_word' id='word_1_887' title='bbox 3783 5284 3881 5341; x_wconf 84' lang='lat' dir='ltr'><strong>lto-</strong></span> 
     </span>
    </p>
   </div>
   <div class='ocr_carea' id='block_1_114' title="bbox 2285 5379 3882 5453">
    <p class='ocr_par' dir='ltr' id='par_1_114' title="bbox 2285 5379 3882 5453">
     <span class='ocr_line' id='line_1_114' title="bbox 2285 5379 3882 5453; baseline -0.004 -14"><span class='ocrx_word' id='word_1_888' title='bbox 2285 5399 2405 5439; x_wconf 89' lang='lat' dir='ltr'><strong>rum</strong></span> <span class='ocrx_word' id='word_1_889' title='bbox 2432 5382 2666 5437; x_wconf 85' lang='lat' dir='ltr'><strong>diluculo</strong></span> <span class='ocrx_word' id='word_1_890' title='bbox 2692 5395 3048 5453; x_wconf 85' lang='lat' dir='ltr'><strong>consurgens,</strong></span> <span class='ocrx_word' id='word_1_891' title='bbox 3077 5396 3107 5434; x_wconf 92' lang='lat' dir='ltr'><strong>a</strong></span> <span class='ocrx_word' id='word_1_892' title='bbox 3135 5380 3402 5448; x_wconf 85' lang='lat' dir='ltr'><strong>prioribus</strong></span> <span class='ocrx_word' id='word_1_893' title='bbox 3429 5379 3624 5434; x_wconf 87' lang='lat' dir='ltr'><strong>amicis</strong></span> <span class='ocrx_word' id='word_1_894' title='bbox 3674 5392 3882 5449; x_wconf 62' lang='lat' dir='ltr'><strong>quare-</strong></span> 
     </span>
    </p>
   </div>
   <div class='ocr_carea' id='block_1_115' title="bbox 2285 5472 3881 5542">
    <p class='ocr_par' dir='ltr' id='par_1_115' title="bbox 2285 5472 3881 5542">
     <span class='ocr_line' id='line_1_115' title="bbox 2285 5472 3881 5542; baseline -0.002 -11"><span class='ocrx_word' id='word_1_895' title='bbox 2285 5475 2377 5531; x_wconf 84' lang='lat' dir='ltr'><strong>bat</strong></span> <span class='ocrx_word' id='word_1_896' title='bbox 2405 5475 2705 5542; x_wconf 89' lang='lat' dir='ltr'><strong>consilium,</strong></span> <span class='ocrx_word' id='word_1_897' title='bbox 2728 5483 2788 5529; x_wconf 93' lang='lat' dir='ltr'><strong>ut</strong></span> <span class='ocrx_word' id='word_1_898' title='bbox 2806 5474 2909 5530; x_wconf 91' lang='lat' dir='ltr'><strong>sibi</strong></span> <span class='ocrx_word' id='word_1_899' title='bbox 2938 5475 3204 5542; x_wconf 84' lang='lat' dir='ltr'><strong>dicerent,</strong></span> <span class='ocrx_word' id='word_1_900' title='bbox 3234 5482 3328 5529; x_wconf 87' lang='lat' dir='ltr'><strong>aut</strong></span> <span class='ocrx_word' id='word_1_901' title='bbox 3355 5482 3505 5529; x_wconf 81' lang='lat' dir='ltr'><strong>certe</strong></span> <span class='ocrx_word' id='word_1_902' title='bbox 3532 5472 3604 5527; x_wconf 90' lang='lat' dir='ltr'><strong>ab</strong></span> <span class='ocrx_word' id='word_1_903' title='bbox 3645 5472 3769 5529; x_wconf 88' lang='lat' dir='ltr'><strong>aliis</strong></span> <span class='ocrx_word' id='word_1_904' title='bbox 3796 5472 3881 5528; x_wconf 79' lang='lat' dir='ltr'><strong>in-</strong></span> 
     </span>
    </p>
   </div>
   <div class='ocr_carea' id='block_1_116' title="bbox 2283 5566 3881 5639">
    <p class='ocr_par' dir='ltr' id='par_1_116' title="bbox 2283 5566 3881 5639">
     <span class='ocr_line' id='line_1_116' title="bbox 2283 5566 3881 5639; baseline -0.003 -15"><span class='ocrx_word' id='word_1_905' title='bbox 2283 5570 2576 5639; x_wconf 88' lang='lat' dir='ltr'><strong>quirerent,</strong></span> <span class='ocrx_word' id='word_1_906' title='bbox 2613 5570 2701 5625; x_wconf 91' lang='lat' dir='ltr'><strong>ubi</strong></span> <span class='ocrx_word' id='word_1_907' title='bbox 2727 5570 2865 5624; x_wconf 89' lang='lat' dir='ltr'><strong>servi</strong></span> <span class='ocrx_word' id='word_1_908' title='bbox 2895 5568 2990 5624; x_wconf 89' lang='lat' dir='ltr'><strong>Dei</strong></span> <span class='ocrx_word' id='word_1_909' title='bbox 3017 5579 3379 5624; x_wconf 89' lang='lat' dir='ltr'><strong>morarentur.</strong></span> <span class='ocrx_word' id='word_1_910' title='bbox 3426 5566 3623 5622; x_wconf 87' lang='lat' dir='ltr'><strong>Aiebat</strong></span> <span class='ocrx_word' id='word_1_911' title='bbox 3663 5578 3881 5637; x_wconf 79' lang='lat' dir='ltr'><strong>quoque</strong></span> 
     </span>
    </p>
   </div>
   <div class='ocr_carea' id='block_1_117' title="bbox 2282 5656 3882 5731">
    <p class='ocr_par' dir='ltr' id='par_1_117' title="bbox 2282 5656 3882 5731">
     <span class='ocr_line' id='line_1_117' title="bbox 2282 5656 3882 5731; baseline -0.001 -16"><span class='ocrx_word' id='word_1_912' title='bbox 2282 5661 2385 5716; x_wconf 91' lang='lat' dir='ltr'><strong>ista</strong></span> <span class='ocrx_word' id='word_1_913' title='bbox 2416 5676 2537 5715; x_wconf 87' lang='lat' dir='ltr'><strong>cum</strong></span> <span class='ocrx_word' id='word_1_914' title='bbox 2569 5661 2804 5716; x_wconf 84' lang='lat' dir='ltr'><strong>maximo</strong></span> <span class='ocrx_word' id='word_1_915' title='bbox 2834 5660 2983 5725; x_wconf 85' lang='lat' dir='ltr'><strong>ﬂetu,</strong></span> <span class='ocrx_word' id='word_1_916' title='bbox 3017 5661 3197 5731; x_wconf 86' lang='lat' dir='ltr'><strong>plagas</strong></span> <span class='ocrx_word' id='word_1_917' title='bbox 3225 5660 3541 5726; x_wconf 84' lang='lat' dir='ltr'><strong>ostendens,</strong></span> <span class='ocrx_word' id='word_1_918' title='bbox 3570 5659 3769 5729; x_wconf 88' lang='lat' dir='ltr'><strong>quibus</strong></span> <span class='ocrx_word' id='word_1_919' title='bbox 3813 5656 3882 5713; x_wconf 76' lang='lat' dir='ltr'><strong>de</strong></span> 
     </span>
    </p>
   </div>
   <div class='ocr_carea' id='block_1_118' title="bbox 2282 5752 3883 5825">
    <p class='ocr_par' dir='ltr' id='par_1_118' title="bbox 2282 5752 3883 5825">
     <span class='ocr_line' id='line_1_118' title="bbox 2282 5752 3883 5825; baseline -0.001 -16"><span class='ocrx_word' id='word_1_920' title='bbox 2282 5769 2442 5809; x_wconf 86' lang='lat' dir='ltr'><strong>manu</strong></span> <span class='ocrx_word' id='word_1_921' title='bbox 2471 5754 2648 5825; x_wconf 86' lang='lat' dir='ltr'><strong>angeli</strong></span> <span class='ocrx_word' id='word_1_922' title='bbox 2680 5753 2853 5809; x_wconf 89' lang='lat' dir='ltr'><strong>fuerat</strong></span> <span class='ocrx_word' id='word_1_923' title='bbox 2878 5761 3037 5809; x_wconf 89' lang='lat' dir='ltr'><strong>nocte</strong></span> <span class='ocrx_word' id='word_1_924' title='bbox 3077 5761 3379 5824; x_wconf 86' lang='lat' dir='ltr'><strong>correptus.</strong></span> <span class='ocrx_word' id='word_1_925' title='bbox 3408 5752 3514 5809; x_wconf 87' lang='lat' dir='ltr'><strong>Sed</strong></span> <span class='ocrx_word' id='word_1_926' title='bbox 3543 5767 3667 5809; x_wconf 91' lang='lat' dir='ltr'><strong>cum</strong></span> <span class='ocrx_word' id='word_1_927' title='bbox 3717 5765 3883 5808; x_wconf 83' lang='lat' dir='ltr'><strong>nemo</strong></span> 
     </span>
    </p>
   </div>
   <div class='ocr_carea' id='block_1_119' title="bbox 2278 5844 3879 5921">
    <p class='ocr_par' dir='ltr' id='par_1_119' title="bbox 2278 5844 3879 5921">
     <span class='ocr_line' id='line_1_119' title="bbox 2278 5844 3879 5921; baseline 0 -19"><span class='ocrx_word' id='word_1_928' title='bbox 2278 5855 2462 5915; x_wconf 86' lang='lat' dir='ltr'><strong>posset</strong></span> <span class='ocrx_word' id='word_1_929' title='bbox 2488 5846 2665 5903; x_wconf 82' lang='lat' dir='ltr'><strong>locum</strong></span> <span class='ocrx_word' id='word_1_930' title='bbox 2694 5844 3043 5903; x_wconf 86' lang='lat' dir='ltr'><strong>habitationis</strong></span> <span class='ocrx_word' id='word_1_931' title='bbox 3066 5860 3345 5903; x_wconf 88' lang='lat' dir='ltr'><strong>servorum</strong></span> <span class='ocrx_word' id='word_1_932' title='bbox 3369 5844 3468 5903; x_wconf 88' lang='lat' dir='ltr'><strong>Dei</strong></span> <span class='ocrx_word' id='word_1_933' title='bbox 3487 5844 3539 5921; x_wconf 77' lang='lat' dir='ltr'><strong>ei</strong></span> <span class='ocrx_word' id='word_1_934' title='bbox 3559 5844 3879 5915; x_wconf 73' lang='lat' dir='ltr'><strong>ostendere,</strong></span> 
     </span>
    </p>
   </div>
  </div>
