4158 6354
299 353 404 412 Hi

1133 350 1290 407 VITA
1329 350 1573 411 SANCTI
1616 355 1982 418 FRONTONII
2019 360 2329 419 ABBATIS.
2368 362 2688 423 NOTATIO.

3479 370 3582 426 453

296 485 436 528 unus
466 468 558 540 qui
586 483 696 539 pra:
715 467 924 524 caeteris
949 467 1171 539 majoris
1200 477 1316 524 erat
1344 470 1577 536 consilii,
1607 471 1883 541 respondit
1911 479 1962 535 Α
1989 489 2108 530 rere
2136 477 2350 544 herbas,
2376 486 2432 533 ut
2454 478 2753 537 laborantia
2778 481 3029 540 animalia
3054 483 3197 542 escis
3221 485 3462 557 pluribus
3489 503 3578 544 re-

293 575 353 623 et
380 566 491 621 ait:
522 564 580 620 Si
610 562 843 619 volueris
891 563 1140 634 accipere
1187 563 1469 618 consilium
1522 579 1725 628 meum,
1752 565 1884 620 cha-

294 664 532 726 tissime,
567 657 789 713 forsitan
812 656 914 712 erit
943 656 1044 712 hoc
1073 657 1164 711 tibi
1195 656 1427 712 salubre.
1471 659 1610 712 Sunt
1650 657 1744 711 tibi
1793 673 1881 712 ca-

292 754 424 811 meli
453 752 791 821 septuaginta
813 791 830 818 ,
860 764 1024 806 onera
1054 764 1148 806 eos
1176 765 1243 806 ex
1271 749 1520 806 omnibus
1564 750 1742 812 bonis.
1770 749 1887 821 qui-

292 853 400 910 bus
430 849 689 920 intelligis
721 848 811 904 Dei
841 845 1074 902 famulos
1102 861 1260 916 posse
1287 847 1432 902 vesci
1459 863 1472 913 ;
1505 854 1558 902 et
1584 846 1754 918 dirige
1797 861 1885 901 ca-

290 945 465 1002 melos
493 959 590 1014 per
619 943 782 1007 viam,
816 942 1029 997 nemine
1055 940 1305 996 ducente.
1339 941 1407 996 Et
1433 941 1477 996 si
1527 955 1594 997 ex
1623 940 1737 995 Deo
1783 942 1886 996 hoc

290 1037 492 1095 factum
525 1046 609 1094 est
639 1035 940 1106 imperium,
987 1034 1237 1090 animalia
1267 1044 1353 1090 tua
1398 1034 1544 1090 salva
1572 1033 1881 1105 regredien-

292 1140 380 1186 tur
405 1129 472 1184 ad
499 1127 661 1195 te;si
687 1142 818 1183 vero
843 1127 939 1182 tibi
987 1141 1053 1183 ex
1099 1126 1311 1183 diabolo
1359 1126 1568 1197 jactura
1618 1127 1880 1194 imminet,

290 1221 521 1278 libenter
549 1219 717 1276 tolera
760 1219 965 1290 flagella
997 1219 1284 1289 temporis,
1320 1234 1478 1288 quam
1524 1218 1717 1274 acriori
1745 1219 1884 1274 forte

289 1313 441 1371 cmde
464 1312 790 1382 corripiaris.
818 1313 971 1379 Quod
995 1313 1040 1366 si
1067 1312 1168 1368 hoc
1190 1312 1285 1368 tibi
1307 1311 1589 1368 consilium
1612 1312 1879 1381 displicet,

288 1420 472 1475 quare
496 1404 658 1459 alium
689 1404 779 1474 qui
808 1405 1003 1474 poterit
1024 1403 1154 1459 dare
1175 1405 1364 1460 melius
1386 1419 1726 1474 responsum.
1758 1404 1883 1460 Haec

285 1500 498 1568 dicens,
525 1499 808 1563 conticuit,
838 1499 934 1554 sed
965 1499 1064 1569 ipsi
1092 1501 1244 1554 diviti
1276 1507 1332 1555 et
1357 1514 1448 1570 qut
1480 1513 1603 1554 cum
1637 1513 1702 1554 eo
1729 1507 1883 1554 erant

285 1591 657 1662 hujuscemodi
686 1591 970 1647 consilium
1016 1592 1154 1648 bene
1195 1592 1413 1662 placuit.
1455 1591 1709 1647 Oneravit
1752 1606 1880 1662 ergo

283 1686 565 1754 sexaginta
597 1684 831 1755 quinque
852 1685 1089 1741 camelos
1123 1683 1202 1756 (5)
1229 1699 1294 1741 ex
1325 1685 1410 1740 his
1435 1701 1554 1755 qua:
1598 1686 1740 1742 servi
1782 1685 1878 1742 Dei

281 1776 570 1834 comedere
600 1786 852 1847 possent;
886 1778 1122 1849 quinque
1150 1794 1278 1833 vero
1307 1780 1641 1835 camelorum
1674 1779 1876 1835 cibaria

1990 565 2300 621 licerentur.

2061 657 2186 714 CAP.
2217 659 2311 714 IX.
2343 691 2412 700 —
2439 661 2595 718 Mane
2646 674 2823 722 autem
2869 666 3032 736 facto,
3081 669 3250 726 abbas
3297 671 3580 728 consilium

1990 748 2119 804 utile
2150 752 2380 822 eligens,
2410 762 2463 809 et
2489 756 2770 812 avaritiam
2801 759 3025 815 omnino
3069 775 3354 830 spernens,
3380 763 3581 820 medie-

1989 847 2150 896 tatem
2181 844 2409 912 sumpsit
2435 859 2700 917 escarum,
2727 849 2890 905 aliam
2921 866 3049 906 vero
3079 863 3284 923 partem
3309 852 3578 921 dividens,

1991 949 2156 1003 super
2183 937 2421 994 camelos
2449 953 2656 1007 omnes,
2690 957 2758 997 ne
2787 943 2878 998 alii
2907 944 3221 1001 viderentur
3252 956 3462 1016 portare
3481 988 3496 1012 ,
3523 957 3578 1003 et

1987 1025 2140 1081 fieret
2167 1026 2287 1082 aliis
2313 1028 2530 1099 injuria,
2558 1033 2810 1091 omnibus
2839 1037 3075 1092 medium
3125 1039 3380 1108 imposuit
3407 1054 3566 1107 onus,

1986 1119 2132 1175 velut
2157 1119 2395 1193 eulogias
2425 1121 2510 1194 (8)
2536 1139 2797 1183 revocans
2826 1129 3055 1185 Domino
3085 1146 3284 1199 rerum,
3317 1141 3374 1187 ut
3402 1132 3577 1187 avari-

1987 1214 2075 1270 tiae
2106 1215 2280 1286 legem
2326 1217 2612 1286 scinderet,
2648 1229 2704 1276 et
2730 1223 3072 1280 medietatem
3121 1227 3406 1282 oblationis
3451 1242 3575 1297 pro-

1988 1306 2106 1376 prio
2153 1308 2372 1365 domino
2417 1312 2746 1368 camelorum
2813 1315 3155 1374 reddidisset.
3206 1320 3374 1374 Erant
3418 1319 3578 1388 igitur

1985 1400 2276 1470 supradicti
2293 1403 2451 1458 amici
2479 1419 2601 1460 cum
2622 1405 2844 1462 domino
2863 1411 3215 1481 camelorum,
3234 1412 3574 1468 consolantes

1987 1509 2108 1551 eum
2157 1496 2228 1552 de
2290 1495 2603 1553 animalium
2658 1507 2924 1556 tantorum
2979 1504 3257 1573 periculo,
3307 1505 3577 1575 simulque

1985 1587 2274 1643 Dominum
2302 1591 2672 1661 deprecantes,
2707 1610 2775 1650 ne
2821 1596 3088 1652 accideret
3137 1598 3408 1654 innocenti
3455 1599 3573 1654 viro

1985 1688 2130 1735 tanta
2159 1682 2388 1750 jactura.
2418 1685 2617 1738 Octava
2648 1696 2826 1741 autem
2857 1687 2965 1755 die,
2994 1704 3116 1744 cum
3161 1701 3342 1746 essent
3381 1705 3573 1749 omnes

1983 1771 2036 1827 in
2061 1789 2225 1829 unum
2257 1774 2493 1840 collecti,
2524 1775 2691 1844 jejuni
2719 1795 2733 1838 ;
2766 1793 2901 1832 unus
2931 1782 3017 1848 qui
3053 1779 3197 1835 leves
3224 1796 3288 1836 ac
3336 1781 3572 1838 tinnulas

282 1868 433 1927 facta
478 1871 767 1940 imposuit,
816 1887 994 1927 escam
1047 1881 1364 1928 cunctorum
1422 1872 1770 1940 animalium,
1821 1873 1876 1927 in
1906 1870 2141 1932 Baures
2188 1867 2454 1935 habebat,
2510 1883 2606 1937 per
2648 1871 2865 1926 ﬂamina
2906 1883 3188 1928 ventorum
3241 1875 3575 1944 campanulat

279 1966 522 2023 maximo
551 1965 736 2022 dolore
765 1966 952 2023 dicens
1005 1986 1019 2022 :
1071 1967 1127 2024 Si
1171 1969 1292 2039 quis
1343 1969 1608 2025 invenerit
1657 1984 1772 2036 eos,
1822 1978 1876 2025 et

279 2073 470 2116 eorum
517 2059 824 2128 exposuerit
861 2074 1021 2116 onera
1046 2099 1061 2125 ,
1092 2060 1222 2116 visis
1271 2061 1489 2118 cibariis
1536 2061 1878 2118 miserebitur

279 2151 380 2221 eis,
412 2161 466 2207 et
497 2151 650 2207 dabit
688 2152 766 2206 eis
807 2152 1155 2209 manducare.
1209 2153 1275 2208 Et
1322 2169 1443 2207 cum
1496 2139 1695 2224 ingenti
1746 2156 1873 2210 lletu

280 2259 390 2301 uno
416 2245 606 2300 ordine
638 2245 918 2301 innectens
943 2246 1201 2312 chordas,
1234 2245 1432 2302 direxit
1457 2262 1554 2303 eos
1586 2263 1680 2316 per
1709 2246 1871 2314 viam,

276 2340 663 2396 commendans
692 2341 935 2409 Domino,
967 2351 1023 2396 ut
1049 2342 1096 2397 si
1127 2356 1194 2397 ex
1224 2342 1334 2398 Deo
1360 2349 1507 2399 esset
1535 2341 1822 2412 imperium
1855 2381 1873 2409 ,

277 2445 589 2492 remearent
616 2436 864 2491 celeriter
902 2450 1024 2490 cum
1056 2435 1250 2492 salute.
1273 2434 1464 2490 Nullus
1494 2450 1622 2491 vero
1648 2435 1876 2491 ducator

280 2530 361 2601 (4)
385 2545 506 2585 cum
533 2529 853 2585 animalibus
882 2531 1032 2585 abiit.

347 2623 482 2677 Car.
519 2622 648 2678 Vill.
683 2653 749 2661 —
781 2623 848 2677 Et
874 2622 1090 2693 quando
1118 2624 1324 2694 egressi
1356 2631 1481 2679 sunt
1502 2623 1741 2694 januam,
1792 2623 1874 2679 di-

273 2714 427 2770 misit
455 2713 700 2768 servulus
731 2713 962 2783 primum
989 2714 1280 2783 camelum,
1306 2714 1459 2785 cujus
1502 2714 1746 2770 ducalem
1788 2712 1871 2787 (5)

272 2806 520 2871 tenebat,
563 2822 718 2876 quem
749 2806 934 2861 czeteri
962 2806 1344 2876 sequebantur,
1377 2815 1432 2862 et
1477 2805 1732 2862 abierunt
1779 2821 1873 2875 per

273 2899 420 2954 viam
443 2899 597 2969 juxta
625 2899 972 2970 praecinctum
1017 2901 1214 2955 montis
1244 2900 1348 2973 (6),
1371 2909 1562 2957 euntes
1591 2900 1715 2955 soli.
1767 2899 1872 2956 Sed

274 2994 466 3050 nescio
495 3010 562 3048 an
592 2993 694 3049 soli
737 2994 928 3052 cameli
958 3010 1183 3068 pergere
1213 3005 1480 3066 poterant,
1521 2996 1614 3052 sed
1663 2996 1873 3052 Domini

273 3087 470 3143 nuntio
493 3097 786 3156 praeeunte,
817 3087 956 3142 viam
987 3087 1246 3143 directam
1279 3089 1298 3158 (
1322 3096 1379 3143 ut
1409 3089 1738 3144 intellectum
1789 3097 1872 3144 est

272 3179 504 3251 postea)
532 3180 778 3235 abierunt
807 3191 860 3235 et
889 3190 1080 3250 quarto
1112 3181 1198 3238 die
1226 3179 1475 3237 confecto
1499 3179 1712 3247 itinere,
1738 3179 1870 3236 hora

1981 1966 2193 2032 rapiens
2240 1968 2514 2030 sonitum,
2564 1965 2836 2035 paululum
2885 1967 3134 2032 reticuit;
3184 1975 3238 2023 et
3300 1983 3420 2023 cum
3471 1968 3571 2024 be-

1979 2070 2049 2112 ne
2079 2055 2294 2112 tandem
2336 2065 2618 2114 sonantem
2662 2059 3183 2130 comprehenderet,
3234 2061 3309 2116 ait
3359 2077 3376 2116 :
3439 2062 3576 2117 l’uto

1978 2147 2122 2218 quod
2181 2159 2248 2204 ex
2306 2149 2587 2206 altitudine
2651 2154 2912 2208 montium
2987 2168 3262 2224 campanae
3327 2155 3572 2211 sonantis

1978 2247 2156 2295 motus
2202 2239 2436 2296 auditur.
2483 2242 2634 2298 Tunc
2680 2258 2867 2300 omnes
2912 2247 3115 2315 egressi
3156 2255 3442 2304 senserunt
3484 2263 3574 2304 ca-

1979 2333 2242 2389 melorum
2308 2333 2615 2400 adventus;
2673 2337 2990 2406 gratulando
3049 2339 3313 2395 mirabilis
3375 2339 3570 2396 accidit

1976 2425 2202 2494 laetitia,
2251 2424 2479 2482 fecunda
2535 2442 2666 2483 vero
2716 2428 2785 2484 de
2833 2432 3205 2488 consolatione
3257 2432 3377 2488 viri.
3432 2433 3566 2488 Nam

1976 2519 2068 2589 qui
2091 2517 2342 2574 defuncta
2372 2521 2623 2576 animalia
2652 2532 2744 2576 aut
2774 2523 2982 2592 perdita
3007 2525 3117 2593 jam
3167 2527 3400 2596 lugebat,
3432 2542 3564 2598 gau-

1975 2613 2111 2669 dens
2137 2613 2204 2670 de
2230 2616 2462 2686 receptis
2487 2617 2808 2673 animalibus
2837 2618 2995 2691 241
3038 2621 3341 2676 laetabatur.
3396 2621 3572 2676 Vene-

1979 2717 2321 2766 runtomnes
2374 2711 2552 2778 illaesi,
2605 2726 2714 2767 non
2763 2714 2943 2768 tristes
2986 2715 3135 2769 vultu
3162 2755 3176 2780 ,
3209 2728 3307 2769 nec
3349 2713 3572 2772 maciem

1977 2804 2316 2860 necessitatis
2364 2805 2644 2862 habentes.
2694 2805 2948 2878 Suscepit
2993 2823 3122 2880 ergo
3165 2808 3402 2866 camelos
3443 2823 3570 2866 suos

1978 2897 2139 2952 homo
2169 2898 2279 2966 ille,
2311 2915 2432 2954 cum
2465 2914 2656 2972 magna
2685 2902 2976 2970 gratiarum
3027 2902 3239 2959 actione
3266 2919 3281 2970 ;
3331 2909 3388 2958 et
3435 2902 3566 2959 visis

1976 2991 2248 3057 oneribus,
2281 2992 2448 3048 multo
2495 2995 2725 3062 amplius
2767 3006 3061 3060 recreatus,
3109 2997 3362 3053 exsultat.
3413 2997 3568 3054 Tunc

1975 3092 2030 3138 et
2053 3084 2177 3140 illos
2203 3085 2426 3149 amicos,
2459 3093 2514 3140 et
2543 3101 2806 3156 pauperes
2828 3089 3032 3158 plures,
3064 3090 3131 3144 ad
3158 3090 3437 3159 prandium
3469 3106 3567 3146 no-

1977 3174 2085 3232 bile
2115 3186 2288 3243 vocat,
2319 3177 2649 3248 easdemque
2694 3179 2932 3250 eulogias
2983 3181 3344 3249 indigentibus
3390 3183 3547 3238 distri

272 3289 418 3331 nona
452 3274 730 3345 agentibus
759 3289 893 3345 opus
925 3275 1017 3331 Dei
1052 3275 1326 3342 fratribus,
1355 3276 1498 3331 sicut
1526 3275 1743 3346 quidam
1775 3291 1870 3344 po-
1897 3271 1945 3336 C
1975 3269 2092 3326 buit
2117 3286 2252 3341 quas
2277 3283 2578 3343 acceperat.
2614 3271 2720 3328 Sed
2771 3283 2823 3328 et
2869 3275 3055 3330 amicis
3094 3277 3183 3346 qui
3232 3277 3458 3332 aderant
3500 3292 3568 3333 ex

271 3375 391 3423 stea
426 3368 606 3422 retulit
636 3367 819 3435 nobis,
845 3383 971 3424 ecce
1002 3367 1205 3438 primus
1234 3379 1359 3424 ante
1390 3369 1534 3423 fores
1590 3367 1869 3424 accubavit

271 3465 518 3520 camelus
547 3481 560 3517 :
593 3464 686 3519 sed
715 3479 990 3534 campanae
1024 3465 1256 3519 sonitum
1288 3463 1368 3536 (7)
1411 3464 1598 3519 audire
1640 3479 1745 3519 non
1771 3478 1869 3534 po-

273 3561 380 3615 tuit
430 3567 775 3628 perstrepens
821 3573 986 3614 sonus
1039 3557 1380 3628 hymnorum.
1432 3556 1615 3613 Abbas
1663 3564 1868 3624 tamen,

273 3652 533 3723 quoniam
567 3665 734 3721 prope
766 3651 962 3706 ostium
993 3659 1128 3717 erat,
1159 3651 1276 3720 ipse
1307 3653 1454 3720 prior
1484 3649 1641 3717 vidit,
1674 3657 1727 3705 et
1770 3665 1870 3719 ga-

274 3743 426 3800 visus
455 3753 537 3798 est
565 3741 740 3798 valde.
771 3742 1042 3813 Angustus
1064 3743 1206 3799 enim
1240 3751 1358 3798 erat
1386 3742 1636 3798 introitus
1683 3756 1869 3797 mona-

273 3837 456 3905 sterii,
487 3846 542 3893 et
565 3837 714 3892 solus
739 3837 903 3892 abbas
943 3834 1088 3893 fores
1117 3852 1216 3892 suo
1241 3846 1385 3892 statu
1430 3834 1734 3903 claudebat,
1766 3851 1872 3892 car.-

275 3933 521 4002 terisquc
547 3929 876 4000 interpositis
900 3930 1151 3986 fratribus
1175 3931 1359 4001 tacuit,
1387 3931 1518 3985 nihil
1539 3929 1871 3999 respondens

273 4024 454 4082 donec
484 4022 668 4096 hymni
697 4023 1113 4093 complerentur.
1146 4022 1299 4079 Tunc
1339 4023 1611 4094 completo
1642 4022 1871 4095 hymno-

270 4132 396 4176 rum
448 4118 638 4172 ordine
683 4115 955 4171 advocatis
976 4116 1248 4181 fratribus,
1297 4131 1432 4186 pene
1479 4117 1869 4186 improperans,

275 4212 352 4266 ait
380 4228 393 4265 :
436 4209 533 4266 Ubi
559 4219 683 4264 sunt
713 4210 1168 4266 murmurationes
1190 4212 1420 4266 vestrae?
1449 4210 1588 4276 Ecce
1613 4210 1872 4265 Dominus

275 4304 609 4376 improperio
640 4302 764 4358 forti
789 4303 946 4358 nobis
975 4317 1127 4358 escas
1152 4302 1221 4357 ab
1247 4303 1356 4358 alto
1384 4303 1561 4371 misit,
1586 4303 1673 4358 cui
1703 4304 1874 4359 voluit

277 4398 394 4454 viro
427 4397 674 4468 prudenti
705 4396 976 4464 imperans
1008 4395 1230 4451 adduxit
1267 4395 1422 4452 nobis
1452 4398 1685 4451 camelos
1734 4411 1871 4451 onu-

275 4501 412 4549 stos.
465 4490 692 4557 Venite,
741 4489 1073 4561 deponanms
1120 4504 1323 4556 onera,
1364 4497 1424 4544 ut
1466 4489 1674 4559 possint
1721 4489 1873 4545 refici

273 4584 527 4641 animalia
553 4582 713 4640 lassa.
739 4583 892 4639 Tunc
916 4597 1106 4639 omnes
1151 4583 1286 4638 mira
1336 4582 1692 4653 gratulatione
1740 4581 1870 4650 lauti,

1976 3361 2057 3418 eis
2089 3363 2311 3433 largitus
2340 3374 2453 3427 est;
2486 3374 2540 3418 et
2570 3363 2687 3434 ipse
2714 3379 2926 3434 quoque
2966 3366 3395 3422 benedtuiunern
3440 3383 3562 3423 san-

1975 3464 2077 3511 cta:
2096 3455 2446 3526 jucunditatis
2474 3457 2731 3528 acipiens,
2758 3459 3028 3529 gaudebat
3055 3459 3108 3515 in
3142 3461 3389 3517 Domino.

2055 3547 2185 3604 CAP.
2219 3547 2444 3604 X.——Ex
2475 3550 2568 3604 illo
2595 3549 2757 3620 igitur
2799 3567 2960 3620 anno,
3014 3570 3180 3624 usque
3230 3557 3281 3609 in
3339 3563 3566 3610 mortem

1985 3641 2289 3712 Frontonii,
2320 3644 2398 3700 sic
2427 3643 2582 3700 dives
2603 3646 2691 3701 ille
2716 3655 2904 3702 notato
2934 3655 3198 3718 tempore,
3229 3647 3443 3715 quando
3465 3649 3572 3719 pri-

1983 3751 2133 3792 mum
2162 3736 2407 3800 miserat,
2454 3751 2606 3792 escas
2657 3740 2993 3795 necessarias
3037 3740 3168 3810 ipsis
3197 3740 3486 3810 dirigebat;
3516 3750 3572 3795 et

1984 3829 2102 3884 aliis
2134 3827 2214 3884 sic
2238 3828 2492 3886 divitibus
2522 3830 2780 3885 Dominus
2809 3831 3127 3901 imperabat,
3153 3840 3210 3887 ut
3233 3848 3301 3888 ex
3321 3831 3573 3887 omnibus

1985 3922 2216 3993 dapibus
2240 3922 2471 3994 irrigati,
2492 3923 2628 3979 nihil
2646 3924 2738 3980 Dei
2757 3925 2900 3980 servi
2920 3939 3043 3980 cum
3067 3935 3252 3981 sancto
3281 3925 3573 3982 Frontonio

1987 4018 2165 4073 minus
2188 4015 2473 4074 haberent.
2505 4018 2808 4088 Vigilahant
2836 4020 2890 4075 in
2921 4021 3169 4090 operibus
3202 4021 3296 4076 Dei
3333 4021 3428 4076 lilii
3449 4035 3572 4075 cum

1986 4111 2172 4178 Patre,
2204 4110 2677 4183 spiritualibusque
2722 4128 2817 4169 eos
2874 4113 3170 4169 admonens
3197 4113 3444 4185 dapibus,
3478 4118 3575 4169 in:-

1980 4205 2161 4276 plebat
2182 4205 2423 4276 quotidie
2452 4219 2705 4262 sermone
2729 4208 2967 4275 ccelesti;
3016 4208 3396 4279 exsultansque
3425 4210 3571 4264 laeta-

1977 4298 2137 4352 batur
2170 4298 2223 4352 in
2257 4298 2506 4362 Domino,
2537 4299 2626 4369 qui
2649 4298 2752 4355 sibi
2777 4300 2940 4355 talem
2973 4299 3195 4356 dederat
3221 4299 3570 4368 intellectum,

1982 4399 2041 4445 ut
2070 4390 2186 4446 avia
2203 4389 2508 4445 solitudinis
2541 4392 2660 4447 loca
2689 4390 2846 4463 digna
2885 4392 3168 4457 quaesisset

2049 4483 2176 4539 Car.
2236 4483 2717 4554 XL—Legendum
2767 4487 2871 4539 hoc
2911 4486 3125 4551 tradite,
3183 4483 3474 4538 multorum
3501 4485 3567 4537 ad

1990 4575 2404 4631 aedificationem
2435 4575 2844 4631 monachorum.
2872 4575 2964 4630 lllc
2989 4577 3132 4631 enim
3157 4577 3324 4646 magis
3352 4585 3578 4632 crume-

276 4679 639 4735 communiter
680 4677 974 4749 gratiarum
1015 4677 1283 4733 actionem
1333 4676 1443 4732 Deo
1494 4676 1867 4744 reddiderunt,
1901 4681 1956 4742 ι)
1983 4668 2086 4723 lior
2114 4668 2167 4722 in
2197 4678 2489 4738 conspectu
2522 4669 2637 4733 Dei.
2669 4683 2776 4723 non
2797 4669 3104 4739 quicunque
3127 4668 3340 4740 legerit,
3372 4669 3466 4725 sed
3489 4671 3578 4740 qui

281 4785 329 4830 et
358 4773 662 4845 gaudentes
704 4772 1044 4842 deponebant
1090 4785 1255 4826 onera
1301 4769 1652 4827 camelorum.
1702 4770 1873 4840 Supra

280 4868 516 4940 quinque
549 4881 678 4921 vero
708 4867 966 4935 camelos,
995 4866 1252 4922 reseratis
1276 4865 1534 4931 sarcinis,
1556 4864 1758 4921 cibaria
1789 4882 1875 4922 re-

281 4971 556 5034 pererunt.
583 4961 875 5017 Abluentes
895 4961 1054 5031 igitur
1073 4960 1381 5016 animalium
1410 4961 1594 5030 pedes,
1618 4961 1686 5016 de
1706 4970 1880 5017 stratu

279 5072 466 5112 corum
497 5057 738 5112 fecerunt
765 5056 1070 5127 prtesepia;
1103 5065 1157 5112 et
1185 5064 1555 5126 apposuerunt
1583 5056 1666 5111 eis
1695 5071 1869 5124 escas,

280 5166 410 5220 quas
437 5150 541 5222 ipsi
571 5149 670 5205 sibi
695 5158 1129 5220 apportaverant,
1159 5165 1370 5206 necnon
1400 5150 1573 5220 etipsi
1599 5149 1761 5205 etiam
1789 5150 1874 5205 di-

281 5248 596 5305 scurrehant
628 5262 727 5318 per
756 5262 945 5305 omnes
968 5249 1168 5306 montis
1196 5249 1493 5321 anfractus,
1532 5259 1685 5307 notas
1712 5250 1881 5325 inqui-

1983 4763 2262 4818 credendo
2295 4763 2390 4818 Dei
2424 4763 2604 4820 servis
2645 4764 2726 4819 sic
2767 4762 2978 4820 fecerit.
3010 4763 3313 4820 Mercedem
3343 4775 3522 4820 autem
3550 4780 3582 4823 a

1984 4856 2204 4912 Christo
2233 4855 2360 4913 Jesu
2394 4857 2625 4914 Domino
2655 4867 2843 4912 nostro
2892 4857 3135 4927 recipiet,
3167 4861 3257 4928 qui
3284 4858 3583 4927 eleemosy-

1985 4965 2110 5007 nam
2141 4966 2436 5022 pauperum
2458 4967 2565 5007 non
2595 4952 2925 5022 despexerit,
2957 4961 3010 5007 et
3046 4967 3232 5007 servos
3262 4951 3354 5005 Dei
3375 4951 3584 5006 directo

1992 5045 2159 5101 corde
2205 5045 2428 5100 intuitus
2453 5043 2636 5114 fuerit,
2689 5045 2744 5100 in
2793 5045 2963 5116 gloria
3009 5044 3220 5100 Domini
3245 5043 3426 5113 [nostri
3456 5043 3584 5098 Jesu

1986 5136 2212 5203 Christi,
2241 5138 2328 5193 cui
2357 5146 2442 5193 est
2464 5137 2641 5193 honor
2662 5147 2718 5194 et
2744 5138 2916 5208 gloria
2937 5137 2991 5193 in
3021 5137 3214 5192 saecula
3233 5137 3580 5191 saeculorum.

1986 5232 2182 5288 Amen.
2215 5231 2344 5288 Haec
2369 5231 2472 5288 sub
2502 5231 2777 5287 Antonino
2807 5229 2888 5304 (9)
2916 5231 3238 5299 imperatore
3265 5237 3413 5298 gesta
3434 5237 3581 5292 sunt,

1992 5325 2369 5384 tertiodecimo
2390 5340 2532 5382 anno
2560 5325 2774 5397 imperii
2802 5324 2939 5394 ejus.

1571 5437 1945 5499 ROSWEYDI
1982 5443 2286 5503 NOTATIU

358 5523 432 5592 (1)
457 5522 787 5604 FrontoniiJ
969 5525 1171 5604 Fronto
1200 5529 1415 5604 dicitur.
1447 5529 1882 5604 Martyrologium

285 5591 610 5678 “caninum,
640 5591 943 5678 i-iﬁprilis
973 5618 986 5654 :
1024 5617 1045 5652 ι
1075 5603 1415 5678 Alexandrite
1450 5591 1622 5678 sancti
1647 5591 1883 5678 Fronto-

284 5667 369 5736 gis
389 5667 618 5734 abbatis,
645 5667 800 5736 cujus
827 5670 932 5723 vita
952 5674 1239 5729 sanctitate
1259 5685 1314 5728 et
1332 5675 1606 5731 miraculis
1627 5677 1844 5732 claruit.
1860 5697 1878 5730 ι

275 5731 482 5820 Eadem
532 5731 1039 5820 apud'Usuarduin
1082 5754 1138 5799 et
1182 5747 1447 5820 Adonem.
1493 5748 1656 5804 Addit
1694 5731 1882 5805 Beda:

293 5810 428 5881 {Qui
446 5810 787 5881 septuaginta
812 5813 981 5869 ferme
1009 5814 1166 5870 Pater
1191 5817 1396 5874 exstitit
1417 5821 1830 5877 monachorum.
1859 5841 1878 5873 ι

286 5877 576 5938 lthabanus
597 5877 669 5938 et'
695 5883 965 5943 Notkerus
992 5884 1163 5966 fusius
1192 5889 1469 5963 aliquanto
1493 5909 1609 5958 rem
1636 5903 1882 5960 narrant.

979 6007 1038 6031 θνα,

925 6033 972 6047 J"

915 6047 922 6054 1

1992 5554 2060 5593 ex
2088 5538 2188 5594 hoc
2220 5539 2361 5603 loco,
2395 5547 2451 5590 ut
2478 5544 2723 5604 apparet,
2746 5527 3327 5604 depromptamtiliror
3360 5529 3500 5585 unde
3526 5529 3585 5587 in

1992 5609 2238 5665 Florario
2268 5600 2589 5666 Sanctorum
2623 5602 2986 5672 manuscripto
3018 5620 3034 5658 :
3072 5620 3090 5654 ι
3129 5600 3278 5657 Obiit
3323 5618 3466 5657 anno
3495 5616 3584 5656 aa-

1992 5683 2118 5737 lutis
2152 5683 2274 5737 174.
2315 5700 2334 5733 ι
2372 5679 2449 5733 De
2478 5680 2580 5733 hoc
2629 5677 2820 5730 Petrus
2868 5674 2923 5728 in
2977 5675 3222 5746 catalogo
3276 5684 3586 5746 sanctorum

1992 5755 2130 5810 libro
2158 5769 2235 5820 χι,
2267 5767 2385 5821 cap.
2409 5749 2612 5813 ultimo,
2639 5763 2787 5801 num.
2821 5747 2944 5801 1'20.
2966 5745 3252 5821 Cavendus
3277 5745 3459 5816 lapsus
3485 5745 3586 5799 Pe-

1995 5827 2083 5892 tri,
2114 5818 2309 5890 lih.'tx,
2334 5818 2621 5897 ’ca_p._lt)9,
2651 5828 2708 5897 et
2737 5820 3013 5897 Antonini,
3034 5818 3338 5897 in_Chron.,
3368 5823 3520 5897 parte
3545 5830 3584 5878 ι,

1995 5883 2081 5952 tit:
2105 5911 2177 5964 vi,
2201 5883 2323 5966 cap.
2346 5883 2437 5963 26',
2464 5893 2490 5964 ς
2527 5894 2578 5962 1,
2604 5883 2696 5963 qui
2718 5883 3050 5949 confundunt
3075 5891 3208 5948 Acta
3231 5883 3389 5956 hujus
3408 5883 3585 5942 Frono
