4104 6356
225 326 331 381 ἑ.ίὸ

656 331 821 387 VITA
860 326 1281 387 SANCTURUM
1322 325 1653 382 BARLAAM
1694 326 2028 385 EREMITIE
2071 327 2159 385 ET
2199 328 2549 385 JOSAPHAT
2591 329 2799 385 INDUE
2836 330 3066 388 REGIS.

3404 328 3511 388 446

222 446 493 499 talentum
523 461 552 499 a
584 445 815 501 Domino
845 453 1121 514 acceptum
1152 445 1204 499 in
1237 452 1434 499 terram
1463 442 1690 507 abdidit,
1723 444 1972 515 quodque
2005 447 2051 499 ei
2081 453 2320 515 quaestus
2348 443 2573 501 faciendi
2616 460 2775 502 causa
2805 445 2988 502 datum
3018 456 3135 503 erat
3164 446 3234 502 ita
3266 444 3508 503 occulta-

208 541 321 605 vit,
354 540 563 593 utniltil
593 553 660 594 ex
689 553 757 594 eo
786 538 918 595 lucri
949 540 1152 594 laceret
1184 538 1397 608 (Matth.
1431 538 1590 609 xxv),
1624 538 1902 594 historiam
1932 539 2213 593 animabus
2242 538 2449 606 utilem,
2495 538 2561 593 ad
2604 555 2690 594 me
2716 554 2886 610 usque
2914 540 3125 595 allatam
3165 537 3379 595 silentio
3409 537 3513 593 mi-

226 634 381 688 nime
410 632 719 701 pmteﬁbo,
754 648 916 703 quam
941 633 1070 687 mihi
1102 632 1174 701 pii
1205 632 1418 701 quidam
1450 631 1549 685 viri
1580 631 1858 687 interioris
1888 631 2179 701 Aitltiopize
2208 631 2365 703 (quos
2406 631 2568 687 ludos
2590 631 2807 704 vocant)
2837 647 2899 688 ex
2931 634 3077 689 veris
3105 633 3512 690 commentariis

218 724 544 779 translatam
577 734 955 780 narraveruut.
990 724 1117 779 Haec
1148 738 1309 793 porro
1339 724 1404 777 ad
1438 722 1578 775 hunc
1614 721 1831 775 modum
1860 736 1920 778 se
1943 722 2126 777 habet.

1617 976 2088 1105 VITA.

298 1200 482 1255 Cum
510 1192 975 1257 relatum—India,
1027 1204 1145 1257 quae
1174 1189 1364 1260 ingens
1394 1201 1457 1242 ac
1496 1183 1821 1255 frequentis-
1847 1177 2120 1243 Acmlum
2150 1178 2392 1249 plerique
2418 1178 2792 1244 convolarent,
2821 1179 3063 1260 exsurgit
3096 1178 3313 1249 quidam
3345 1194 3438 1236 rex
3461 1182 3516 1237 in

224 1295 366 1349 sima
392 1301 477 1347 est
506 1290 676 1359 regio,
708 1286 896 1358 procul
918 1285 987 1339 ab
1015 1283 1250 1355 Egypte
1267 1281 1451 1347 distat,
1474 1288 1639 1349 atque
1662 1278 1824 1333 undi-

220 1403 338 1460 ‘que
356 1385 516 1458 ΞΜ
541 1384 609 1439 ab
628 1381 846 1453 Egypti
872 1388 1023 1448 parte
1041 1379 1175 1433 mari
1199 1377 1438 1435 alluitur.
1461 1392 1491 1430 a
1512 1376 1824 1431 continente

232 1500 411 1545 autem
443 1488 510 1543 ad
561 1486 798 1543 Persidis
828 1486 963 1541 lines
993 1480 1222 1539 accedit.
1252 1481 1327 1536 Ea
1371 1491 1536 1548 porro
1561 1482 1677 1529 atra
1702 1472 1823 1528 ido-

228 1582 465 1639 lolatria:
504 1580 732 1650 caligine
773 1577 902 1634 olim
946 1576 1333 1641 obducebatur,
1376 1580 1536 1644 atque
1581 1577 1824 1626 extrema

228 1674 483 1731 barbarie
515 1672 775 1737 scatebat,
813 1670 1140 1740 nefariisque
1171 1668 1386 1735 flagitiis
1439 1664 1649 1721 addicta
1682 1672 1819 1720 erat.

236 1770 596 1838 Posteaquam
627 1773 804 1821 autem
836 1765 1141 1837 unigenitus
1193 1762 1285 1818 Dei
1332 1761 1498 1817 Filius
1528 1758 1710 1833 (Jomt.
1758 1760 1822 1821 ι),

230 1863 329 1933 qui
374 1870 458 1916 est
496 1861 550 1915 in
577 1861 699 1916 sinu
727 1859 926 1925 Patris,
955 1859 1265 1929 ﬁgmentum
1294 1870 1449 1911 suum
1478 1853 1685 1924 peccati
1707 1866 1824 1907 ser-

228 1956 405 2009 vitute
434 1965 747 2023 oppressum
780 1950 1000 2019 indigno
1024 1950 1206 2005 animo
1236 1962 1487 2011 cernens,
1517 1946 1822 2000 misericor-

230 2046 320 2101 dia
348 2060 473 2116 erga
504 2046 675 2115 ipsum
700 2054 1021 2107 commotus,
1046 2043 1215 2097 instar
1245 2040 1414 2095 nostri
1444 2047 1669 2110 excepto
1700 2052 1824 2107 pec-

184 2196 187 2197 ν
229 2148 356 2193 cato
379 2126 646 2207 apparuit,
672 2148 732 2190 ac
755 2134 930 2190 Patris
953 2135 1150 2189 throno
1176 2133 1391 2200 relicto,
1420 2138 1619 2187 nostra:
1636 2130 1824 2184 salutis

232 2243 397 2285 causa
431 2228 559 2299 (hoe
589 2210 752 2284 estut
778 2243 881 2283 nos
910 2228 964 2282 in
991 2227 1143 2283 caelis
1172 2226 1557 2290 habitaremns,
1589 2233 1747 2295 atque
1793 2238 1823 2278 a

236 2322 408 2376 veteri
437 2320 587 2389 lapsu
617 2320 998 2385 excitaremur,
1025 2334 1089 2375 ac
1117 2328 1336 2388 peccato
1358 2319 1565 2385 liberati
1586 2317 1820 2387 priorem

231 2414 576 2483 adoptionem
607 2409 1018 2482 reciperemns),
1048 2412 1102 2465 in
1127 2410 1365 2480 Virginis
1403 2424 1629 2485 corpore
1672 2408 1823 2463 habi-

230 2505 387 2570 tavit,
417 2512 578 2574 atque
601 2502 836 2571 expletis
862 2501 1115 2557 omnibus
1158 2500 1343 2556 carnis
1363 2508 1583 2569 propter
1610 2514 1709 2554 nos
1736 2513 1822 2553 as-

230 2607 464 2668 sumptae
493 2597 828 2665 muneribus,
858 2611 1073 2652 crucem
1115 2609 1180 2651 ac
1221 2604 1449 2651 mortem
1500 2594 1819 2663 suscipiens,
1855 2574 1906 2636 Β
1929 2567 2472 2668 ⁸¹θτί¹ίι⁰ξξ⁸,¹“⁸¹¹³¹ξ¹·

232 2706 302 2747 ac
333 2690 565 2746 terrenis
611 2690 916 2745 mirandum
964 2689 1017 2744 in
1072 2687 1291 2744 modum
1347 2702 1468 2744 cum
1517 2685 1826 2743 caelestibus

230 2784 563 2853 conjunctis,
591 2799 619 2836 a
644 2790 820 2838 morte
844 2781 911 2838 ad
936 2782 1102 2836 vitam
1129 2779 1381 2849 lrediens,
1414 2789 1468 2836 et
1506 2795 1625 2835 cum
1656 2778 1825 2851 gloria

233 2877 292 2936 in
321 2879 490 2934 caelos
521 2877 843 2945 ascendens,
863 2878 991 2933 etin
1018 2877 1195 2934 Patris
1220 2876 1407 2932 dextra
1436 2875 1717 2947 magniﬁce
1739 2890 1825 2931 se-

232 2972 398 3035 dens,
430 2968 687 3040 Spiritum
721 2968 1035 3037 paraclitum
1067 2966 1366 3038 discipulis,
1409 2983 1438 3021 a
1470 2965 1662 3034 quibus
1691 2979 1825 3021 con-

232 3074 453 3135 spectus
501 3065 696 3130 luerat,
744 3078 843 3133 pro
883 3076 950 3117 eo
991 3076 1055 3118 ac
1095 3063 1441 3132 promiserat,
1465 3061 1518 3116 in
1547 3062 1824 3133 ignearum

237 3157 539 3227 linguarum
573 3156 745 3210 forma
777 3155 942 3220 misit,
996 3154 1249 3225 ipsosque
1291 3156 1357 3210 ad
1405 3168 1592 3211 omnes
1636 3164 1826 3225 gentes

239 3250 457 3321 legavit,
506 3256 563 3303 ut
591 3263 685 3304 eos
714 3248 807 3318 qui
839 3249 889 3302 in
920 3247 1235 3318 ignorantiae
1288 3246 1529 3303 tenebris
1568 3246 1827 3301 sedebant

237 3343 394 3415 (Luc.
427 3343 488 3409 ι),
514 3341 899 3406 illuminarent,
934 3338 1173 3410 atquein
1199 3339 1372 3395 Patris
1402 3350 1455 3397 et
1478 3336 1598 3395 Filii
1624 3350 1678 3396 et
1703 3340 1826 3409 Spi-

235 3440 374 3495 ritus
402 3444 573 3492 sancti
605 3435 824 3491 nomine
873 3433 1230 3505 baptizarent,
1287 3433 1422 3489 adeo
1471 3443 1527 3488 ut
1572 3432 1825 3504 deinceps

236 3531 338 3599 illi,
364 3530 559 3600 partim
587 3528 887 3584 Orientales
917 3526 1093 3591 sedes,
1120 3526 1314 3597 partim
1344 3525 1714 3581 Occidentales
1736 3541 1824 3581 re~

235 3625 446 3695 giones,
461 3637 581 3693 quae
614 3622 749 3694 ipsis
772 3620 1095 3691 obtigerant,
1116 3618 1483 3685 circumirent,
1509 3633 1572 3675 ac
1593 3619 1825 3688 Septen-

235 3716 485 3773 trionalia
520 3722 574 3771 et
599 3712 968 3769 Meridionalla
997 3712 1213 3768 climata
1240 3720 1612 3783 peragrarent,
1643 3718 1703 3767 ttt
1727 3712 1828 3766 itn-

235 3820 483 3885 peratum
535 3824 728 3865 munus
776 3816 1231 3878 exsequerentur,
1286 3816 1400 3861 tum
1458 3804 1827 3861 sanctissimus

238 3921 453 3977 quoque
474 3905 711 3959 Thomas
743 3902 847 3975 (5),
881 3916 1017 3957 unus
1046 3916 1111 3957 ex
1153 3899 1435 3956 duodecim
1464 3897 1665 3955 Christi
1694 3914 1825 3968 apo-

1920 1272 2112 1328 eadem
2144 1271 2386 1343 regione,
2416 1271 2671 1327 Abenner
2698 1270 2783 1344 (7)
2811 1253 3050 1338 nomine,
3084 1275 3165 1327 vir
3183 1275 3375 1343 opibus
3400 1276 3518 1345 qui-

1924 1366 2049 1422 dem
2079 1381 2143 1421 ac
2183 1366 2443 1436 potentia,
2478 1365 2831 1437 victoriisque
2854 1377 2911 1420 et
2960 1364 3148 1423 bellica
3179 1365 3516 1436 lortitudine,

1928 1458 2278 1530 corporisque
2306 1459 2628 1527 proceritate
2657 1458 2906 1528 insignis,
2948 1472 3011 1513 ac
3056 1468 3315 1529 praterea
3342 1461 3519 1515 vultus

1929 1554 2193 1625 elegantia
2241 1554 2439 1619 clarus,
2501 1562 2660 1623 atque
2708 1553 2781 1608 ob
2810 1552 3111 1608 mundanos
3159 1553 3517 1623 ocissimeque

1928 1654 2321 1701 marcescentes
2345 1660 2526 1700 rerum
2546 1657 2829 1701 successus
2856 1645 3151 1700 insolenter
3170 1658 3229 1701 se
3254 1645 3515 1710 eﬁ'erens;

1928 1747 2208 1804 caeterum,
2240 1746 2500 1807 quantum
2540 1738 2606 1792 ad
2654 1739 2885 1792 animam
2928 1738 3221 1803 attinebat,
3266 1746 3512 1794 extrema

1926 1840 2241 1901 paupertate
2270 1830 2543 1896 laborans,
2596 1844 2658 1885 ac
2705 1829 2889 1885 multis
2921 1832 3077 1885 malis
3103 1830 3426 1886 constrictus
3452 1841 3511 1886 et

1928 1933 2169 1989 enectus,
2194 1926 2393 1993 quippe
2418 1923 2509 1994 qui
2530 1924 2811 1993 gentilium
2842 1932 3027 1993 partes
3074 1932 3303 1992 teneret,
3334 1937 3398 1979 ac
3427 1939 3518 1978 su-

1928 2015 2243 2086 perstitioso
2268 2014 2532 2069 idolorum
2548 2015 2719 2070 errori
2743 2029 3069 2086 magnopere
3084 2015 3328 2070 addictus
3346 2022 3515 2070 esset.

1930 2105 2101 2161 Porro
2125 2120 2246 2161 cum
2272 2122 2366 2162 rex
2397 2107 2450 2161 in
2472 2106 2678 2179 magnis
2704 2107 2911 2163 deliciis
2934 2123 2995 2162 ac
3015 2108 3139 2163 vitae
3164 2109 3522 2164 oblectamen~

1930 2201 1997 2255 tis
2026 2210 2079 2255 et
2110 2199 2473 2269 voluptatibus
2498 2208 2831 2265 versaretur,
2856 2213 2957 2254 nec
2986 2215 3074 2255 res
3102 2200 3205 2254 ulla
3230 2208 3373 2255 esset
3402 2214 3523 2270 qum

1927 2306 2037 2346 non
2074 2304 2138 2345 ex
2183 2290 2348 2360 ipsius
2404 2290 2678 2347 voluntate
2725 2305 2789 2345 ac
2836 2290 3129 2361 cupiditate
3174 2291 3521 2359 succederet,

1928 2396 2095 2442 unum
2126 2381 2177 2436 id
2207 2381 2425 2436 demum
2454 2390 2593 2445 erat,
2626 2382 2768 2451 quod
2806 2380 2907 2451 ipsi
2956 2380 3198 2436 laetitiam
3230 2382 3522 2437 interrum-

1929 2483 2101 2545 peret,
2153 2475 2508 2544 animumque
2559 2474 2730 2545 ipsius
2779 2475 2927 2529 curis
2978 2474 3237 2544 pulsaret,
3270 2477 3521 2530 nimirum

2503 2566 2637 2621 Nam
2679 2582 2801 2623 cum
2830 2567 2958 2622 ﬁliis
2985 2576 3214 2634 careret,
3260 2568 3375 2623 luce
3399 2580 3523 2623 eum

1928 2675 2057 2717 cura
2087 2659 2373 2716 sollicitum
2420 2658 2674 2729 habebat,
2717 2674 2950 2731 quonam
2980 2671 3139 2732 pacto
3171 2662 3252 2717 his
3297 2662 3523 2717 vinculis

1928 2754 2250 2823 solveretur,
2281 2767 2347 2808 ac
2368 2753 2634 2822 susceptis
2660 2754 2845 2810 liberis
2881 2756 3049 2824 patris
3094 2770 3289 2812 nomen
3316 2756 3524 2813 obtine-

1928 2856 2033 2916 ret,
2067 2863 2174 2918 quo
2203 2846 2455 2904 videlicet
2481 2849 2622 2919 apud
2652 2850 2938 2921 plerosque
2966 2850 3099 2906 nihil
3143 2860 3229 2907 est
3265 2851 3521 2922 optatius.

1929 2940 2108 3012 Atque
2132 2939 2438 3011 huiusmodi
2466 2954 2560 2997 rex
2584 2941 2675 2998 hic
2699 2950 2839 3011 erat,
2884 2957 3054 3015 eaque
3098 2953 3277 3000 mente
3307 2960 3370 3000 ac
3398 2958 3522 3001 sen-

1929 3033 2114 3090 tentia.

2001 3149 2070 3204 At
2098 3147 2458 3205 illustrissima
2489 3148 2918 3206 Christianorum
2946 3151 3093 3206 natio
3112 3195 3128 3220 ,
3156 3159 3209 3207 et
3233 3152 3523 3207 monacho-

1886 3312 1899 3319 -
1930 3262 2051 3303 rum
2075 3256 2329 3313 catervze,
2356 3246 2501 3318 regis
2547 3248 2751 3302 cultum
2782 3263 2845 3304 ac
2885 3251 3284 3304 venerationem
3317 3264 3413 3323 pro
3444 3249 3523 3303 ni-

1930 3341 2042 3397 hilo
2068 3342 2355 3408 ducentes,
2390 3356 2491 3397 nec
2522 3341 2690 3413 ipsius
2734 3342 2910 3398 minas
2940 3349 3277 3407 metuentes;
3308 3358 3403 3414 per
3431 3341 3525 3401 Dei

1930 3437 2153 3507 gratiam
2192 3434 2551 3506 amplissimos
2590 3448 2911 3506 progressus
2940 3433 3230 3500 iaciebant,
3264 3444 3319 3493 ut
3348 3434 3437 3505 qui
3470 3435 3523 3489 in

1931 3528 2329 3584 multitudinem
2361 3526 2509 3583 omni
2539 3540 2793 3584 sermone
2824 3529 3083 3599 majorem
3122 3536 3523 3596 excrescerent,

1930 3630 1994 3677 ac
2024 3636 2242 3693 parvam
2272 3624 2491 3678 omnino
2530 3623 2672 3692 regis
2702 3624 2966 3679 rationem
3021 3622 3301 3690 haberent,
3334 3623 3400 3679 iis
3427 3639 3524 3678 au—

1932 3724 2039 3771 tem
2073 3714 2237 3771 rebus
2266 3731 2385 3784 quae
2412 3715 2478 3770 ad
2509 3716 2606 3771 Dei
2645 3716 2850 3771 cultum
2902 3714 3243 3787 pertinebant
3290 3712 3525 3787 singula-

1930 3808 2051 3863 retn'
2078 3808 2132 3861 in
2160 3806 2373 3862 modum
2405 3807 2579 3863 dediti
2610 3818 2813 3863 essent.
2852 3809 2931 3863 Ac
2960 3816 3246 3878 prOpterea
3274 3807 3528 3876 permulti

1931 3912 1998 3957 ex
2029 3900 2092 3955 iis
2122 3900 2210 3970 qui
2241 3900 2308 3955 ad
2340 3900 2697 3956 monasticum
2725 3899 2972 3955 ordinem
3006 3915 3128 3956 sese
3162 3900 3523 3969 contulerant,

236 3962 413 4064 stolis,
444 3999 498 4054 in
530 3962 761 4066 Indiam,
791 3962 1086 4053 salutiferae
1112 3992 1371 4051 doctrina:
1399 3993 1509 4049 illic
1530 3962 1823 4063 praedican-
1857 3962 1903 4025 Ο
1934 3992 2113 4047 omnia
2134 3962 2352 4063 quidem
2380 4008 2442 4049 ea
2469 4008 2588 4064 qum
2610 3995 2663 4049 in
2685 3994 2792 4049 vita
2835 3991 3072 4064 jucunda
3101 4002 3227 4051 sunt
3277 3962 3526 4066 peraeque

237 4094 320 4150 die
343 4106 504 4148 causa
539 4090 737 4147 missus
780 4098 884 4145 est.
917 4088 1144 4144 Domino
1171 4074 1352 4143 autem
1383 4094 1735 4156 cooperante,
1766 4099 1827 4140 ac

238 4199 545 4244 sermonem
575 4197 675 4254 per
704 4182 983 4252 sequentia
1038 4181 1189 4251 signa
1232 4177 1587 4235 conﬁrmante
1634 4174 1830 4248 (Marci

235 4278 385 4348 eth),
420 4274 699 4348 gentilitite
724 4272 1120 4345 superstitionis
1149 4271 1387 4329 tenebrae
1416 4269 1656 4340 depulsa:
1680 4278 1823 4338 sunt,

237 4376 401 4439 atque
430 4366 506 4422 tlli
535 4362 945 4421 simulacrorum
979 4362 1263 4419 sacriﬁciis
1316 4368 1372 4418 et
1417 4362 1563 4419 cultu
1592 4361 1821 4428 liberati,

238 4460 309 4517 ad
352 4468 556 4516 rectam
585 4456 748 4513 ﬁdem
779 4470 841 4512 se
870 4455 1246 4525 adiunxerunt.
1297 4452 1492 4526 Sicque
1518 4453 1827 4524 apostolicis

238 4554 491 4611 manibus
510 4551 659 4609 velut
686 4549 883 4616 relicti,
913 4548 1131 4606 Christo
1175 4563 1272 4619 per
1296 4547 1618 4619 baptismum
1649 4548 1828 4603 conci-

236 4650 349 4707 liati
381 4656 538 4714 sunt;
562 4662 625 4703 ac
652 4645 834 4702 tacitis
864 4642 1213 4704 incrementis
1244 4652 1593 4713 augescentes
1616 4641 1666 4696 in
1700 4641 1824 4708 ﬁde,

235 4744 306 4799 ab
330 4742 478 4799 omni
499 4740 803 4797 labealiena
818 4738 1195 4810 proﬁciebant,
1228 4736 1593 4806 ecclesiasque
1621 4748 1717 4804 per
1748 4742 1828 4789 to-

243 4843 354 4890 tam
380 4832 652 4904 regionem
682 4828 1053 4886 exstruebant.

203 4987 220 4997 ,
310 4924 445 4981 Cum
467 4933 647 4979 autem
678 4922 841 4978 etiam
864 4921 916 4977 in
948 4919 1183 4991 [Egypto
1221 4917 1545 4974 monasteria
1592 4916 1829 4973 exaediﬁ-

234 5019 371 5086 cari,
398 5030 462 5073 ac
487 5017 870 5073 monachorum
916 5014 1154 5085 ingentia
1182 5010 1392 5083 agmina
1429 5011 1689 5068 cumulari
1718 5025 1829 5067 coco

233 5114 463 5185 pissent,
492 5119 653 5181 atque
679 5124 865 5166 eorum
900 5107 1112 5164 virtutis
1138 5114 1194 5163 et
1215 5105 1340 5163 vitae
1363 5104 1605 5172 rationis,
1641 5106 1708 5159 ad
1734 5119 1829 5160 an-

235 5208 482 5278 gelorum
526 5202 881 5259 imitationem
912 5198 1242 5268 accedentis,
1274 5196 1414 5254 fama
1463 5197 1608 5254 orbis
1660 5206 1830 5253 terra-

233 5315 358 5357 rum
402 5298 535 5354 lines
580 5294 918 5368 pervasisset,
972 5302 1131 5367 atque
1157 5291 1223 5347 ad
1248 5290 1404 5347 ludos
1434 5303 1605 5362 usque
1634 5304 1826 5360 perve-

1932 4085 2370 4156 contetnnebant,
2405 4087 2681 4157 soliusque
2721 4086 2938 4157 pietatis
2967 4100 3151 4145 amore
3180 4088 3524 4156 tenebantur,

1930 4186 1993 4231 ac
2014 4176 2202 4231 mortis
2234 4191 2331 4246 pro
2360 4175 2579 4233 Christo
2609 4176 2905 4235 subeundae
2925 4180 3036 4246 siti,
3077 4179 3376 4252 futuraeque
3400 4181 3527 4238 bea-

1931 4270 2175 4326 titudinis
2217 4270 2509 4340 cupiditate
2539 4271 2857 4342 ﬂagrabant.
2893 4271 3086 4346 quue
3130 4275 3378 4340 nomine,
3419 4292 3526 4331 non

1896 4348 1901 4353 ’
1934 4361 2120 4417 timido
2149 4376 2212 4417 ae
2237 4362 2516 4419 dubitante
2545 4363 2748 4431 animo,
2780 4378 2973 4421 verum
3022 4381 3281 4436 perquam
3340 4366 3526 4422 ﬁdenti

1931 4465 1996 4508 ac
2036 4453 2205 4508 libero
2250 4454 2586 4509 salutifernm
2640 4455 2843 4513 Christi
2886 4472 3083 4512 nomen
3138 4457 3524 4527 praedicabant,

1931 4544 2310 4616 Christumque
2340 4561 2504 4603 unum
2534 4548 2588 4602 in
2619 4562 2714 4604 ore
2744 4548 3031 4614 habebant,
3064 4556 3224 4620 atque
3246 4551 3443 4607 ﬂuxam
3472 4558 3526 4607 et

1930 4637 2189 4692 caducam
2238 4639 2586 4707 praesentium
2644 4654 2823 4695 rerum
2880 4648 3161 4709 naturam,
3220 4642 3525 4715 futurazque

1931 4730 2056 4785 vitae
2103 4730 2409 4785 ﬁrmitatem
2455 4740 2509 4786 et
2552 4730 3008 4790 immortalitatem
3056 4734 3305 4791 omnibus
3350 4738 3525 4807 palam

1931 4833 2161 4893 apteque
2190 4823 2668 4892 demonstrabant,
2702 4839 2766 4882 ac
2796 4826 2942 4883 velut
2970 4826 3208 4885 subsidia
3256 4830 3523 4898 quaedam,

1931 4926 1986 4972 et
2014 4915 2217 4971 semina
2267 4917 2397 4987 ipsis
2424 4919 2790 4991 porrigebant,
2837 4937 3065 4994 quorum
3096 4940 3196 4995 ope
3240 4925 3307 4979 ad
3351 4924 3523 4980 Deum

1934 5024 2056 5066 sese
2082 5008 2427 5077 conferrent,
2477 5012 2748 5085 vitamque
2797 5016 2850 5070 in
2903 5016 3116 5073 Christo
3155 5015 3522 5073 absconditam

1933 5112 2397 5173 consequerentur
2423 5104 2645 5175 (Coloss.
2680 5110 2779 5173 ut).
2814 5106 2889 5163 Ex
2919 5124 3025 5179 quo
3053 5109 3304 5165 eliectum
3354 5117 3438 5165 est
3465 5117 3525 5165 ut

1932 5192 2111 5263 multi,
2139 5196 2451 5252 suavissima
2496 5198 2585 5254 illa
2617 5199 2856 5256 doctrina
2900 5212 3170 5272 percepta,
3200 5202 3268 5256 ab
3314 5200 3523 5259 acerbis

1934 5293 2135 5349 erroris
2168 5296 2405 5351 tenebris
2445 5294 2827 5362 abscederent,
2855 5306 3015 5368 atque
3045 5296 3112 5352 ad
3141 5294 3349 5352 dulcem
3382 5298 3521 5354 veri-

231 5390 439 5458 nisset,
488 5366 636 5460 ipsos
697 5400 910 5459 quoque
982 5386 1048 5441 ad
1110 5383 1349 5455 ejusdem
1405 5384 1528 5438 vitae
1594 5382 1827 5438 studium
1861 5366 2059 5443 1)tatis
2090 5389 2261 5445 lucem
2307 5404 2429 5445 sese
2460 5388 2835 5460 adiungerent,
2867 5366 3033 5460 usque
3086 5390 3245 5445 adeo.
3274 5398 3332 5447 ut
3380 5406 3522 5447 non-

235 5479 522 5546 excitavit,
555 5479 691 5535 adeo
742 5486 798 5534 ut
826 5477 1132 5548 complures
1181 5476 1441 5547 ipsorum,
1484 5475 1685 5531 relictis
1714 5490 1829 5531 om-

236 5573 401 5630 nibus
446 5572 627 5635 rebus,
660 5571 714 5626 in
768 5568 1089 5627 solitudines
1144 5567 1522 5632 concederent,
1563 5577 1722 5639 atque
1774 5568 1826 5623 in

237 5665 453 5723 mortali
484 5678 710 5733 corpore
747 5676 935 5719 eorum
988 5661 1079 5733 qui
1122 5662 1365 5732 corporis
1409 5669 1654 5730 expertes
1705 5670 1827 5715 sunt

233 5760 367 5814 vita:
396 5759 659 5813 rationem
688 5757 1044 5826 susciperent.
1087 5755 1219 5811 Cum
1267 5754 1429 5829 igitur
1454 5770 1540 5811 res
1570 5754 1827 5823 prmclaro

232 5857 383 5911 statu
409 5856 614 5918 essent,
647 5856 810 5921 atque
830 5849 1009 5907 aureis
1034 5848 1223 5920 pennis
1246 5849 1329 5920 (6)
1364 5857 1420 5905 ut
1450 5848 1550 5905 dici
1582 5850 1743 5917 solet,
1773 5850 1827 5905 in

1934 5481 2063 5534 nulli
2095 5482 2255 5535 etiam
2287 5480 2523 5536 illustres
2551 5480 2651 5535 viri
2680 5494 2741 5536 ac
2763 5490 3063 5548 senatores,
3098 5480 3323 5554 abjectis
3362 5482 3522 5554 huius

1934 5569 2059 5626 vitae
2104 5573 2351 5641 sarcinis,
2410 5573 2460 5628 in
2517 5575 2901 5628 monachorum
2959 5574 3138 5632 album
3184 5592 3305 5632 sese
3352 5580 3520 5633 ascri-

1934 5665 2139 5721 bcrent.

2007 5758 2120 5814 Rex
2147 5766 2323 5813 autem
2356 5759 2443 5813 ubi
2486 5759 2601 5815 haec
2650 5756 2929 5825 intellexit,
2979 5761 3177 5832 ingenti
3214 5759 3374 5833 244
3415 5760 3521 5814 ira-

1938 5848 2128 5906 cundia
2161 5857 2483 5918 commotus,
2518 5858 2679 5923 atque
2720 5850 3089 5927 indignatione
3136 5852 3371 5918 fervens,
3411 5858 3520 5905 sta;
