4158 6354
597 393 704 454 447

1648 388 1740 445 DE
1781 387 1959 445 VlTlS
1997 382 2281 442 PATRUM
2323 381 2527 439 LIBER
2567 380 2849 440 PRIMUS.

3793 386 3891 445 ΗΒ

599 513 703 575 tim
731 510 907 569 edicto
936 508 1114 565 sanxit
1133 516 1194 563 ut
1227 504 1517 564 Christiani
1555 520 1747 561 omnes
1792 504 2045 574 pietatem
2078 501 2195 569 eju—
2222 499 2279 560 Α
2300 496 2496 569 fecisti,
2521 513 2583 554 ac
2606 514 2711 554 non
2742 498 2901 554 modo
2924 512 3059 554 mea:
3081 497 3332 554 amicitia:
3361 500 3674 555 memoriam
3697 515 3767 557 ex
3782 504 3890 561 ani-

596 620 723 669 rare
748 613 1084 678 cogerentur.
1110 603 1195 659 Ac
1222 602 1478 671 deinceps
1507 614 1645 655 nova
1685 597 2075 668 suppliciorum
2101 609 2195 666 ge-

598 716 728 757 nera
760 697 1291 763 comminiscebatur,
1321 706 1481 767 atque
1498 694 1752 749 inusitata
1776 692 1969 748 mortis
1994 703 2195 762 genera

598 792 923 856 minabatur;
956 789 1269 859 litterasque
1294 787 1360 843 ad
1392 802 1578 843 omnes
1609 785 1841 857 regionis
1868 783 2056 838 ditioni
2083 796 2196 837 suae

596 884 852 954 subjectae
874 891 1055 953 partes
1082 882 1347 947 mittebat,
1380 880 1571 951 quibus
1601 887 1657 934 et
1702 875 1968 947 praefectis
1999 883 2053 931 et
2093 874 2193 930 du-

600 978 752 1035 cibus
780 978 1077 1048 imperabat
1105 986 1164 1032 nt
1193 977 1477 1033 tormentis
1523 984 1682 1045 atque
1733 972 1929 1042 iniquis
1959 970 2195 1027 caedibus

600 1072 654 1129 in
687 1072 934 1128 homines
954 1071 1154 1142 pietate
1174 1070 1428 1142 praeditos
1456 1076 1852 1141 grassarentur.
1890 1065 2195 1122 Praesertim

600 1174 779 1222 autem
803 1166 859 1221 in
888 1165 1372 1236 praestantissimos
1399 1178 1641 1235 quosque
1679 1160 1964 1218 monastici
1991 1157 2196 1214 ordinis

594 1263 1047 1328 excandescebat,
1076 1270 1237 1333 atque
1266 1259 1609 1331 implacabile
1636 1258 1920 1313 adversum
1970 1268 2064 1311 eos
2092 1250 2198 1307 bel-

596 1355 710 1413 lum
736 1353 1024 1411 excitabat.
1051 1353 1131 1409 Ob
1181 1366 1407 1422 eamque
1432 1366 1649 1407 causam
1678 1349 1916 1418 priorum
1956 1344 2197 1415 plerique

597 1445 779 1501 animo
802 1444 1161 1499 vacillabant:
1192 1443 1282 1498 alii
1335 1451 1537 1507 autem,
1588 1440 1711 1510 quia
1741 1437 2065 1494 cruciatibus
2112 1435 2197 1491 fe-

596 1536 783 1595 rendis
828 1534 1064 1605 impares
1116 1544 1291 1600 erant,
1324 1532 1530 1588 nefario
1561 1534 1728 1603 ipsius
1768 1528 1994 1598 imperio
2044 1542 2198 1597 pare-

596 1628 744 1686 bant.
776 1627 847 1683 At
877 1643 1008 1684 vero
1034 1626 1347 1683 monasticae
1375 1625 1563 1680 classis
1590 1624 1756 1679 duces
1777 1633 1939 1692 atque
1988 1619 2198 1675 antisti-

600 1728 706 1787 tes,
740 1720 936 1790 partim
967 1719 1135 1789 ipsius
1176 1718 1519 1787 iniquitatem
1560 1724 1915 1785 coarguentes
1945 1727 2008 1767 ac
2053 1710 2196 1768 refuo

603 1821 802 1880 tantes,
837 1812 1100 1882 martyrio
1118 1811 1283 1866 vitam
1339 1809 1612 1876 finiebant,
1642 1816 1803 1876 atque
1831 1806 1900 1859 ad
1919 1803 2199 1873 sempiter-

2300 608 2390 648 mo
2415 592 2601 662 procul
2625 592 2852 661 ejecisti,
2879 607 3065 647 verum
3091 592 3255 647 etiam
3292 590 3555 648 adversus
3582 591 3755 663 ipsam
3796 612 3889 653 na-

2298 693 2471 739 turam
2495 684 2752 753 impetum
2776 682 2969 747 fecisti,
2996 697 3060 737 ac
3088 697 3157 738 ne
3178 691 3393 738 tuorum
3419 684 3634 753 quidem
3658 685 3889 746 filiorum

2299 776 2643 832 miseratione
2691 775 2945 841 allectus,
2993 783 3105 830 tum
3157 791 3317 847 opes,
3357 786 3470 831 tum
3512 794 3729 835 omnem
3773 782 3891 840 vita:

2301 869 2642 939 splendorem
2686 884 2781 940 pro
2816 869 2983 924 nihilo
3035 870 3264 938 putasti,
3308 880 3618 942 tantamque
3661 874 3892 946 ignomi-

2302 963 2444 1018 niam
2495 972 2601 1017 tam
2640 962 2909 1018 luculenta
2947 962 3113 1032 gloria
3152 963 3421 1033 potiorem
3451 974 3507 1020 et
3541 968 3892 1035 praestabilio-

2298 1072 2413 1112 rem
2444 1056 2715 1111 habuisti?
2741 1056 3007 1124 Quidnam
3036 1064 3090 1113 te
3118 1057 3185 1112 ad
3215 1057 3317 1114 hoc
3354 1059 3584 1129 impulit,
3614 1062 3893 1132 cujusnam

2298 1149 2432 1205 lucri
2459 1163 2601 1219 Spes,
2635 1160 2693 1203 ut
2724 1165 2847 1204 eum
2877 1149 2964 1219 qui
2987 1149 3143 1205 Jesus
3175 1151 3485 1206 nominatur
3504 1153 3755 1210 omnibus
3787 1156 3893 1213 diis

2298 1254 2457 1312 atque
2480 1243 2786 1299 hominibus
2814 1252 3171 1313 anteponeres
3193 1286 3209 1312 ,
3236 1260 3299 1301 ac
3328 1246 3516 1302 duram
3546 1249 3682 1304 hanc
3710 1259 3767 1306 et
3806 1267 3894 1307 su-

2300 1335 2660 1405 perstitiosam
2684 1335 2806 1391 vitae
2841 1337 3106 1392 rationem
3138 1338 3470 1395 suavissimae
3513 1338 3742 1413 hujusce
3768 1342 3894 1401 vita

2298 1430 2702 1487 oblectamentis
2741 1428 3081 1485 auteferres?

2372 1524 2482 1579 Hac
2503 1524 2750 1579 oratione
2778 1524 2981 1591 audita,
3005 1524 3087 1579 vir
3121 1524 3213 1581 ille
3240 1525 3357 1592 Dei,
3404 1525 3585 1597 lepida
3624 1527 3787 1583 simul
3832 1542 3900 1589 ae

2300 1618 2534 1692 placida,
2564 1626 2617 1673 et
2643 1618 2893 1689 aequabili
2915 1634 3046 1674 voce
3075 1620 3141 1674 ad
3166 1619 3307 1675 hunc
3337 1620 3555 1675 modum
3577 1621 3897 1691 respondit:

2300 1712 2357 1770 Si
2390 1727 2667 1769 sermones
2697 1728 2907 1768 mecum
2931 1728 3217 1770 conserere
3244 1714 3296 1769 in
3326 1715 3564 1788 animum
3610 1716 3843 1785 inducis,
3868 1733 3902 1775 o

2301 1821 2420 1871 rex,
2456 1806 2535 1861 fac
2566 1805 2749 1861 hostes
2772 1815 2891 1861 tuos
2922 1821 2953 1861 e
2979 1806 3157 1861 medio
3180 1807 3429 1863 tribunali
3464 1809 3809 1878 submoveas,
3839 1827 3902 1869 ac

604 1920 728 1962 nam
756 1903 1147 1960 beatitudinem
1198 1902 1624 1973 perveniebant;
1663 1900 1854 1970 partim
1905 1898 1957 1952 in
2003 1896 2192 1951 solitu-
2228 1884 2276 1944 Β
2303 1904 2414 1953 tum
2442 1898 2509 1953 de
2538 1898 2620 1952 his
2642 1899 2801 1953 rebus
2823 1912 2955 1968 quas
2992 1899 3293 1969 intelligere
3342 1900 3495 1971 cupis
3524 1902 3616 1957 tibi
3666 1919 3900 1965 respon-

599 1998 813 2055 diuibus
841 2007 895 2053 et
942 1996 1213 2053 montibus
1259 2010 1380 2052 sese
1410 1994 1770 2057 occultabant,
1804 2005 1912 2046 non
1963 1999 2199 2044 tormen-

599 2098 774 2146 torum
808 2104 927 2159 quae
980 2087 1112 2159 ipsis
1141 2086 1598 2143 denuntiabantur
1648 2094 1820 2151 metu,
1855 2097 2040 2138 verum
2071 2081 2200 2137 divi'

598 2181 749 2238 niore
778 2181 1008 2252 quodam
1049 2179 1274 2236 consilio
1302 2194 1367 2235 ac
1399 2178 1755 2249 providentia.

668 2276 799 2331 CAP.
841 2275 907 2331 ll.
946 2304 1017 2317 —-
1053 2273 1188 2331 Cum
1211 2276 1390 2346 itaque
1414 2272 1724 2346 ltujusmodi
1746 2272 1916 2342 caligo
1946 2271 2199 2327 Indorum

600 2369 875 2440 regionem
904 2369 1211 2434 invasisset,
1255 2384 1319 2425 ac
1366 2368 1439 2441 pii
1468 2378 1524 2425 et
1576 2368 1747 2423 sancti
1800 2367 1908 2421 viri
1962 2364 2200 2435 undique

599 2471 954 2529 vexarentur,
1002 2461 1294 2532 impietatis
1323 2471 1504 2518 autem
1546 2467 1973 2531 propugnatores
2005 2458 2199 2528 opibus

600 2568 665 2610 ac
685 2553 921 2624 potentia
950 2551 1228 2621 ﬂorerent,
1254 2563 1416 2625 atque
1451 2554 1737 2609 cruoribus
1768 2562 1823 2608 et
1860 2552 2199 2607 victimarum

599 2646 789 2704 nidore
818 2646 934 2717 ipse
960 2663 1172 2719 quoque
1201 2662 1297 2703 aer
1324 2646 1649 2711 inliceretur,
1703 2659 1840 2700 unus
1869 2659 1900 2700 e
1926 2645 2197 2715 regiorum

598 2748 937 2809 satraparum
966 2738 1318 2809 principibus,
1368 2738 1535 2793 animi
1567 2736 1895 2805 fortitudine,
1930 2735 2200 2804 corporis-

600 2846 704 2903 que
732 2831 1094 2901 magnitudine
1139 2845 1202 2885 ac
1240 2830 1667 2900 pulchritudine,
1700 2829 2019 2898 czeterisque
2066 2825 2189 2882 aliis

600 2922 783 2990 rebus,
816 2922 1008 2992 quibus
1035 2923 1275 2993 corporis
1291 2923 1555 2992 elegantia
1583 2933 1639 2979 et
1654 2921 1821 2976 animi
1841 2919 2194 2992 generositas,

600 3026 852 3087 tanquam
883 3016 1044 3073 certis
1068 3018 1389 3089 quibusdam
1414 3019 1555 3074 notis
1585 3017 1814 3088 exprimi
1836 3017 2035 3082 solent,
2061 3015 2197 3071 alios

602 3126 793 3167 omnes
818 3113 1190 3169 antecellebat.
1237 3112 1602 3179 Quamobrem
1641 3127 1763 3167 cum
1803 3112 2025 3181 impium
2064 3109 2196 3164 illud

600 3202 837 3259 edictum
879 3204 1149 3271 audisset,
1192 3204 1335 3260 inani
1375 3203 1477 3259 hac
1527 3212 1687 3272 atque
1742 3202 1891 3257 humi
1944 3210 2197 3271 serpente

2304 1986 2466 2043 debo.
2492 1988 2594 2043 Illis
2621 1997 2798 2044 autem
2823 1990 3169 2057 praesentibus
3195 1990 3372 2045 nullus
3395 1991 3526 2047 mihi
3548 1993 3616 2047 ad
3639 2004 3689 2048 te
3717 2010 3903 2051 sermo

2301 2080 2425 2136 erit.
2448 2080 2595 2136 Citra
2625 2096 2927 2138 sermonem
2951 2092 3130 2138 autem
3161 2084 3435 2151 excrucia,
3484 2084 3771 2154 obtrunca,
3822 2088 3904 2145 fac

2303 2174 2536 2243 denique
2557 2176 2819 2246 quidquid
2850 2176 3017 2233 lubet.
3066 2178 3191 2232 Mihi
3226 2183 3369 2234 enim
3420 2181 3652 2237 mundus
3679 2184 3902 2239 cruciﬁ-

2302 2282 2402 2322 xus
2432 2276 2535 2335 est,
2564 2277 2619 2323 et
2649 2284 2748 2339 ego
2776 2268 2998 2335 mundo,
3047 2278 3104 2324 ut
3141 2270 3216 2325 ait
3266 2285 3415 2327 meus
3444 2273 3701 2344 magister
3755 2276 3903 2347 (Cat.

2302 2360 2401 2431 vi).
2430 2360 2672 2431 Cumque
2692 2376 2787 2417 rex
2817 2360 3043 2417 dixisset
3073 2378 3087 2416 :
3121 2361 3352 2430 Quinam
3396 2366 3610 2421 tandem
3666 2379 3793 2423 sunt
3852 2369 3907 2426 bi

2304 2454 2486 2511 hostes
2516 2454 2644 2520 mei,
2673 2468 2807 2524 quos
2835 2469 2924 2511 me
2944 2453 3069 2510 hinc
3089 2454 3344 2527 ablegare
3367 2455 3568 2525 jubes?
3595 2459 3905 2528 Iracundia,

2304 2545 2475 2616 inquit
2505 2546 2613 2609 ille,
2645 2556 2701 2602 et
2727 2548 3013 2618 cupiditas.
3041 2546 3174 2603 Nam
3202 2563 3283 2603 ea:
3330 2550 3561 2620 primum
3586 2553 3805 2622 quidem
3836 2553 3909 2613 ab

2302 2637 2542 2692 omnium
2576 2652 2756 2692 rerum
2800 2647 3022 2705 parente
3063 2649 3224 2711 atque
3260 2640 3558 2699 architecto
3595 2643 3665 2699 ita
3710 2646 3912 2711 prodas

2302 2738 2404 2785 ctae
2432 2739 2578 2792 sunt.
2617 2740 2674 2784 ut
2706 2739 2907 2785 natura:
2955 2730 3376 2803 Opitularentur,
3431 2749 3495 2791 ac
3542 2750 3686 2792 nunc
3732 2740 3908 2798 etiam

2300 2824 2544 2878 eamdem
2576 2823 2641 2877 iis
2669 2836 2889 2891 operam
2926 2824 3184 2891 prmbeut,
3220 2826 3314 2897 qui
3358 2841 3466 2883 non
3494 2835 3554 2883 ut
3593 2830 3769 2897 carni,
3804 2832 3910 2889 sed

2301 2924 2361 2971 ut
2384 2915 2597 2986 spiritui
2619 2925 3039 2973 consentaneum
3084 2927 3186 2984 est,
3244 2919 3447 2976 vivunt.
3502 2921 3564 2978 In
3599 2922 3753 2979 vobis
3807 2940 3910 2981 au-

2302 3018 2433 3077 tem,
2466 3011 2558 3080 qui
2587 3026 2809 3081 prorsus
2852 3013 3098 3068 carnales
3128 3012 3281 3077 estis,
3326 3029 3426 3070 nec
3470 3014 3631 3071 ullam
3682 3018 3913 3088 spiritus

2304 3110 2512 3171 partem
2540 3102 2784 3168 habetis,
2817 3102 3137 3159 adversariae
3187 3104 3530 3174 exstiterunt,
3580 3121 3755 3179 eaque
3784 3126 3917 3179 quae

2300 3194 2534 3250 inimicis
2577 3204 2631 3251 et
2663 3196 2909 3251 hostibus
2933 3197 3279 3265 conveniunt,
3313 3209 3695 3269 exsequuntur.
3741 3200 3913 3272 Cupi-

600 3296 771 3368 gloria
800 3307 855 3354 et
878 3296 1092 3353 deliciis
1122 3303 1303 3354 valere
1326 3297 1515 3368 jussis,
1546 3294 1615 3350 ad
1646 3294 2035 3351 monachorum
2082 3308 2196 3350 cm-
2220 3276 2269 3340 C
2301 3287 2443 3343 ditas
2467 3288 2691 3355 etenim,
2721 3303 2844 3344 cum
2873 3288 2923 3343 ei
2947 3304 2979 3344 a
3002 3290 3156 3345 vobis
3175 3304 3337 3360 opera
3361 3290 3537 3357 datur,
3570 3292 3913 3362 voluptatem

600 3398 715 3447 tum
745 3406 869 3447 sese
917 3393 1244 3463 aggregavit,
1280 3400 1441 3462 atque
1480 3390 1534 3445 in
1576 3389 1709 3444 locis
1743 3387 2002 3443 solitariis
2039 3401 2198 3442 exsu-

602 3484 745 3551 lans,
769 3484 993 3554 jejuniis
1017 3493 1073 3540 et
1108 3484 1323 3555 vigiliis,
1366 3498 1429 3538 ac
1465 3482 1708 3553 diligenti
1738 3482 2083 3537 oraculorum
2111 3481 2197 3536 di-

602 3578 850 3637 vinorum
882 3576 1233 3634 meditatione
1280 3590 1472 3632 sensus
1503 3590 1632 3630 suos
1659 3575 1903 3645 apprime
1943 3589 2200 3645 repurga-

603 3670 719 3737 bat,
749 3671 1094 3740 animumque
1140 3669 1211 3724 ab
1238 3670 1385 3724 omni
1409 3667 1600 3723 vitiosa
1632 3666 1915 3723 affectione
1962 3667 2200 3723 solutum

604 3771 660 3821 et
694 3761 1022 3830 abductum,
1060 3775 1123 3817 ea
1164 3762 1285 3817 luce
1316 3776 1478 3831 quam
1518 3759 1875 3830 tranquillitas
1917 3773 1948 3813 a
1992 3760 2202 3816 vitiosis

604 3855 983 3915 aﬂectionibus
1012 3856 1152 3927 parit
1181 3854 1505 3911 illustrabat.
1548 3854 1662 3910 Rex
1695 3862 1895 3922 autem,
1927 3868 2048 3909 cum
2076 3868 2200 3910 eum

607 3952 868 4024 majorem
898 3951 953 4007 in
996 3951 1211 4006 modum
1243 3950 1512 4022 diligeret,
1562 3958 1726 4020 atque
1773 3948 1827 4003 in
1884 3949 2090 4003 honore
2140 3964 2204 4004 ac

607 4047 779 4117 pretio
810 4046 1054 4114 haberet,
1090 4055 1146 4100 ut
1172 4048 1274 4101 hoc
1301 4044 1525 4108 audivit,
1560 4044 1628 4099 de
1659 4043 1820 4099 amici
1862 4043 2069 4112 jactura
2100 4042 2201 4097 do-

608 4118 775 4196 lorem
805 4149 985 4194 animo
1014 4148 1175 4208 cepit,
1209 4139 1686 4209 vehementiusque
1727 4137 1985 4192 adversus
2017 4150 2204 4191 mona-

610 4232 742 4287 chos
783 4232 1005 4287 exarsit.
1037 4232 1211 4301 Atque
1241 4247 1364 4287 cum
1413 4231 1659 4287 homines
1708 4230 1777 4286 ad
1808 4246 1931 4284 eum
1981 4227 2202 4298 conqui-

609 4322 836 4379 rendum
867 4336 1296 4393 quaquaversum
1328 4322 1585 4387 misisset,
1634 4330 1706 4388 et,
1752 4318 2203 4391 quemadmodum
2244 4334 2247 4337 '

611 4418 774 4488 vulgo
801 4416 1017 4483 dicitur,
1048 4416 1383 4487 nullumjuon
1410 4416 1645 4487 lapidem
1694 4416 1951 4472 movisset
1977 4413 2059 4486 (8)
2097 4428 2205 4484 quo

612 4528 742 4571 eum
772 4512 1059 4576 inveniret,
1082 4511 1368 4582 aliquando
1390 4520 1511 4582 post
1541 4511 1618 4565 illi
1641 4511 1729 4581 qui
1757 4510 1823 4565 ad
1848 4524 1971 4565 eum
1998 4509 2216 4585 investi-._

611 4606 843 4678 gandum
874 4606 1020 4662 missi
1046 4605 1281 4676 fuerant,
1311 4617 1370 4660 ut
1404 4620 1524 4661 eum
1557 4605 1609 4659 in
1634 4602 1926 4659 solitudine
1955 4618 2203 4659 commo-

614 4699 722 4755 rari
745 4707 1050 4765 senserunt,
1079 4699 1152 4754 ita
1184 4698 1504 4769 perscrutati
1533 4705 1679 4764 sunt,
1730 4707 1790 4753 ut
1819 4696 2204 4753 tandem'eum

613 4791 938 4861 arriperent,
962 4801 1121 4860 atque
1149 4790 1215 4845 ad
1238 4790 1378 4861 regis
1400 4788 1631 4847 tribunal
1658 4788 1927 4844 sisterent.
1962 4789 2077 4845 Rex
2105 4803 2203 4842 au-

615 4894 745 4953 tem,
768 4900 890 4940 cum
919 4898 1041 4939 eum
1076 4884 1166 4954 qui
1204 4884 1470 4953 quondam
1502 4882 1797 4953 splendidis
1826 4882 2061 4938 vestibus
2090 4892 2205 4937 ute-

613 4981 788 5045 batur,
822 4985 983 5046 atque
1017 4976 1070 5031 in
1099 4976 1307 5046 magnis
1333 4975 1540 5030 deliciis
1585 4976 1747 5030 vitam
1778 4975 2046 5045 exigebat,
2098 4986 2204 5031 tam

614 5070 790 5126 viliter
820 5078 873 5125 et
908 5066 1120 5138 abjecte
1158 5068 1432 5135 amictum,
1470 5081 1532 5122 ac
1571 5066 1834 5137 religiosae
1872 5068 2204 5124 exercitatio-

615 5164 699 5219 nis
729 5162 1022 5229 asperitate
1048 5160 1329 5226 afllictum,
1355 5159 1581 5231 vitaeque
1610 5159 1863 5216 solitariae
1889 5162 2040 5230 signa
2064 5159 2205 5214 haud

613 5257 841 5312 obscure
863 5264 1160 5325 gestantem
1182 5253 1580 5324 conspexisset,
1607 5266 1841 5308 maerore
1865 5252 2025 5306 simul
2046 5261 2207 5323 atque

616 5348 889 5404 iracundia
921 5348 1259 5418 implebatur,
1286 5354 1446 5417 atque
1488 5361 1554 5400 ex
1592 5355 1819 5414 utroque
1844 5343 2038 5399 affectu
2071 5352 2206 5398 tent-

618 5452 807 5513 perato
836 5454 1104 5509 sermone,
1148 5441 1223 5496 ita
1252 5455 1374 5495 eum
1405 5438 1669 5494 allocutus
1701 5447 1782 5491 est
1809 5453 1824 5490 :

689 5532 735 5588 Ο
763 5545 950 5589 vecors
998 5542 1052 5590 et
1080 5534 1325 5599 demens,
1367 5530 1494 5602 quid
1520 5540 1573 5584 te
1626 5527 1846 5584 adduxit
1869 5536 1925 5583 ut
1951 5527 2209 5584 honorem

618 5645 741 5686 cum
774 5630 1088 5702 ignominia,
1116 5638 1172 5686 et
1194 5630 1452 5684 illustrem
1475 5626 1695 5698 gloriam
1727 5639 1847 5679 cum
1870 5623 2009 5692 turpi
2037 5638 2099 5677 ac
2123 5623 2210 5678 de-

620 5722 831 5779 decoris
875 5722 1032 5793 pleno
1082 5721 1262 5777 habitu
1296 5719 1704 5776 commutares?
1743 5717 1953 5774 Siccine
1985 5726 2068 5783 ιιι,
2103 5718 2195 5786 qui

624 5834 790 5889 regno
812 5832 933 5875 ineo
965 5830 1220 5888 praeeras,
1252 5824 1415 5886 atque
1452 5813 1503 5868 in
1540 5811 1722 5883 copias
1753 5826 1899 5867 meas
1926 5810 2209 5879 imperium

622 5913 852 5970 militare
875 5910 1175 5975 obtinebas,
1209 5909 1438 5976 teipsum
1480 5921 1766 5975 puerorum
1806 5903 2093 5961 ludibrium
2131 5902 2209 5960 ef-

2303 3382 2542 3437 exeitat:
2575 3398 2698 3437 cum
2730 3389 2910 3439 autem
2948 3383 3217 3450 aboletur,
3269 3383 3615 3440 iracundiam.
3663 3387 3909 3447 Proinde

2305 3471 2729 3545 facessantipsre
2776 3474 3037 3531 hodierno
3064 3477 3151 3531 die
3197 3475 3293 3533 abs
3324 3487 3407 3541 te;
3468 3480 3693 3548 praesint
3721 3491 3913 3540 autem

2304 3565 2371 3619 ad
2398 3580 2583 3621 eorum
2614 3581 2732 3636 quae
2758 3581 2789 3621 a
2817 3582 2902 3623 me
2922 3566 3169 3623 dicentur
3188 3568 3513 3626 auditionem
3534 3586 3598 3628 ac
3615 3572 3911 3644 judicium,

2304 3659 2585 3733 prudentia
2614 3668 2667 3715 et
2688 3659 2915 3730 justitia.
2948 3660 3081 3716 Nam
3109 3662 3155 3718 si
3195 3663 3529 3719 iracundiam
3557 3674 3613 3721 et
3638 3668 3912 3737 cupidita-

2308 3760 2413 3807 tem
2446 3751 2605 3823 245
2643 3751 2711 3807 de
2758 3752 2938 3809 medio
2991 3754 3299 3825 sustuleris,
3349 3767 3510 3827 atque
3556 3773 3740 3815 earum
3789 3761 3916 3819 loco

2306 3844 2642 3915 prudentiam
2663 3852 2720 3901 et
2742 3844 3009 3915 justitiam
3034 3846 3329 3914 induxeris,
3348 3864 3476 3906 vere
3494 3850 3673 3906 omnia
3704 3852 3800 3909 tibi
3830 3856 3915 3911 di-

2304 3953 2443 3993 cam.
2478 3940 2651 4007 Atque
2680 3953 2777 3994 rex
2802 3939 2884 3993 his
2912 3939 3090 3996 verbis
3118 3950 3202 3997 est
3224 3956 3353 3998 usus
3377 3960 3393 3997 :
3421 3942 3502 3999 En
3530 3944 3779 4014 petitioni
3805 3957 3917 4006 tua

2305 4033 2468 4099 cessi,
2500 4039 2659 4100 atque
2682 4030 3027 4101 cupiditatem
3056 4041 3112 4089 et
3140 4033 3471 4091 iracundiam
3495 4050 3527 4091 e
3556 4037 3790 4093 concilio
3812 4040 3916 4112 eji-

2306 4123 2478 4188 ciam;
2512 4121 2757 4193 daboque
2784 4138 3004 4193 operam
3034 4132 3095 4181 ut
3120 4124 3404 4196 prudentia
3426 4136 3481 4183 et
3504 4127 3715 4197 justitia
3737 4130 3916 4188 inter.

2308 4225 2595 4288 ponantur.

2376 4309 2494 4366 Jam
2524 4310 2682 4378 igitur
2701 4309 2903 4381 absque
2926 4310 3035 4366 ullo
3062 4319 3208 4366 metu
3239 4311 3369 4367 mihi
3394 4327 3606 4382 expone
3636 4315 3779 4372 unde
3803 4317 3911 4373 tibi

2308 4402 2395 4458 hic
2419 4418 2571 4458 error
2593 4407 2815 4458 obortus
2838 4404 2925 4472 sit,
2961 4412 3022 4458 ut
3061 4418 3123 4459 ea
3172 4420 3292 4474 quae
3334 4405 3389 4466 in
3414 4420 3549 4460 vana
3579 4422 3676 4478 spe
3729 4411 3913 4478 posita

2309 4504 2450 4561 sunt,
2483 4497 2548 4551 iis
2577 4496 2736 4551 rebus
2785 4511 2906 4565 qua:
2951 4496 3198 4553 manibus
3225 4506 3495 4564 tenentur,
3541 4509 3704 4571 atque
3737 4502 3918 4561 oculis

2309 4598 2638 4655 cernuntur,
2688 4598 3007 4660 anteponas.
3051 4590 3409 4660 Respondens
3447 4600 3627 4648 autem
3678 4596 3918 4653 eretnita

2232 4676 2285 4736 D
2308 4682 2445 4739 dixit
2470 4701 2484 4736 :

2384 4776 2442 4833 Si
2471 4777 2771 4848 intelligere
2794 4776 2967 4846 cupis,
3002 4789 3036 4831 ο
3066 4789 3180 4842 rex,
3212 4774 3350 4830 unde
3383 4775 3486 4831 hoc
3514 4775 3746 4846 primum
3781 4779 3918 4835 mihi

2312 4870 2490 4925 animo
2522 4868 2777 4940 injectum
2805 4868 2985 4935 fuerit,
3014 4875 3074 4922 ut
3103 4865 3332 4924 caducas
3369 4883 3460 4924 res
3480 4880 3916 4937 contemnerem,

2315 4978 2376 5021 ac
2422 4978 2509 5020 me
2541 4972 2708 5018 totum
2757 4961 3203 5032 sempiternarum
3239 4975 3420 5018 rerum
3453 4962 3568 5033 spei
3617 4964 3920 5032 traderent,

2314 5056 2461 5112 audi.
2491 5056 2652 5123 Olim,
2684 5069 2805 5110 cum
2835 5055 3009 5109 adhuc
3036 5053 3261 5123 juvenili
3292 5062 3448 5110 aetate
3477 5070 3677 5124 essem,
3711 5056 3921 5114 bonum

2313 5164 2377 5205 ac
2405 5149 2639 5205 salutare
2666 5147 2888 5203 verbum
2914 5146 3115 5214 audivi,
3144 5147 3299 5216 cujus
3326 5148 3410 5203 vis
3433 5148 3690 5217 majorem
3716 5149 3770 5203 in
3798 5165 3919 5203 ino-

2314 5242 2441 5297 dum
2470 5256 2555 5297 me
2580 5240 2775 5311 rapuit,
2812 5240 3099 5311 ipsiusque,
3126 5240 3406 5307 memoria,
3440 5239 3603 5295 divini
3628 5240 3921 5311 cujusdam

2317 5335 2538 5392 seminis
2567 5336 2755 5400 instar,
2786 5333 2990 5404 pectori
3038 5348 3161 5389 meo
3201 5331 3361 5388 insita
3388 5333 3462 5388 ita
3492 5336 3805 5404 permansit,
3857 5343 3922 5389 ut

2321 5443 2589 5501 nunquam
2637 5443 2668 5481 a
2712 5442 2799 5483 tne
2825 5426 3006 5483 divelli
3048 5427 3314 5498 potuerit;
3345 5426 3482 5482 adeo
3509 5435 3649 5481 utet
3701 5427 3920 5481 radices

2320 5525 2509 5595 egerit,
2552 5533 2606 5579 et
2631 5537 2852 5595 germen
2900 5520 3151 5585 ediderit,
3193 5534 3257 5575 ac
3301 5530 3511 5576 maturo
3540 5530 3783 5590 tempore
3800 5517 3924 5573 fru-

2315 5627 2458 5673 ctum
2488 5617 2542 5671 in
2571 5630 2658 5671 me
2688 5614 2890 5670 tulerit.
2923 5611 3094 5683 Hujus
3120 5619 3302 5668 autem
3327 5611 3476 5667 verbi
3504 5610 3619 5667 haec
3644 5610 3724 5665 vis
3751 5619 3871 5664 erat
3899 5625 3920 5665 :

2315 5712 2612 5779 Excordes,
2646 5708 2919 5781 inquiebat
2948 5707 3062 5775 ille,
3094 5722 3157 5763 ac
3210 5705 3394 5762 stolidi
3428 5706 3691 5770 homines,
3727 5701 3922 5760 animo

2316 5808 2388 5863 ita
2415 5803 2712 5875 comparati
2734 5811 2879 5871 sunt,
2907 5812 2964 5857 ut
2986 5816 3050 5857 ea
3071 5816 3191 5872 qua:
3216 5809 3365 5865 sunt,
3392 5798 3616 5871 perinde
3641 5814 3707 5854 ac
3727 5798 3775 5853 si
3795 5810 3927 5855 non

2313 5900 2445 5967 sint,
2473 5904 2862 5969 aspernentur;
2889 5908 2950 5952 ea
2985 5902 3163 5952 autem
3191 5909 3313 5966 quae
3341 5909 3450 5952 non
3492 5898 3639 5963 sunt,
3681 5886 3920 5963 peritu].
