4158 6354
327 369 437 432 449

767 369 927 427 VITA
963 367 1377 427 SANCTORUM
1418 364 1746 424 BARLAAM
1787 363 2123 422 EREMITIE
2165 365 2254 422 ET
2292 365 2642 425 JOSAPHAT
2685 365 2892 425 INDI;E
2932 370 3159 429 REGIS.

3514 369 3620 426 650

326 511 393 554 ac
421 495 465 552 si
491 491 622 562 sint,
654 492 1064 562 amplectantur,
1095 506 1157 546 ac
1185 490 1458 546 mordicus
1495 487 1784 544 retineant.
1817 483 1918 554 Qui
1947 486 2000 545 Α
2025 499 2138 551 cas,
2167 485 2255 555 qui
2285 485 2398 540 ﬁeri
2426 495 2600 554 potest
2628 496 2686 542 ut
2718 500 2822 540 non
2855 487 3059 557 optimo
3088 485 3205 554 jure
3254 491 3306 539 te
3332 485 3447 540 veri
3492 487 3619 543 boni

327 598 505 644 autem
533 600 719 642 eorum
751 601 868 655 quae
908 595 1034 639 sunt
1061 584 1398 640 dulcedinem
1432 582 1647 638 minime
1676 582 1928 652 degusta-

326 684 424 744 vit,
459 681 503 734 is
534 693 719 735 eorum
767 693 887 750 qua:
917 693 1022 732 non
1053 686 1179 731 sunt
1203 686 1444 732 naturam
1483 675 1778 747 perfectam
1829 676 1927 729 ha-

327 775 462 829 bere
489 787 596 828 non
626 771 843 841 poterit.
871 770 1017 854 Hanc
1040 785 1202 842 porro
1232 769 1333 824 nisi
1362 770 1700 839 exploratam
1731 769 1929 824 habue-

327 867 422 932 rit,
443 881 677 935 quonam
701 865 862 919 modo
886 880 948 918 ea
972 873 1276 919 contemnet
1299 880 1361 919 ac
1386 881 1481 935 pro
1505 864 1673 918 nihilo
1697 862 1930 934 putabit?

329 959 503 1014 Porro
533 973 632 1029 per
657 971 718 1012 ea
749 972 871 1027 qua:
898 967 1042 1026 sunt,
1077 958 1192 1012 hare
1222 958 1395 1013 oratio
1443 959 1793 1027 sempiternas
1820 969 1928 1022 res,

330 1061 500 1123 atque
528 1067 558 1107 a
581 1052 874 1121 jactatione
905 1052 1109 1107 alienas
1141 1051 1470 1122 intelligebat
1496 1070 1510 1106 :
1544 1067 1639 1120 per
1663 1066 1724 1106 ea
1750 1058 1929 1106 autem

329 1162 453 1217 qua:
484 1159 589 1201 non
619 1154 764 1210 sunt,
803 1144 942 1198 hanc
973 1144 1134 1199 vitam
1162 1153 1214 1198 et
1245 1144 1488 1207 delicias,
1521 1158 1584 1196 ac
1617 1143 1929 1197 mendacem

329 1237 745 1308 prosperitatem
774 1253 790 1292 :
818 1236 1030 1305 quibus,
1065 1251 1098 1290 ο
1129 1250 1246 1299 rex,
1304 1235 1437 1288 heu!
1468 1248 1562 1289 cor
1610 1243 1758 1288 tuum
1792 1235 1930 1290 male

330 1331 552 1386 afﬁxum
583 1337 698 1395 est;
731 1343 936 1400 egoque
992 1328 1120 1382 item
1171 1327 1435 1398 quondam
1486 1341 1547 1382 ea
1601 1326 1930 1395 complecte-

329 1423 450 1478 bar.
477 1422 671 1476 Verum
704 1421 862 1490 hujus
886 1419 1154 1476 sermonis
1184 1420 1285 1486 vis,
1319 1420 1558 1473 animum
1590 1434 1768 1474 meum
1814 1419 1932 1475 sine

329 1517 442 1571 ulla
466 1514 867 1571 intermissione
894 1513 1172 1577 vellicans,
1206 1520 1466 1576 mentem,
1497 1527 1616 1580 qua:
1642 1513 1746 1567 mei
1781 1513 1929 1582 prin-

327 1613 570 1683 cipatum
615 1617 782 1674 tenet,
815 1607 882 1662 ad
927 1607 978 1662 id
1023 1606 1164 1677 quod
1213 1607 1402 1661 melius
1441 1615 1579 1668 erat,
1626 1605 1928 1673 eligendum

329 1704 619 1760 excitabat.
670 1702 940 1758 Cmterum
984 1701 1068 1756 lex
1124 1700 1363 1770 peccati,
1394 1713 1513 1754 cum
1568 1700 1764 1754 mentis
1797 1714 1932 1754 mea:

329 1799 455 1869 lege
485 1812 746 1868 pugnans,
790 1811 854 1850 ac
901 1795 1050 1850 velut
1078 1794 1398 1864 quibusdam
1449 1793 1798 1862 compedibus
1845 1806 1932 1847 me

2031 580 2240 637 inscitia
2271 579 2515 635 laborare
2541 580 2735 648 dicam,
2769 591 2824 636 ut
2881 582 2967 650 qui
2999 582 3217 635 omnino
3248 580 3362 636 hzec
3392 581 3530 636 inter
3558 595 3618 638 se

2029 689 2344 745 componas,
2372 676 2622 745 pietatem
2650 675 2853 730 scilicet
2883 690 3006 745 erga
3041 676 3203 732 Deum
3235 691 3355 730 cum
3385 675 3620 730 humana

2030 770 2264 825 amicitia
2313 777 2368 825 et
2401 769 2566 841 gloria
2622 770 2791 824 instar
2837 783 2990 839 aqua:
3031 769 3339 826 deﬂuente?
3379 770 3622 838 Quonam

2031 861 2159 915 item
2194 861 2354 915 modo
2383 862 2435 916 in
2470 861 2570 915 hac
2600 877 2657 916 re
2687 862 2816 915 socii
2850 861 2942 916 tibi
2985 861 3146 915 futuri
3177 877 3382 927 sumus,
3426 877 3491 918 ac
3517 877 3626 919 non

2031 966 2218 1008 contra
2247 963 2355 1008 tum
2385 953 2694 1019 amicitiam,
2729 963 2838 1008 tum
2875 957 3153 1020 honorem,
3188 965 3297 1008 tum
3329 955 3623 1011 liberorum

2032 1061 2296 1113 amorem,
2324 1057 2378 1102 et
2398 1048 2442 1102 si
2474 1048 2599 1117 quid
2630 1047 2773 1102 aliud
2803 1050 2971 1116 majus
2995 1057 3158 1113 esset,
3194 1049 3626 1118 aspernabimur,

2032 1158 2153 1198 com
2187 1153 2257 1208 te,
2291 1158 2324 1197 o
2353 1159 2468 1211 rex,
2521 1145 2571 1196 in
2607 1144 2770 1198 Deum
2803 1145 3062 1199 scelerate
3111 1159 3298 1214 gerere
3330 1145 3630 1215 conspicia-

2033 1252 2172 1302 mus,
2205 1238 2294 1307 qui
2325 1238 2419 1292 tibi
2452 1237 2624 1306 ipsum
2648 1252 2768 1292 esse
2806 1247 2861 1292 et
2890 1236 3132 1306 spiritum
3162 1238 3357 1292 ducere
3381 1237 3628 1307 praebuit,

2034 1331 2123 1402 qui
2152 1340 2236 1387 est
2290 1331 2535 1386 Christus
2581 1332 2735 1386 Jesus
2764 1331 2999 1385 omnium
3051 1330 3344 1385 Dominus:
3374 1331 3462 1403 qui
3506 1346 3628 1386 cum

2035 1423 2298 1494 principio
2347 1431 2548 1488 careat,
2594 1423 2943 1493 ejusdemque
2974 1438 3095 1476 cum
3131 1423 3286 1478 Patre
3318 1423 3633 1478 aeternitatis

2034 1520 2132 1581 sit,
2178 1517 2449 1584 coelosque
2477 1531 2539 1570 ac
2571 1524 2767 1570 terram
2797 1530 3047 1570 sermone
3095 1516 3410 1584 procrearit,
3457 1514 3633 1590 homi-

2037 1624 2160 1663 nem
2194 1619 2366 1663 tamen
2397 1607 2558 1679 246
2587 1608 2810 1663 suismet
2857 1607 3100 1664 manibus
3127 1607 3331 1664 eiﬁnxit
3351 1649 3366 1675 ,
3399 1623 3630 1680 eumque

2039 1702 2440 1756 immortalitate
2488 1703 2801 1770 coornavit,
2849 1717 3136 1773 regemque
3183 1703 3418 1758 omnium
3450 1718 3631 1759 rerum

2037 1810 2155 1864 qua:
2186 1797 2238 1848 in
2267 1803 2405 1848 terra
2434 1795 2558 1848 sunt
2585 1795 2886 1859 constituit,
2919 1793 3074 1864 eique
3100 1794 3241 1865 quod
3269 1795 3509 1849 omnium
3542 1810 3632 1852 re-

331 1892 595 1956 vinciens,
641 1905 737 1960 per
777 1888 1027 1944 allectum
1055 1902 1181 1956 erga
1211 1901 1298 1942 res
1327 1896 1619 1956 praesentes
1660 1886 1928 1956 captitum
1964 1877 2012 1937 Β
2039 1902 2152 1942 rum
2186 1886 2684 1956 praestantissimum
2717 1894 2853 1953 erat,
2888 1888 2989 1941 hoc
3029 1897 3113 1941 est
3159 1886 3486 1956 paradisum,
3519 1900 3635 1944 tan-

328 1986 572 2040 tenebat.

407 2077 539 2130 Cum
563 2085 740 2130 autem
773 2075 1070 2131 Salvatoris
1098 2075 1265 2130 nostri
1299 2072 1609 2142 benignitati
1635 2087 1696 2127 ac
1714 2073 1931 2128 bonitati

329 2184 423 2224 me
446 2183 514 2223 ex
551 2169 648 2225 hac
671 2169 862 2224 acerba
889 2168 1196 2239 captivitate
1223 2166 1496 2223 vindicare
1529 2166 1748 2236 placuit,
1774 2176 1934 2237 atque

329 2262 448 2334 ipse
480 2264 642 2318 menti
675 2279 807 2319 meae
839 2263 904 2318 ad
936 2263 1293 2334 superandam
1326 2262 1528 2332 peccati
1559 2261 1728 2331 legem
1773 2261 1936 2315 robur

330 2355 562 2420 addidit,
592 2356 881 2426 oculosque
904 2370 1053 2411 meos
1079 2355 1319 2425 aperuit,
1349 2365 1408 2409 ut
1446 2354 1567 2408 mali
1593 2369 1656 2408 ac
1688 2353 1810 2408 boui
1841 2353 1935 2409 de-

328 2451 532 2508 lectum
579 2452 868 2518 haberem;
905 2461 1015 2506 tum
1063 2452 1306 2516 scilicet,
1361 2460 1498 2517 tum,
1546 2449 1786 2519 inquam,
1814 2450 1933 2502 ani-

329 2546 602 2601 madverti
632 2560 695 2600 ac
723 2545 854 2609 vidi,
884 2545 1166 2614 praesentia
1192 2543 1372 2597 omnia
1401 2541 1689 2596 vanitatem
1718 2551 1772 2595 et
1797 2539 1937 2595 afﬂi-

327 2639 573 2694 ctionem
601 2638 826 2709 spiritus
847 2654 966 2695 esse
993 2637 1184 2711 (Eccli.
1211 2638 1274 2709 ι),
1299 2636 1750 2710 quemadmodum
1773 2635 1936 2690 etiam

326 2732 765 2801 sapientissimus
813 2732 1067 2788 Salomon
1123 2731 1352 2802 quodam
1424 2731 1542 2785 loco
1584 2729 1738 2784 dixit.
1797 2729 1932 2784 Tum

325 2824 540 2896 peccati
589 2825 832 2880 velamen
864 2840 894 2880 e
932 2824 1094 2880 corde
1137 2840 1259 2880 meo
1305 2823 1572 2880 sublatum
1620 2833 1734 2890 est,
1777 2833 1935 2894 atque

327 2915 636 2971 obscuritas
666 2931 726 2971 ea
758 2932 877 2987 quae
916 2933 982 2971 ex
1033 2918 1278 2988 corporis
1306 2916 1554 2973 crassitie
1603 2900 1783 2972 animo
1815 2931 1934 2972 meo

325 3007 681 3064 incumbebat
727 3010 966 3066 discussa
1004 3019 1058 3065 et
1103 3009 1358 3082 dissipata
1385 3052 1401 3078 ,
1451 3019 1609 3080 atque
1656 3007 1932 3078 cujusnatn

323 3102 413 3157 rei
445 3117 607 3157 causa
659 3113 974 3172 procreatus
1022 3119 1140 3158 sum
1171 3104 1400 3174 agnovi;
1451 3103 1689 3174 mihique
1734 3103 1934 3159 facien-

324 3195 460 3250 dum
487 3210 609 3250 esse
638 3203 698 3249 ut
723 3211 820 3266 per
853 3196 1224 3251 mandatorum
1247 3196 1676 3252 observationem
1703 3196 1767 3251 ad
1791 3213 1936 3252 sum-

2040 2000 2197 2053 quam
2253 1982 2453 2053 regiam
2487 1982 2769 2051 quamdam
2804 1982 2976 2035 aulam
3008 1982 3269 2037 attribuit.
3318 1984 3388 2037 At
3417 1981 3505 2038 ille
3553 1984 3636 2039 in-

2038 2075 2176 2130 vidia
2203 2075 2480 2144 deceptus,
2515 2083 2568 2130 et
2597 2075 2646 2128 in
2679 2074 2915 2130 fraudem
2945 2073 3215 2143 inductus,
3261 2085 3313 2129 et
3343 2075 3633 2146 voluptatis

2038 2167 2305 2223 illecebris
2336 2167 2590 2222 delinitus
2620 2165 2785 2238 (Gen.
2837 2183 2927 2231 Ill;
2961 2167 3092 2236 Sap.
3125 2167 3227 2238 tu),
3259 2165 3342 2221 his
3384 2168 3634 2223 omnibus

2039 2265 2235 2316 misere
2266 2261 2510 2331 dejectns
2537 2269 2647 2326 est;
2682 2268 2738 2315 et
2767 2263 2855 2328 qui
2889 2259 3034 2328 prius
3066 2260 3250 2314 beatus
3288 2260 3634 2326 censebatur,

2039 2355 2294 2410 miserum
2327 2354 2690 2424 spectaculum
2724 2353 3020 2422 prarbebat,
3056 2351 3416 2422 lacrymisque
3445 2353 3514 2407 oh
3545 2367 3634 2408 ac-

2038 2459 2247 2520 ceptam
2276 2451 2634 2505 calamitatem
2672 2446 2862 2518 dignus
2893 2457 3026 2502 erat.
3063 2446 3255 2502 Verum
3286 2447 3561 2502 enimvero
3588 2447 3636 2502 is

2037 2545 2126 2614 qui
2161 2559 2258 2600 nos
2289 2544 2568 2599 efﬁnxerat
2609 2558 2672 2597 ac
2699 2549 3095 2612 procreaverat,
3143 2541 3388 2612 benignis
3419 2557 3632 2598 rursum

2037 2638 2209 2695 oculis
2237 2653 2493 2693 manuum
2521 2651 2736 2691 suarum
2768 2652 2901 2706 opus
2925 2634 3286 2706 conspicatus,
3321 2636 3521 2692 nullam
3544 2636 3629 2691 di-

2038 2733 2274 2788 vinitatis
2304 2749 2412 2788 sua:
2462 2732 2810 2787 mutationem
2841 2731 3161 2800 suscipiens,
3197 2738 3394 2785 nostra:
3442 2728 3636 2784 salutis

2037 2841 2218 2891 causa,
2254 2826 2305 2881 id
2329 2825 2470 2897 quod
2503 2839 2601 2880 nos
2626 2839 2810 2879 sumus
2839 2826 2970 2878 citra
3002 2833 3299 2894 peccatum,
3334 2821 3506 2878 factus
3529 2831 3634 2891 est,

2036 2930 2198 2989 atque
2220 2932 2434 2974 crucem
2461 2927 2515 2973 et
2541 2925 2766 2973 mortem
2790 2927 2980 2987 sponte
3000 2917 3240 2983 subiens,
3269 2916 3478 2972 hostem
3509 2932 3633 2972 eum

2037 3016 2128 3086 qui
2155 3014 2263 3084 jam
2295 3014 2421 3069 inde
2452 3012 2520 3068 ab
2567 3011 2716 3066 initio
2759 3010 2945 3081 generi
2977 3019 3162 3066 nostro
3211 3009 3480 3066 invidebat
3509 3025 3634 3082 pro-

2037 3106 2257 3170 stravit,
2301 3117 2506 3174 nosque
2552 3102 2744 3156 acerba
2778 3101 2863 3154 illa
2912 3101 3221 3168 captivitate
3272 3100 3524 3156 liberatos
3579 3102 3633 3156 in

2041 3198 2272 3266 priorem
2303 3196 2631 3262 libertatem,
2664 3209 2760 3265 pro
2787 3208 2882 3248 sua
2910 3208 3035 3264 erga
3066 3207 3162 3247 nos
3192 3193 3448 3259 bonitate,
3480 3193 3635 3248 resti-

323 3301 478 3341 mum
532 3286 681 3341 illum
736 3303 916 3342 rerum
967 3288 1206 3343 omnium
1256 3288 1564 3344 effectorem
1621 3290 1927 3345 ascendam.
1963 3272 2008 3333 Ο
2040 3292 2158 3355 tuit,
2191 3306 2366 3361 eoque
2409 3305 2618 3344 rursum
2653 3289 2794 3343 unde
2823 3304 2920 3342 nos
2973 3287 3332 3343 inobedientia
3375 3288 3634 3344 exturba-

324 3379 674 3448 Quapmptcr
697 3381 902 3436 relictis
922 3381 1171 3435 omnibus
1201 3381 1382 3448 rebus,
1407 3396 1528 3438 eum
1551 3391 1767 3437 secutus
1788 3397 1927 3438 sum.

325 3469 656 3540 Gratiasquc
705 3471 815 3526 Deo
851 3485 944 3541 per
976 3472 1156 3527 Jesum
1189 3473 1460 3526 Christum
1514 3473 1794 3528 Dominum
1837 3492 1933 3530 no-

325 3573 507 3618 strum
538 3578 673 3636 ago,
722 3564 863 3635 quod
899 3580 984 3620 me
1015 3581 1078 3620 ex
1123 3565 1234 3620 luto
1261 3574 1316 3621 et
1353 3565 1584 3621 lateritio
1633 3566 1836 3631 labore,
1870 3583 1934 3623 ac

327 3659 540 3715 crudeli
574 3669 630 3714 et
673 3659 928 3731 pestifero
973 3659 1312 3715 tenebrarum
1363 3658 1520 3728 hujus
1558 3661 1740 3716 saeculi
1789 3663 1934 3730 prin-

325 3755 456 3824 cipe
484 3755 740 3822 liberarit,
781 3755 1032 3826 viamque
1070 3756 1200 3811 mihi
1242 3757 1695 3827 compendiariam
1723 3765 1778 3812 ct
1806 3774 1933 3829 pro-

329 3847 531 3902 clivem
579 3848 908 3918 ostenderit,
946 3864 1039 3919 per
1083 3863 1241 3920 quam
1292 3850 1345 3904 in
1401 3848 1502 3904 hoc
1533 3848 1676 3903 ﬁctili
1709 3865 1935 3920 corpore

328 3942 635 4012 angelicam
683 3943 806 3998 vitae
853 3943 1116 3998 rationem
1168 3943 1460 4013 amplexari
1508 3946 1730 4012 possim.
1771 3943 1934 4015 Cujus

329 4035 702 4106 adipiscendae
749 4035 948 4104 studio,
983 4044 1182 4091 arctam
1218 4037 1355 4092 hanc
1402 4021 1457 4091 et
1484 4044 1764 4108 angustam
1796 4038 1934 4092 viam

329 4128 744 4198 ingrediendam
798 4129 928 4184 mihi
980 4129 1109 4184 duxi
1148 4128 1361 4199 (Matth.
1404 4132 1532 4200 vn),
1581 4131 1658 4184 sic
1687 4127 1937 4185 videlicet

332 4223 525 4276 animo
575 4225 920 4290 constitutus,
974 4233 1032 4278 ut
1061 4225 1402 4293 prarsentium
1435 4238 1614 4279 rerum
1648 4224 1935 4278 vanitatem

331 4326 500 4384 atque
523 4315 822 4370 instabilem
853 4329 1035 4370 earum
1060 4315 1406 4385 jactationem
1435 4323 1491 4370 et
1513 4315 1926 4370 conversionem

335 4409 692 4463 vehementer
719 4407 1038 4477 improbem,
1068 4423 1241 4478 neque
1270 4408 1458 4462 adduci
1493 4409 1692 4477 possim
1723 4416 1780 4461 ut
1823 4422 1939 4463 cre-

336 4506 467 4562 dam
498 4505 640 4560 aliud
665 4507 951 4576 quidquam
986 4514 1182 4574 prazter
1212 4505 1264 4559 id
1293 4503 1434 4574 quod
1463 4518 1586 4558 vere
1627 4502 1824 4558 bonum
1856 4512 1940 4559 est

331 4598 542 4656 bonum
581 4600 956 4670 appellandum
997 4613 1136 4653 esse.
1170 4596 1214 4651 A
1243 4611 1347 4667 quo
1379 4603 1463 4661 tu,
1514 4612 1548 4650 o
1591 4612 1706 4661 rex,
1742 4598 1938 4652 misere

333 4701 393 4749 te
425 4693 682 4762 abrupisti
714 4708 777 4747 ac
807 4691 1112 4762 sejunxisti.
1150 4690 1331 4760 anue
1361 4690 1427 4745 de
1456 4705 1617 4745 causa
1646 4705 1742 4746 nos
1770 4692 1932 4746 etiam
1965 4671 2018 4731 Ῑ)

336 4803 371 4844 a
402 4795 455 4842 te
479 4787 732 4858 disjuncti
772 4802 833 4842 ac
857 4786 1098 4840 distracti
1122 4800 1327 4852 sumus,
1366 4785 1616 4854 quoniam
1646 4793 1699 4838 tu
1742 4785 1793 4839 in
1820 4801 1939 4853 per-

334 4882 586 4952 Spicuutn
611 4890 664 4936 et
695 4880 1049 4935 indubitatum
1079 4879 1302 4934 exitium
1333 4878 1463 4944 ruis,
1487 4892 1548 4931 ac
1573 4891 1670 4932 nos
1703 4879 1755 4931 in
1794 4877 1935 4933 idem

333 4975 642 5047 periculum
671 4974 973 5044 praecipites
1000 4972 1125 5027 ferri
1149 4971 1315 5042 cogis.
1341 4972 1473 5026 Nam
1493 4970 1723 5040 quandiu
1748 4969 1799 5024 in
1825 4970 1936 5024 sola

335 5068 528 5126 mundi
580 5067 770 5122 militia
820 5066 1213 5129 censebamur,
1267 5064 1468 5119 nullam
1518 5063 1679 5118 ofﬁcii
1728 5071 1935 5133 partem

338 5159 910 5232 praztermittebamus.
943 5159 1019 5214 Ac
1045 5167 1100 5212 tu
1131 5172 1342 5228 quoque
1368 5158 1604 5227 optimus
1634 5159 1784 5212 testis
1805 5159 1935 5227 eris,

341 5268 446 5310 nos
476 5267 575 5308 uec
606 5251 942 5324 negligentiae
962 5294 978 5319 ,
1023 5265 1120 5328 nec
1150 5249 1412 5306 socordiae
1443 5249 1659 5304 nomine
1706 5264 1936 5318 unquam

340 5361 465 5403 esse
491 5356 702 5402 notatos
732 5360 796 5400 ac
823 5347 1197 5415 reprehensos.

419 5440 777 5510 Posteaquam
819 5446 996 5494 autem
1045 5437 1095 5492 id
1127 5451 1356 5507 quoque,
1391 5434 1532 5500 quod
1572 5434 1809 5490 omnium
1844 5433 1941 5488 ho-

343 5552 538 5594 norum
561 5545 723 5607 caput
744 5544 849 5601 est,
884 5537 983 5590 hoc
1004 5541 1088 5590 est
1112 5532 1387 5603 pietatem,
1416 5529 1571 5586 nobis
1597 5539 1935 5600 extorquere,

341 5630 551 5698 Deique
600 5631 926 5686 detrimento
976 5627 1152 5698 (quod
1204 5627 1648 5683 detrimentorum
1701 5625 1937 5680 omnium

347 5734 654 5790 extremum
682 5740 744 5780 ac
773 5724 1143 5796 gravissimum
1173 5721 1276 5789 est)
1303 5735 1402 5776 nos
1421 5719 1638 5775 afﬁcere
1664 5718 1938 5785 studuisti,

345 5817 612 5889 nobisque
634 5818 844 5873 interim
874 5816 1107 5872 honores
1138 5814 1208 5869 ob
1231 5829 1347 5869 eam
1375 5813 1665 5869 causamin
1698 5827 1795 5867 nos
1825 5813 1935 5867 colo

350 5908 486 5967 latos
515 5921 677 5983 atque
702 5910 1031 5983 amplissima
1059 5907 1317 5965 beneﬁcia
1349 5907 1400 5964 in
1445 5907 1759 5963 memoriam
1782 5919 1940 5961 revo-

2036 3393 2206 3449 verat,
2235 3383 2304 3438 ob
2326 3397 2476 3437 suam
2510 3397 2633 3453 erga
2667 3396 2764 3437 nos
2789 3381 3201 3448 humanitatem,
3235 3381 3470 3450 reduxit,
3517 3398 3632 3438 ma-

2029 3476 2255 3547 joreque
2285 3491 2443 3546 quam
2476 3484 2633 3531 antea
2663 3477 2865 3530 honore
2892 3483 3211 3545 prasecutus
3242 3485 3342 3532 est.

2115 3572 2266 3626 Hunc
2288 3571 2448 3641 igitur
2471 3570 2559 3640 qui
2587 3579 2768 3625 nostra
2799 3585 2958 3625 causa
2990 3578 3066 3625 tot
3096 3572 3364 3626 cruciatus
3394 3571 3630 3640 pertulit,

2038 3666 2307 3736 tantisque
2357 3680 2570 3720 rursum
2629 3679 2728 3718 nos
2767 3663 3041 3719 beneﬁciis
3078 3661 3275 3729 aﬁ'ecit,
3328 3663 3502 3728 hunc,
3551 3664 3635 3718 in-

2037 3775 2216 3830 quam,
2245 3758 2357 3827 ipse
2397 3757 2596 3827 rejicis,
2646 3765 2804 3825 atque
2834 3756 2948 3824 ejus
2975 3770 3187 3810 crucem
3214 3755 3456 3810 dicteriis
3489 3756 3634 3812 inse-

2037 3850 2218 3915 ctaris,
2255 3857 2502 3919 totusque
2532 3848 2772 3915 corporis
2796 3847 3030 3914 deliciis,
3067 3862 3130 3902 ac
3158 3847 3473 3916 perniciosis
3505 3848 3636 3905 aﬁ'e-

2040 3947 2212 4002 ctibus
2243 3943 2458 4010 afﬁxus,
2495 3942 2849 4013 ignominiosa
2891 3956 2953 3996 ac
3001 3941 3345 4011 turpitudinis
3374 3941 3529 4012 plena
3564 3942 3638 3997 si-

2041 4040 2278 4095 mulacra
2311 4037 2442 4092 deos
2469 4037 2728 4106 appellas.
2775 4034 2882 4089 Nec
2930 4035 3155 4104 teipsum
3184 4032 3441 4088 duntaxat
3469 4048 3497 4087 a
3526 4048 3638 4090 ca:-

2040 4131 2252 4187 lestium
2307 4131 2572 4186 bonorum
2629 4127 3010 4198 conjunctione
3059 4126 3398 4192 abstraxisti;
3451 4142 3636 4184 verum

2041 4225 2202 4282 etiam
2234 4239 2445 4290 omnes,
2499 4223 2592 4294 qui
2624 4222 2729 4278 tuis
2761 4221 3001 4293 Imperiis
3036 4221 3428 4291 obtemperant,
3479 4219 3548 4276 ab
3573 4234 3638 4276 ea

2040 4334 2306 4385 removes,
2338 4328 2499 4388 atque
2542 4317 2595 4372 in
2647 4317 2840 4371 animae
2869 4313 3168 4385 periculum
3202 4313 3447 4381 conjicis.
3481 4313 3633 4380 Quo-

2041 4412 2186 4468 circa
2217 4409 2378 4467 velim
2409 4422 2600 4464 noscas
2628 4424 2713 4463 me
2757 4409 2977 4463 minime
3007 4405 3419 4461 commissurum
3451 4413 3511 4459 ut
3544 4403 3639 4460 tibi

2043 4519 2301 4575 parcam,
2351 4501 2405 4557 in
2457 4499 2750 4568 eademque
2802 4507 2972 4552 tecum
3028 4511 3154 4564 erga
3202 4495 3369 4549 Deum
3415 4493 3636 4564 ingrati-

2047 4595 2228 4650 tudine
2274 4607 2489 4658 verser;
2523 4599 2687 4662 atque
2735 4605 2855 4645 eum
2887 4586 2977 4658 qui
3007 4586 3264 4656 praeclare
3292 4585 3363 4641 de
3401 4600 3488 4641 me
3518 4601 3636 4642 me-

2045 4689 2180 4744 ritus
2225 4696 2327 4753 est,
2363 4685 2598 4754 mihique
2628 4683 2856 4738 salutem
2901 4679 3097 4745 attulit,
3128 4677 3393 4749 abjurem,
3425 4677 3639 4735 etiamsi

2048 4781 2178 4834 feris
2217 4795 2304 4835 me
2347 4776 2691 4832 lacerandum
2722 4783 2776 4830 et
2804 4772 3197 4829 absumendum
3248 4770 3501 4843 objicias,
3550 4779 3643 4828 aut

2046 4873 2239 4944 gladio,
2268 4880 2362 4926 aut
2401 4871 2508 4941 igni
2537 4884 2624 4925 me
2650 4867 2898 4933 addicas,
2927 4881 3048 4938 qua!
3093 4863 3314 4938 quidem
3343 4863 3394 4917 in
3425 4872 3513 4917 tua
3544 4877 3640 4931 po-

2050 4975 2244 5023 testate
2291 4967 2392 5020 sita
2423 4972 2568 5019 sunt.
2603 4963 2786 5033 Neque
2825 4962 2968 5017 enim
3000 4967 3225 5016 mortem
3278 4954 3644 5023 exstimesco,

2047 5073 2148 5114 nec
2176 5056 2456 5128 praesentia
2479 5063 2695 5127 expeto,
2723 5053 2920 5125 quippe
2946 5067 3066 5124 qua:
3089 5060 3344 5120 perquam
3371 5044 3642 5100 imbecilla

2046 5161 2100 5206 et
2127 5164 2261 5204 vana
2293 5163 2413 5204 esse
2438 5156 2773 5218 compertum
2807 5145 3052 5200 habeam.
3085 5137 3227 5208 Quid
3253 5137 3392 5192 enim
3425 5137 3477 5191 in
3509 5137 3644 5207 ipsis

2045 5243 2291 5298 utilitatis
2338 5242 2454 5297 est?
2483 5241 2608 5312 quid
2651 5240 2792 5311 quod
2843 5237 3036 5294 stabile
3069 5237 3154 5301 sit
3180 5247 3247 5290 ac
3289 5231 3647 5287 diuturnum?

2050 5338 2229 5409 Neque
2262 5337 2314 5392 id
2345 5336 2542 5402 solum,
2576 5350 2763 5391 verum
2797 5334 2981 5399 etiam,
3016 5339 3127 5384 tum
3159 5344 3372 5401 quoque
3398 5341 3520 5383 cum
3548 5324 3647 5381 ad-

2044 5443 2190 5501 sunt,
2238 5433 2426 5504 ingens
2449 5433 2578 5502 ipsis
2603 5443 2840 5486 aerumna
2865 5427 3150 5496 conjuncta
3173 5433 3274 5492 est,
3305 5424 3492 5496 ingens
3515 5437 3644 5479 ωωρ

2047 5545 2159 5592 ror.
2192 5528 2380 5598 ingens
2408 5535 2462 5581 et
2487 5535 2742 5596 perpetua
2790 5519 3117 5588 sollicitudo,
3149 5519 3413 5590 siquidem
3454 5531 3644 5574 eorum

2052 5620 2310 5692 voluptati
2341 5634 2404 5674 ac
2433 5615 2761 5686 perceptioni
2795 5612 2925 5667 nihil
2961 5627 3066 5668 non
3097 5613 3369 5669 maestitia:
3398 5625 3461 5667 ac
3489 5609 3648 5665 dolo-

2052 5717 2127 5772 ris
2154 5715 2420 5770 adnexum
2451 5721 2532 5766 est
2560 5729 2571 5762 :
2601 5709 2838 5780 ipsorum
2869 5707 3091 5775 divitiaz,
3144 5715 3426 5780 paupertas
3479 5711 3604 5760 sunt
3630 5719 3646 5767 ;

2053 5811 2290 5880 ipsorum
2318 5805 2640 5869 sublimitas,
2688 5813 2933 5860 extrema
2979 5804 3228 5876 dejectio.
3263 5802 3520 5869 Quisnam
3553 5811 3649 5850 au-

2051 5911 2158 5958 tem
2189 5917 2374 5958 eorum
2407 5899 2543 5957 mala
2575 5901 2940 5956 enumerando
2981 5897 3236 5969 COIISCQﬂi
3276 5892 3485 5967 possit?
3513 5889 3650 5959 Qua
