4158 6354
570 457 663 512 451
1613 447 1699 503 DE
1738 447 1916 502 Vl'l‘lS
1958 439 2243 504 PATRUM
2282 438 2490 496 LIBER
2527 436 2802 496 PRIMUS.

3751 443 3868 502 452

571 574 785 646 quidem
844 571 1025 640 paucis
1066 566 1243 623 verbis
1289 565 1566 635 theologus
1597 580 1749 621 meus
1779 566 1857 636 (9)
1889 565 2018 620 mihi
2065 564 2156 617 de-
2184 563 2239 625 Α
2262 573 2415 615 mens
2444 575 2503 616 se
2523 559 2766 623 contulit,
2804 566 2858 611 ut
2882 552 3303 611 clementioribus
3325 556 3588 612 sacriﬁcia
3611 559 3859 632 offerret,

571 667 906 731 monstravit,
940 664 1024 719 his
1047 664 1222 718 verbis
1251 671 1403 715 utens
1430 678 1444 715 :
1477 661 1644 715 Totus
1689 659 1917 714 mundus
1961 659 2013 713 in
2042 672 2154 711 ma-

572 763 716 834 ligno
762 761 963 830 positus
993 767 1073 814 est
1103 758 1153 829 (1
1186 756 1339 810 Jomt.
1377 773 1405 810 v
1437 766 1484 809 et
1516 757 1599 826 tt).
1644 759 1720 809 Ac
1768 769 1984 808 rursum
2010 770 2024 807 :
2055 752 2157 808 No-
2258 747 2588 817 persolveret

2259 843 2498 896 omnium
2527 855 2656 896 vere
2681 851 2868 895 auctor
2895 848 3058 905 esset,
3088 840 3154 896 ad
3184 856 3341 911 quem
3373 841 3653 904 Spirituale
3692 843 3862 899 sacri-

2262 934 2438 989 ficium
2473 934 2713 989 adhiberi
2737 933 2979 989 deberet.
3019 934 3112 988 Ille
3145 934 3307 1004 igitur
3336 935 3496 990 rebus
3524 934 3779 992 inanimis
3811 946 3870 993 et

2262 1031 2442 1086 surdis
2470 1031 2565 1086 lilii
2594 1040 2769 1086 ortum
2809 1040 3084 1101 acceptum
3136 1032 3335 1096 ferens,
3386 1045 3595 1101 quaqua
3643 1047 3869 1088 versum

571 852 665 908 iite
689 853 908 923 diligere
937 850 1216 913 mundum,
1251 863 1420 918 neque
1459 864 1519 903 ea
1553 862 1668 918 quae
1699 847 1751 900 in
1774 846 1984 902 'mundo
2013 853 2155 900 sunt.

572 947 832 1015 Quoniam
874 959 1032 998 omne
1061 942 1200 1014 quod
1230 943 1281 996 in
1311 941 1509 996 mundo
1535 950 1638 1007 est,
1668 948 1757 995 aut
1786 948 1866 996 est
1908 940 2159 1008 concupi-

573 1038 774 1094 scentia
803 1036 1002 1103 carnis,
1035 1045 1122 1089 aut
1144 1033 1571 1102 concupiscentia
1603 1033 1899 1098 oculorum,
1952 1039 2041 1086 aut
2069 1044 2161 1084 su-

574 1130 754 1201 perbia
807 1129 949 1183 vitae.
1007 1127 1066 1182 Et
1095 1127 1326 1180 mundus
1373 1125 1581 1190 transit,
1629 1133 1683 1178 et
1729 1121 2158 1192 concupiscentia

571 1221 708 1292 ejus.
742 1221 840 1289 Qui
871 1228 1047 1274 autem
1071 1218 1198 1273 facit
1227 1217 1552 1272 voluntatem
1578 1216 1694 1282 Dei,
1727 1224 1906 1270 manet
1928 1215 1978 1269 in
2005 1223 2162 1269 arter-

482 1299 491 1311 ’
573 1328 720 1367 num.
775 1312 921 1366 Hanc
969 1311 1127 1381 igitur
1156 1324 1257 1379 ego
1287 1309 1482 1363 bonam
1515 1308 1608 1363 Dei
1652 1308 1977 1362 voluntatem
2019 1321 2162 1377 qum-

571 1419 721 1468 rens,
753 1403 934 1457 omnia
961 1416 1059 1472 pro
1085 1401 1342 1456 derelicto
1364 1400 1545 1465 habui,
1577 1413 1699 1453 cum
1732 1399 1903 1466 iisque
1927 1413 2014 1453 me
2036 1413 2164 1453 con-

569 1498 722 1571 junxi
754 1499 843 1568 qui
878 1498 1062 1553 eadem
1087 1496 1378 1566 cupiditate
1410 1502 1690 1559 tenentur,
1722 1502 1883 1563 atque
1913 1493 2161 1547 eumdem

547 1591 739 1646 Deum
768 1601 1040 1660 expetunt.
1072 1590 1221 1645 inter
1241 1603 1375 1660 quos
1399 1602 1504 1642 non
1548 1586 1790 1642 simultas
1827 1596 1929 1652 est,
1960 1601 2062 1640 non
2095 1585 2162 1639 ii-

569 1701 687 1752 vor,
718 1701 821 1740 non
856 1699 1117 1740 maerores
1145 1693 1200 1739 et
1224 1700 1401 1750 curae;
1432 1684 1525 1739 sed
1552 1699 1740 1739 omnes
1765 1684 1903 1739 idem
1924 1684 2163 1737 curricu-

573 1781 680 1834 lum
710 1781 928 1843 obeunt,
963 1788 1020 1833 ut
1067 1778 1134 1832 ad
1163 1778 1518 1847 sempiternas
1565 1792 1655 1831 eas
1687 1777 1991 1831 mansiones
2038 1789 2161 1844 per-

569 1873 823 1936 veniant,
869 1881 999 1940 qttas
1051 1869 1311 1924 luminum
1347 1871 1502 1924 Pater
1539 1871 1602 1922 iis
1646 1884 1675 1922 a
1705 1870 1898 1937 quibus
1952 1876 2164 1922 amatur

2257 652 2555 722 laudesque
2592 652 2659 706 ad
2708 649 2969 706 edendam
3019 650 3156 721 grati
3199 650 3362 704 animi
3411 649 3864 721 signiﬁcationem

2636 763 2650 799 :
2694 749 2946 816 ignorans
2993 745 3244 800 nimirum
3296 745 3540 815 quisnam
3591 747 3862 803 bonorum

2270 1128 2450 1183 miSsis
2493 1128 2690 1182 nuntiis
2723 1127 2932 1196 plebem
2979 1127 3043 1180 ad
3090 1126 3208 1196 ejus
3255 1125 3494 1180 na‘talitia
3544 1124 3870 1181 celebranda

2268 1219 2563 1290 cogendam
2588 1219 2833 1274 curabat.
2859 1220 2936 1274 Ac
2955 1232 3178 1274 cernere
3199 1228 3314 1274 erat
3332 1230 3520 1273 omnes
3547 1218 3691 1288 regis
3722 1225 3870 1273 metu

2267 1311 2620 1375 confluentes,
2653 1325 2944 1380 secumque
2970 1326 3032 1366 ea
3064 1324 3185 1380 qua:
3207 1311 3274 1364 ad
3302 1309 3626 1365 sacrificium
3649 1323 3870 1363 accom-

2266 1407 2478 1462 modata
2511 1415 2666 1460 erant
2695 1405 3008 1473 afferentes,
3038 1420 3134 1475 pro
3164 1405 3426 1473 cujusque
3452 1403 3657 1458 scilicet
3696 1401 3872 1456 facul-

2265 1505 2433 1552 tatum
2467 1499 2702 1565 modulo,
2749 1507 2907 1568 atque
2953 1513 3078 1568 erga
3128 1512 3250 1553 eum
3296 1496 3689 1552 benevolentia.
3726 1495 3872 1549 Prce-

2267 1592 2451 1645 sertim
2484 1600 2660 1645 autent
2694 1591 2810 1660 ipse
2837 1591 3078 1646 stimulos
3107 1592 3183 1645 eis
3211 1591 3278 1645 ad
3318 1589 3738 1644 munificentiam
3767 1589 3873 1642 ad-

2273 1686 2544 1753 movebat,
2598 1694 2656 1740 ut
2690 1687 2780 1756 qui
2811 1687 3230 1755 quamplurimos
3280 1695 3333 1740 et
3385 1687 3648 1739 maximos
3705 1684 3872 1739 boves

2275 1779 2589 1832 mactandos
2617 1777 2853 1833 offerret.
2886 1783 3058 1849 Atque
3084 1780 3148 1832 ad
3184 1783 3325 1832 hunc
3364 1778 3577 1832 modum
3622 1778 3872 1832 luculen-

2269 1869 2481 1924 tissimo
2509 1870 2648 1926 festo
2673 1881 2907 1939 peracto,
2943 1885 3152 1938 omnes,
3190 1883 3293 1925 tam
3317 1872 3407 1940 qui
3437 1870 3693 1925 senatorii
3720 1871 3869 1925 ordi-

571 1967 886 2036 prteparavit
913 1963 1055 2035 (Jac.
1091 1979 1106 2017 ι
1133 1983 1145 2030 ;
1181 1963 1210 2018 l
1237 1963 1358 2018 Cor.
1392 1966 1477 2033 tt).
1511 1964 1618 2018 llos
1649 1979 1742 2032 ego
1800 1978 1896 2033 pro
1936 1964 2169 2032 parenti-
2199 1953 2247 2013 B
2275 1963 2358 2018 nis
2388 1973 2542 2018 erant
2570 1965 2989 2034 magistratuque
3018 1964 3393 2034 fungebantur,
3421 1981 3578 2032 quam
3636 1964 3868 2018 militum

568 2060 691 2126 bus,
722 2060 819 2115 hos
848 2075 942 2130 pro
966 2059 1238 2126 fratribus,
1266 2059 1364 2114 hos
1393 2073 1491 2128 pro
1518 2058 1706 2112 amicis
1729 2067 1781 2113 et
1811 2059 2162 2114 familiaribus

569 2151 760 2208 habeo.
788 2152 871 2206 Ab
902 2152 964 2206 iis
993 2161 1169 2206 autem
1198 2151 1288 2221 qui
1315 2152 1581 2220 quondam
1633 2152 1789 2206 amici
1837 2152 1939 2206 mei
1973 2166 2034 2206 ac
2063 2151 2164 2205 fra-

565 2253 678 2301 tres
705 2255 857 2300 erant
907 2245 1150 2316 elongavi
1198 2241 1426 2314 fugiens,
1479 2253 1534 2298 et
1563 2245 1737 2298 mansi
1783 2245 1835 2299 in
1874 2243 2161 2298 solitudine

565 2338 926 2414 (Psaluun),
960 2340 1126 2395 Deum
1158 2350 1505 2408 exspectans,
1566 2340 1655 2408 qui
1685 2340 1890 2395 salvum
1923 2355 2009 2395 me
2039 2338 2162 2395 fecit

562 2447 593 2489 a
624 2433 1056 2504 ρυειιι.ιηὶιιιὶιειε
1085 2432 1323 2502 Spiritus,
1353 2442 1406 2486 et
1448 2441 1781 2501 tempestate.

637 2528 761 2583 Haec
788 2543 910 2582 cum
962 2528 1030 2581 ita
1062 2526 1341 2581 commode
1385 2541 1446 2581 ac
1470 2527 1709 2596 jucunde
1735 2542 1764 2582 a
1817 2527 1908 2583 Dei
1946 2527 2159 2582 homine

566 2618 706 2673 dicta
738 2627 937 2685 essent,
973 2632 1066 2672 rex
1111 2619 1388 2672 iracundia
1418 2620 1634 2688 quidem
1665 2619 2066 2689 impellebatur,
2099 2635 2160 2676 ac

567 2721 810 2766 sanctum
836 2711 1003 2765 virum
1025 2711 1234 2766 acerbis
1250 2712 1527 2778 suppliciis
1551 2713 1861 2767 excruciare
1877 2713 2156 2782 cupiebat;

564 2814 780 2860 rursum
807 2816 984 2860 autem
1014 2820 1072 2859 se
1099 2807 1445 2874 reprimebat,
1488 2817 1648 2876 atque
1686 2808 1738 2862 id
1772 2809 1990 2878 aggredi
2022 2823 2157 2862 eun-

564 2898 831 2960 ctabatur,
863 2899 1222 2954 venerandam
1256 2901 1426 2969 ipsius
1456 2901 1768 2970 dignitatem
1799 2916 1861 2956 ac
1909 2903 2160 2970 splendo-

565 3007 680 3048 rem
725 2993 946 3048 veritus.
999 2993 1314 3049 Sermonem
1365 3008 1492 3049 vero
1545 2995 1858 3064 excipiens,
1909 2995 1990 3050 his
2035 3010 2157 3050 eum

563 3086 740 3143 Verbis
771 3095 853 3141 est
881 3086 1146 3142 allocutus
1174 3107 1186 3141 :

635 3177 898 3250 Undique,
946 3196 979 3234 o
1009 3182 1193 3249 miser,
1225 3183 1390 3236 exitio
1422 3191 1512 3237 tuo
1560 3184 1833 3252 studuiSti,
1865 3192 1923 3239 ut
1951 3185 2040 3256 qui
2092 3186 2158 3240 ad

561 3273 764 3342 ipsum,
798 3274 1032 3340 fortuna,
1067 3286 1122 3329 ιιι
1149 3275 1380 3342 videtur,
1416 3287 1466 3332 te
1494 3279 1820 3348 impellente,
1855 3289 1965 3335 tum
2008 3297 2157 3336 men-

2271 2072 2486 2112 manum
2522 2068 2682 2128 atque
2710 2059 2869 2113 etiam
2924 2059 3159 2128 plebeios
3193 2067 3246 2114 et
3295 2059 3555 2130 ignobiles
3602 2060 3868 2129 amplissi-

2268 2153 2373 2206 mis
2399 2151 2558 2207 donis
2591 2154 3034 2222 prosequebatur.

2341 2243 2394 2296 ltt
2421 2244 2538 2312 ipso
2569 2251 2748 2299 autem
2774 2245 3131 2298 natalitiorum
3163 2245 3254 2298 filii
3284 2246 3511 2300 solemni
3540 2243 3649 2311 die,
3675 2245 3870 2300 deleCti

2266 2336 2368 2391 viri
2397 2337 2613 2392 circiter
2656 2339 3034 2409 quinquaginta
3066 2381 3080 2405 ,
3136 2339 3228 2408 qui
3280 2339 3334 2392 in
3381 2353 3444 2393 ea
3492 2338 3868 2394 Chaldaeorum

2267 2430 2550 2499 sapientia,
2576 2447 2694 2500 qua:
2716 2433 2766 2484 in
2793 2431 3184 2500 conspiciendis
3212 2431 3568 2501 notandisque
3597 2431 3866 2487 sideribus

2269 2533 2539 2591 versatur,
2572 2525 2806 2580 studium
2855 2533 3017 2595 atque
3045 2540 3264 2593 operam
3294 2524 3656 2594 collocarent,
3688 2526 3754 2579 ad
3785 2539 3865 2580 re-

2264 2631 2384 2688 gem
2418 2629 2814 2675 convenerunt.
2846 2619 2992 2687 Quos
3020 2635 3140 2674 cum
3187 2635 3280 2674 rex
3323 2621 3543 2692 propius
3585 2620 3652 2674 ad
3690 2633 3750 2674 se
3779 2628 3864 2674 ac-

2264 2709 2458 2766 cedere
2485 2710 2760 2780 jussisset,
2789 2712 2857 2766 de
2886 2712 3107 2782 singulis
3139 2713 3586 2782 perennetabalur
3609 2713 3862 2782 quidnam

2267 2819 2400 2874 puer
2425 2807 2479 2859 in
2510 2807 2686 2861 lucem
2729 2806 2904 2861 editus
2935 2807 3143 2861 futurus
3175 2815 3335 2862 esset.
3369 2807 3446 2860 fili
3487 2813 3666 2862 autem
3710 2807 3862 2877 longa

2264 2899 2700 2954 consideratione
2730 2899 2931 2966 habita,
2990 2899 3224 2954 futurum
3277 2899 3525 2954 dicebant
3579 2909 3633 2953 ut
3675 2899 3861 2969 epibUs

2266 3007 2330 3046 ac
2363 2990 2598 3060 potentia
2638 2991 2876 3058 floreret,
2912 3000 3071 3060 atque
3114 3004 3302 3046 omnes
3346 2991 3434 3061 qui
3469 3007 3692 3062 regnum
3741 3001 3860 3048 ante

2265 3084 2437 3153 ipsum
2464 3083 2829 3139 obtinuissent
2855 3092 3154 3153 superaret.
3189 3083 3335 3138 Unus
3364 3095 3493 3139 vero
3524 3085 3822 3154 astrologus
3841 3129 3855 3153 ,

2264 3180 2354 3248 qui
2378 3179 2552 3233 socios
2583 3193 2770 3234 omnes
2798 3193 2923 3234 suos
2951 3179 3251 3234 eruditione
3275 3179 3538 3246 anteibat,
3567 3179 3650 3233 his
3685 3178 3858 3233 verbis

2265 3283 2393 3324 usus
2425 3278 2506 3324 est
2537 3285 2552 3323 :
2586 3270 2850 3337 Quantum
2882 3284 2947 3325 ex
2978 3271 3211 3325 siderum
3243 3285 3403 3324 cursu
3426 3270 3705 3325 addiscere
3735 3286 3856 3339 pos-

566 3375 674 3423 tem
701 3378 807 3422 tum
834 3369 1066 3439 linguam
1089 3373 1318 3434 acueris,
1343 3387 1404 3425 ac
1425 3346 1647 3442 proin—de
1664 3373 1942 3428 obscuram
1967 3389 2152 3446 quam-
2185 3346 2232 3412 C
2261 3377 2404 3429 sum,
2434 3377 2467 3417 ο
2492 3379 2588 3418 rex
2615 3408 2628 3425 .
2664 3364 2755 3418 filii
2787 3366 2876 3433 qui
2911 3376 3055 3418 nunc
3087 3379 3150 3418 ex
3186 3373 3237 3418 te
3265 3373 3411 3418 ortus
3442 3371 3524 3419 est
3563 3363 3858 3432 amplitudo

561 3457 684 3512 dam
711 3466 869 3526 atque
898 3459 1108 3513 inanem
1154 3460 1439 3515 verborum
1474 3464 1702 3516 muniam
1753 3465 2030 3522 effuderis.
2075 3467 2154 3524 Ac

561 3550 663 3607 nisi
692 3554 956 3607 sermonis
987 3555 1245 3621 principio
1277 3571 1359 3608 tne
1386 3555 1477 3609 tibi
1515 3558 1773 3609 facturum
1803 3559 2148 3628 recepissem,

561 3649 681 3696 nte
709 3642 888 3697 medio
934 3645 1164 3699 concilio
1215 3646 1544 3700 iracundiam
1593 3647 1957 3716 depellerem,
2013 3666 2154 3705 nunc

561 3751 750 3792 carnes
805 3746 922 3792 tuas
952 3739 1005 3792 in
1036 3739 1210 3809 ignem
1261 3740 1632 3809 conjecissem.
1665 3740 1924 3808 Quoniam
1975 3753 2152 3798 autem

559 3828 676 3899 ipse
718 3841 1063 3898 antevertns,
1118 3833 1316 3902 tibique
1366 3847 1588 3899 cavens,
1641 3834 1940 3901 hujusntodi
1971 3835 2153 3890 verbis

558 3932 646 3976 nte
691 3921 978 3977 obvinxisti
1002 3967 1016 3990 ,
1049 3923 1323 3978 audaciam
1381 3935 1522 3978 tuam
1557 3925 1627 3978 ob
1657 3928 1931 3994 pristinam
1976 3941 2149 3981 meam

556 4027 688 4082 erga
721 4025 773 4069 te
816 4015 1107 4069 amicitiam
1152 4015 1287 4070 fero.
1321 4016 1677 4084 Quamobrem
1705 4032 1959 4087 exsurge,
1993 4027 2152 4088 atque

557 4107 630 4162 ab
655 4108 826 4163 oculis
858 4108 992 4163 meis
1016 4108 1268 4178 profuge;
1294 4125 1400 4164 non
1431 4109 1537 4179 iam
1569 4122 1621 4165 te
1643 4111 1856 4179 videbo,
1889 4112 1981 4167 sed
2013 4113 2154 4166 male

558 4201 823 4257 mactabo.

630 4292 706 4347 ita
734 4308 979 4363 egressus
1007 4294 1102 4349 Dei
1128 4295 1288 4350 homo
1309 4295 1361 4350 in
1380 4297 1720 4352 solitudinem
1750 4298 1996 4364 secessit,
2019 4312 2155 4354 ma:-

559 4399 686 4441 rore
715 4387 933 4456 quidem
983 4403 1049 4444 eo
1090 4389 1306 4444 nomine
1335 4390 1590 4456 affectus,
1647 4391 1786 4461 quod
1834 4394 2150 4462 martyrium

557 4478 781 4534 minime
810 4480 1032 4536 obiisset
1059 4523 1073 4549 ,
1123 4492 1375 4537 czeterum
1408 4480 1551 4537 ntrilo
1602 4498 1706 4538 non
1737 4485 1843 4551 die,
1889 4496 2147 4556 qttantum

559 4573 625 4626 ad
655 4575 1040 4630 conscientiam
1067 4577 1274 4640 attinet,
1309 4581 1564 4648 martyrio
1594 4577 1841 4649 fungens,
1868 4589 2027 4651 atque
2056 4582 2152 4635 ad—

557 4677 749 4721 versus
776 4669 1106 4738 principatus
1137 4677 1188 4724 et
1221 4679 1533 4739 potestates,
1563 4672 1820 4728 adversus
1851 4673 2030 4728 mundi
2065 4689 2150 4730 re-

2260 3470 2423 3526 atque
2453 3463 2722 3524 protectus
2756 3471 2860 3510 non
2889 3461 2944 3511 in
2974 3467 3064 3510 tuo
3092 3472 3255 3528 regno
3288 3459 3409 3523 erit,
3443 3456 3536 3511 sed
3587 3458 3641 3510 in
3691 3456 3858 3511 altero

2263 3546 2668 3615 praestantiore,
2700 3555 2856 3615 atque
2904 3547 3391 3616 incomparabiliter
3439 3547 3853 3604 excellentiore.

2261 3642 2437 3708 Atque
2461 3638 2635 3707 ipsum
2663 3639 3091 3694 Christianorum
3115 3655 3324 3710 quoque
3352 3641 3666 3709 religionem
3697 3655 3853 3710 quam

2263 3739 2318 3784 tu
2371 3732 2652 3786 insectaris
2681 3741 3020 3802 arrepturum
3051 3734 3320 3799 existimo,
3351 3750 3451 3790 nec
3481 3751 3603 3790 eum
3637 3737 3704 3790 ab
3761 3737 3855 3792 hoc

2261 3837 2428 3893 scopo
2473 3839 2536 3878 ac
2563 3839 2658 3894 spe
2706 3826 3078 3881 aberraturutn
3123 3836 3276 3897 puto.
3306 3827 3433 3883 Haec
3477 3828 3681 3883 scilicet
3728 3829 3855 3885 dixit

2260 3919 2580 3990 astrologus,
2616 3930 2671 3975 ut
2711 3924 2839 3977 olim
2884 3922 3099 3977 Balaam
3131 3921 3319 3993 (Nunt.
3353 3927 3542 3994 xxrtt),
3577 3939 3684 3980 non
3717 3925 3854 3996 quod

2259 4013 2551 4082 astrologia
2583 4015 2807 4068 veritate
2840 4015 3058 4080 nitatur,
3093 4016 3184 4071 sed
3214 4017 3354 4086 quod
3387 4018 3528 4073 Deus
3585 4028 3640 4074 ιιι
3682 4020 3854 4075 οιιιιιὶε

2262 4104 2440 4174 impiis
2470 4107 2742 4161 excusatio
2791 4119 3179 4177 amputaretur,
3234 4120 3513 4167 veritatem
3564 4127 3661 4182 per
3712 4128 3854 4182 ipsos

2258 4196 2596 4252 adversarios
2625 4200 2949 4256 ostenderet.

2333 4291 2444 4346 Rex
2476 4301 2672 4361 autem,
2703 4303 2763 4349 ut
2811 4295 2926 4350 hare
2969 4296 3249 4365 intellexit,
3299 4298 3563 4368 ejusmodi
3607 4299 3851 4353 nuntium

2257 4385 2491 4454 graviter
2531 4399 2593 4439 ac
2633 4390 2861 4442 molesto
2913 4390 3093 4444 animo
3139 4392 3370 4459 excepit,
3414 4392 3853 4462 voluptatemque

2261 4493 2415 4534 suam
2437 4481 2687 4535 maestitia
2715 4482 3030 4553 interrumpi
3055 4486 3242 4539 sensit.
3269 4483 3623 4540 Nihilominus
3648 4496 3849 4552 tamen,

2255 4573 2311 4626 in
2342 4574 2545 4641 privata
2574 4574 2801 4642 quadam
2833 4575 3076 4643 civitate,
3109 4577 3472 4646 pulcherrimo
3516 4578 3713 4647 palatio
3761 4594 3853 4633 ex-

2256 4676 2489 4731 structo,
2544 4668 2932 4738 splendidaque
2973 4670 3134 4726 domo
3180 4672 3484 4740 elaborata,
3535 4674 3645 4728 illic
3688 4674 3852 4728 filium

555 4766 734 4813 ctores
761 4759 1100 4815 tenebrarum
1129 4761 1286 4831 hujus
1333 4764 1535 4830 saeculi,
1564 4765 1824 4820 adversus
1853 4767 2146 4835 spiritualia
2177 4762 2232 4823 D
2259 4761 2567 4829 collocavit,
2598 4763 2864 4834 jussitque
2893 4775 2948 4819 ut
2973 4768 3175 4821 exactis
3219 4769 3407 4836 primis
3451 4769 3626 4824 aetatis
3674 4771 3849 4833 anuis,

558 4856 834 4926 nequitite,
869 4865 925 4910 ut
956 4856 1030 4910 ait
1055 4857 1241 4912 beatus
1271 4857 1488 4921 Paulus,
1520 4858 1778 4916 dimicans
1802 4860 2021 4931 (Ephes.
2047 4861 2142 4933 vt).

545 4949 690 5003 Cum
722 4949 888 5019 igitur
914 4948 1006 5004 ille
1035 4949 1286 5017 abiisset,
1319 4965 1412 5007 rex
1440 4954 1686 5021 graviore
1711 4955 1986 5009 iracundia
2018 4967 2146 5010 con-

555 5045 749 5099 citatus
770 5086 783 5110 ,
836 5044 1100 5099 acriorem
1134 5046 1559 5114 persecutionem
1607 5048 1861 5103 adversus
1891 5049 2147 5103 monasti-

556 5151 677 5194 cum
710 5153 901 5210 agmen
947 5151 1231 5204 exercere,
1283 5139 1590 5209 maioreque
1631 5141 1836 5197 honore
1875 5141 2035 5213 247
2067 5143 2145 5197 si-

556 5237 920 5292 mulacrorum
967 5235 1203 5292 cultores
1231 5250 1293 5290 ac
1334 5235 1638 5292 sacerdotes
1684 5237 1896 5293 afficere
1925 5233 2104 5308 cespit.

629 5329 756 5383 Car.
789 5329 872 5384 lll.
904 5330 1129 5385 -—Cum
1157 5338 1336 5385 autem
1363 5346 1455 5385 rex
1507 5330 1558 5385 in
1607 5341 1712 5385 tam
1765 5333 1910 5401 gravi
1962 5345 2147 5387 errore

556 5429 714 5491 atque
746 5423 1038 5492 impostura
1063 5433 1394 5490 versaretur,
1419 5424 1652 5479 nascitur
1674 5425 1721 5479 ei
1748 5425 2145 5494 elegantissima

555 5513 725 5570 fortra
751 5517 909 5584 illius,
945 5525 1102 5588 atque
1126 5536 1188 5574 ex
1224 5535 1284 5575 ea
1315 5520 1707 5590 pulchritudine
1734 5533 1855 5588 quae
1886 5519 1986 5588 ipsi
2015 5520 2146 5574 affu-

553 5620 612 5663 sa
659 5618 775 5663 erat
804 5609 856 5664 id
903 5613 1042 5680 quod
1084 5614 1315 5669 futurum
1347 5626 1463 5672 erat
1502 5616 1850 5687 przesiguans.
1885 5615 1972 5671 Sic
2001 5618 2140 5670 enim

553 5717 808 5759 sermone
840 5701 1108 5759 ferebatur
1139 5707 1190 5761 in
1212 5707 1300 5761 illa
1333 5719 1469 5764 terra
1502 5723 1723 5778 puerum
1758 5709 1870 5779 pari
1916 5708 2148 5778 pulchri-

560 5796 749 5852 tudine
793 5807 853 5851 ac
885 5805 1165 5854 venustate
1212 5815 1468 5870 nusquam
1501 5803 1790 5858 exstitisse.
1826 5801 1940 5857 Rex
1970 5811 2145 5858 autem

549 5887 623 5945 ob
656 5889 806 5956 pueri
834 5889 1162 5946 nativitatem
1198 5894 1429 5947 maximo
1476 5894 1670 5962 gaudio
1703 5893 1972 5962 perfusus,
2024 5911 2144 5951 eum

552 5981 1158 6046 Josaphatnominavit;
1194 5996 1353 6049 atque
1383 5987 1448 6039 ad
1499 5986 1760 6040 idolorum
1811 5988 2005 6054 templa
2047 5987 2146 6042 de-

2257 4853 2420 4909 nullis
2463 4854 2528 4909 ad
2578 4869 2699 4909 eum
2751 4869 3000 4913 accessus
3049 4868 3268 4927 pateret.
3311 4861 3485 4931 Atque
3534 4862 3852 4933 paedagogos

2257 4947 2358 5017 ipsi
2405 4957 2458 5002 et
2508 4948 2784 5004 ministros
2816 4961 2974 5006 relate
3021 4952 3274 5008 florentes
3323 4955 3624 5023 eximieque
3680 4955 3848 5009 forma

2255 5044 2512 5113 praeditos
2551 5047 2907 5112 constituens,
2953 5047 3052 5102 hoc
3093 5048 3223 5116 ipsis
3272 5050 3562 5118 mandavit,
3616 5059 3673 5103 ut
3723 5050 3848 5105 nihil

2256 5153 2444 5193 eorum
2475 5154 2596 5209 quae
2624 5140 2675 5194 in
2709 5139 2808 5195 hac
2839 5141 2946 5194 vita
2979 5143 3200 5197 molesta
3231 5153 3354 5197 sunt
3385 5151 3724 5213 perspectum
3752 5144 3848 5213 ipsi

2256 5229 2514 5296 facerent,
2543 5247 2648 5286 non
2675 5242 2922 5303 ruortem,
2949 5249 3052 5290 non
3072 5245 3422 5307 senectutem,
3449 5254 3552 5292 non
3578 5239 3844 5305 morbum,

2257 5339 2362 5378 non
2416 5336 2812 5394 paupertatem,
2868 5345 2971 5383 non
3017 5330 3304 5400 quidquam
3355 5331 3497 5386 aliud
3544 5332 3841 5396 molestise;

2257 5416 2505 5486 quodque
2535 5419 2635 5487 ipsi
2665 5420 3077 5477 oblectationem
3109 5423 3448 5493 interpellare
3491 5434 3709 5493 posset;
3757 5442 3845 5478 ve-

2254 5524 2372 5568 rum
2404 5513 2580 5567 omnia
2607 5513 2840 5582 jucunda
2872 5526 2926 5572 et
2974 5534 3092 5572 cum
3143 5520 3290 5574 suavi
3338 5523 3511 5576 fructu
3560 5523 3866 5591 conjuncta

2256 5619 2639 5677 proponerent.
2673 5620 2728 5666 ut
2757 5613 2806 5666 in
2842 5615 2922 5667 his
2953 5615 3116 5682 ipsius
3159 5619 3369 5671 animus
3408 5633 3527 5672 cum
3575 5617 3845 5688 voluptate

2251 5713 2314 5754 ac
2341 5701 2548 5757 deliciis
2578 5719 2815 5769 versans,
2863 5707 2994 5761 nihil
3046 5711 3264 5764 omnino
3315 5725 3492 5765 rerum
3541 5710 3839 5765 futurarum

2251 5794 2575 5863 cogitatione
2607 5800 2888 5867 complecti
2940 5814 3137 5870 posset,
3189 5819 3251 5859 ac
3301 5819 3368 5861 ne
3415 5805 3581 5859 verbo
3628 5805 3841 5876 quidem

2253 5894 2408 5940 tenus
2453 5888 2519 5942 de
2548 5887 2749 5945 Christi
2779 5893 3036 5961 religione
3083 5897 3357 5963 ipsiusque
3406 5900 3637 5955 decretis
3683 5901 3841 5972 quid-

2251 5995 2406 6048 quam
2439 5981 2663 6036 audiret.
2698 5983 2826 6039 Nam
2863 5985 2961 6042 hoc
2992 6004 3099 6056 pm
3147 5993 3397 6049 omnibus
3429 5995 3589 6050 rebus
3617 5995 3720 6064 ipsi
3752 6008 3843 6048 oc-
