4158 6354
284 496 419 555 ’183

752 498 915 555 νιτΑ
956 498 1381 558 SANCTORUM
1422 492 1750 555 nautam
1791 489 2122 553 saeuire:
2163 497 2257 553 ur
2291 456 2645 556 tosarnar
2684 496 2893 555 tuom:
2933 498 3158 556 REGIS.

3481 500 3589 556 454

306 614 513 669 eultare
540 613 595 669 in
624 613 802 667 animo
833 613 1081 681 habebat,
1113 612 1367 686 astrologi
1416 612 1662 667 nimirum
1713 612 1901 667 vatici-
1927 616 1976 676 Α
2009 612 2136 667 tiam
2163 612 2260 665 sibi
2307 613 2615 670 concilians.
2644 614 2798 683 Quod
2836 615 2879 669 si
2913 629 3007 684 pro
3037 625 3183 669 certo
3230 615 3369 670 scire
3410 617 3587 685 cupis,

308 711 459 761 nium
490 705 711 761 veritus.
744 706 895 776 Quod
924 706 971 761 si
1016 708 1379 763 ministrorum
1410 708 1638 778 aliquem
1671 706 1721 759 in
1754 722 1899 760 mor-

302 801 432 857 bum
482 801 720 856 incidere
764 802 1115 873 contigisset,
1167 818 1289 857 eunt
1346 801 1522 856 statim
1580 801 1728 855 illinc
1782 800 1901 870 ejici

298 894 548 965 jubebat,
572 893 909 965 alterumque
939 895 1161 949 nitidum
1185 895 1495 964 optimeque
1513 892 1775 950 valentem
1801 892 1899 962 ipsi

303 988 689 1053 substituebat,
719 998 867 1043 utne
897 989 1021 1059 quid
1053 990 1268 1044 omnino
1294 987 1553 1043 salebrosi
1574 996 1731 1057 atque
1752 1001 1901 1041 acer-

303 1081 357 1136 bi
387 1081 444 1136 in
475 1080 567 1134 filii
597 1080 782 1135 oculos
812 1081 1127 1136 incurreret.
1171 1082 1250 1135 Ad
1284 1079 1419 1135 hunc
1450 1080 1667 1135 modum
1717 1096 1773 1135 se
1805 1096 1901 1136 rex

302 1177 545 1250 gerebat,
581 1187 741 1248 atque
771 1177 884 1233 hzec
912 1179 1177 1249 cogitabat
1205 1188 1257 1234 et
1288 1178 1495 1248 agebat.
1531 1178 1728 1235 Videtis
1758 1179 1899 1235 enim

308 1288 416 1328 non
448 1273 685 1339 videbat,
716 1281 769 1329 et
795 1273 1017 1328 audiens
1045 1288 1150 1328 non
1177 1272 1526 1343 iutelligebat.

379 1366 516 1422 Cum
539 1376 715 1421 autem
739 1367 936 1422 certior
959 1365 1129 1421 factus
1150 1366 1335 1422 fuisset
1360 1365 1647 1421 monachos
1678 1378 1902 1419 nounut-

309 1458 392 1513 los
424 1459 674 1531 (quorum
706 1475 774 1516 ne
819 1461 1103 1531 vestigium
1152 1460 1366 1530 quidem
1414 1460 1577 1513 ullum
1632 1460 1898 1529 reliquum

306 1566 431 1611 esse
469 1552 712 1622 putabat)
742 1552 916 1608 adhuc
964 1568 1270 1622 superesse,
1306 1552 1579 1608 iracundia
1620 1553 1900 1617 aestuabat,

306 1654 468 1713 atque
497 1643 760 1699 acerrimo
790 1644 993 1716 impetu
1022 1645 1072 1699 in
1101 1660 1193 1700 eos
1222 1644 1516 1715 ferebatur,
1543 1661 1604 1699 ac
1628 1660 1902 1715 praecones

305 1738 512 1805 passim
542 1746 649 1791 tota
679 1736 811 1793 urbe
857 1745 913 1793 et
938 1738 1159 1811 regione
1203 1752 1527 1807 procursare
1576 1737 1899 1808 imperabat,

308 1829 406 1899 qui
430 1828 700 1886 edicerent
729 1844 795 1885 ne
822 1832 1105 1887 monastici
1136 1830 1339 1888 ordinis
1368 1832 1647 1904 quisquam
1676 1847 1900 1903 usquam

290 1922 536 1976 omnino
568 1932 687 1989 post
717 1923 947 1978 triduum
981 1926 1345 1993 inveniretur;
1377 1927 1520 1997 quod
1550 1925 1592 1981 si
1627 1924 1899 1980 invenire-

2007 705 2273 778 inquiunt,
2304 707 2437 763 nihil
2467 724 2564 765 nos
2611 710 2813 781 ﬁngere
2842 722 3001 779 atque
3030 708 3383 779 comminisci,
3416 709 3592 777 priva-

2007 802 2098 855 tim
2146 801 2217 868 ei,
2252 801 2491 873 tentandi
2530 803 2695 873 ipsius
2748 817 2928 868 causa,
2975 801 3058 857 dic
3102 808 3152 856 te
3196 800 3380 855 relicta
3426 800 3593 872 patria

2003 895 2263 965 religione
2285 909 2346 950 ac
2366 897 2514 966 regni
2541 896 2731 966 gloria,
2759 894 3113 950 Christianam
3139 893 3294 949 tidem
3318 894 3588 962 amplecti,

2006 986 2353 1058 habitumque
2381 995 2759 1055 monastieum,
2788 1004 2943 1058 quem
2975 988 3100 1042 olim
3130 995 3376 1057 tanquam
3404 1002 3591 1056 parum

2006 1078 2287 1134 honestum
2318 1090 2626 1150 persecutus
2650 1097 2731 1150 es,
2761 1082 2981 1136 induere
3008 1080 3162 1135 velle.
3198 1078 3328 1134 Nam
3364 1080 3451 1150 qui
3476 1079 3591 1133 haec

2003 1172 2264 1228 adversus
2296 1176 2468 1228 virum
2496 1172 2645 1228 illum
2674 1174 2932 1229 scelerate
2971 1174 3371 1243 contingebant,
3424 1171 3593 1241 ipsius

2004 1263 2168 1318 animi
2196 1263 2494 1322 institutum
2526 1265 2590 1319 ad
2615 1265 3077 1335 compunctionem
3113 1264 3592 1334 propensissitnum

2003 1356 2337 1424 exploratum
2373 1357 2670 1423 habebant;
2707 1373 2805 1412 nec
2855 1357 3166 1412 dubitabant
3214 1356 3339 1427 quin
3389 1356 3434 1411 si
3481 1354 3595 1409 haec

2008 1447 2171 1504 verba
2200 1462 2227 1501 a
2262 1464 2387 1519 rege
2414 1450 2643 1513 audiret,
2678 1451 2855 1505 statim
2908 1449 3008 1522 ipsi
3060 1451 3201 1520 quod
3252 1450 3594 1520 praestantius

2004 1548 2149 1596 esset
2175 1541 2431 1604 suadens,
2464 1552 2652 1597 auctor
2677 1541 2885 1597 futurus
2926 1553 3071 1597 esset
3099 1552 3153 1596 ut
3195 1543 3259 1597 iis
3290 1556 3406 1613 quae
3453 1550 3597 1598 recte

2005 1636 2249 1689 consulta
2282 1644 2480 1699 essent,
2518 1635 2718 1689 nullam
2751 1650 2953 1691 tuoram
2984 1635 3226 1703 afferret,
3278 1645 3435 1706 atque
3474 1634 3595 1692 hinc

2004 1741 2133 1781 vera
2162 1742 2284 1783 esse
2312 1744 2429 1797 quae
2458 1728 2706 1784 dicebant
2734 1729 3115 1785 invenirentur.

2082 1818 2195 1874 Rex
2227 1831 2426 1888 autem,
2459 1837 2560 1889 qua
2592 1822 2671 1875 vir
2703 1821 2790 1875 ille
2812 1837 2936 1892 erga
2962 1838 3019 1877 se
3046 1821 3418 1878 benevolentia
3451 1830 3596 1880 esset

2005 1910 2230 1965 minime
2276 1911 2552 1982 ignorans,
2587 1926 2649 1966 ea
2696 1928 2814 1982 qua:
2863 1911 3178 1967 dicebantur
3224 1912 3597 1983 probabilitate

311 2022 423 2078 tur,
453 2012 685 2068 flammis
713 2014 1067 2071 addiceretur.
1105 2017 1168 2071 lli
1215 2017 1359 2071 enim
1409 2027 1557 2085 sunt,
1607 2018 1899 2088 inquiebat,
1935 2006 1979 2067 Β
2007 2001 2155 2055 omni
2185 2017 2371 2057 carere
2398 2018 2460 2057 ac
2491 2002 2621 2057 {3'53
2661 2017 2781 2059 esse
2820 2004 3093 2059 εθηεθδθι-
3146 1998 3326 2075 Neque
3367 2005 3469 2061 Sibi
3512 2002 3593 2058 fi"

309 2120 537 2176 quorum
570 2106 886 2165 auctoritate
933 2110 1159 2179 populus
1204 2109 1488 2166 adducitur
1534 2120 1593 2164 ut
1632 2127 1755 2165 eum
1812 2109 1905 2180 qui

308 2197 460 2254 cruci
489 2197 724 2255 sufﬁxus
768 2212 851 2257 est
883 2216 978 2272 pro
1011 2202 1122 2258 Deo
1147 2202 1306 2258 colat.
1340 2202 1547 2259 interea
1576 2213 1755 2259 autem
1808 2202 1906 2255 hu-

307 2290 547 2362 iusmodi
578 2292 828 2363 quiddam
865 2294 1081 2367 accidit,
1128 2295 1271 2367 quod
1315 2297 1573 2366 majorem
1618 2298 1717 2367 ipsi
1766 2296 1905 2351 indi-

308 2386 622 2454 gnationem
650 2387 927 2450 excitavit,
957 2403 1186 2456 eumque
1232 2388 1511 2445 monachis
1556 2388 1904 2445 infensiorem

308 2476 560 2534 reddidit.

387 2568 520 2624 CAP.
552 2568 641 2625 iV.
672 2600 740 2609 —
771 2569 911 2627 Inter
941 2572 1183 2628 homines
1210 2571 1469 2644 dignitate
1498 2571 1753 2642 praeditos
1784 2570 1905 2643 qui-

306 2676 431 2716 uam
463 2670 578 2718 erat
606 2664 694 2734 qui
723 2664 920 2734 primas
969 2665 1019 2719 in
1066 2666 1184 2720 aula
1224 2664 1534 2733 obtinebat,
1560 2666 1640 2720 vir
1678 2664 1909 2733 eleganti

308 2756 442 2821 vita,
469 2771 531 2811 ac
549 2756 670 2812 fidei
689 2758 905 2829 pietate,
930 2761 1125 2831 quique
1139 2760 1295 2815 saluti
1313 2776 1422 2816 sua:
1450 2774 1667 2830 operam
1697 2775 1907 2815 summo

311 2847 497 2902 studio
525 2848 684 2903 dabat
703 2868 715 2904 ε
734 2851 943 2907 occulte
965 2863 1167 2918 tamen,
1198 2852 1266 2907 ob
1288 2853 1427 2923 regis
1450 2866 1668 2908 metum.
1712 2853 1909 2921 Quant-

305 2943 495 2999 obrem
512 2944 772 3011 nonnulli,
787 2946 857 3000 ob
873 2961 991 3001 eam
1009 2961 1111 3016 qua
1125 2948 1260 3017 apud
1276 2954 1455 3017 regem
1473 2946 1905 3014 pollebataucto-

306 3036 350 3091 ri
360 3047 520 3092 tatem
543 3036 641 3108 ipsi
667 3038 984 3106 invidentes,
998 3054 1117 3093 eum
1135 3039 1406 3095 criminari
1422 3038 1582 3112 248
1602 3039 1907 3107 studebant,

308 3144 373 3185 ac
399 3145 742 3202 summopere
768 3132 1109 3188 laborabant.
1142 3133 1206 3187 Et
1250 3135 1465 3203 quidem
1496 3149 1618 3190 cum
1675 3150 1769 3190 rex
1812 3133 1909 3188 ali-

310 3222 527 3292 quando
549 3224 838 3280 satellitum
870 3240 1030 3279 manu
1060 3241 1157 3295 pro
1182 3240 1282 3280 suo
1305 3242 1455 3281 more
1484 3235 1691 3296 septus,
1724 3227 1791 3282 ad
1820 3241 1912 3282 ve-

312 3315 587 3371 nationem
641 3318 910 3387 prol’ectus
963 3318 1170 3387 fuisset,
1222 3319 1273 3374 in
1328 3323 1636 3374 venatorum
1686 3335 1915 3375 numero

2011 2093 2259 2149 ciendum
2290 2108 2412 2149 esse
2439 2094 2700 2161 ducebat,
2728 2107 2783 2150 ut
2810 2109 2872 2150 ea
2905 2103 3108 2151 tenuere
3153 2097 3470 2166 susciperet,
3500 2113 3598 2153 ve-

2009 2198 2131 2239 rum
2162 2199 2273 2239 rem
2304 2185 2473 2255 ipsam
2503 2194 2661 2255 atque
2705 2185 2977 2254 objectum
3025 2185 3227 2264 crimen
3272 2186 3595 2257 exploraret.

2010 2280 2349 2348 Quapropter
2394 2294 2518 2334 cum
2567 2294 2687 2335 eum
2736 2280 2954 2335 remotis
3002 2279 3221 2335 arbitris
3275 2280 3596 2348 accivisset,

2012 2374 2246 2428 tentandi
2278 2370 2447 2443 ipsius
2472 2387 2631 2428 causa
2662 2373 2731 2427 ita
2763 2389 2881 2427 eunt
2912 2381 2995 2429 est
3023 2374 3285 2428 allocutus
3319 2391 3330 2426 :
3365 2372 3534 2440 Nosti,
3564 2386 3596 2428 ο

2008 2470 2200 2538 amice,
2235 2470 2485 2541 quoniam
2518 2468 2675 2524 modo
2696 2470 2981 2524 adversum
3011 2483 3106 2524 eos
3133 2469 3223 2539 qui
3247 2468 3492 2523 monachi
3518 2466 3599 2523 di-

2007 2572 2203 2616 cuntur
2234 2570 2392 2633 atque
2435 2560 2570 2617 adeo
2596 2559 2855 2616 adversus
2903 2576 3090 2617 omnes
3134 2558 3465 2617 Christianos
3511 2575 3599 2617 me

2008 2656 2293 2725 gesserim,
2327 2670 2469 2709 nunc
2496 2664 2675 2709 autem
2698 2668 2765 2710 eo
2795 2654 3017 2709 nomine
3048 2654 3359 2724 pocuitentia
3385 2653 3598 2722 ductus,

2008 2758 2167 2820 atque
2195 2750 2539 2820 praesentium
2563 2762 2742 2804 rerum
2771 2756 3050 2819 pertaesus,
3071 2748 3137 2803 ad
3163 2763 3287 2818 spes
3314 2748 3431 2803 illas
3457 2754 3592 2817 quas

2009 2855 2598 2899 eoscommemorantes
2627 2842 2826 2908 audivi,
2854 2856 3046 2912 nempe
3077 2840 3390 2896 immortalis
3417 2840 3601 2909 cujus-

2009 2933 2131 2989 dam
2165 2936 2349 3005 regni,
2379 2933 2521 3006 quod
2570 2936 2623 2989 in
2654 2934 2760 2989 alia
2788 2934 2896 2989 vita
2927 2931 3159 2988 futurum
3193 2943 3309 3001 est,
3342 2947 3427 2988 me
3472 2946 3602 2987 con-

2009 3027 2149 3083 ferre
2198 3028 2358 3098 cupio
2405 3028 2553 3101 (nam
2604 3041 2841 3097 praesens
2885 3043 3109 3097 regnum
3160 3039 3331 3082 morte
3379 3025 3599 3083 omnino

2011 3116 2469 3190 interrumpitur);
2505 3116 2651 3172 istud
2673 3125 2849 3172 autem
2892 3132 2977 3172 me
3022 3117 3169 3172 nullo
3198 3116 3392 3187 alioqui
3440 3116 3603 3172 modo

2013 3210 2291 3281 consequi,
2323 3226 2386 3265 ac
2416 3210 2526 3265 voti
2550 3209 2657 3264 mei
2682 3217 2984 3278 compotem
3010 3220 3127 3263 esse
3153 3220 3309 3278 posse
3329 3208 3600 3278 existimo,

2016 3303 2117 3358 nisi
2140 3302 2474 3357 Christianus
2499 3300 2644 3368 ﬂant,
2676 3300 2932 3369 regnique
2963 3300 3065 3354 mei
3088 3300 3269 3369 gloriae
3293 3313 3357 3354 ac
3384 3299 3602 3370 reliquis

309 3409 514 3481 probus
546 3409 637 3466 ille
662 3410 744 3465 vir
765 3418 902 3466 erat.
934 3410 1067 3467 Cum
1098 3424 1275 3467 autem
1306 3412 1419 3481 ipse
1447 3413 1593 3468 solus
1617 3412 1906 3467 ambularet

2019 3396 2240 3467 hujusce
2271 3396 2391 3451 vita:
2418 3394 2846 3467 jucunditatibus
2872 3403 2925 3450 et
2954 3395 3316 3464 voluptatibus
3345 3392 3487 3449 dicta
3517 3408 3603 3451 ex-

307 3502 542 3577 (divino,
575 3512 635 3559 ut
662 3505 873 3575 opinor,
903 3506 1125 3561 consilio
1155 3507 1224 3560 ita
1257 3505 1509 3577 ferente),
1530 3506 1797 3561 hominem
1826 3507 1907 3561 in-

309 3604 395 3652 ter
421 3595 617 3653 densas
643 3598 863 3654 arbores
896 3599 1039 3652 humi
1074 3606 1419 3667 prostratum,
1451 3612 1513 3652 ac
1542 3597 1679 3669 pede
1716 3614 1747 3652 a
1790 3588 1904 3653 fera

312 3689 544 3758 quadam
599 3691 832 3761 graviter
878 3690 1163 3747 contritum
1192 3731 1206 3756 ,
1252 3688 1493 3744 oﬂ'endit.
1543 3688 1643 3758 Qui
1693 3686 1906 3762 quidem

312 3781 491 3851 ipsum
517 3790 930 3853 prretereuntem
958 3782 1191 3849 intuens,
1224 3782 1469 3853 precibus
1491 3781 1559 3837 ab
1587 3797 1650 3838 eo
1680 3794 1907 3837 conten-

312 3874 476 3930 debat
506 3890 574 3931 ne
602 3891 661 3932 se
691 3877 1007 3946 praeteriret,
1040 3891 1224 3933 verum
1256 3875 1573 3931 calamitatis
1602 3890 1712 3931 sua:
1744 3876 1908 3931 mise-

314 3969 530 4024 ratione
554 3968 878 4036 afticerctur,
910 3979 1067 4040 atque
1100 3970 1151 4024 in
1198 3969 1413 4023 domum
1460 3982 1610 4022 suam
1639 3966 1909 4023 abducen-

312 4063 445 4117 dum
501 4073 734 4119 curaret.
794 4064 964 4121 Simul
1017 4064 1177 4121 etiam
1232 4061 1363 4117 illud
1424 4059 1705 4131 adjunxit,
1758 4075 1907 4116 suam

310 4171 536 4227 operam
570 4156 669 4226 ipsi
702 4171 809 4212 non
838 4171 1059 4226 prorsus
1081 4156 1321 4211 inutilem
1350 4164 1510 4225 atque
1538 4154 1749 4210 inanem
1775 4153 1903 4208 fore.

315 4248 616 4304 Prteclarus
645 4258 819 4303 autem
850 4248 943 4303 ille
970 4249 1054 4302 vir
1080 4249 1127 4303 ei
1158 4242 1291 4301 dixit
1325 4265 1337 4299 :
1370 4247 1630 4318 Equidem
1661 4247 1775 4315 ipse
1803 4244 1909 4299 vir-

315 4344 448 4398 tutis
476 4342 654 4399 studio
682 4352 839 4412 atque
868 4357 1052 4397 amore
1084 4353 1134 4396 te
1182 4355 1471 4405 assumam,
1521 4339 1703 4410 tuique
1752 4351 1909 4408 quam

315 4440 608 4493 maximam
639 4448 824 4507 potero
857 4450 1037 4491 curam
1068 4448 1272 4505 geram.
1304 4430 1500 4488 Verum
1530 4444 1649 4501 quas
1692 4430 1907 4485 tandem

314 4540 400 4589 est
428 4531 546 4586 haec
575 4531 769 4586 utilitas
794 4546 949 4601 quam
979 4529 1073 4584 abs
1122 4537 1172 4584 te
1201 4526 1267 4581 ad
1314 4541 1400 4582 me
1451 4525 1743 4581 redituram
1793 4538 1910 4579 esse

314 4627 433 4681 ais?
474 4625 682 4695 Pauper
729 4634 903 4679 autem
944 4622 1034 4678 ille
1081 4632 1133 4677 et
1180 4619 1503 4677 imbecillis:
1535 4619 1665 4688 Ego,
1716 4617 1907 4687 inquit,

316 4719 659 4775 sermonibus
692 4718 832 4773 l-.esis
862 4716 1103 4773 medeor.
1135 4714 1266 4768 Nam
1297 4715 1340 4768 si
1388 4711 1598 4780 quando
1645 4711 1696 4764 in
1729 4710 1911 4764 verbis

2013 3495 2179 3543 trema
2210 3488 2406 3555 salute,
2441 3487 2561 3543 illos
2592 3484 2855 3557 religiosa:
2884 3484 3004 3541 vitae
3034 3487 3289 3555 cultores,
3324 3492 3379 3542 et
3417 3501 3602 3542 mona-

2010 3582 2178 3648 chos,
2224 3594 2360 3652 quos
2403 3579 2585 3650 inique
2631 3587 2686 3635 et
2726 3579 2989 3634 scelerate
3038 3577 3237 3648 expuli,
3288 3593 3604 3650 quocunque

2011 3672 2225 3730 tandem
2251 3674 2304 3729 in
2336 3673 2454 3728 loco
2484 3674 2611 3735 sint,
2646 3672 2942 3742 inquirens,
2975 3670 3104 3740 ipsis
3132 3684 3221 3727 me
3248 3670 3595 3727 admisceam.

2010 3766 2089 3824 Ad
2122 3768 2255 3833 haec,
2288 3766 2415 3838 quid
2446 3767 2559 3836 ipse
2586 3763 2698 3819 ais?
2725 3772 2781 3818 et
2808 3763 2935 3834 quid
2966 3761 3096 3817 mihi
3124 3761 3433 3817 faciendum
3473 3776 3601 3817 ceu-

2011 3860 2137 3915 ses?
2159 3859 2245 3914 dic
2272 3873 2475 3929 quaeso,
2502 3868 2597 3928 per
2628 3855 2905 3912 veritatem
2930 3853 3101 3925 ipsum
3125 3862 3177 3909 te
3198 3854 3457 3909 obtestor.
3482 3851 3595 3909 Non

2011 3953 2155 4010 enim
2183 3967 2271 4008 me
2298 3951 2432 4023 fugit
2457 3958 2509 4006 te
2555 3954 2715 4019 Supra
2747 3961 2941 4004 omnes
2977 3947 3229 4003 mortales
3256 3947 3368 4002 veri
3399 3945 3605 4002 studio-

2010 4060 2152 4108 sum,
2196 4051 2357 4113 atque
2402 4040 2564 4095 animi
2603 4039 2875 4111 probitate
2912 4038 3197 4109 praeditum
3239 4052 3381 4094 esse.
3427 4038 3606 4093 Barrus

2012 4145 2195 4192 autem
2238 4134 2331 4191 ille
2362 4134 2465 4202 vir,
2500 4140 2557 4187 ut
2598 4131 2714 4188 haec
2742 4130 2962 4196 audivit,
3013 4132 3319 4186 abstrusam
3364 4130 3604 4188 framlem

2011 4230 2159 4286 nullo
2187 4229 2347 4285 modo
2376 4240 2693 4299 agnoscens,
2728 4226 2893 4281 animi
2920 4226 3332 4296 eompunetione
3378 4223 3602 4281 allectus

2012 4332 2114 4392 est,
2144 4323 2501 4394 lacrymisque
2531 4319 2794 4391 profusus,
2819 4318 3051 4388 simplici
3078 4318 3257 4373 animo
3283 4316 3595 4387 reSpondit:

2013 4417 2149 4482 Rex,
2194 4424 2452 4472 aeternum
2498 4415 2643 4484 vive,
2687 4413 2886 4468 bonum
2934 4420 2989 4467 et
3032 4411 3271 4465 salutare
3312 4408 3597 4465 consilium

2012 4508 2197 4564 iniisti.
2229 4508 2487 4577 Quoniam
2516 4505 2729 4560 etiamsi
2751 4504 3007 4559 emtorem
3035 4516 3256 4572 regnum
3282 4514 3426 4570 tegre
3454 4502 3603 4555 inve-

2014 4602 2114 4657 niri
2141 4610 2334 4671 potest,
2362 4610 2537 4654 tamen
2564 4599 2738 4666 ipsum
2764 4594 3011 4651 amnibus
3032 4595 3231 4648 viribus
3256 4593 3601 4662 quarende

2013 4701 2135 4750 est:
2170 4694 2270 4760 Qui
2319 4692 2460 4748 enim
2505 4690 2728 4760 quaerit,
2775 4688 2945 4757 inquit
2986 4686 3107 4754 ille,
3157 4687 3333 4756 ipsum
3370 4687 3605 4742 inveniet

318 4823 414 4867 aut
443 4813 725 4884 colloquiis
757 4812 948 4866 vulnus
977 4808 1191 4879 aliquod
1216 4816 1307 4862 aut
1334 4777 1557 4861 afflictio
1578 4804 1907 4873 inveniatur,
1940 4785 2198 4884 θ’(ιτίεξε
2227 4782 2713 4884 κ¹)ο-ξ’τπ⁵θη⁹ί¹υη¹
2740 4788 2918 4884 autem
2954 4792 3135 4884 τετυίξξ
3164 4778 3370 4834 fma“
3393 4778 3519 4884 ξίίξδί
3547 4777 3602 4834 in

316 4905 700 4962 consentaneis
726 4904 1126 4960 medicamentis
1149 4918 1209 4958 ea
1235 4915 1386 4964 curo,
1416 4915 1479 4953 ac
1507 4914 1573 4953 ne
1604 4898 1801 4952 malum
1833 4897 1912 4951 ul-

319 5000 493 5056 terius
514 5007 695 5068 serpat
718 4996 995 5069 prohibeo.
1025 4996 1150 5051 Pius
1177 4994 1354 5064 itaque
1375 4992 1465 5049 ille
1489 4993 1587 5057 vir,
1611 5002 1912 5061 quanquam

318 5092 374 5148 id
402 5096 547 5165 quod
577 5092 788 5149 dixerat
817 5090 1010 5146 nullius
1052 5088 1304 5144 momenti
1343 5087 1581 5151 duceret,
1631 5095 1806 5138 tamen
1835 5080 1915 5136 di-

316 5186 428 5243 vini
472 5184 709 5239 mandati
756 5197 917 5239 causa
957 5196 1078 5238 eum
1126 5182 1177 5235 in
1227 5180 1441 5234 domum
1489 5191 1638 5231 suam
1693 5172 1909 5236 deferri,

315 5282 480 5351 eique
508 5296 665 5350 quam
691 5295 789 5351 par
816 5284 933 5335 erat
960 5291 1141 5334 curam
1172 5273 1416 5331 adhiberi
1445 5272 1619 5342 jussit.
1651 5271 1720 5325 At
1747 5266 1910 5323 invidi

316 5374 397 5431 illi
423 5381 481 5430 et
504 5373 674 5428 livore
701 5369 891 5439 perciti
938 5371 1201 5433 homines,
1234 5366 1301 5423 de
1340 5366 1535 5437 quibus
1577 5372 1703 5417 ante
1748 5360 1909 5418 locuti

316 5482 530 5532 sumus,
562 5446 960 5533 improbitatem
989 5476 1144 5533 quam
1167 5461 1277 5532 jam
1310 5457 1515 5529 pridem
1544 5453 1910 5526 parturiebant

318 5562 372 5615 iu
402 5562 574 5615 lucem
602 5559 955 5629 proferentes,
981 5555 1153 5627 ipsum
1185 5553 1325 5624 apud
1353 5568 1533 5623 regem
1568 5550 1668 5605 hoc
1693 5547 1909 5604 nomine

317 5663 600 5720 accusant,
632 5653 773 5724 quod
806 5666 914 5707 ncn
960 5650 1132 5706 solum
1182 5646 1429 5702 amicitiae
1478 5645 1645 5715 ipsius
1690 5641 1907 5707 oblitus,

318 5750 546 5805 deorum
579 5749 780 5805 cultum
828 5746 1172 5817 neglexisset,
1224 5753 1381 5813 atque
1430 5740 1496 5796 ad
1548 5738 1907 5796 Christianam

319 5843 639 5913 religionem
667 5843 901 5897 animum
934 5838 1249 5905 inﬂexisset,
1276 5851 1463 5892 verum
1504 5836 1662 5890 etiam
1712 5834 1907 5888 adver-

319 5953 415 5992 sus
448 5935 618 6006 ipsius
648 5935 980 6005 maiestatem
1029 5932 1210 6003 gravia
1251 5928 1561 5992 moliretur,
1597 5926 1907 5997 popularem

322 6030 531 6087 scilicet
563 6030 772 6086 turbam
821 6037 1151 6100 pervertens,
1201 6024 1543 6091 omniumque
1583 6021 1907 6075 benevolen-

2017 4880 2253 4950 speeicm
2295 4880 2533 4936 oblectet
2574 4890 2641 4933 ac
2686 4878 3011 4947 voluptatem
3054 4876 3271 4940 atterat,
3324 4874 3604 4940 pulchrum

2019 4985 2199 5030 tamen
2225 4985 2306 5030 est
2332 4989 2453 5029 eum
2488 4973 2786 5043 propellere
2807 4985 2871 5028 ac
2895 4973 3224 5045 prop-taure.
3262 4969 3471 5024 Etenim
3503 4980 3599 5022 no-

2017 5080 2131 5123 ster
2154 5076 2269 5123 tum
2296 5068 2525 5138 denique
2569 5074 2673 5135 est,
2720 5080 2843 5122 eum
2892 5076 3019 5131 est;
3067 5073 3122 5121 et
3167 5077 3300 5132 quos
3344 5059 3598 5128 oblectat,

2018 5158 2184 5213 multo
2212 5159 2381 5229 magis
2409 5172 2615 5213 rursum
2643 5158 2943 5214 excruciat.
2972 5155 3105 5211 Nam
3130 5162 3187 5210 et
3225 5153 3391 5223 ipsius
3416 5153 3593 5208 suavl-

2020 5253 2147 5309 tatis
2169 5262 2221 5308 et
2245 5252 2506 5308 molestia
2549 5252 2735 5307 umbra
2763 5249 3146 5307 imbecilliores
3172 5256 3320 5313 sunt,
3366 5261 3429 5303 ac
3456 5247 3605 5303 velut

2013 5351 2167 5406 navis
2194 5351 2245 5405 in
2274 5350 2408 5405 mari
2436 5362 2649 5405 cursum
2679 5348 2927 5412 tenentis,
2954 5352 3048 5402 aut
3069 5345 3186 5400 avis
3232 5357 3411 5418 aerem
3443 5358 3568 5413 pera

2011 5444 2215 5514 grantis
2238 5443 2467 5514 vestigia
2493 5456 2655 5513 quam
2677 5442 2929 5497 ocissime:
2966 5446 3297 5495 evanescunt
3323 5436 3477 5507 (Sep.
3514 5438 3595 5505 v).

2011 5537 2231 5606 Contra,
2262 5538 2564 5593 naturarum
2594 5544 2717 5605 spes
2737 5578 2751 5603 ,
2781 5545 2940 5602 quam
2966 5530 3259 5587 Christiani
3289 5532 3601 5600 pradicant,

2013 5632 2173 5687 ﬁrma
2198 5644 2261 5686 ac
2289 5630 2551 5686 tutissima
2579 5637 2681 5694 est,
2712 5625 2926 5680 tametsi
2952 5624 3011 5680 in
3049 5624 3251 5681 mundo
3293 5637 3601 5695 pressuratn

2017 5728 2229 5783 habeat.
2257 5724 2439 5793 (locu.
2471 5722 2603 5793 XVI).
2630 5722 2707 5776 Ae
2722 5719 3120 5789 juueunditates
3147 5720 3359 5791 quidem
3387 5732 3467 5774 eae
3488 5716 3603 5788 qui-

2017 5822 2117 5877 bus
2142 5834 2282 5874 nunc
2313 5818 2537 5873 fruimur
2563 5818 2751 5871 breves
2778 5826 2925 5885 sunt,
2952 5816 3062 5872 illic
3086 5824 3263 5871 autem
3306 5812 3437 5867 nihil
3486 5825 3604 5865 om-

2020 5930 2144 5971 nmo
2174 5923 2365 5981 prieter
2385 5910 2704 5981 supplicium
2733 5923 2796 5965 ac
2821 5922 3091 5981 nunquam
3120 5905 3389 5963 finiendos
3402 5902 3603 5957 crucia.

2021 6021 2104 6065 tus
2126 6015 2422 6064 accersunt.
2457 6005 2654 6063 Harum
2677 6004 2821 6060 enim
2862 6020 3039 6060 rerum
3086 6000 3321 6058 suavitas
3366 5996 3504 6049 fluxa
3547 5997 3603 6046 et
