4158 6354
608 355 715 414 455

1649 344 1739 403 DE
1781 344 1958 402 VlTlS
1997 343 2284 402 PATRUM
2327 342 2528 400 LlBER
2569 339 2847 399 PRIMUS.

3792 340 3888 398 450

608 470 935 542 temporaria
982 474 1086 535 est,
1119 466 1386 524 acerbitas
1426 473 1602 522 autem
1645 464 2012 535 sempiterna:
2043 462 2200 518 ChriJ-
2227 466 2280 524 Α
2310 458 2444 514 duos
2472 458 2766 514 monachos
2793 471 2892 528 per
2937 455 3213 513 desertum
3257 454 3361 512 iter
3389 454 3652 513 facientes
3699 462 3888 517 cernit.

602 563 900 618 stianorum
928 568 1113 617 contra
1158 559 1309 614 labor
1336 557 1550 628 quidem
1578 556 1934 624 temporarius
1962 565 2065 622 est,
2097 569 2194 610 vo-

600 656 780 729 luptas
807 667 984 712 autem
1010 666 1063 711 et
1088 653 1286 710 utilitas
1327 653 1666 708 immortalis.
1694 650 2051 719 Quamobrem
2083 648 2198 704 feli-

601 752 735 805 citcr
760 751 915 804 velim
958 748 1112 804 cedat
1140 748 1338 801 bonum
1367 755 1513 800 tuum
1543 744 1848 800 consilium.
1877 741 2048 814 249
2073 741 2196 794 Pul-

601 843 788 897 chrum
816 850 897 896 est
924 840 1089 906 enim,
1119 853 1180 893 ac
1205 837 1361 893 valde
1402 836 1704 907 pulchrum,
1734 851 1796 890 ea
1826 850 1944 905 qua:
1974 833 2193 888 interitu

597 937 829 992 obnoxia
856 944 978 989 sunt
1006 949 1124 988 cum
1152 931 1491 1002 sempiternis
1513 939 1864 986 commutare.

670 1026 765 1081 His
807 1025 988 1080 verbis
1026 1022 1258 1089 auditis,
1288 1038 1386 1078 rex
1417 1022 1764 1076 vehementer
1802 1018 2016 1089 quidem
2050 1015 2191 1072 indi-

597 1126 789 1188 gnatus
819 1126 934 1183 est;
966 1126 1220 1172 cmterum
1251 1113 1582 1170 iracundiam
1630 1110 1984 1181 compressit,
2017 1124 2192 1180 neque

595 1210 697 1280 ipsr
731 1219 841 1265 tum
885 1210 1174 1280 quidquam
1225 1208 1433 1263 locutus
1476 1212 1578 1261 est.
1613 1206 1682 1259 At
1713 1203 1823 1270 ille,
1859 1213 1917 1258 ut
1946 1202 2037 1273 qui
2067 1217 2192 1270 pru~

596 1306 733 1360 deus
763 1319 825 1359 ac
851 1319 1014 1375 sagax
1035 1312 1202 1372 esset,
1226 1317 1408 1375 regem
1431 1315 1525 1356 sua
1551 1300 1712 1356 verba
1739 1298 1975 1369 graviter
1997 1305 2052 1353 et
2075 1311 2190 1352 mo-

595 1398 732 1454 leste
780 1399 1054 1467 accepisse
1095 1395 1498 1459 animadvertit,
1546 1403 1873 1463 versutoque
1917 1392 2096 1446 animo
2135 1389 2189 1446 id

593 1489 851 1545 duntaxat
894 1491 1068 1560 egisse
1094 1532 1108 1556 ,
1143 1499 1200 1544 ut
1238 1487 1409 1557 ipsius
1438 1491 1676 1540 animum
1708 1486 2050 1554 exploraret;
2092 1483 2190 1538 do-

591 1601 850 1655 mumque
877 1597 1150 1651 reversus,
1185 1583 1236 1637 in
1266 1597 1500 1638 mcerore
1527 1589 1690 1649 atque
1715 1579 1976 1650 languore
2003 1591 2189 1633 versa-

593 1678 768 1744 batur,
799 1677 1121 1732 adduhitans
1148 1676 1398 1731 videlicet
1439 1687 1674 1744 quonam
1706 1673 1866 1727 modo
1894 1671 2036 1740 regis
2066 1669 2185 1724 ani-

592 1784 740 1825 mum
791 1770 1096 1838 mitigaret,
1149 1776 1309 1837 atque
1364 1766 1679 1837 impendens
1734 1763 1834 1818 sibi
1890 1761 2183 1832 periculum

2302 552 2447 620 Quos
2475 554 2656 609 statim
2688 550 3100 621 comprehendi,
3121 559 3175 607 et
3192 550 3262 606 ad
3286 566 3502 607 currum
3525 567 3682 607 suum
3703 552 3891 614 adduci

2297 646 2478 717 jussit.
2509 649 2685 717 Atque
2709 646 2982 702 iracundis
3002 645 3172 702 oculis
3202 660 3298 702 eos
3320 647 3556 715 intuens,
3582 649 3891 719 ignemque,

2299 752 2356 796 ut
2388 743 2490 798 dici
2525 743 2684 809 solet,
2713 742 2924 812 spirans
2969 739 3085 812 (10)
3114 759 3128 794 :
3154 741 3237 796 An
3267 755 3372 794 non
3401 740 3666 808 audiistis,
3703 741 3891 812 inquit,

2299 851 2332 891 ο
2371 836 2694 904 impostores
2741 844 2797 890 et
2842 835 3373 903 circumscriptores,
3423 849 3702 904 praecones
3749 851 3894 890 meos

2296 939 2482 1001 aperte
2524 931 2920 1001 proclarnautes
2952 945 3020 986 ne
3047 929 3166 1000 quis
3192 935 3354 984 vestri
3385 929 3633 984 diabolici
3668 929 3892 988 instituti

2295 1034 2417 1095 post
2458 1023 2687 1079 triduum
2719 1024 2773 1079 in
2802 1023 2933 1078 urbe
2978 1033 3068 1077 aut
3099 1021 3204 1077 ulla
3235 1021 3387 1092 regni
3418 1021 3522 1076 mei
3552 1023 3777 1093 regione
3807 1024 3891 1078 iu-

2294 1117 2589 1184 veniretur,
2619 1125 2709 1171 aut
2740 1116 2938 1187 alioqui
2985 1129 3206 1186 prorsus
3235 1116 3342 1185 igni
3375 1117 3744 1172 cremaretur?
3775 1118 3890 1173 Mo-

2294 1207 2453 1262 nachi
2500 1216 2717 1262 autem:
2749 1207 2851 1273 En,
2901 1207 3182 1277 inquiunt,
3231 1222 3329 1276 pro
3359 1222 3424 1262 eo
3466 1221 3530 1263 ac
3564 1207 3795 1278 iussisti,
3830 1225 3891 1266 ex

2294 1300 2517 1356 urbibus
2563 1302 2669 1356 tuis
2711 1317 2777 1357 ac
2816 1300 3124 1374 regionibus
3167 1301 3500 1358 excedimus.
3538 1302 3738 1358 Verum
3769 1320 3890 1360 cum

2293 1395 2506 1467 longum
2559 1397 2714 1453 nobis
2754 1397 2857 1453 iter
2903 1399 3237 1467 propositum
3270 1398 3360 1463 sit,
3389 1409 3446 1453 ut
3476 1398 3542 1452 ad
3574 1399 3768 1454 fratres
3799 1415 3891 1453 no-

2291 1499 2434 1544 stros
2462 1490 2886 1560 proﬁciscamur,
2915 1505 2980 1545 ac.
3008 1491 3130 1546 cibo
3162 1505 3468 1558 careamus,
3504 1490 3603 1546 hac
3629 1494 3711 1546 via
3743 1491 3890 1546 ince-

2291 1582 2490 1653 dimus,
2517 1593 2572 1640 ut
2598 1585 2751 1640 nobis
2779 1584 2967 1640 viatica
2999 1593 3313 1655 suppetant,
3341 1599 3440 1641 nec
3472 1585 3608 1641 fame
3639 1585 3890 1640 absuma-

2291 1691 2433 1731 mur.
2467 1676 2580 1731 Rex
2611 1687 2790 1732 autem
2829 1676 3039 1748 inquit:
3068 1677 3170 1745 Qui
3215 1677 3406 1733 mortis
3453 1679 3627 1732 minas
3675 1682 3890 1746 metuit,

2293 1768 2419 1824 huic
2439 1770 2587 1824 cibos
2608 1785 2924 1841 comparare
2944 1770 3165 1826 minime
3193 1780 3369 1830 vacat.
3390 1769 3636 1826 Monachi
3666 1785 3849 1826 autem
3875 1787 3890 1826 :

595 1862 873 1931 effugeret.
908 1861 1038 1916 Cum
1071 1869 1247 1916 autem
1277 1857 1542 1914 insomnis
1569 1866 1780 1913 noctem
1813 1865 1977 1911 totam
2007 1856 2190 1925 exige—
2223 1868 2267 1928 Β
2297 1860 2464 1917 Recte
2487 1861 2691 1928 dixisti,
2711 1877 2744 1918 ο
2773 1879 2898 1932 rex,
2933 1864 3178 1933 inquiunt
3205 1879 3219 1917 :
3244 1862 3336 1933 qui
3363 1874 3592 1918 mortem
3621 1872 3892 1932 metuunt,

593 1962 697 2020 ret,
723 1954 838 2023 ejus
866 1954 954 2024 qui
985 1953 1134 2022 pedis
1182 1952 1506 2007 infractione
1553 1950 1830 2005 laborabat
1860 1951 1913 2003 in
1945 1957 2178 2003 mentem

596 2048 700 2116 ipsi
746 2048 929 2114 venit,
963 2061 1194 2116 eumque
1220 2045 1285 2100 ad
1314 2060 1376 2100 se
1405 2045 1636 2099 accitum
1668 2043 1739 2097 ita
1769 2051 1852 2098 est
1879 2042 2143 2096 allocutus
2168 2059 2180 2094 :

595 2140 853 2196 Memoria
904 2147 1085 2208 teneo,
1119 2149 1170 2195 te
1221 2139 1353 2193 mihi
1407 2139 1508 2193 hoc
1553 2137 1796 2204 dixisse,
1826 2135 1969 2206 quod
2011 2135 2188 2190 noxiis

593 2232 774 2288 verbis
820 2232 1106 2288 medearis.
1143 2231 1249 2287 'llle
1296 2240 1476 2286 autem
1506 2249 1518 2284 :
1547 2232 1640 2285 Est
1691 2231 1795 2294 ita,
1831 2228 2021 2295 inquit,
2054 2237 2108 2283 et
2140 2229 2186 2282 si

593 2339 731 2396 opus
761 2333 864 2390 est,
896 2325 1135 2380 scicntia:
1167 2339 1300 2379 mea:
1326 2324 1596 2394 specimen
1631 2323 1805 2378 edam.
1842 2321 2072 2378 Senator
2092 2336 2189 2375 au-

593 2426 703 2473 tem
750 2433 1058 2474 sermonem
1106 2419 1378 2488 excipiens
1402 2460 1418 2486 ,
1452 2419 1553 2489 ipsi
1584 2427 1822 2473 veterem
1855 2433 2008 2472 suam
2059 2433 2187 2489 erga

590 2524 772 2581 regem
795 2512 1223 2568 benevolentiam
1246 2521 1298 2568 et
1319 2496 1692 2568 auctoritatem
1718 2527 1879 2582 quam
1901 2511 2039 2582 apud
2064 2527 2185 2567 eum

593 2601 862 2658 obtineret
900 2602 1180 2673 exposuit,
1210 2612 1590 2673 recentemque
1641 2602 1768 2658 item
1817 2602 1923 2658 sibi
1968 2611 2186 2658 versuto

591 2695 771 2751 aniruo
796 2695 1096 2751 adhibitum
1127 2710 1457 2763 sermonem,
1489 2706 1545 2752 et
1574 2696 2030 2767 quemadmodum
2071 2695 2190 2766 ipse

592 2789 805 2860 quidem
837 2790 1005 2858 probe
1029 2789 1415 2859 respondisset,
1450 2789 1544 2846 ille
1573 2800 1754 2846 autem
1783 2790 1951 2860 ipsius
1983 2805 2190 2846 sermo-

592 2892 716 2936 nem
760 2880 989 2937 molesto
1037 2882 1219 2936 animo
1265 2881 1555 2950 accipiens,
1588 2897 1684 2952 per
1725 2883 1904 2938 vultus
1940 2883 2189 2939 mutatio-

593 2987 744 3041 nem,
777 2975 911 3029 iram
942 2976 995 3030 in
1023 2975 1212 3031 intimo
1242 2984 1459 3045 pectore
1487 2975 1790 3032 latitantem
1839 2977 2185 3033 ostendisset.

665 3069 876 3138 Pauper
900 3077 1078 3124 autem
1106 3067 1196 3124 ille
1224 3077 1279 3124 et
1318 3067 1586 3135 inﬁrmus,
1618 3085 1677 3126 re
1705 3085 1828 3125 cum
1874 3069 2058 3124 animo
2087 3084 2185 3125 suo

594 3161 952 3227 considerata,
985 3159 1159 3216 dixit:
1186 3158 1387 3216 Noscas
1414 3168 1657 3231 oportet,
1689 3161 1773 3216 vir
1798 3159 2185 3228 illustrissime,

593 3267 777 3325 regem
806 3255 998 3309 malam
1045 3269 1107 3309 ac
1151 3255 1422 3310 sinistram
1466 3255 1756 3312 adversum
1790 3265 1843 3312 te
1873 3257 2184 3327 opinionem
2217 3283 2262 3345 ρ

594 3346 947 3417 concepisse,
997 3361 1192 3417 nempe
1242 3347 1384 3418 quod
1438 3348 1607 3418 ipsius
1653 3364 1878 3420 regnum
1923 3363 2190 3419 occupare

596 3439 837 3506 studeas,
865 3447 1026 3510 atque
1068 3439 1308 3495 tentandi
1358 3440 1433 3495 tui
1481 3441 1660 3496 studio
1709 3455 1775 3496 ea
1818 3440 2021 3496 dixisse
2069 3455 2190 3511 qua;

595 3532 765 3597 dixit;
809 3534 1159 3602 quamobrem
1210 3533 1295 3588 fac
1344 3549 1622 3605 exsurgas,
1671 3551 1735 3591 ac
1775 3545 1933 3591 tonso
1975 3537 2186 3608 capite,

596 3627 1003 3699 splendidisque
1032 3628 1116 3682 his
1146 3627 1384 3684 vestibus
1413 3628 1658 3699 abjectis,
1682 3638 1842 3700 atque
1864 3629 2051 3686 induto
2072 3631 2188 3686 cili-

594 3721 700 3786 cio,
727 3735 847 3775 cum
875 3719 1106 3790 primum
1134 3721 1348 3787 luxerit,
1363 3722 1430 3776 ad
1452 3735 1632 3790 regem
1660 3719 1842 3776 adeas.
1867 3720 1980 3776 Hoc
2005 3731 2185 3778 autem

601 3814 910 3870 sciscitante
938 3813 1193 3886 quidnam
1223 3812 1324 3870 sibi
1354 3815 1433 3869 sic
1463 3813 1678 3870 habitus
1705 3814 1856 3882 velit,
1884 3816 2185 3886 responde:

600 3910 682 3969 De
709 3913 776 3969 iis
801 3913 963 3968 rebus
992 3912 1061 3970 de
1089 3912 1284 3984 quibus
1313 3925 1524 3967 mecum
1551 3910 1805 3967 hesterno
1832 3910 1921 3967 die
1949 3912 2187 3968 collocu-

593 4013 685 4063 tus
731 4023 829 4074 es,
860 4023 894 4062 ο
943 4023 1070 4074 rex,
1121 4022 1188 4062 en
1232 4007 1445 4073 adsum,
1476 4017 1695 4078 paratus
1744 4015 1797 4062 te
1852 4006 1905 4060 in
1951 4007 2052 4062 hac
2100 4009 2188 4063 via

595 4111 756 4168 quam
790 4099 998 4170 ingredi
1025 4099 1350 4154 constituisti
1377 4099 1528 4170 sequi
1555 4116 1572 4156 :
1603 4099 1737 4154 Nam
1763 4100 1866 4156 etsi
1897 4100 2105 4156 deliciae
2127 4116 2190 4157 ac

599 4192 904 4262 voluptates
929 4193 1180 4263 iucundae
1223 4201 1368 4260 sunt,
1402 4192 1543 4250 absit
1573 4202 1750 4250 tamen
1781 4204 1841 4251 ut
1866 4209 1958 4250 eas
1987 4204 2111 4265 post
2138 4207 2188 4252 te

594 4285 882 4342 retineam.
913 4288 984 4344 At
1009 4302 1136 4343 vero
1165 4287 1378 4342 virtutis
1409 4288 1512 4344 iter
1536 4331 1550 4356 ,
1585 4288 1728 4358 quod
1757 4289 1960 4360 ingredi
2007 4305 2186 4360 paras,

593 4377 727 4434 licet
771 4379 996 4435 arduum
1047 4388 1102 4435 et
1155 4394 1402 4450 asperum
1450 4381 1540 4450 sit,
1574 4390 1773 4448 tamen,
1805 4383 1965 4437 modo
2015 4392 2187 4438 tecum

592 4473 717 4542 sim,
747 4474 903 4531 facile
925 4483 980 4530 et
1007 4474 1244 4545 proclive
1273 4489 1334 4530 ac
1356 4474 1652 4545 jucundum
1684 4477 1805 4532 erit.
1840 4477 1907 4532 Ut
1928 4477 2071 4531 enim
2101 4493 2187 4533 me

593 4568 1110 4624 oblectamentorum
1161 4568 1319 4639 hujus
1369 4569 1494 4624 vitae
1533 4570 1741 4624 socium
1787 4569 2062 4637 habuisti,
2114 4571 2186 4626 ita

2291 1953 2343 2008 id
2375 1963 2600 2023 curant,
2629 1971 2860 2025 quonam
2892 1964 3049 2027 pacto
3077 1972 3195 2012 eam
3223 1957 3498 2026 effugiant.
3531 1955 3758 2022 Quinam
3792 1972 3894 2010 au-

2293 2055 2398 2103 tem
2430 2047 2482 2102 bi
2515 2057 2658 2116 sunt,
2689 2051 2789 2105 nisi
2810 2050 2901 2120 qui
2925 2049 3081 2104 ﬁuxis
3112 2050 3270 2104 rebus
3297 2050 3652 2114 intabescunt,
3685 2063 3893 2118 easque

2290 2139 2358 2195 ad
2399 2149 2673 2209 stuporem
2724 2157 2894 2212 usque
2944 2142 3243 2196 mirantur?
3284 2141 3385 2210 Qui
3433 2142 3648 2211 quidem
3683 2157 3805 2195 cum
3837 2142 3891 2195 in

2292 2235 2460 2288 altera
2504 2235 2612 2289 vita
2665 2234 2956 2304 quidquam
2998 2235 3121 2290 honi
3171 2251 3291 2290 sese
3337 2244 3722 2290 consecuturos
3763 2250 3892 2290 esse

2291 2329 2601 2398 desperent,
2621 2343 2650 2383 a
2675 2330 3033 2398 praesentibus
3051 2330 3228 2384 divelli
3252 2339 3543 2400 nequeunt,
3560 2329 3630 2384 ob
3653 2345 3892 2400 eamque

2294 2436 2510 2476 causam
2560 2431 2789 2478 mortem
2847 2421 3055 2479 timent.
3107 2423 3177 2477 At
3234 2438 3357 2490 nos,
3387 2423 3476 2492 qui
3519 2422 3627 2490 jam
3679 2423 3894 2492 pridem

2292 2515 2552 2570 mundum
2581 2524 2636 2570 et
2656 2530 2718 2572 ea
2740 2531 2856 2584 quae
2887 2516 2940 2570 in
2973 2515 3172 2571 mundo
3192 2523 3317 2570 sunt
3335 2516 3459 2570 odio
3483 2506 3888 2584 p’rosequimur,

2292 2623 2604 2684 arctamque
2633 2623 2686 2669 et
2717 2622 2996 2684 angustam
3039 2613 3180 2667 viam
3223 2612 3421 2667 Christi
3463 2627 3620 2667 causa
3653 2612 3896 2682 ingredi-

2292 2722 2434 2775 mur,
2461 2721 2559 2763 uec
2589 2706 2781 2761 mortis
2805 2715 2973 2770 metu,
3007 2719 3106 2761 nec
3140 2705 3484 2775 praesentium
3526 2719 3706 2760 rerum
3739 2705 3898 2773 θυρὶς

2293 2799 2459 2855 ditate
2502 2799 2795 2865 efﬁcimur;
2830 2813 3011 2854 verum
3057 2796 3356 2851 futurarum
3401 2796 3660 2850 duntaxat
3708 2811 3898 2853 rerum

2293 2895 2565 2950 desiderio
2624 2904 2890 2949 tenemur.
2938 2890 3202 2962 Quoniam
3249 2890 3412 2962 igitur
3457 2906 3601 2946 mors
3632 2905 3693 2946 ea
3729 2905 3898 2960 quam

2293 2988 2450 3043 nobis
2467 2988 2679 3044 infertis
2700 2987 2767 3043 ad
2790 2988 3170 3058 sempiternam
3199 2995 3252 3042 et
3273 2984 3700 3056 praeStantiorem
3723 2985 3898 3039 vitam

2294 3084 2547 3138 transitus
2575 3081 2840 3152 efficitur,
2873 3082 3075 3138 idcirco
3104 3079 3390 3152 cupiditati
3420 3080 3598 3151 potius
3625 3083 3782 3136 nobis
3816 3087 3901 3137 est

2293 3191 2450 3246 quam
2480 3178 2696 3232 terrori.

2365 3269 2462 3326 llic
2489 3285 2586 3326 rex
2614 3285 2708 3339 per
2728 3268 3294 3335 solertiam,videlicet
3318 3267 3615 3324 monachos
3646 3266 3902 3337 arripere

2297 3363 2539 3432 cupiens,
2571 3363 2705 3418 dixit
2731 3381 2743 3417 :
2769 3361 2945 3431 Quid!
2990 3361 3072 3417 An
3106 3377 3212 3418 non
3262 3361 3421 3432 paulo
3453 3369 3578 3415 ante
3608 3374 3705 3416 vos
3737 3374 3902 3416 sece-

2296 3457 2426 3513 dere
2455 3458 2689 3525 dixistis,
2712 3468 2768 3513 ut
2795 3473 2915 3512 meo
2945 3456 3174 3527 imperio
3209 3453 3472 3526 parcatis?
3501 3454 3656 3522 Quod
3679 3455 3724 3509 si
3749 3468 3903 3508 mor-

2297 3557 2406 3607 tem
2456 3552 2676 3608 minime
2725 3551 2961 3617 timetis,
2993 3551 3119 3620 quid
3176 3560 3258 3606 est
3311 3549 3660 3621 quamobrem
3714 3547 3902 3618 fugam

2295 3646 2524 3703 ineatis?
2554 3648 2631 3701 En
2663 3648 2777 3703 hmo
2798 3660 3010 3717 quoque
3033 3645 3231 3701 frustra
3261 3654 3316 3700 et
3344 3646 3577 3700 inaniter
3597 3646 3898 3714 jactantes,

2295 3739 2504 3796 mentiti
2560 3739 2709 3794 estis.
2757 3739 3173 3809 Responderunt
3220 3736 3654 3794 monachi:Non
3683 3736 3901 3792 idcirco

2293 3833 2528 3904 fugimus
2556 3833 2696 3903 quod
2725 3832 3089 3888 denuntiatam
3115 3832 3269 3888 nobis
3300 3833 3394 3887 abs
3428 3840 3478 3887 te
3509 3839 3740 3886 mortem
3769 3845 3900 3898 per-

2294 3927 2680 3993 timescamus;
2729 3941 2917 3981 verum
2968 3925 3043 3980 tui
3092 3927 3438 3982 miseratione
3484 3925 3779 3992 commoti,
3832 3940 3904 3982 ne

2292 4021 2595 4088 graviorem
2641 4019 3142 4075 condemnationem
3197 4021 3290 4074 tibi
3335 4034 3707 4086 accersamus,
3737 4033 3901 4075 sece-

2295 4112 2424 4168 dere
2479 4114 2530 4166 in
2583 4114 2822 4167 animum
2878 4114 3206 4168 induximus.
3262 4112 3425 4184 250
3481 4113 3612 4167 Nam
3645 4113 3900 4183 alioqui,

2293 4213 2550 4277 quantum
2579 4206 2648 4261 ad
2678 4221 2777 4262 nos
2823 4208 3029 4261 attinet.
3058 4207 3207 4262 nullo
3238 4209 3398 4260 modo
3427 4206 3600 4261 minas
3644 4214 3767 4261 tuas
3795 4221 3901 4263 ex-

2294 4297 2649 4368 pavescimus.
2701 4297 2783 4352 Ad
2814 4301 2927 4352 haec
2961 4314 3050 4352 rex
3083 4313 3157 4352 ua
3188 4308 3490 4353 commotus
3514 4339 3529 4362 ,
3558 4299 3709 4368 ipsos
3736 4298 3900 4354 exuri

2289 4389 2468 4458 jussit.
2521 4388 2717 4459 Sicque
2760 4390 2850 4444 Dei
2893 4390 3075 4444 fau‘mti
3117 4399 3366 4445 extremo
3418 4395 3535 4446 vitae
3575 4390 3667 4445 die
3699 4389 3900 4457 functi,

2295 4483 2536 4551 martyrii
2568 4497 2821 4538 coronam
2871 4498 2964 4552 per
2998 4497 3172 4552 ignem
3204 4483 3380 4548 saepti
3412 4497 3556 4538 sunt.
3589 4482 3906 4554 Statimque

2294 4575 2529 4630 ed.ctum
2559 4578 2955 4646 promulgan
2985 4587 3086 4636 est,
3112 4583 3166 4629 ut
3194 4576 3237 4622 si
3268 4577 3389 4640 quis
3417 4577 3717 4633 monachus
3744 4577 3904 4633 inve—

596 4661 760 4716 etiam
791 4663 1160 4718 molestiarum
1193 4664 1476 4718 habiturus
1520 4677 1598 4730 es,
1633 4679 1739 4733 quo
1767 4664 1928 4717 etiam
1958 4664 2010 4718 in
2041 4663 2186 4718 futu-
2216 4684 2270 4747 σο
2295 4671 2397 4723 nzri
2433 4679 2636 4738 posset,
2665 4674 2780 4724 sine
2810 4672 2916 4724 .itla
2941 4669 3280 4736 .nquisitieac
3303 4669 3679 4724 trucidaretur.
3712 4671 3900 4739 Atque

595 4769 779 4812 rorum
807 4755 1068 4810 bonorum
1094 4756 1407 4812 societatem
1435 4765 1610 4812 tecum
1633 4759 1866 4812 veniam.
1890 4757 2186 4812 Praeclarus

592 4849 757 4919 igitur
787 4849 877 4904 ille
907 4850 986 4904 vir
1014 4849 1212 4904 inﬁrmi
1243 4850 1475 4906 hominis
1507 4849 1669 4906 verba
1700 4851 2080 4919 cornprobans,
2109 4849 2187 4905 fe-

595 4945 671 5001 cit
696 4944 1144 5016 quemadmodum
1187 4944 1304 5014 ipse
1332 4955 1638 5000 monuerat.
1683 4944 1819 4999 Eum
1866 4951 2044 5012 itaque
2093 4959 2187 5000 rex

593 5039 784 5096 videns
814 5049 974 5111 atque
1004 5041 1248 5106 audiens,
1276 5040 1376 5096 hac
1405 5042 1619 5113 quidem
1654 5042 1722 5098 de
1747 5057 1909 5098 causa
1951 5042 2186 5099 deiecta-

591 5143 678 5190 tus
708 5143 810 5202 est,
841 5133 1008 5204 ipsius
1035 5133 1287 5190 nimirum
1311 5150 1434 5207 erga
1464 5150 1524 5190 se
1546 5137 1974 5193 benevolentiam
2007 5138 2180 5192 admi-

591 5243 751 5294 rans;
784 5238 944 5297 atque
974 5231 1104 5284 falsa
1133 5243 1255 5285 esse
1285 5244 1402 5297 quae
1449 5229 1706 5285 adversus
1753 5246 1876 5287 eum
1908 5231 1973 5285 ad
2002 5246 2062 5286 se
2092 5232 2187 5286 de-

591 5320 698 5376 lata
730 5320 937 5375 fuerant
984 5321 1311 5391 intetligens,
1345 5320 1551 5391 majore
1599 5337 1720 5376 eum
1772 5323 1977 5377 honore
2022 5328 2185 5391 atque

593 5411 733 5482 apud
757 5426 814 5468 se
835 5413 1154 5468 auctoritate
1178 5427 1241 5467 ac
1259 5412 1629 5469 familiaritate
1654 5414 1892 5467 donavit.
1916 5412 2185 5468 Caeterum

593 5505 853 5560 adversus
883 5505 1175 5562 monachos
1204 5521 1419 5562 rursum
1454 5509 1531 5560 ira
1563 5507 1790 5572 exarsit,
1821 5522 2010 5562 eorum
2040 5506 2188 5562 scili-

593 5608 680 5654 cet
713 5601 828 5653 lucc
862 5610 1122 5670 prmccpm
1144 5614 1266 5656 esse
1285 5599 1495 5669 dicens,
1519 5608 1578 5655 ut
1605 5599 1854 5656 homines
1874 5599 1942 5654 ab
1965 5599 2186 5669 hujusce

592 5692 718 5747 vita:
747 5693 1106 5763 voluptatibus
1137 5692 1464 5764 abstineant,
1495 5704 1657 5766 atque
1688 5695 1893 5752 incerta
1921 5710 2040 5766 spe,
2070 5705 2185 5750 tan-

593 5802 754 5860 quam
786 5801 881 5858 per
910 5786 1202 5856 somnium,
1232 5804 1352 5845 sese
1383 5791 1538 5846 illudi
1566 5793 1767 5847 sinant.

661 5881 800 5941 Cum
843 5895 1022 5943 autem
1067 5898 1255 5941 ru.sus
1294 5885 1361 5940 ad
1411 5889 1752 5945 venationem
1801 5890 2180 5960 egrederetur,

2295 4765 2368 4819 ita
2397 4765 2572 4819 nullus
2607 4764 2907 4835 hujucmooi
2940 4765 3142 4819 otctms
3183 4764 3236 4816 in
3272 4763 3357 4818 illa
3389 4763 3904 4835 .‘egioneireliquus

2299 4856 2468 4913 factus
2492 4867 2593 4925 est,
2627 4859 2728 4914 nisr
2773 4859 2862 4929 qui
2888 4874 2939 4912 ιτ.
2970 4856 3275 4922 montibus,
3308 4864 3362 4911 et
3389 4834 3682 4925 speluncis.
3716 4862 3770 4909 et
3807 4869 3906 4908 ca-

2297 4951 2477 5008 vernis
2527 4960 2687 5006 terrae
2736 4965 2855 5007 sese
2905 4952 3258 5008 occultarant.
3311 4949 3511 5006 Verum
3562 4949 3678 5004 haec
3707 4947 3905 5006 hacte-

2299 5062 2419 5102 nus.

2374 5139 2502 5196 ευ».
2535 5139 2598 5194 ν.
2616 5170 2685 5180 -
2708 5141 2775 5195 At
2799 5140 2936 5211 regis
2959 5139 3119 5208 ﬁlius,
3136 5138 3203 5194 de
3223 5151 3332 5207 quo
3353 5136 3503 5192 initio
3524 5134 3685 5191 nobis
3715 5144 3905 5191 oratio

2293 5234 2533 5289 instituta
2562 5243 2644 5288 est
2670 5275 2685 5301 ,
2721 5233 2773 5287 in
2807 5233 3006 5302 palatio
3052 5232 3193 5302 quod
3225 5231 3324 5302 ipsi
3359 5237 3688 5285 exstructum
3722 5227 3907 5283 fuerat

2295 5329 2367 5385 ita
2395 5345 2640 5399 manens,
2665 5339 2722 5385 ut
2746 5346 2775 5384 a
2805 5333 3022 5386 nemine
3050 5329 3185 5384 adiri
3216 5337 3419 5399 posset,
3442 5327 3736 5398 juvenilem
3763 5335 3907 5381 reta-

2295 5430 2402 5477 tem
2437 5423 2648 5478 tandem
2683 5422 3012 5493 attigithum
3046 5423 3249 5478 interea
3285 5436 3498 5476 omnem
3532 5429 3640 5475 tam
3673 5417 3905 5473 Ethio—

2296 5529 2422 5585 purn
2448 5530 2605 5586 quam
2641 5515 2920 5570 Persarum
2944 5515 3241 5570 doctrinam
3267 5513 3620 5583 percepisset)
3653 5509 3905 5580 prudens

2295 5617 2350 5664 et
2377 5607 2825 5678 cordatus,atque
2846 5608 3097 5663 omnibus
3119 5607 3373 5662 virtutum
3400 5605 3616 5660 dotibus
3646 5601 3904 5657 illustris.

2297 5702 2434 5768 Quin
2468 5703 2733 5757 naturales
2763 5703 2921 5758 etiam
2955 5703 3282 5770 quaestiones
3312 5698 3734 5772 prmceptoribus
3773 5695 3908 5750 suis

2297 5796 2660 5863 proponebat;
2711 5794 2845 5850 adeo
2877 5805 2931 5848 tit
2978 5793 3080 5863 ipsi
3111 5808 3324 5864 quoque
3353 5792 3709 5846 adolescentis
3740 5791 3910 5856 inge-

2296 5885 2444 5942 nium
2471 5888 2740 5958 animique
2791 5901 3017 5942 acumen
3049 5887 3467 5950 admirarentur,
3500 5898 3697 5953 rexque
3723 5881 3904 5936 etiam
