  <div class='ocr_page' id='page_1' title='image "/cluster/home/n/w/nwhite01/storage/ocr_20150623/73/hvd.32044011474434/234.png"; bbox 0 0 4158 6354; ppageno 0'>
   <div class='ocr_carea' id='block_1_1' title="bbox 299 344 405 402">
    <p class='ocr_par' dir='ltr' id='par_1_1' title="bbox 299 344 405 402">
     <span class='ocr_line' id='line_1_1' title="bbox 299 344 405 402; baseline -0.019 0"><span class='ocrx_word' id='word_1_1' title='bbox 299 344 405 402; x_wconf 80' lang='grc'><strong>457</strong></span> 
     </span>
    </p>
   </div>
   <div class='ocr_carea' id='block_1_2' title="bbox 732 345 3139 431">
    <p class='ocr_par' dir='ltr' id='par_1_2' title="bbox 732 345 3139 431">
     <span class='ocr_line' id='line_1_2' title="bbox 732 345 3139 431; baseline 0.011 -28"><span class='ocrx_word' id='word_1_2' title='bbox 732 346 889 403; x_wconf 75' lang='grc' dir='ltr'><strong>νιτ.Α</strong></span> <span class='ocrx_word' id='word_1_3' title='bbox 934 345 1353 409; x_wconf 81' lang='lat' dir='ltr'><strong>SANC&#39;I&#39;ORUM</strong></span> <span class='ocrx_word' id='word_1_4' title='bbox 1393 352 1729 411; x_wconf 76' lang='lat' dir='ltr'><strong>BARLAAM</strong></span> <span class='ocrx_word' id='word_1_5' title='bbox 1770 354 2103 416; x_wconf 62' lang='lat' dir='ltr'><strong>EREMITE</strong></span> <span class='ocrx_word' id='word_1_6' title='bbox 2144 362 2233 418; x_wconf 87' lang='lat' dir='ltr'><strong>ET</strong></span> <span class='ocrx_word' id='word_1_7' title='bbox 2270 363 2623 424; x_wconf 81' lang='lat' dir='ltr'><strong>JOSAPHAT</strong></span> <span class='ocrx_word' id='word_1_8' title='bbox 2663 368 2875 426; x_wconf 69' lang='lat' dir='ltr'><strong>INDIE</strong></span> <span class='ocrx_word' id='word_1_9' title='bbox 2916 371 3139 431; x_wconf 80' lang='lat' dir='ltr'><strong>REGIS.</strong></span> 
     </span>
    </p>
   </div>
   <div class='ocr_carea' id='block_1_3' title="bbox 3464 380 3569 437">
    <p class='ocr_par' dir='ltr' id='par_1_3' title="bbox 3464 380 3569 437">
     <span class='ocr_line' id='line_1_3' title="bbox 3464 380 3569 437; baseline -0.01 0"><span class='ocrx_word' id='word_1_10' title='bbox 3464 380 3569 437; x_wconf 65' lang='lat'><strong>458</strong></span> 
     </span>
    </p>
   </div>
   <div class='ocr_carea' id='block_1_4' title="bbox 294 458 3573 561">
    <p class='ocr_par' dir='ltr' id='par_1_4' title="bbox 294 458 3573 561">
     <span class='ocr_line' id='line_1_4' title="bbox 294 458 3573 561; baseline 0.012 -47"><span class='ocrx_word' id='word_1_11' title='bbox 294 458 413 529; x_wconf 87' lang='lat' dir='ltr'><strong>ipse</strong></span> <span class='ocrx_word' id='word_1_12' title='bbox 454 472 521 513; x_wconf 87' lang='lat' dir='ltr'><strong>ex</strong></span> <span class='ocrx_word' id='word_1_13' title='bbox 559 459 738 515; x_wconf 91' lang='lat' dir='ltr'><strong>vultus</strong></span> <span class='ocrx_word' id='word_1_14' title='bbox 768 460 935 530; x_wconf 78' lang='lat' dir='ltr'><strong>ipsius</strong></span> <span class='ocrx_word' id='word_1_15' title='bbox 964 473 1264 531; x_wconf 76' lang='lat' dir='ltr'><strong>venustate,</strong></span> <span class='ocrx_word' id='word_1_16' title='bbox 1295 468 1565 537; x_wconf 93' lang='lat' dir='ltr'><strong>animique</strong></span> <span class='ocrx_word' id='word_1_17' title='bbox 1597 472 1799 540; x_wconf 87' lang='lat' dir='ltr'><strong>habitu,</strong></span> <span class='ocrx_word' id='word_1_18' title='bbox 1827 474 1879 528; x_wconf 92' lang='lat' dir='ltr'><strong>in</strong></span> <span class='ocrx_word' id='word_1_19' title='bbox 1908 477 1965 539; x_wconf 75' lang='grc' dir='ltr'>Α</span> <span class='ocrx_word' id='word_1_20' title='bbox 1988 473 2127 530; x_wconf 86' lang='lat' dir='ltr'><strong>inter</strong></span> <span class='ocrx_word' id='word_1_21' title='bbox 2156 492 2337 533; x_wconf 89' lang='lat' dir='ltr'><strong>muros</strong></span> <span class='ocrx_word' id='word_1_22' title='bbox 2364 491 2417 535; x_wconf 89' lang='lat' dir='ltr'><strong>et</strong></span> <span class='ocrx_word' id='word_1_23' title='bbox 2437 480 2633 551; x_wconf 87' lang='lat' dir='ltr'><strong>januas</strong></span> <span class='ocrx_word' id='word_1_24' title='bbox 2675 487 2770 541; x_wconf 89' lang='lat' dir='ltr'><strong>abs</strong></span> <span class='ocrx_word' id='word_1_25' title='bbox 2813 497 2862 541; x_wconf 91' lang='lat' dir='ltr'><strong>te</strong></span> <span class='ocrx_word' id='word_1_26' title='bbox 2893 491 3200 557; x_wconf 88' lang='lat' dir='ltr'><strong>concludar,</strong></span> <span class='ocrx_word' id='word_1_27' title='bbox 3233 505 3406 561; x_wconf 89' lang='lat' dir='ltr'><strong>eoque</strong></span> <span class='ocrx_word' id='word_1_28' title='bbox 3431 502 3573 553; x_wconf 89' lang='lat' dir='ltr'><strong>statu</strong></span> 
     </span>
    </p>
   </div>
   <div class='ocr_carea' id='block_1_5' title="bbox 293 555 1879 634">
    <p class='ocr_par' dir='ltr' id='par_1_5' title="bbox 293 555 1879 634">
     <span class='ocr_line' id='line_1_5' title="bbox 293 555 1879 634; baseline 0.008 -23"><span class='ocrx_word' id='word_1_29' title='bbox 293 561 573 625; x_wconf 85' lang='lat' dir='ltr'><strong>stuporem</strong></span> <span class='ocrx_word' id='word_1_30' title='bbox 624 555 947 612; x_wconf 89' lang='lat' dir='ltr'><strong>traheretur.</strong></span> <span class='ocrx_word' id='word_1_31' title='bbox 998 558 1282 615; x_wconf 77' lang='lat' dir='ltr'><strong>Mandabat</strong></span> <span class='ocrx_word' id='word_1_32' title='bbox 1310 574 1487 618; x_wconf 51' lang='lat' dir='ltr'><strong>autem</strong></span> <span class='ocrx_word' id='word_1_33' title='bbox 1518 567 1599 619; x_wconf 79' lang='lat' dir='ltr'><strong>his</strong></span> <span class='ocrx_word' id='word_1_34' title='bbox 1628 568 1714 634; x_wconf 86' lang='lat' dir='ltr'><strong>qui</strong></span> <span class='ocrx_word' id='word_1_35' title='bbox 1758 581 1879 623; x_wconf 90' lang='lat' dir='ltr'><strong>cum</strong></span> 
     </span>
    </p>
   </div>
   <div class='ocr_carea' id='block_1_6' title="bbox 291 646 1881 726">
    <p class='ocr_par' dir='ltr' id='par_1_6' title="bbox 291 646 1881 726">
     <span class='ocr_line' id='line_1_6' title="bbox 291 646 1881 726; baseline 0.007 -22"><span class='ocrx_word' id='word_1_36' title='bbox 291 660 360 704; x_wconf 88' lang='lat' dir='ltr'><strong>eo</strong></span> <span class='ocrx_word' id='word_1_37' title='bbox 407 646 764 702; x_wconf 76' lang='lat' dir='ltr'><strong>versabantur</strong></span> <span class='ocrx_word' id='word_1_38' title='bbox 794 658 853 704; x_wconf 91' lang='lat' dir='ltr'><strong>ut</strong></span> <span class='ocrx_word' id='word_1_39' title='bbox 879 651 1070 706; x_wconf 88' lang='lat' dir='ltr'><strong>darent</strong></span> <span class='ocrx_word' id='word_1_40' title='bbox 1106 666 1325 721; x_wconf 87' lang='lat' dir='ltr'><strong>operam</strong></span> <span class='ocrx_word' id='word_1_41' title='bbox 1374 671 1441 709; x_wconf 87' lang='lat' dir='ltr'><strong>ne</strong></span> <span class='ocrx_word' id='word_1_42' title='bbox 1489 657 1615 724; x_wconf 91' lang='lat' dir='ltr'><strong>quid</strong></span> <span class='ocrx_word' id='word_1_43' title='bbox 1662 672 1881 726; x_wconf 85' lang='lat' dir='ltr'><strong>prorsus</strong></span> 
     </span>
    </p>
   </div>
   <div class='ocr_carea' id='block_1_7' title="bbox 289 740 1878 821">
    <p class='ocr_par' dir='ltr' id='par_1_7' title="bbox 289 740 1878 821">
     <span class='ocr_line' id='line_1_7' title="bbox 289 740 1878 821; baseline 0.009 -26"><span class='ocrx_word' id='word_1_44' title='bbox 289 753 477 795; x_wconf 88' lang='lat' dir='ltr'><strong>eormn</strong></span> <span class='ocrx_word' id='word_1_45' title='bbox 506 754 625 809; x_wconf 64' lang='lat' dir='ltr'><strong>qua:</strong></span> <span class='ocrx_word' id='word_1_46' title='bbox 654 740 707 795; x_wconf 91' lang='lat' dir='ltr'><strong>iu</strong></span> <span class='ocrx_word' id='word_1_47' title='bbox 735 740 837 797; x_wconf 90' lang='lat' dir='ltr'><strong>hac</strong></span> <span class='ocrx_word' id='word_1_48' title='bbox 861 742 969 798; x_wconf 87' lang='lat' dir='ltr'><strong>vita</strong></span> <span class='ocrx_word' id='word_1_49' title='bbox 996 744 1223 801; x_wconf 88' lang='lat' dir='ltr'><strong>molesta</strong></span> <span class='ocrx_word' id='word_1_50' title='bbox 1268 756 1393 801; x_wconf 90' lang='lat' dir='ltr'><strong>sunt</strong></span> <span class='ocrx_word' id='word_1_51' title='bbox 1419 750 1756 821; x_wconf 71' lang='lat' dir='ltr'><strong>intelligeret,</strong></span> <span class='ocrx_word' id='word_1_52' title='bbox 1778 768 1878 809; x_wconf 88' lang='lat' dir='ltr'><strong>nec</strong></span> 
     </span>
    </p>
   </div>
   <div class='ocr_carea' id='block_1_8' title="bbox 287 833 1874 912">
    <p class='ocr_par' dir='ltr' id='par_1_8' title="bbox 287 833 1874 912">
     <span class='ocr_line' id='line_1_8' title="bbox 287 833 1874 912; baseline 0.009 -24"><span class='ocrx_word' id='word_1_53' title='bbox 287 833 513 890; x_wconf 88' lang='lat' dir='ltr'><strong>omnino</strong></span> <span class='ocrx_word' id='word_1_54' title='bbox 542 835 685 904; x_wconf 90' lang='lat' dir='ltr'><strong>quod</strong></span> <span class='ocrx_word' id='word_1_55' title='bbox 728 850 876 892; x_wconf 91' lang='lat' dir='ltr'><strong>mors</strong></span> <span class='ocrx_word' id='word_1_56' title='bbox 901 849 1195 908; x_wconf 62' lang='lat' dir='ltr'><strong>praesentes</strong></span> <span class='ocrx_word' id='word_1_57' title='bbox 1237 840 1541 912; x_wconf 85' lang='lat' dir='ltr'><strong>voluptates</strong></span> <span class='ocrx_word' id='word_1_58' title='bbox 1582 845 1874 911; x_wconf 73' lang='lat' dir='ltr'><strong>exciperet.</strong></span> 
     </span>
    </p>
   </div>
   <div class='ocr_carea' id='block_1_9' title="bbox 286 923 1877 1007">
    <p class='ocr_par' dir='ltr' id='par_1_9' title="bbox 286 923 1877 1007">
     <span class='ocr_line' id='line_1_9' title="bbox 286 923 1877 1007; baseline 0.009 -27"><span class='ocrx_word' id='word_1_59' title='bbox 286 923 553 981; x_wconf 62' lang='lat' dir='ltr'><strong>Caeterum</strong></span> <span class='ocrx_word' id='word_1_60' title='bbox 580 927 726 983; x_wconf 89' lang='lat' dir='ltr'><strong>inani</strong></span> <span class='ocrx_word' id='word_1_61' title='bbox 752 942 851 999; x_wconf 86' lang='lat' dir='ltr'><strong>spe</strong></span> <span class='ocrx_word' id='word_1_62' title='bbox 875 930 1163 998; x_wconf 87' lang='lat' dir='ltr'><strong>nitebatur,</strong></span> <span class='ocrx_word' id='word_1_63' title='bbox 1186 942 1347 1002; x_wconf 91' lang='lat' dir='ltr'><strong>atque</strong></span> <span class='ocrx_word' id='word_1_64' title='bbox 1378 934 1459 1005; x_wconf 90' lang='lat' dir='ltr'><strong>(ut</strong></span> <span class='ocrx_word' id='word_1_65' title='bbox 1486 938 1769 1007; x_wconf 90' lang='lat' dir='ltr'><strong>proverbio</strong></span> <span class='ocrx_word' id='word_1_66' title='bbox 1794 941 1877 995; x_wconf 84' lang='lat' dir='ltr'><strong>di~</strong></span> 
     </span>
    </p>
   </div>
   <div class='ocr_carea' id='block_1_10' title="bbox 283 1018 1877 1097">
    <p class='ocr_par' dir='ltr' id='par_1_10' title="bbox 283 1018 1877 1097">
     <span class='ocr_line' id='line_1_10' title="bbox 283 1018 1877 1097; baseline 0.008 -23"><span class='ocrx_word' id='word_1_67' title='bbox 283 1018 448 1089; x_wconf 88' lang='lat' dir='ltr'><strong>citur)</strong></span> <span class='ocrx_word' id='word_1_68' title='bbox 467 1019 519 1074; x_wconf 89' lang='lat' dir='ltr'><strong>in</strong></span> <span class='ocrx_word' id='word_1_69' title='bbox 545 1020 738 1077; x_wconf 68' lang='lat' dir='ltr'><strong>ccclqu</strong></span> <span class='ocrx_word' id='word_1_70' title='bbox 760 1020 979 1093; x_wconf 70' lang='lat' dir='ltr'><strong>sagittas</strong></span> <span class='ocrx_word' id='word_1_71' title='bbox 1001 1023 1215 1079; x_wconf 87' lang='lat' dir='ltr'><strong>mittere</strong></span> <span class='ocrx_word' id='word_1_72' title='bbox 1240 1024 1355 1097; x_wconf 85' lang='lat' dir='ltr'><strong>(ll)</strong></span> <span class='ocrx_word' id='word_1_73' title='bbox 1379 1028 1696 1084; x_wconf 88' lang='lat' dir='ltr'><strong>conabatur.</strong></span> <span class='ocrx_word' id='word_1_74' title='bbox 1730 1034 1877 1097; x_wconf 89' lang='lat' dir='ltr'><strong>Quo-</strong></span> 
     </span>
    </p>
   </div>
   <div class='ocr_carea' id='block_1_11' title="bbox 283 1113 1875 1191">
    <p class='ocr_par' dir='ltr' id='par_1_11' title="bbox 283 1113 1875 1191">
     <span class='ocr_line' id='line_1_11' title="bbox 283 1113 1875 1191; baseline 0.009 -26"><span class='ocrx_word' id='word_1_75' title='bbox 283 1126 410 1166; x_wconf 89' lang='lat' dir='ltr'><strong>nam</strong></span> <span class='ocrx_word' id='word_1_76' title='bbox 436 1113 579 1168; x_wconf 90' lang='lat' dir='ltr'><strong>enim</strong></span> <span class='ocrx_word' id='word_1_77' title='bbox 609 1114 769 1171; x_wconf 90' lang='lat' dir='ltr'><strong>modo</strong></span> <span class='ocrx_word' id='word_1_78' title='bbox 796 1132 943 1171; x_wconf 91' lang='lat' dir='ltr'><strong>mors</strong></span> <span class='ocrx_word' id='word_1_79' title='bbox 969 1116 1215 1173; x_wconf 79' lang='lat' dir='ltr'><strong>humanae</strong></span> <span class='ocrx_word' id='word_1_80' title='bbox 1233 1128 1435 1174; x_wconf 70' lang='lat' dir='ltr'><strong>naturas</strong></span> <span class='ocrx_word' id='word_1_81' title='bbox 1461 1120 1727 1191; x_wconf 86' lang='lat' dir='ltr'><strong>incognita</strong></span> <span class='ocrx_word' id='word_1_82' title='bbox 1755 1137 1875 1179; x_wconf 90' lang='lat' dir='ltr'><strong>esse</strong></span> 
     </span>
    </p>
   </div>
   <div class='ocr_carea' id='block_1_12' title="bbox 282 1206 1872 1287">
    <p class='ocr_par' dir='ltr' id='par_1_12' title="bbox 282 1206 1872 1287">
     <span class='ocr_line' id='line_1_12' title="bbox 282 1206 1872 1287; baseline 0.008 -28"><span class='ocrx_word' id='word_1_83' title='bbox 282 1206 505 1273; x_wconf 78' lang='lat' dir='ltr'><strong>posset?</strong></span> <span class='ocrx_word' id='word_1_84' title='bbox 537 1206 721 1277; x_wconf 89' lang='lat' dir='ltr'><strong>Itaque</strong></span> <span class='ocrx_word' id='word_1_85' title='bbox 748 1222 815 1263; x_wconf 90' lang='lat' dir='ltr'><strong>ne</strong></span> <span class='ocrx_word' id='word_1_86' title='bbox 859 1210 1009 1279; x_wconf 91' lang='lat' dir='ltr'><strong>pueri</strong></span> <span class='ocrx_word' id='word_1_87' title='bbox 1041 1210 1256 1280; x_wconf 83' lang='lat' dir='ltr'><strong>quidem</strong></span> <span class='ocrx_word' id='word_1_88' title='bbox 1288 1213 1643 1282; x_wconf 88' lang='lat' dir='ltr'><strong>cognitionem</strong></span> <span class='ocrx_word' id='word_1_89' title='bbox 1670 1215 1872 1287; x_wconf 77' lang='lat' dir='ltr'><strong>effugit:</strong></span> 
     </span>
    </p>
   </div>
   <div class='ocr_carea' id='block_1_13' title="bbox 280 1294 1875 1373">
    <p class='ocr_par' dir='ltr' id='par_1_13' title="bbox 280 1294 1875 1373">
     <span class='ocr_line' id='line_1_13' title="bbox 280 1294 1875 1373; baseline 0.01 -24"><span class='ocrx_word' id='word_1_90' title='bbox 280 1294 417 1350; x_wconf 86' lang='lat' dir='ltr'><strong>Nam</strong></span> <span class='ocrx_word' id='word_1_91' title='bbox 447 1312 570 1353; x_wconf 90' lang='lat' dir='ltr'><strong>cum</strong></span> <span class='ocrx_word' id='word_1_92' title='bbox 599 1300 838 1355; x_wconf 89' lang='lat' dir='ltr'><strong>animum</strong></span> <span class='ocrx_word' id='word_1_93' title='bbox 868 1314 1080 1357; x_wconf 89' lang='lat' dir='ltr'><strong>summa</strong></span> <span class='ocrx_word' id='word_1_94' title='bbox 1106 1306 1395 1373; x_wconf 79' lang='lat' dir='ltr'><strong>sagacitate</strong></span> <span class='ocrx_word' id='word_1_95' title='bbox 1436 1315 1683 1363; x_wconf 90' lang='lat' dir='ltr'><strong>ornatum</strong></span> <span class='ocrx_word' id='word_1_96' title='bbox 1712 1320 1766 1364; x_wconf 90' lang='lat' dir='ltr'><strong>et</strong></span> <span class='ocrx_word' id='word_1_97' title='bbox 1793 1309 1875 1365; x_wconf 90' lang='lat' dir='ltr'><strong>in-</strong></span> 
     </span>
    </p>
   </div>
   <div class='ocr_carea' id='block_1_14' title="bbox 278 1390 1872 1469">
    <p class='ocr_par' dir='ltr' id='par_1_14' title="bbox 278 1390 1872 1469">
     <span class='ocr_line' id='line_1_14' title="bbox 278 1390 1872 1469; baseline 0.009 -27"><span class='ocrx_word' id='word_1_98' title='bbox 278 1397 542 1444; x_wconf 75' lang='lat' dir='ltr'><strong>Structum</strong></span> <span class='ocrx_word' id='word_1_99' title='bbox 584 1390 829 1460; x_wconf 89' lang='lat' dir='ltr'><strong>haberet,</strong></span> <span class='ocrx_word' id='word_1_100' title='bbox 863 1407 1044 1449; x_wconf 85' lang='lat' dir='ltr'><strong>secum</strong></span> <span class='ocrx_word' id='word_1_101' title='bbox 1074 1395 1189 1462; x_wconf 89' lang='lat' dir='ltr'><strong>ipse</strong></span> <span class='ocrx_word' id='word_1_102' title='bbox 1218 1396 1591 1453; x_wconf 71' lang='lat' dir='ltr'><strong>considerabat</strong></span> <span class='ocrx_word' id='word_1_103' title='bbox 1619 1400 1872 1469; x_wconf 82' lang='lat' dir='ltr'><strong>quidnam</strong></span> 
     </span>
    </p>
   </div>
   <div class='ocr_carea' id='block_1_15' title="bbox 276 1480 1872 1553">
    <p class='ocr_par' dir='ltr' id='par_1_15' title="bbox 276 1480 1872 1553">
     <span class='ocr_line' id='line_1_15' title="bbox 276 1480 1872 1553; baseline 0.009 -20"><span class='ocrx_word' id='word_1_104' title='bbox 276 1489 487 1548; x_wconf 89' lang='lat' dir='ltr'><strong>patrem</strong></span> <span class='ocrx_word' id='word_1_105' title='bbox 516 1480 833 1538; x_wconf 86' lang='lat' dir='ltr'><strong>adduxisset</strong></span> <span class='ocrx_word' id='word_1_106' title='bbox 861 1494 920 1538; x_wconf 93' lang='lat' dir='ltr'><strong>ut</strong></span> <span class='ocrx_word' id='word_1_107' title='bbox 952 1485 1054 1553; x_wconf 88' lang='lat' dir='ltr'><strong>ipsi</strong></span> <span class='ocrx_word' id='word_1_108' title='bbox 1083 1488 1323 1542; x_wconf 86' lang='lat' dir='ltr'><strong>omnium</strong></span> <span class='ocrx_word' id='word_1_109' title='bbox 1353 1487 1556 1543; x_wconf 88' lang='lat' dir='ltr'><strong>aditum</strong></span> <span class='ocrx_word' id='word_1_110' title='bbox 1582 1490 1872 1548; x_wconf 84' lang='lat' dir='ltr'><strong>interdice-</strong></span> 
     </span>
    </p>
   </div>
   <div class='ocr_carea' id='block_1_16' title="bbox 275 1574 1873 1661">
    <p class='ocr_par' dir='ltr' id='par_1_16' title="bbox 275 1574 1873 1661">
     <span class='ocr_line' id='line_1_16' title="bbox 275 1574 1873 1661; baseline 0.008 -34"><span class='ocrx_word' id='word_1_111' title='bbox 275 1580 379 1638; x_wconf 89' lang='lat' dir='ltr'><strong>ret,</strong></span> <span class='ocrx_word' id='word_1_112' title='bbox 406 1587 507 1629; x_wconf 87' lang='lat' dir='ltr'><strong>nec</strong></span> <span class='ocrx_word' id='word_1_113' title='bbox 537 1574 827 1644; x_wconf 88' lang='lat' dir='ltr'><strong>quemlibet</strong></span> <span class='ocrx_word' id='word_1_114' title='bbox 849 1576 915 1631; x_wconf 89' lang='lat' dir='ltr'><strong>ad</strong></span> <span class='ocrx_word' id='word_1_115' title='bbox 947 1592 1007 1632; x_wconf 91' lang='lat' dir='ltr'><strong>se</strong></span> <span class='ocrx_word' id='word_1_116' title='bbox 1051 1579 1312 1635; x_wconf 90' lang='lat' dir='ltr'><strong>accedere</strong></span> <span class='ocrx_word' id='word_1_117' title='bbox 1357 1590 1648 1661; x_wconf 85' lang='lat' dir='ltr'><strong>pateretur.</strong></span> <span class='ocrx_word' id='word_1_118' title='bbox 1686 1583 1788 1638; x_wconf 87' lang='lat' dir='ltr'><strong>Per</strong></span> <span class='ocrx_word' id='word_1_119' title='bbox 1814 1599 1873 1640; x_wconf 90' lang='lat' dir='ltr'><strong>se</strong></span> 
     </span>
    </p>
   </div>
   <div class='ocr_carea' id='block_1_17' title="bbox 275 1666 1866 1741">
    <p class='ocr_par' dir='ltr' id='par_1_17' title="bbox 275 1666 1866 1741">
     <span class='ocr_line' id='line_1_17' title="bbox 275 1666 1866 1741; baseline 0.006 -21"><span class='ocrx_word' id='word_1_120' title='bbox 275 1666 422 1720; x_wconf 78' lang='lat' dir='ltr'><strong>enim</strong></span> <span class='ocrx_word' id='word_1_121' title='bbox 457 1666 795 1736; x_wconf 89' lang='lat' dir='ltr'><strong>intelligebat</strong></span> <span class='ocrx_word' id='word_1_122' title='bbox 815 1668 916 1722; x_wconf 89' lang='lat' dir='ltr'><strong>hoc</strong></span> <span class='ocrx_word' id='word_1_123' title='bbox 938 1678 1070 1724; x_wconf 85' lang='lat' dir='ltr'><strong>citra</strong></span> <span class='ocrx_word' id='word_1_124' title='bbox 1096 1672 1260 1737; x_wconf 85' lang='lat' dir='ltr'><strong>patris</strong></span> <span class='ocrx_word' id='word_1_125' title='bbox 1287 1671 1569 1741; x_wconf 90' lang='lat' dir='ltr'><strong>imperium</strong></span> <span class='ocrx_word' id='word_1_126' title='bbox 1597 1688 1701 1729; x_wconf 93' lang='lat' dir='ltr'><strong>non</strong></span> <span class='ocrx_word' id='word_1_127' title='bbox 1730 1675 1866 1730; x_wconf 76' lang='lat' dir='ltr'><strong>fieri.</strong></span> 
     </span>
    </p>
   </div>
   <div class='ocr_carea' id='block_1_18' title="bbox 274 1753 1871 1837">
    <p class='ocr_par' dir='ltr' id='par_1_18' title="bbox 274 1753 1871 1837">
     <span class='ocr_line' id='line_1_18' title="bbox 274 1753 1871 1837; baseline 0.007 -26"><span class='ocrx_word' id='word_1_128' title='bbox 274 1753 543 1813; x_wconf 67' lang='lat' dir='ltr'><strong>Caeterum</strong></span> <span class='ocrx_word' id='word_1_129' title='bbox 592 1759 709 1830; x_wconf 90' lang='lat' dir='ltr'><strong>ipse</strong></span> <span class='ocrx_word' id='word_1_130' title='bbox 738 1759 1074 1832; x_wconf 88' lang='lat' dir='ltr'><strong>interrogare</strong></span> <span class='ocrx_word' id='word_1_131' title='bbox 1105 1762 1411 1832; x_wconf 83' lang='lat' dir='ltr'><strong>verebatur,</strong></span> <span class='ocrx_word' id='word_1_132' title='bbox 1441 1772 1554 1821; x_wconf 89' lang='lat' dir='ltr'><strong>tum</strong></span> <span class='ocrx_word' id='word_1_133' title='bbox 1586 1767 1727 1837; x_wconf 90' lang='lat' dir='ltr'><strong>quod</strong></span> <span class='ocrx_word' id='word_1_134' title='bbox 1772 1768 1871 1822; x_wconf 89' lang='lat' dir='ltr'><strong>mi-</strong></span> 
     </span>
    </p>
   </div>
   <div class='ocr_carea' id='block_1_19' title="bbox 1987 568 3571 653">
    <p class='ocr_par' dir='ltr' id='par_1_19' title="bbox 1987 568 3571 653">
     <span class='ocr_line' id='line_1_19' title="bbox 1987 568 3571 653; baseline 0.013 -31"><span class='ocrx_word' id='word_1_135' title='bbox 1987 568 2110 637; x_wconf 87' lang='lat' dir='ltr'><strong>sim,</strong></span> <span class='ocrx_word' id='word_1_136' title='bbox 2139 580 2195 624; x_wconf 90' lang='lat' dir='ltr'><strong>ut</strong></span> <span class='ocrx_word' id='word_1_137' title='bbox 2222 587 2251 625; x_wconf 91' lang='lat' dir='ltr'><strong>a</strong></span> <span class='ocrx_word' id='word_1_138' title='bbox 2284 575 2496 628; x_wconf 88' lang='lat' dir='ltr'><strong>nemine</strong></span> <span class='ocrx_word' id='word_1_139' title='bbox 2525 578 2662 632; x_wconf 85' lang='lat' dir='ltr'><strong>adiri</strong></span> <span class='ocrx_word' id='word_1_140' title='bbox 2706 594 2767 634; x_wconf 89' lang='lat' dir='ltr'><strong>ac</strong></span> <span class='ocrx_word' id='word_1_141' title='bbox 2796 586 2941 635; x_wconf 83' lang='lat' dir='ltr'><strong>cerni</strong></span> <span class='ocrx_word' id='word_1_142' title='bbox 2970 598 3182 649; x_wconf 86' lang='lat' dir='ltr'><strong>queam.</strong></span> <span class='ocrx_word' id='word_1_143' title='bbox 3221 585 3504 653; x_wconf 83' lang='lat' dir='ltr'><strong>Quoniam,</strong></span> <span class='ocrx_word' id='word_1_144' title='bbox 3538 604 3571 643; x_wconf 86' lang='grc' dir='ltr'><strong>ο</strong></span> 
     </span>
    </p>
   </div>
   <div class='ocr_carea' id='block_1_20' title="bbox 1986 658 3572 745">
    <p class='ocr_par' dir='ltr' id='par_1_20' title="bbox 1986 658 3572 745">
     <span class='ocr_line' id='line_1_20' title="bbox 1986 658 3572 745; baseline 0.013 -31"><span class='ocrx_word' id='word_1_145' title='bbox 1986 658 2082 727; x_wconf 85' lang='lat' dir='ltr'><strong>ﬁli,</strong></span> <span class='ocrx_word' id='word_1_146' title='bbox 2115 661 2287 731; x_wconf 91' lang='lat' dir='ltr'><strong>inquit</strong></span> <span class='ocrx_word' id='word_1_147' title='bbox 2332 680 2449 731; x_wconf 85' lang='lat' dir='ltr'><strong>rex,</strong></span> <span class='ocrx_word' id='word_1_148' title='bbox 2480 667 2601 722; x_wconf 90' lang='lat' dir='ltr'><strong>uolo</strong></span> <span class='ocrx_word' id='word_1_149' title='bbox 2632 670 2919 739; x_wconf 89' lang='lat' dir='ltr'><strong>quidquam</strong></span> <span class='ocrx_word' id='word_1_150' title='bbox 2968 674 3151 728; x_wconf 91' lang='lat' dir='ltr'><strong>videas</strong></span> <span class='ocrx_word' id='word_1_151' title='bbox 3197 678 3335 745; x_wconf 88' lang='lat' dir='ltr'><strong>quod</strong></span> <span class='ocrx_word' id='word_1_152' title='bbox 3368 675 3572 745; x_wconf 77' lang='lat' dir='ltr'><strong>pectori</strong></span> 
     </span>
    </p>
   </div>
   <div class='ocr_carea' id='block_1_21' title="bbox 1982 758 3566 840">
    <p class='ocr_par' dir='ltr' id='par_1_21' title="bbox 1982 758 3566 840">
     <span class='ocr_line' id='line_1_21' title="bbox 1982 758 3566 840; baseline 0.013 -33"><span class='ocrx_word' id='word_1_153' title='bbox 1982 761 2074 808; x_wconf 94' lang='lat' dir='ltr'><strong>tuo</strong></span> <span class='ocrx_word' id='word_1_154' title='bbox 2104 758 2400 811; x_wconf 88' lang='lat' dir='ltr'><strong>molestiam</strong></span> <span class='ocrx_word' id='word_1_155' title='bbox 2430 759 2637 829; x_wconf 76' lang='lat' dir='ltr'><strong>alferat,</strong></span> <span class='ocrx_word' id='word_1_156' title='bbox 2663 763 2862 833; x_wconf 83' lang='lat' dir='ltr'><strong>tibique</strong></span> <span class='ocrx_word' id='word_1_157' title='bbox 2888 767 3211 836; x_wconf 86' lang='lat' dir='ltr'><strong>voluptatem</strong></span> <span class='ocrx_word' id='word_1_158' title='bbox 3238 770 3566 840; x_wconf 87' lang='lat' dir='ltr'><strong>interpellat.</strong></span> 
     </span>
    </p>
   </div>
   <div class='ocr_carea' id='block_1_22' title="bbox 1980 843 3566 936">
    <p class='ocr_par' dir='ltr' id='par_1_22' title="bbox 1980 843 3566 936">
     <span class='ocr_line' id='line_1_22' title="bbox 1980 843 3566 936; baseline 0.013 -37"><span class='ocrx_word' id='word_1_159' title='bbox 1980 843 2253 915; x_wconf 89' lang='lat' dir='ltr'><strong>Siquidem</strong></span> <span class='ocrx_word' id='word_1_160' title='bbox 2288 851 2388 905; x_wconf 92' lang='lat' dir='ltr'><strong>hoc</strong></span> <span class='ocrx_word' id='word_1_161' title='bbox 2418 864 2517 918; x_wconf 91' lang='lat' dir='ltr'><strong>ago</strong></span> <span class='ocrx_word' id='word_1_162' title='bbox 2542 867 2606 907; x_wconf 91' lang='lat' dir='ltr'><strong>ac</strong></span> <span class='ocrx_word' id='word_1_163' title='bbox 2634 864 2839 925; x_wconf 90' lang='lat' dir='ltr'><strong>specto,</strong></span> <span class='ocrx_word' id='word_1_164' title='bbox 2866 867 2921 912; x_wconf 94' lang='lat' dir='ltr'><strong>ut</strong></span> <span class='ocrx_word' id='word_1_165' title='bbox 2950 859 3001 913; x_wconf 92' lang='lat' dir='ltr'><strong>in</strong></span> <span class='ocrx_word' id='word_1_166' title='bbox 3034 863 3306 930; x_wconf 88' lang='lat' dir='ltr'><strong>perpetuis</strong></span> <span class='ocrx_word' id='word_1_167' title='bbox 3332 863 3566 936; x_wconf 78' lang='lat' dir='ltr'><strong>deliciis,</strong></span> 
     </span>
    </p>
   </div>
   <div class='ocr_carea' id='block_1_23' title="bbox 1980 941 3569 1024">
    <p class='ocr_par' dir='ltr' id='par_1_23' title="bbox 1980 941 3569 1024">
     <span class='ocr_line' id='line_1_23' title="bbox 1980 941 3569 1024; baseline 0.015 -33"><span class='ocrx_word' id='word_1_168' title='bbox 1980 947 2139 1009; x_wconf 90' lang='lat' dir='ltr'><strong>atque</strong></span> <span class='ocrx_word' id='word_1_169' title='bbox 2176 941 2319 996; x_wconf 91' lang='lat' dir='ltr'><strong>omni</strong></span> <span class='ocrx_word' id='word_1_170' title='bbox 2360 944 2556 1010; x_wconf 79' lang='lat' dir='ltr'><strong>gaudio</strong></span> <span class='ocrx_word' id='word_1_171' title='bbox 2594 948 2866 1018; x_wconf 82' lang='lat' dir='ltr'><strong>animique</strong></span> <span class='ocrx_word' id='word_1_172' title='bbox 2909 955 3222 1024; x_wconf 84' lang='lat' dir='ltr'><strong>voluptate,</strong></span> <span class='ocrx_word' id='word_1_173' title='bbox 3255 970 3414 1014; x_wconf 87' lang='lat' dir='ltr'><strong>omne</strong></span> <span class='ocrx_word' id='word_1_174' title='bbox 3444 960 3569 1014; x_wconf 71' lang='lat' dir='ltr'><strong>vita:</strong></span> 
     </span>
    </p>
   </div>
   <div class='ocr_carea' id='block_1_24' title="bbox 1979 1031 3571 1117">
    <p class='ocr_par' dir='ltr' id='par_1_24' title="bbox 1979 1031 3571 1117">
     <span class='ocr_line' id='line_1_24' title="bbox 1979 1031 3571 1117; baseline 0.014 -34"><span class='ocrx_word' id='word_1_175' title='bbox 1979 1033 2189 1095; x_wconf 86' lang='lat' dir='ltr'><strong>tempus</strong></span> <span class='ocrx_word' id='word_1_176' title='bbox 2217 1031 2486 1089; x_wconf 82' lang='lat' dir='ltr'><strong>traducas.</strong></span> <span class='ocrx_word' id='word_1_177' title='bbox 2519 1036 2587 1089; x_wconf 78' lang='lat' dir='ltr'><strong>At</strong></span> <span class='ocrx_word' id='word_1_178' title='bbox 2616 1037 2774 1092; x_wconf 81' lang='lat' dir='ltr'><strong>velim</strong></span> <span class='ocrx_word' id='word_1_179' title='bbox 2805 1041 3019 1107; x_wconf 87' lang='lat' dir='ltr'><strong>scias,o</strong></span> <span class='ocrx_word' id='word_1_180' title='bbox 3044 1044 3195 1111; x_wconf 88' lang='lat' dir='ltr'><strong>bere,</strong></span> <span class='ocrx_word' id='word_1_181' title='bbox 3228 1047 3401 1117; x_wconf 87' lang='lat' dir='ltr'><strong>inquit</strong></span> <span class='ocrx_word' id='word_1_182' title='bbox 3432 1050 3571 1106; x_wconf 83' lang='lat' dir='ltr'><strong>ﬁlius</strong></span> 
     </span>
    </p>
   </div>
   <div class='ocr_carea' id='block_1_25' title="bbox 1978 1117 3567 1207">
    <p class='ocr_par' dir='ltr' id='par_1_25' title="bbox 1978 1117 3567 1207">
     <span class='ocr_line' id='line_1_25' title="bbox 1978 1117 3567 1207; baseline 0.016 -36"><span class='ocrx_word' id='word_1_183' title='bbox 1978 1117 2044 1172; x_wconf 92' lang='lat' dir='ltr'><strong>ad</strong></span> <span class='ocrx_word' id='word_1_184' title='bbox 2070 1129 2292 1187; x_wconf 90' lang='lat' dir='ltr'><strong>patrem,</strong></span> <span class='ocrx_word' id='word_1_185' title='bbox 2326 1138 2414 1179; x_wconf 91' lang='lat' dir='ltr'><strong>me</strong></span> <span class='ocrx_word' id='word_1_186' title='bbox 2454 1126 2553 1180; x_wconf 88' lang='lat' dir='ltr'><strong>hoc</strong></span> <span class='ocrx_word' id='word_1_187' title='bbox 2582 1129 2743 1182; x_wconf 92' lang='lat' dir='ltr'><strong>modo</strong></span> <span class='ocrx_word' id='word_1_188' title='bbox 2770 1144 2877 1185; x_wconf 89' lang='lat' dir='ltr'><strong>non</strong></span> <span class='ocrx_word' id='word_1_189' title='bbox 2916 1133 2968 1187; x_wconf 93' lang='lat' dir='ltr'><strong>in</strong></span> <span class='ocrx_word' id='word_1_190' title='bbox 2999 1136 3193 1204; x_wconf 89' lang='lat' dir='ltr'><strong>gaudio</strong></span> <span class='ocrx_word' id='word_1_191' title='bbox 3214 1148 3373 1207; x_wconf 90' lang='lat' dir='ltr'><strong>atque</strong></span> <span class='ocrx_word' id='word_1_192' title='bbox 3402 1142 3567 1196; x_wconf 89' lang='lat' dir='ltr'><strong>animi</strong></span> 
     </span>
    </p>
   </div>
   <div class='ocr_carea' id='block_1_26' title="bbox 1980 1212 3571 1301">
    <p class='ocr_par' dir='ltr' id='par_1_26' title="bbox 1980 1212 3571 1301">
     <span class='ocr_line' id='line_1_26' title="bbox 1980 1212 3571 1301; baseline 0.016 -38"><span class='ocrx_word' id='word_1_193' title='bbox 1980 1212 2276 1281; x_wconf 87' lang='lat' dir='ltr'><strong>voluptate,</strong></span> <span class='ocrx_word' id='word_1_194' title='bbox 2306 1216 2401 1271; x_wconf 83' lang='lat' dir='ltr'><strong>sed</strong></span> <span class='ocrx_word' id='word_1_195' title='bbox 2450 1218 2627 1287; x_wconf 89' lang='lat' dir='ltr'><strong>potius</strong></span> <span class='ocrx_word' id='word_1_196' title='bbox 2673 1220 2725 1274; x_wconf 92' lang='lat' dir='ltr'><strong>in</strong></span> <span class='ocrx_word' id='word_1_197' title='bbox 2773 1222 3058 1281; x_wconf 77' lang='lat' dir='ltr'><strong>afﬂictione</strong></span> <span class='ocrx_word' id='word_1_198' title='bbox 3123 1236 3281 1296; x_wconf 88' lang='lat' dir='ltr'><strong>atque</strong></span> <span class='ocrx_word' id='word_1_199' title='bbox 3367 1233 3571 1301; x_wconf 83' lang='lat' dir='ltr'><strong>ingenti</strong></span> 
     </span>
    </p>
   </div>
   <div class='ocr_carea' id='block_1_27' title="bbox 1956 1303 3571 1387">
    <p class='ocr_par' dir='ltr' id='par_1_27' title="bbox 1956 1303 3571 1387">
     <span class='ocr_line' id='line_1_27' title="bbox 1956 1303 3571 1387; baseline 0.015 -34"><span class='ocrx_word' id='word_1_200' title='bbox 1956 1303 2221 1377; x_wconf 80' lang='lat' dir='ltr'><strong>angustia</strong></span> <span class='ocrx_word' id='word_1_201' title='bbox 2266 1304 2433 1360; x_wconf 87' lang='lat' dir='ltr'><strong>vitam</strong></span> <span class='ocrx_word' id='word_1_202' title='bbox 2479 1323 2669 1377; x_wconf 88' lang='lat' dir='ltr'><strong>agere;</strong></span> <span class='ocrx_word' id='word_1_203' title='bbox 2702 1311 2839 1367; x_wconf 88' lang='lat' dir='ltr'><strong>adeo</strong></span> <span class='ocrx_word' id='word_1_204' title='bbox 2872 1323 2929 1366; x_wconf 94' lang='lat' dir='ltr'><strong>ut</strong></span> <span class='ocrx_word' id='word_1_205' title='bbox 2957 1314 3070 1384; x_wconf 87' lang='lat' dir='ltr'><strong>ipse</strong></span> <span class='ocrx_word' id='word_1_206' title='bbox 3098 1332 3309 1387; x_wconf 90' lang='lat' dir='ltr'><strong>quoque</strong></span> <span class='ocrx_word' id='word_1_207' title='bbox 3334 1320 3484 1375; x_wconf 88' lang='lat' dir='ltr'><strong>cibus</strong></span> <span class='ocrx_word' id='word_1_208' title='bbox 3506 1337 3571 1379; x_wconf 91' lang='lat' dir='ltr'><strong>ac</strong></span> 
     </span>
    </p>
   </div>
   <div class='ocr_carea' id='block_1_28' title="bbox 1979 1398 3572 1484">
    <p class='ocr_par' dir='ltr' id='par_1_28' title="bbox 1979 1398 3572 1484">
     <span class='ocr_line' id='line_1_28' title="bbox 1979 1398 3572 1484; baseline 0.014 -36"><span class='ocrx_word' id='word_1_209' title='bbox 1979 1404 2135 1463; x_wconf 88' lang='lat' dir='ltr'><strong>potus</strong></span> <span class='ocrx_word' id='word_1_210' title='bbox 2171 1398 2383 1453; x_wconf 82' lang='lat' dir='ltr'><strong>fastidio</strong></span> <span class='ocrx_word' id='word_1_211' title='bbox 2428 1401 2557 1456; x_wconf 90' lang='lat' dir='ltr'><strong>mihi</strong></span> <span class='ocrx_word' id='word_1_212' title='bbox 2602 1411 2657 1457; x_wconf 90' lang='lat' dir='ltr'><strong>et</strong></span> <span class='ocrx_word' id='word_1_213' title='bbox 2701 1405 2980 1461; x_wconf 86' lang='lat' dir='ltr'><strong>acerbitati</strong></span> <span class='ocrx_word' id='word_1_214' title='bbox 3028 1410 3127 1474; x_wconf 81' lang='lat' dir='ltr'><strong>sit;</strong></span> <span class='ocrx_word' id='word_1_215' title='bbox 3178 1412 3375 1466; x_wconf 89' lang='lat' dir='ltr'><strong>etenim</strong></span> <span class='ocrx_word' id='word_1_216' title='bbox 3408 1417 3572 1484; x_wconf 88' lang='lat' dir='ltr'><strong>gestit</strong></span> 
     </span>
    </p>
   </div>
   <div class='ocr_carea' id='block_1_29' title="bbox 1977 1486 3569 1575">
    <p class='ocr_par' dir='ltr' id='par_1_29' title="bbox 1977 1486 3569 1575">
     <span class='ocr_line' id='line_1_29' title="bbox 1977 1486 3569 1575; baseline 0.014 -36"><span class='ocrx_word' id='word_1_217' title='bbox 1977 1486 2187 1542; x_wconf 90' lang='lat' dir='ltr'><strong>animus</strong></span> <span class='ocrx_word' id='word_1_218' title='bbox 2228 1503 2290 1543; x_wconf 90' lang='lat' dir='ltr'><strong>ea</strong></span> <span class='ocrx_word' id='word_1_219' title='bbox 2334 1506 2453 1559; x_wconf 71' lang='lat' dir='ltr'><strong>qua:</strong></span> <span class='ocrx_word' id='word_1_220' title='bbox 2483 1503 2634 1550; x_wconf 88' lang='lat' dir='ltr'><strong>extra</strong></span> <span class='ocrx_word' id='word_1_221' title='bbox 2685 1496 2784 1552; x_wconf 91' lang='lat' dir='ltr'><strong>has</strong></span> <span class='ocrx_word' id='word_1_222' title='bbox 2826 1498 3020 1567; x_wconf 89' lang='lat' dir='ltr'><strong>januas</strong></span> <span class='ocrx_word' id='word_1_223' title='bbox 3068 1511 3194 1557; x_wconf 89' lang='lat' dir='ltr'><strong>sunt</strong></span> <span class='ocrx_word' id='word_1_224' title='bbox 3242 1507 3569 1575; x_wconf 89' lang='lat' dir='ltr'><strong>perspicere.</strong></span> 
     </span>
    </p>
   </div>
   <div class='ocr_carea' id='block_1_30' title="bbox 1978 1576 3571 1665">
    <p class='ocr_par' dir='ltr' id='par_1_30' title="bbox 1978 1576 3571 1665">
     <span class='ocr_line' id='line_1_30' title="bbox 1978 1576 3571 1665; baseline 0.016 -36"><span class='ocrx_word' id='word_1_225' title='bbox 1978 1576 2341 1642; x_wconf 88' lang='lat' dir='ltr'><strong>Quamobrem</strong></span> <span class='ocrx_word' id='word_1_226' title='bbox 2362 1582 2407 1637; x_wconf 88' lang='lat' dir='ltr'><strong>si</strong></span> <span class='ocrx_word' id='word_1_227' title='bbox 2436 1599 2523 1642; x_wconf 92' lang='lat' dir='ltr'><strong>me</strong></span> <span class='ocrx_word' id='word_1_228' title='bbox 2552 1586 2673 1640; x_wconf 86' lang='lat' dir='ltr'><strong>laete</strong></span> <span class='ocrx_word' id='word_1_229' title='bbox 2695 1602 2759 1642; x_wconf 86' lang='lat' dir='ltr'><strong>ac</strong></span> <span class='ocrx_word' id='word_1_230' title='bbox 2780 1587 3019 1658; x_wconf 88' lang='lat' dir='ltr'><strong>jucunde</strong></span> <span class='ocrx_word' id='word_1_231' title='bbox 3046 1596 3220 1649; x_wconf 83' lang='lat' dir='ltr'><strong>vivere</strong></span> <span class='ocrx_word' id='word_1_232' title='bbox 3247 1599 3420 1665; x_wconf 90' lang='lat' dir='ltr'><strong>cupis,</strong></span> <span class='ocrx_word' id='word_1_233' title='bbox 3438 1598 3571 1665; x_wconf 91' lang='lat' dir='ltr'><strong>jube</strong></span> 
     </span>
    </p>
   </div>
   <div class='ocr_carea' id='block_1_31' title="bbox 1976 1668 3570 1752">
    <p class='ocr_par' dir='ltr' id='par_1_31' title="bbox 1976 1668 3570 1752">
     <span class='ocr_line' id='line_1_31' title="bbox 1976 1668 3570 1752; baseline 0.014 -31"><span class='ocrx_word' id='word_1_234' title='bbox 1976 1683 2063 1724; x_wconf 92' lang='lat' dir='ltr'><strong>me</strong></span> <span class='ocrx_word' id='word_1_235' title='bbox 2092 1668 2353 1727; x_wconf 88' lang='lat' dir='ltr'><strong>arbitratu</strong></span> <span class='ocrx_word' id='word_1_236' title='bbox 2382 1690 2501 1729; x_wconf 90' lang='lat' dir='ltr'><strong>meo</strong></span> <span class='ocrx_word' id='word_1_237' title='bbox 2531 1674 2675 1731; x_wconf 82' lang='lat' dir='ltr'><strong>foras</strong></span> <span class='ocrx_word' id='word_1_238' title='bbox 2704 1681 2973 1750; x_wconf 86' lang='lat' dir='ltr'><strong>progredi,</strong></span> <span class='ocrx_word' id='word_1_239' title='bbox 2996 1692 3156 1752; x_wconf 90' lang='lat' dir='ltr'><strong>atque</strong></span> <span class='ocrx_word' id='word_1_240' title='bbox 3182 1700 3365 1741; x_wconf 90' lang='lat' dir='ltr'><strong>earum</strong></span> <span class='ocrx_word' id='word_1_241' title='bbox 3388 1702 3570 1743; x_wconf 81' lang='lat' dir='ltr'><strong>rerum</strong></span> 
     </span>
    </p>
   </div>
   <div class='ocr_carea' id='block_1_32' title="bbox 1978 1769 3571 1843">
    <p class='ocr_par' dir='ltr' id='par_1_32' title="bbox 1978 1769 3571 1843">
     <span class='ocr_line' id='line_1_32' title="bbox 1978 1769 3571 1843; baseline 0.015 -31"><span class='ocrx_word' id='word_1_242' title='bbox 1978 1776 2200 1829; x_wconf 89' lang='lat' dir='ltr'><strong>quarum</strong></span> <span class='ocrx_word' id='word_1_243' title='bbox 2234 1777 2549 1833; x_wconf 87' lang='lat' dir='ltr'><strong>prospectus</strong></span> <span class='ocrx_word' id='word_1_244' title='bbox 2578 1769 2709 1823; x_wconf 90' lang='lat' dir='ltr'><strong>mihi</strong></span> <span class='ocrx_word' id='word_1_245' title='bbox 2736 1782 2963 1841; x_wconf 82' lang='lat' dir='ltr'><strong>negatur</strong></span> <span class='ocrx_word' id='word_1_246' title='bbox 2993 1778 3304 1843; x_wconf 86' lang='lat' dir='ltr'><strong>spectaculo</strong></span> <span class='ocrx_word' id='word_1_247' title='bbox 3330 1780 3571 1836; x_wconf 90' lang='lat' dir='ltr'><strong>animum</strong></span> 
     </span>
    </p>
   </div>
   <div class='ocr_carea' id='block_1_33' title="bbox 270 1848 2270 1927">
    <p class='ocr_par' dir='ltr' id='par_1_33' title="bbox 270 1848 2270 1927">
     <span class='ocr_line' id='line_1_33' title="bbox 270 1848 2270 1927; baseline 0.009 -25"><span class='ocrx_word' id='word_1_248' title='bbox 270 1848 425 1904; x_wconf 87' lang='lat' dir='ltr'><strong>nime</strong></span> <span class='ocrx_word' id='word_1_249' title='bbox 454 1865 581 1906; x_wconf 89' lang='lat' dir='ltr'><strong>vero</strong></span> <span class='ocrx_word' id='word_1_250' title='bbox 601 1862 1025 1909; x_wconf 87' lang='lat' dir='ltr'><strong>consentaneum</strong></span> <span class='ocrx_word' id='word_1_251' title='bbox 1058 1869 1179 1909; x_wconf 90' lang='lat' dir='ltr'><strong>esse</strong></span> <span class='ocrx_word' id='word_1_252' title='bbox 1209 1855 1435 1926; x_wconf 84' lang='lat' dir='ltr'><strong>diceret,</strong></span> <span class='ocrx_word' id='word_1_253' title='bbox 1466 1858 1593 1927; x_wconf 92' lang='lat' dir='ltr'><strong>quin</strong></span> <span class='ocrx_word' id='word_1_254' title='bbox 1627 1868 1776 1926; x_wconf 88' lang='lat' dir='ltr'><strong>pater</strong></span> <span class='ocrx_word' id='word_1_255' title='bbox 1806 1875 1868 1915; x_wconf 91' lang='lat' dir='ltr'><strong>ea</strong></span> <span class='ocrx_word' id='word_1_256' title='bbox 1904 1862 1950 1922; x_wconf 85' lang='lat' dir='ltr'><strong>B</strong></span> <span class='ocrx_word' id='word_1_257' title='bbox 1978 1852 2270 1910; x_wconf 73' lang='lat' dir='ltr'><strong>Obleclare-</strong></span> 
     </span>
    </p>
   </div>
   <div class='ocr_carea' id='block_1_34' title="bbox 271 1941 1866 2019">
    <p class='ocr_par' dir='ltr' id='par_1_34' title="bbox 271 1941 1866 2019">
     <span class='ocr_line' id='line_1_34' title="bbox 271 1941 1866 2019; baseline 0.009 -27"><span class='ocrx_word' id='word_1_258' title='bbox 271 1953 395 2009; x_wconf 69' lang='lat' dir='ltr'><strong>qua:</strong></span> <span class='ocrx_word' id='word_1_259' title='bbox 422 1941 523 2010; x_wconf 90' lang='lat' dir='ltr'><strong>ipsi</strong></span> <span class='ocrx_word' id='word_1_260' title='bbox 544 1942 909 1999; x_wconf 86' lang='lat' dir='ltr'><strong>conducerent</strong></span> <span class='ocrx_word' id='word_1_261' title='bbox 930 1946 1408 2014; x_wconf 86' lang='lat' dir='ltr'><strong>animadverteret;</strong></span> <span class='ocrx_word' id='word_1_262' title='bbox 1437 1957 1548 2003; x_wconf 92' lang='lat' dir='ltr'><strong>tum</strong></span> <span class='ocrx_word' id='word_1_263' title='bbox 1571 1950 1710 2019; x_wconf 90' lang='lat' dir='ltr'><strong>quod</strong></span> <span class='ocrx_word' id='word_1_264' title='bbox 1736 1952 1866 2007; x_wconf 90' lang='lat' dir='ltr'><strong>illud</strong></span> 
     </span>
    </p>
   </div>
   <div class='ocr_carea' id='block_1_35' title="bbox 269 2036 1868 2113">
    <p class='ocr_par' dir='ltr' id='par_1_35' title="bbox 269 2036 1868 2113">
     <span class='ocr_line' id='line_1_35' title="bbox 269 2036 1868 2113; baseline 0.006 -25"><span class='ocrx_word' id='word_1_265' title='bbox 269 2044 455 2089; x_wconf 71' lang='lat' dir='ltr'><strong>secum</strong></span> <span class='ocrx_word' id='word_1_266' title='bbox 483 2044 775 2105; x_wconf 89' lang='lat' dir='ltr'><strong>reputaret,</strong></span> <span class='ocrx_word' id='word_1_267' title='bbox 797 2036 840 2091; x_wconf 88' lang='lat' dir='ltr'><strong>si</strong></span> <span class='ocrx_word' id='word_1_268' title='bbox 864 2037 915 2091; x_wconf 89' lang='lat' dir='ltr'><strong>id</strong></span> <span class='ocrx_word' id='word_1_269' title='bbox 938 2037 1005 2091; x_wconf 91' lang='lat' dir='ltr'><strong>de</strong></span> <span class='ocrx_word' id='word_1_270' title='bbox 1030 2037 1195 2107; x_wconf 89' lang='lat' dir='ltr'><strong>patris</strong></span> <span class='ocrx_word' id='word_1_271' title='bbox 1218 2040 1489 2096; x_wconf 88' lang='lat' dir='ltr'><strong>voluntate</strong></span> <span class='ocrx_word' id='word_1_272' title='bbox 1511 2041 1681 2109; x_wconf 77' lang='lat' dir='ltr'><strong>ﬁeret,</strong></span> <span class='ocrx_word' id='word_1_273' title='bbox 1701 2059 1868 2113; x_wconf 84' lang='lat' dir='ltr'><strong>quan-</strong></span> 
     </span>
    </p>
   </div>
   <div class='ocr_carea' id='block_1_36' title="bbox 270 2127 1865 2200">
    <p class='ocr_par' dir='ltr' id='par_1_36' title="bbox 270 2127 1865 2200">
     <span class='ocr_line' id='line_1_36' title="bbox 270 2127 1865 2200; baseline 0.007 -20"><span class='ocrx_word' id='word_1_274' title='bbox 270 2127 522 2184; x_wconf 89' lang='lat' dir='ltr'><strong>tumlibet</strong></span> <span class='ocrx_word' id='word_1_275' title='bbox 553 2129 668 2199; x_wconf 92' lang='lat' dir='ltr'><strong>ipse</strong></span> <span class='ocrx_word' id='word_1_276' title='bbox 719 2139 1147 2200; x_wconf 82' lang='lat' dir='ltr'><strong>percontaretur,</strong></span> <span class='ocrx_word' id='word_1_277' title='bbox 1184 2148 1243 2187; x_wconf 90' lang='lat' dir='ltr'><strong>se</strong></span> <span class='ocrx_word' id='word_1_278' title='bbox 1272 2142 1451 2189; x_wconf 88' lang='lat' dir='ltr'><strong>tamen</strong></span> <span class='ocrx_word' id='word_1_279' title='bbox 1480 2135 1557 2189; x_wconf 91' lang='lat' dir='ltr'><strong>rei</strong></span> <span class='ocrx_word' id='word_1_280' title='bbox 1587 2137 1865 2192; x_wconf 86' lang='lat' dir='ltr'><strong>veritatem</strong></span> 
     </span>
    </p>
   </div>
   <div class='ocr_carea' id='block_1_37' title="bbox 268 2212 1864 2294">
    <p class='ocr_par' dir='ltr' id='par_1_37' title="bbox 268 2212 1864 2294">
     <span class='ocr_line' id='line_1_37' title="bbox 268 2212 1864 2294; baseline 0.006 -21"><span class='ocrx_word' id='word_1_281' title='bbox 268 2212 1476 2294; x_wconf 85' lang='lat' dir='ltr'><strong>minimeintellecturumesse.Quapropterex</strong></span> <span class='ocrx_word' id='word_1_282' title='bbox 1502 2226 1643 2294; x_wconf 91' lang='lat' dir='ltr'><strong>aliis,</strong></span> <span class='ocrx_word' id='word_1_283' title='bbox 1668 2242 1731 2283; x_wconf 91' lang='lat' dir='ltr'><strong>ac</strong></span> <span class='ocrx_word' id='word_1_284' title='bbox 1758 2243 1864 2283; x_wconf 89' lang='lat' dir='ltr'><strong>non</strong></span> 
     </span>
    </p>
   </div>
   <div class='ocr_carea' id='block_1_38' title="bbox 267 2312 1864 2388">
    <p class='ocr_par' dir='ltr' id='par_1_38' title="bbox 267 2312 1864 2388">
     <span class='ocr_line' id='line_1_38' title="bbox 267 2312 1864 2388; baseline 0.004 -21"><span class='ocrx_word' id='word_1_285' title='bbox 267 2325 295 2367; x_wconf 68' lang='grc' dir='ltr'><strong>ι</strong></span> <span class='ocrx_word' id='word_1_286' title='bbox 324 2319 482 2380; x_wconf 85' lang='lat' dir='ltr'><strong>patre</strong></span> <span class='ocrx_word' id='word_1_287' title='bbox 508 2312 623 2368; x_wconf 68' lang='lat' dir='ltr'><strong>haac</strong></span> <span class='ocrx_word' id='word_1_288' title='bbox 650 2315 790 2369; x_wconf 87' lang='lat' dir='ltr'><strong>scire</strong></span> <span class='ocrx_word' id='word_1_289' title='bbox 813 2314 1108 2369; x_wconf 89' lang='lat' dir='ltr'><strong>constituit.</strong></span> <span class='ocrx_word' id='word_1_290' title='bbox 1142 2314 1322 2383; x_wconf 85' lang='lat' dir='ltr'><strong>Itaque</strong></span> <span class='ocrx_word' id='word_1_291' title='bbox 1350 2332 1472 2371; x_wconf 91' lang='lat' dir='ltr'><strong>cum</strong></span> <span class='ocrx_word' id='word_1_292' title='bbox 1498 2333 1660 2372; x_wconf 91' lang='lat' dir='ltr'><strong>unum</strong></span> <span class='ocrx_word' id='word_1_293' title='bbox 1694 2334 1725 2373; x_wconf 93' lang='lat' dir='ltr'><strong>e</strong></span> <span class='ocrx_word' id='word_1_294' title='bbox 1754 2334 1864 2388; x_wconf 76' lang='lat' dir='ltr'><strong>pae-</strong></span> 
     </span>
    </p>
   </div>
   <div class='ocr_carea' id='block_1_39' title="bbox 267 2401 1863 2480">
    <p class='ocr_par' dir='ltr' id='par_1_39' title="bbox 267 2401 1863 2480">
     <span class='ocr_line' id='line_1_39' title="bbox 267 2401 1863 2480; baseline 0.006 -24"><span class='ocrx_word' id='word_1_295' title='bbox 267 2401 488 2473; x_wconf 87' lang='lat' dir='ltr'><strong>dagogis</strong></span> <span class='ocrx_word' id='word_1_296' title='bbox 520 2405 738 2474; x_wconf 89' lang='lat' dir='ltr'><strong>reliquis</strong></span> <span class='ocrx_word' id='word_1_297' title='bbox 764 2405 1060 2461; x_wconf 88' lang='lat' dir='ltr'><strong>chariorem</strong></span> <span class='ocrx_word' id='word_1_298' title='bbox 1089 2420 1153 2460; x_wconf 89' lang='lat' dir='ltr'><strong>ac</strong></span> <span class='ocrx_word' id='word_1_299' title='bbox 1195 2404 1588 2462; x_wconf 84' lang='lat' dir='ltr'><strong>familiariorem</strong></span> <span class='ocrx_word' id='word_1_300' title='bbox 1623 2409 1863 2480; x_wconf 84' lang='lat' dir='ltr'><strong>haberet,</strong></span> 
     </span>
    </p>
   </div>
   <div class='ocr_carea' id='block_1_40' title="bbox 266 2493 1857 2569">
    <p class='ocr_par' dir='ltr' id='par_1_40' title="bbox 266 2493 1857 2569">
     <span class='ocr_line' id='line_1_40' title="bbox 266 2493 1857 2569; baseline 0.006 -24"><span class='ocrx_word' id='word_1_301' title='bbox 266 2504 501 2561; x_wconf 89' lang='lat' dir='ltr'><strong>eumque</strong></span> <span class='ocrx_word' id='word_1_302' title='bbox 529 2493 734 2562; x_wconf 85' lang='lat' dir='ltr'><strong>majore</strong></span> <span class='ocrx_word' id='word_1_303' title='bbox 761 2494 941 2549; x_wconf 90' lang='lat' dir='ltr'><strong>adhuc</strong></span> <span class='ocrx_word' id='word_1_304' title='bbox 963 2496 1341 2551; x_wconf 88' lang='lat' dir='ltr'><strong>benevolentia</strong></span> <span class='ocrx_word' id='word_1_305' title='bbox 1371 2497 1474 2551; x_wconf 91' lang='lat' dir='ltr'><strong>sibi</strong></span> <span class='ocrx_word' id='word_1_306' title='bbox 1502 2497 1857 2569; x_wconf 79' lang='lat' dir='ltr'><strong>devinxisset,</strong></span> 
     </span>
    </p>
   </div>
   <div class='ocr_carea' id='block_1_41' title="bbox 260 2584 1861 2655">
    <p class='ocr_par' dir='ltr' id='par_1_41' title="bbox 260 2584 1861 2655">
     <span class='ocr_line' id='line_1_41' title="bbox 260 2584 1861 2655; baseline 0.005 -16"><span class='ocrx_word' id='word_1_307' title='bbox 260 2592 425 2655; x_wconf 73' lang='lat' dir='ltr'><strong>atque</strong></span> <span class='ocrx_word' id='word_1_308' title='bbox 453 2584 799 2655; x_wconf 88' lang='lat' dir='ltr'><strong>amplissimis</strong></span> <span class='ocrx_word' id='word_1_309' title='bbox 827 2587 1139 2642; x_wconf 86' lang='lat' dir='ltr'><strong>muneribus</strong></span> <span class='ocrx_word' id='word_1_310' title='bbox 1168 2588 1456 2655; x_wconf 80' lang='lat' dir='ltr'><strong>ali&#39;ecisset,</strong></span> <span class='ocrx_word' id='word_1_311' title='bbox 1483 2590 1552 2644; x_wconf 91' lang='lat' dir='ltr'><strong>ab</strong></span> <span class='ocrx_word' id='word_1_312' title='bbox 1578 2605 1643 2645; x_wconf 91' lang='lat' dir='ltr'><strong>eo</strong></span> <span class='ocrx_word' id='word_1_313' title='bbox 1674 2592 1861 2647; x_wconf 85' lang='lat' dir='ltr'><strong>scisci-</strong></span> 
     </span>
    </p>
   </div>
   <div class='ocr_carea' id='block_1_42' title="bbox 264 2675 1865 2749">
    <p class='ocr_par' dir='ltr' id='par_1_42' title="bbox 264 2675 1865 2749">
     <span class='ocr_line' id='line_1_42' title="bbox 264 2675 1865 2749; baseline 0.006 -20"><span class='ocrx_word' id='word_1_314' title='bbox 264 2675 483 2730; x_wconf 80' lang='lat' dir='ltr'><strong>labatur</strong></span> <span class='ocrx_word' id='word_1_315' title='bbox 528 2675 782 2746; x_wconf 89' lang='lat' dir='ltr'><strong>quidnam</strong></span> <span class='ocrx_word' id='word_1_316' title='bbox 830 2693 1011 2749; x_wconf 89' lang='lat' dir='ltr'><strong>regem</strong></span> <span class='ocrx_word' id='word_1_317' title='bbox 1044 2678 1347 2747; x_wconf 89' lang='lat' dir='ltr'><strong>impulisset</strong></span> <span class='ocrx_word' id='word_1_318' title='bbox 1388 2688 1445 2733; x_wconf 89' lang='lat' dir='ltr'><strong>ut</strong></span> <span class='ocrx_word' id='word_1_319' title='bbox 1494 2694 1614 2735; x_wconf 92' lang='lat' dir='ltr'><strong>eum</strong></span> <span class='ocrx_word' id='word_1_320' title='bbox 1665 2683 1718 2736; x_wconf 91' lang='lat' dir='ltr'><strong>in</strong></span> <span class='ocrx_word' id='word_1_321' title='bbox 1763 2682 1865 2738; x_wconf 92' lang='lat' dir='ltr'><strong>hoc</strong></span> 
     </span>
    </p>
   </div>
   <div class='ocr_carea' id='block_1_43' title="bbox 260 2770 1864 2846">
    <p class='ocr_par' dir='ltr' id='par_1_43' title="bbox 260 2770 1864 2846">
     <span class='ocr_line' id='line_1_43' title="bbox 260 2770 1864 2846; baseline 0.006 -22"><span class='ocrx_word' id='word_1_322' title='bbox 260 2778 425 2840; x_wconf 72' lang='grc' dir='ltr'><strong>ιεριο</strong></span> <span class='ocrx_word' id='word_1_323' title='bbox 458 2770 722 2826; x_wconf 88' lang='lat' dir='ltr'><strong>inclusum</strong></span> <span class='ocrx_word' id='word_1_324' title='bbox 768 2781 997 2828; x_wconf 87' lang='lat' dir='ltr'><strong>teneret.</strong></span> <span class='ocrx_word' id='word_1_325' title='bbox 1044 2773 1179 2829; x_wconf 90' lang='lat' dir='ltr'><strong>Illud</strong></span> <span class='ocrx_word' id='word_1_326' title='bbox 1218 2775 1376 2829; x_wconf 85' lang='lat' dir='ltr'><strong>etiam</strong></span> <span class='ocrx_word' id='word_1_327' title='bbox 1423 2774 1864 2846; x_wconf 87' lang='lat' dir='ltr'><strong>adjungebat:Si</strong></span> 
     </span>
    </p>
   </div>
   <div class='ocr_carea' id='block_1_44' title="bbox 261 2860 1862 2938">
    <p class='ocr_par' dir='ltr' id='par_1_44' title="bbox 261 2860 1862 2938">
     <span class='ocr_line' id='line_1_44' title="bbox 261 2860 1862 2938; baseline 0.004 -19"><span class='ocrx_word' id='word_1_328' title='bbox 261 2860 401 2919; x_wconf 85' lang='lat' dir='ltr'><strong>mihi</strong></span> <span class='ocrx_word' id='word_1_329' title='bbox 430 2872 617 2933; x_wconf 89' lang='lat' dir='ltr'><strong>aperte</strong></span> <span class='ocrx_word' id='word_1_330' title='bbox 662 2864 763 2920; x_wconf 91' lang='lat' dir='ltr'><strong>hoc</strong></span> <span class='ocrx_word' id='word_1_331' title='bbox 806 2868 1141 2935; x_wconf 86' lang='lat' dir='ltr'><strong>exposueris,</strong></span> <span class='ocrx_word' id='word_1_332' title='bbox 1167 2867 1415 2922; x_wconf 90' lang='lat' dir='ltr'><strong>omnibus</strong></span> <span class='ocrx_word' id='word_1_333' title='bbox 1444 2877 1494 2921; x_wconf 91' lang='lat' dir='ltr'><strong>te</strong></span> <span class='ocrx_word' id='word_1_334' title='bbox 1518 2876 1862 2938; x_wconf 87' lang='lat' dir='ltr'><strong>anteponam,</strong></span> 
     </span>
    </p>
   </div>
   <div class='ocr_carea' id='block_1_45' title="bbox 263 2955 1867 3030">
    <p class='ocr_par' dir='ltr' id='par_1_45' title="bbox 263 2955 1867 3030">
     <span class='ocr_line' id='line_1_45' title="bbox 263 2955 1867 3030; baseline 0.006 -24"><span class='ocrx_word' id='word_1_335' title='bbox 263 2961 655 3023; x_wconf 61' lang='lat' dir='ltr'><strong>perpetuaque</strong></span> <span class='ocrx_word' id='word_1_336' title='bbox 681 2955 929 3010; x_wconf 67' lang='lat' dir='ltr'><strong>amicitiae</strong></span> <span class='ocrx_word' id='word_1_337' title='bbox 961 2955 1136 3011; x_wconf 74' lang='lat' dir='ltr'><strong>foedus</strong></span> <span class='ocrx_word' id='word_1_338' title='bbox 1166 2966 1338 3013; x_wconf 88' lang='lat' dir='ltr'><strong>tecum</strong></span> <span class='ocrx_word' id='word_1_339' title='bbox 1369 2957 1576 3013; x_wconf 77' lang='lat' dir='ltr'><strong>teriam.</strong></span> <span class='ocrx_word' id='word_1_340' title='bbox 1610 2959 1867 3030; x_wconf 73' lang='lat' dir='ltr'><strong>Paedago—</strong></span> 
     </span>
    </p>
   </div>
   <div class='ocr_carea' id='block_1_46' title="bbox 262 3046 1864 3119">
    <p class='ocr_par' dir='ltr' id='par_1_46' title="bbox 262 3046 1864 3119">
     <span class='ocr_line' id='line_1_46' title="bbox 262 3046 1864 3119; baseline 0.006 -23"><span class='ocrx_word' id='word_1_341' title='bbox 262 3058 368 3114; x_wconf 85' lang='lat' dir='ltr'><strong>gus</strong></span> <span class='ocrx_word' id='word_1_342' title='bbox 394 3052 594 3110; x_wconf 91' lang='lat' dir='ltr'><strong>autem,</strong></span> <span class='ocrx_word' id='word_1_343' title='bbox 627 3056 684 3100; x_wconf 91' lang='lat' dir='ltr'><strong>ut</strong></span> <span class='ocrx_word' id='word_1_344' title='bbox 728 3047 818 3115; x_wconf 92' lang='lat' dir='ltr'><strong>qui</strong></span> <span class='ocrx_word' id='word_1_345' title='bbox 861 3046 1020 3103; x_wconf 88' lang='lat' dir='ltr'><strong>etiam</strong></span> <span class='ocrx_word' id='word_1_346' title='bbox 1068 3048 1183 3119; x_wconf 90' lang='lat' dir='ltr'><strong>ipse</strong></span> <span class='ocrx_word' id='word_1_347' title='bbox 1232 3050 1468 3119; x_wconf 87' lang='lat' dir='ltr'><strong>prudens</strong></span> <span class='ocrx_word' id='word_1_348' title='bbox 1516 3062 1570 3106; x_wconf 89' lang='lat' dir='ltr'><strong>et</strong></span> <span class='ocrx_word' id='word_1_349' title='bbox 1615 3054 1864 3107; x_wconf 89' lang='lat' dir='ltr'><strong>cordatus</strong></span> 
     </span>
    </p>
   </div>
   <div class='ocr_carea' id='block_1_47' title="bbox 266 3137 1864 3209">
    <p class='ocr_par' dir='ltr' id='par_1_47' title="bbox 266 3137 1864 3209">
     <span class='ocr_line' id='line_1_47' title="bbox 266 3137 1864 3209; baseline 0.007 -20"><span class='ocrx_word' id='word_1_350' title='bbox 266 3145 437 3203; x_wconf 78' lang='lat' dir='ltr'><strong>esset,</strong></span> <span class='ocrx_word' id='word_1_351' title='bbox 462 3137 723 3206; x_wconf 89' lang='lat' dir='ltr'><strong>puerique</strong></span> <span class='ocrx_word' id='word_1_352' title='bbox 748 3140 1091 3209; x_wconf 82' lang='lat' dir='ltr'><strong>sagacitatem</strong></span> <span class='ocrx_word' id='word_1_353' title='bbox 1121 3156 1185 3196; x_wconf 90' lang='lat' dir='ltr'><strong>ac</strong></span> <span class='ocrx_word' id='word_1_354' title='bbox 1226 3144 1462 3198; x_wconf 85' lang='lat' dir='ltr'><strong>numeris</strong></span> <span class='ocrx_word' id='word_1_355' title='bbox 1490 3145 1737 3200; x_wconf 89' lang='lat' dir='ltr'><strong>omnibus</strong></span> <span class='ocrx_word' id='word_1_356' title='bbox 1766 3146 1864 3200; x_wconf 91' lang='lat' dir='ltr'><strong>ab-</strong></span> 
     </span>
    </p>
   </div>
   <div class='ocr_carea' id='block_1_48' title="bbox 2045 1947 3569 2037">
    <p class='ocr_par' dir='ltr' id='par_1_48' title="bbox 2045 1947 3569 2037">
     <span class='ocr_line' id='line_1_48' title="bbox 2045 1947 3569 2037; baseline 0.013 -36"><span class='ocrx_word' id='word_1_357' title='bbox 2045 1947 2171 2003; x_wconf 80' lang='lat' dir='ltr'><strong>Ilacc</strong></span> <span class='ocrx_word' id='word_1_358' title='bbox 2222 1957 2281 2004; x_wconf 90' lang='lat' dir='ltr'><strong>ut</strong></span> <span class='ocrx_word' id='word_1_359' title='bbox 2320 1966 2411 2005; x_wconf 88' lang='lat' dir='ltr'><strong>rex</strong></span> <span class='ocrx_word' id='word_1_360' title='bbox 2459 1950 2683 2022; x_wconf 80' lang='lat' dir='ltr'><strong>audivit,</strong></span> <span class='ocrx_word' id='word_1_361' title='bbox 2716 1958 2973 2013; x_wconf 71' lang='lat' dir='ltr'><strong>mmstitia</strong></span> <span class='ocrx_word' id='word_1_362' title='bbox 3014 1959 3236 2017; x_wconf 82' lang='lat' dir='ltr'><strong>aﬂ&#39;ectus</strong></span> <span class='ocrx_word' id='word_1_363' title='bbox 3267 1966 3423 2037; x_wconf 80' lang='lat'><strong>251</strong></span> <span class='ocrx_word' id='word_1_364' title='bbox 3459 1977 3569 2033; x_wconf 89' lang='lat' dir='ltr'><strong>est,</strong></span> 
     </span>
    </p>
   </div>
   <div class='ocr_carea' id='block_1_49' title="bbox 1972 2036 3570 2121">
    <p class='ocr_par' dir='ltr' id='par_1_49' title="bbox 1972 2036 3570 2121">
     <span class='ocr_line' id='line_1_49' title="bbox 1972 2036 3570 2121; baseline 0.014 -30"><span class='ocrx_word' id='word_1_365' title='bbox 1972 2036 2211 2108; x_wconf 87' lang='lat' dir='ltr'><strong>illudque</strong></span> <span class='ocrx_word' id='word_1_366' title='bbox 2231 2041 2494 2110; x_wconf 86' lang='lat' dir='ltr'><strong>c0gitabat</strong></span> <span class='ocrx_word' id='word_1_367' title='bbox 2523 2044 2669 2111; x_wconf 81' lang='lat' dir='ltr'><strong>fore,</strong></span> <span class='ocrx_word' id='word_1_368' title='bbox 2698 2056 2757 2101; x_wconf 92' lang='lat' dir='ltr'><strong>ut</strong></span> <span class='ocrx_word' id='word_1_369' title='bbox 2785 2049 2828 2103; x_wconf 88' lang='lat' dir='ltr'><strong>si</strong></span> <span class='ocrx_word' id='word_1_370' title='bbox 2858 2049 2930 2104; x_wconf 88' lang='lat' dir='ltr'><strong>illi</strong></span> <span class='ocrx_word' id='word_1_371' title='bbox 2962 2052 3102 2121; x_wconf 87' lang='lat' dir='ltr'><strong>quod</strong></span> <span class='ocrx_word' id='word_1_372' title='bbox 3151 2056 3362 2120; x_wconf 85' lang='lat' dir='ltr'><strong>petebat</strong></span> <span class='ocrx_word' id='word_1_373' title='bbox 3400 2036 3570 2113; x_wconf 87' lang='lat' dir='ltr'><strong>deue-</strong></span> 
     </span>
    </p>
   </div>
   <div class='ocr_carea' id='block_1_50' title="bbox 1971 2132 3569 2205">
    <p class='ocr_par' dir='ltr' id='par_1_50' title="bbox 1971 2132 3569 2205">
     <span class='ocr_line' id='line_1_50' title="bbox 1971 2132 3569 2205; baseline 0.013 -21"><span class='ocrx_word' id='word_1_374' title='bbox 1971 2140 2138 2199; x_wconf 88' lang='lat' dir='ltr'><strong>garet,</strong></span> <span class='ocrx_word' id='word_1_375' title='bbox 2170 2132 2431 2205; x_wconf 85' lang='lat' dir='ltr'><strong>majorem</strong></span> <span class='ocrx_word' id='word_1_376' title='bbox 2460 2140 2507 2192; x_wconf 88' lang='lat' dir='ltr'><strong>ei</strong></span> <span class='ocrx_word' id='word_1_377' title='bbox 2537 2154 2825 2197; x_wconf 73' lang='lat' dir='ltr'><strong>mmrorem</strong></span> <span class='ocrx_word' id='word_1_378' title='bbox 2857 2158 2921 2198; x_wconf 89' lang='lat' dir='ltr'><strong>ac</strong></span> <span class='ocrx_word' id='word_1_379' title='bbox 2965 2145 3380 2204; x_wconf 87' lang='lat' dir='ltr'><strong>sollicitudinem</strong></span> <span class='ocrx_word' id='word_1_380' title='bbox 3412 2150 3569 2205; x_wconf 81' lang='lat' dir='ltr'><strong>aﬂ‘er—</strong></span> 
     </span>
    </p>
   </div>
   <div class='ocr_carea' id='block_1_51' title="bbox 1971 2226 3561 2305">
    <p class='ocr_par' dir='ltr' id='par_1_51' title="bbox 1971 2226 3561 2305">
     <span class='ocr_line' id='line_1_51' title="bbox 1971 2226 3561 2305; baseline 0.014 -29"><span class='ocrx_word' id='word_1_381' title='bbox 1971 2233 2074 2279; x_wconf 90' lang='lat' dir='ltr'><strong>ret.</strong></span> <span class='ocrx_word' id='word_1_382' title='bbox 2132 2226 2389 2292; x_wconf 84' lang='lat' dir='ltr'><strong>Quocirca</strong></span> <span class='ocrx_word' id='word_1_383' title='bbox 2443 2245 2504 2286; x_wconf 90' lang='lat' dir='ltr'><strong>se</strong></span> <span class='ocrx_word' id='word_1_384' title='bbox 2547 2247 2669 2302; x_wconf 63' lang='lat' dir='ltr'><strong>quae</strong></span> <span class='ocrx_word' id='word_1_385' title='bbox 2721 2245 2872 2303; x_wconf 89' lang='lat' dir='ltr'><strong>grata</strong></span> <span class='ocrx_word' id='word_1_386' title='bbox 2913 2236 3013 2305; x_wconf 90' lang='lat' dir='ltr'><strong>ipsi</strong></span> <span class='ocrx_word' id='word_1_387' title='bbox 3065 2249 3249 2294; x_wconf 89' lang='lat' dir='ltr'><strong>essent</strong></span> <span class='ocrx_word' id='word_1_388' title='bbox 3294 2242 3561 2299; x_wconf 86' lang='lat' dir='ltr'><strong>facturum</strong></span> 
     </span>
    </p>
   </div>
   <div class='ocr_carea' id='block_1_52' title="bbox 1971 2315 3563 2395">
    <p class='ocr_par' dir='ltr' id='par_1_52' title="bbox 1971 2315 3563 2395">
     <span class='ocr_line' id='line_1_52' title="bbox 1971 2315 3563 2395; baseline 0.016 -28"><span class='ocrx_word' id='word_1_389' title='bbox 1971 2315 2123 2369; x_wconf 83' lang='lat' dir='ltr'><strong>dixit.</strong></span> <span class='ocrx_word' id='word_1_390' title='bbox 2153 2319 2232 2373; x_wconf 80' lang='lat' dir='ltr'><strong>Ac</strong></span> <span class='ocrx_word' id='word_1_391' title='bbox 2258 2322 2436 2376; x_wconf 91' lang='lat' dir='ltr'><strong>statim</strong></span> <span class='ocrx_word' id='word_1_392' title='bbox 2467 2324 2691 2380; x_wconf 87' lang='lat' dir='ltr'><strong>eximios</strong></span> <span class='ocrx_word' id='word_1_393' title='bbox 2719 2340 2887 2395; x_wconf 91' lang='lat' dir='ltr'><strong>equos</strong></span> <span class='ocrx_word' id='word_1_394' title='bbox 2916 2343 2978 2383; x_wconf 90' lang='lat' dir='ltr'><strong>ac</strong></span> <span class='ocrx_word' id='word_1_395' title='bbox 3018 2331 3305 2386; x_wconf 88' lang='lat' dir='ltr'><strong>satellitum</strong></span> <span class='ocrx_word' id='word_1_396' title='bbox 3348 2348 3563 2391; x_wconf 90' lang='lat' dir='ltr'><strong>manum</strong></span> 
     </span>
    </p>
   </div>
   <div class='ocr_carea' id='block_1_53' title="bbox 1970 2410 3564 2496">
    <p class='ocr_par' dir='ltr' id='par_1_53' title="bbox 1970 2410 3564 2496">
     <span class='ocr_line' id='line_1_53' title="bbox 1970 2410 3564 2496; baseline 0.014 -33"><span class='ocrx_word' id='word_1_397' title='bbox 1970 2412 2133 2480; x_wconf 70' lang='lat' dir='ltr'><strong>regias</strong></span> <span class='ocrx_word' id='word_1_398' title='bbox 2151 2410 2391 2482; x_wconf 82' lang='lat' dir='ltr'><strong>dignitati</strong></span> <span class='ocrx_word' id='word_1_399' title='bbox 2412 2428 2790 2487; x_wconf 83' lang='lat' dir='ltr'><strong>congruentem</strong></span> <span class='ocrx_word' id='word_1_400' title='bbox 2819 2421 2993 2490; x_wconf 91' lang='lat' dir='ltr'><strong>parari</strong></span> <span class='ocrx_word' id='word_1_401' title='bbox 3011 2424 3193 2493; x_wconf 90' lang='lat' dir='ltr'><strong>jussit,</strong></span> <span class='ocrx_word' id='word_1_402' title='bbox 3219 2427 3376 2496; x_wconf 89' lang='lat' dir='ltr'><strong>eique</strong></span> <span class='ocrx_word' id='word_1_403' title='bbox 3399 2437 3564 2496; x_wconf 87' lang='lat' dir='ltr'><strong>teras,</strong></span> 
     </span>
    </p>
   </div>
   <div class='ocr_carea' id='block_1_54' title="bbox 1970 2504 3566 2583">
    <p class='ocr_par' dir='ltr' id='par_1_54' title="bbox 1970 2504 3566 2583">
     <span class='ocr_line' id='line_1_54' title="bbox 1970 2504 3566 2583; baseline 0.013 -29"><span class='ocrx_word' id='word_1_404' title='bbox 1970 2504 2181 2569; x_wconf 91' lang='lat' dir='ltr'><strong>quoties</strong></span> <span class='ocrx_word' id='word_1_405' title='bbox 2207 2504 2385 2572; x_wconf 88' lang='lat' dir='ltr'><strong>vellet,</strong></span> <span class='ocrx_word' id='word_1_406' title='bbox 2421 2511 2795 2579; x_wconf 86' lang='lat' dir='ltr'><strong>progrediendi</strong></span> <span class='ocrx_word' id='word_1_407' title='bbox 2842 2522 3161 2583; x_wconf 87' lang='lat' dir='ltr'><strong>potestatem</strong></span> <span class='ocrx_word' id='word_1_408' title='bbox 3192 2516 3334 2572; x_wconf 83' lang='lat' dir='ltr'><strong>fecit.</strong></span> <span class='ocrx_word' id='word_1_409' title='bbox 3368 2518 3438 2574; x_wconf 90' lang='lat' dir='ltr'><strong>lis</strong></span> <span class='ocrx_word' id='word_1_410' title='bbox 3468 2534 3566 2575; x_wconf 92' lang='lat' dir='ltr'><strong>au-</strong></span> 
     </span>
    </p>
   </div>
   <div class='ocr_carea' id='block_1_55' title="bbox 1970 2596 3567 2679">
    <p class='ocr_par' dir='ltr' id='par_1_55' title="bbox 1970 2596 3567 2679">
     <span class='ocr_line' id='line_1_55' title="bbox 1970 2596 3567 2679; baseline 0.014 -32"><span class='ocrx_word' id='word_1_411' title='bbox 1970 2602 2079 2649; x_wconf 90' lang='lat' dir='ltr'><strong>tem</strong></span> <span class='ocrx_word' id='word_1_412' title='bbox 2107 2596 2197 2666; x_wconf 91' lang='lat' dir='ltr'><strong>qui</strong></span> <span class='ocrx_word' id='word_1_413' title='bbox 2225 2612 2347 2652; x_wconf 91' lang='lat' dir='ltr'><strong>cum</strong></span> <span class='ocrx_word' id='word_1_414' title='bbox 2378 2614 2443 2655; x_wconf 91' lang='lat' dir='ltr'><strong>eo</strong></span> <span class='ocrx_word' id='word_1_415' title='bbox 2466 2603 2818 2661; x_wconf 89' lang='lat' dir='ltr'><strong>versabantur</strong></span> <span class='ocrx_word' id='word_1_416' title='bbox 2843 2622 3184 2679; x_wconf 89' lang='lat' dir='ltr'><strong>summopere</strong></span> <span class='ocrx_word' id='word_1_417' title='bbox 3207 2611 3486 2667; x_wconf 89' lang='lat' dir='ltr'><strong>mandavit</strong></span> <span class='ocrx_word' id='word_1_418' title='bbox 3510 2623 3567 2669; x_wconf 92' lang='lat' dir='ltr'><strong>ut</strong></span> 
     </span>
    </p>
   </div>
   <div class='ocr_carea' id='block_1_56' title="bbox 1973 2693 3565 2771">
    <p class='ocr_par' dir='ltr' id='par_1_56' title="bbox 1973 2693 3565 2771">
     <span class='ocr_line' id='line_1_56' title="bbox 1973 2693 3565 2771; baseline 0.015 -34"><span class='ocrx_word' id='word_1_419' title='bbox 1973 2698 2228 2742; x_wconf 90' lang='lat' dir='ltr'><strong>curarent</strong></span> <span class='ocrx_word' id='word_1_420' title='bbox 2258 2703 2327 2745; x_wconf 88' lang='lat' dir='ltr'><strong>ne</strong></span> <span class='ocrx_word' id='word_1_421' title='bbox 2370 2693 2499 2761; x_wconf 88' lang='lat' dir='ltr'><strong>quid</strong></span> <span class='ocrx_word' id='word_1_422' title='bbox 2537 2693 2815 2764; x_wconf 89' lang='lat' dir='ltr'><strong>injucundi</strong></span> <span class='ocrx_word' id='word_1_423' title='bbox 2845 2698 3057 2754; x_wconf 87' lang='lat' dir='ltr'><strong>obviam</strong></span> <span class='ocrx_word' id='word_1_424' title='bbox 3090 2702 3341 2771; x_wconf 88' lang='lat' dir='ltr'><strong>haberet;</strong></span> <span class='ocrx_word' id='word_1_425' title='bbox 3375 2720 3565 2761; x_wconf 89' lang='lat' dir='ltr'><strong>verum</strong></span> 
     </span>
    </p>
   </div>
   <div class='ocr_carea' id='block_1_57' title="bbox 1971 2775 3567 2864">
    <p class='ocr_par' dir='ltr' id='par_1_57' title="bbox 1971 2775 3567 2864">
     <span class='ocr_line' id='line_1_57' title="bbox 1971 2775 3567 2864; baseline 0.014 -36"><span class='ocrx_word' id='word_1_426' title='bbox 1971 2775 2225 2847; x_wconf 83' lang='lat' dir='ltr'><strong>quidquid</strong></span> <span class='ocrx_word' id='word_1_427' title='bbox 2257 2780 2539 2849; x_wconf 88' lang='lat' dir='ltr'><strong>pulchrum</strong></span> <span class='ocrx_word' id='word_1_428' title='bbox 2576 2795 2629 2840; x_wconf 91' lang='lat' dir='ltr'><strong>et</strong></span> <span class='ocrx_word' id='word_1_429' title='bbox 2657 2801 2928 2844; x_wconf 86' lang='lat' dir='ltr'><strong>amoenum</strong></span> <span class='ocrx_word' id='word_1_430' title='bbox 2968 2805 3034 2846; x_wconf 91' lang='lat' dir='ltr'><strong>ac</strong></span> <span class='ocrx_word' id='word_1_431' title='bbox 3072 2791 3368 2861; x_wconf 88' lang='lat' dir='ltr'><strong>jucundum</strong></span> <span class='ocrx_word' id='word_1_432' title='bbox 3397 2808 3567 2864; x_wconf 90' lang='lat' dir='ltr'><strong>esset,</strong></span> 
     </span>
    </p>
   </div>
   <div class='ocr_carea' id='block_1_58' title="bbox 1971 2868 3566 2954">
    <p class='ocr_par' dir='ltr' id='par_1_58' title="bbox 1971 2868 3566 2954">
     <span class='ocr_line' id='line_1_58' title="bbox 1971 2868 3566 2954; baseline 0.014 -32"><span class='ocrx_word' id='word_1_433' title='bbox 1971 2868 2071 2937; x_wconf 87' lang='lat' dir='ltr'><strong>ipsi</strong></span> <span class='ocrx_word' id='word_1_434' title='bbox 2095 2872 2472 2941; x_wconf 89' lang='lat' dir='ltr'><strong>ostenderent;</strong></span> <span class='ocrx_word' id='word_1_435' title='bbox 2494 2876 2830 2951; x_wconf 89' lang='lat' dir='ltr'><strong>choreasque</strong></span> <span class='ocrx_word' id='word_1_436' title='bbox 2853 2881 2906 2936; x_wconf 91' lang='lat' dir='ltr'><strong>in</strong></span> <span class='ocrx_word' id='word_1_437' title='bbox 2929 2882 3029 2938; x_wconf 90' lang='lat' dir='ltr'><strong>viis</strong></span> <span class='ocrx_word' id='word_1_438' title='bbox 3049 2886 3335 2954; x_wconf 85' lang='lat' dir='ltr'><strong>agitarent,</strong></span> <span class='ocrx_word' id='word_1_439' title='bbox 3360 2888 3566 2944; x_wconf 86' lang='lat' dir='ltr'><strong>suavis-</strong></span> 
     </span>
    </p>
   </div>
   <div class='ocr_carea' id='block_1_59' title="bbox 1970 2963 3565 3051">
    <p class='ocr_par' dir='ltr' id='par_1_59' title="bbox 1970 2963 3565 3051">
     <span class='ocr_line' id='line_1_59' title="bbox 1970 2963 3565 3051; baseline 0.014 -36"><span class='ocrx_word' id='word_1_440' title='bbox 1970 2963 2227 3034; x_wconf 86' lang='lat' dir='ltr'><strong>simisque</strong></span> <span class='ocrx_word' id='word_1_441' title='bbox 2253 2966 2590 3025; x_wconf 70' lang='lat' dir='ltr'><strong>cantionibus</strong></span> <span class='ocrx_word' id='word_1_442' title='bbox 2614 2985 2834 3042; x_wconf 90' lang='lat' dir='ltr'><strong>operam</strong></span> <span class='ocrx_word' id='word_1_443' title='bbox 2866 2974 3076 3044; x_wconf 90' lang='lat' dir='ltr'><strong>darent,</strong></span> <span class='ocrx_word' id='word_1_444' title='bbox 3101 2992 3163 3032; x_wconf 91' lang='lat' dir='ltr'><strong>ac</strong></span> <span class='ocrx_word' id='word_1_445' title='bbox 3186 2982 3333 3036; x_wconf 89' lang='lat' dir='ltr'><strong>varia</strong></span> <span class='ocrx_word' id='word_1_446' title='bbox 3354 2990 3565 3051; x_wconf 90' lang='lat' dir='ltr'><strong>specta-</strong></span> 
     </span>
    </p>
   </div>
   <div class='ocr_carea' id='block_1_60' title="bbox 1971 3056 3563 3145">
    <p class='ocr_par' dir='ltr' id='par_1_60' title="bbox 1971 3056 3563 3145">
     <span class='ocr_line' id='line_1_60' title="bbox 1971 3056 3563 3145; baseline 0.013 -35"><span class='ocrx_word' id='word_1_447' title='bbox 1971 3056 2088 3111; x_wconf 91' lang='lat' dir='ltr'><strong>cula</strong></span> <span class='ocrx_word' id='word_1_448' title='bbox 2119 3063 2535 3129; x_wconf 77' lang='lat' dir='ltr'><strong>constituerent,</strong></span> <span class='ocrx_word' id='word_1_449' title='bbox 2563 3074 2623 3118; x_wconf 89' lang='lat' dir='ltr'><strong>ut</strong></span> <span class='ocrx_word' id='word_1_450' title='bbox 2644 3066 2760 3134; x_wconf 89' lang='lat' dir='ltr'><strong>ipse</strong></span> <span class='ocrx_word' id='word_1_451' title='bbox 2783 3079 3017 3125; x_wconf 90' lang='lat' dir='ltr'><strong>mentem</strong></span> <span class='ocrx_word' id='word_1_452' title='bbox 3042 3071 3124 3126; x_wconf 90' lang='lat' dir='ltr'><strong>his</strong></span> <span class='ocrx_word' id='word_1_453' title='bbox 3149 3073 3308 3129; x_wconf 89' lang='lat' dir='ltr'><strong>rebus</strong></span> <span class='ocrx_word' id='word_1_454' title='bbox 3338 3089 3563 3145; x_wconf 84' lang='lat' dir='ltr'><strong>occupa-</strong></span> 
     </span>
    </p>
   </div>
   <div class='ocr_carea' id='block_1_61' title="bbox 1973 3150 2589 3219">
    <p class='ocr_par' dir='ltr' id='par_1_61' title="bbox 1973 3150 2589 3219">
     <span class='ocr_line' id='line_1_61' title="bbox 1973 3150 2589 3219; baseline 0.013 -17"><span class='ocrx_word' id='word_1_455' title='bbox 1973 3157 2057 3203; x_wconf 90' lang='lat' dir='ltr'><strong>ret</strong></span> <span class='ocrx_word' id='word_1_456' title='bbox 2084 3158 2246 3219; x_wconf 90' lang='lat' dir='ltr'><strong>atque</strong></span> <span class='ocrx_word' id='word_1_457' title='bbox 2273 3150 2589 3210; x_wconf 87' lang='lat' dir='ltr'><strong>oblectaret.</strong></span> 
     </span>
    </p>
   </div>
   <div class='ocr_carea' id='block_1_62' title="bbox 266 3226 3557 3318">
    <p class='ocr_par' dir='ltr' id='par_1_62' title="bbox 266 3226 3557 3318">
     <span class='ocr_line' id='line_1_62' title="bbox 266 3226 3557 3318; baseline 0.011 -38"><span class='ocrx_word' id='word_1_458' title='bbox 266 3226 503 3282; x_wconf 87' lang='lat' dir='ltr'><strong>solutam</strong></span> <span class='ocrx_word' id='word_1_459' title='bbox 534 3229 868 3298; x_wconf 90' lang='lat' dir='ltr'><strong>prudentiam</strong></span> <span class='ocrx_word' id='word_1_460' title='bbox 909 3232 1239 3302; x_wconf 85' lang='lat' dir='ltr'><strong>exploratam</strong></span> <span class='ocrx_word' id='word_1_461' title='bbox 1271 3235 1514 3303; x_wconf 89' lang='lat' dir='ltr'><strong>haberet,</strong></span> <span class='ocrx_word' id='word_1_462' title='bbox 1549 3253 1722 3306; x_wconf 89' lang='lat' dir='ltr'><strong>neque</strong></span> <span class='ocrx_word' id='word_1_463' title='bbox 1763 3239 1863 3295; x_wconf 88' lang='lat' dir='ltr'><strong>sibi</strong></span> <span class='ocrx_word' id='word_1_464' title='bbox 1893 3238 1943 3304; x_wconf 71' lang='grc' dir='ltr'><strong>(Ξ</strong></span> <span class='ocrx_word' id='word_1_465' title='bbox 2044 3242 2176 3301; x_wconf 86' lang='lat' dir='ltr'><strong>Cum</strong></span> <span class='ocrx_word' id='word_1_466' title='bbox 2206 3246 2371 3316; x_wconf 87' lang='lat' dir='ltr'><strong>igitur</strong></span> <span class='ocrx_word' id='word_1_467' title='bbox 2400 3249 2541 3318; x_wconf 89' lang='lat' dir='ltr'><strong>regis</strong></span> <span class='ocrx_word' id='word_1_468' title='bbox 2570 3249 2714 3305; x_wconf 89' lang='lat' dir='ltr'><strong>ﬂlius</strong></span> <span class='ocrx_word' id='word_1_469' title='bbox 2743 3250 2810 3305; x_wconf 86' lang='lat' dir='ltr'><strong>ad</strong></span> <span class='ocrx_word' id='word_1_470' title='bbox 2842 3251 2982 3308; x_wconf 91' lang='lat' dir='ltr'><strong>hunc</strong></span> <span class='ocrx_word' id='word_1_471' title='bbox 3016 3254 3234 3310; x_wconf 89' lang='lat' dir='ltr'><strong>modum</strong></span> <span class='ocrx_word' id='word_1_472' title='bbox 3268 3256 3410 3313; x_wconf 80' lang='lat' dir='ltr'><strong>foras</strong></span> <span class='ocrx_word' id='word_1_473' title='bbox 3439 3275 3557 3315; x_wconf 90' lang='lat' dir='ltr'><strong>cre-</strong></span> 
     </span>
    </p>
   </div>
   <div class='ocr_carea' id='block_1_63' title="bbox 266 3318 1861 3403">
    <p class='ocr_par' dir='ltr' id='par_1_63' title="bbox 266 3318 1861 3403">
     <span class='ocr_line' id='line_1_63' title="bbox 266 3318 1861 3403; baseline 0.009 -30"><span class='ocrx_word' id='word_1_474' title='bbox 266 3318 335 3374; x_wconf 88' lang='lat' dir='ltr'><strong>ab</strong></span> <span class='ocrx_word' id='word_1_475' title='bbox 391 3334 458 3375; x_wconf 90' lang='lat' dir='ltr'><strong>eo</strong></span> <span class='ocrx_word' id='word_1_476' title='bbox 498 3321 791 3390; x_wconf 90' lang='lat' dir='ltr'><strong>periculum</strong></span> <span class='ocrx_word' id='word_1_477' title='bbox 842 3324 1008 3380; x_wconf 90' lang='lat' dir='ltr'><strong>ullum</strong></span> <span class='ocrx_word' id='word_1_478' title='bbox 1059 3326 1347 3382; x_wconf 90' lang='lat' dir='ltr'><strong>conﬂatum</strong></span> <span class='ocrx_word' id='word_1_479' title='bbox 1396 3330 1462 3383; x_wconf 90' lang='lat' dir='ltr'><strong>iri</strong></span> <span class='ocrx_word' id='word_1_480' title='bbox 1507 3331 1861 3403; x_wconf 81' lang='lat' dir='ltr'><strong>existimaret,</strong></span> 
     </span>
    </p>
   </div>
   <div class='ocr_carea' id='block_1_64' title="bbox 266 3412 1865 3491">
    <p class='ocr_par' dir='ltr' id='par_1_64' title="bbox 266 3412 1865 3491">
     <span class='ocr_line' id='line_1_64' title="bbox 266 3412 1865 3491; baseline 0.008 -25"><span class='ocrx_word' id='word_1_481' title='bbox 266 3412 451 3467; x_wconf 84' lang='lat' dir='ltr'><strong>omnia</strong></span> <span class='ocrx_word' id='word_1_482' title='bbox 482 3413 529 3468; x_wconf 89' lang='lat' dir='ltr'><strong>ei</strong></span> <span class='ocrx_word' id='word_1_483' title='bbox 549 3413 820 3485; x_wconf 89' lang='lat' dir='ltr'><strong>sigillatim</strong></span> <span class='ocrx_word' id='word_1_484' title='bbox 846 3418 1123 3487; x_wconf 87' lang='lat' dir='ltr'><strong>exposuit,</strong></span> <span class='ocrx_word' id='word_1_485' title='bbox 1144 3434 1335 3490; x_wconf 88' lang='lat' dir='ltr'><strong>nempe</strong></span> <span class='ocrx_word' id='word_1_486' title='bbox 1359 3429 1415 3476; x_wconf 92' lang='lat' dir='ltr'><strong>et</strong></span> <span class='ocrx_word' id='word_1_487' title='bbox 1435 3423 1865 3491; x_wconf 88' lang='lat' dir='ltr'><strong>persecutionem</strong></span> 
     </span>
    </p>
   </div>
   <div class='ocr_carea' id='block_1_65' title="bbox 263 3503 1867 3582">
    <p class='ocr_par' dir='ltr' id='par_1_65' title="bbox 263 3503 1867 3582">
     <span class='ocr_line' id='line_1_65' title="bbox 263 3503 1867 3582; baseline 0.008 -23"><span class='ocrx_word' id='word_1_488' title='bbox 263 3503 533 3562; x_wconf 82' lang='lat' dir='ltr'><strong>adversus</strong></span> <span class='ocrx_word' id='word_1_489' title='bbox 580 3506 953 3576; x_wconf 84' lang='lat' dir='ltr'><strong>Christianos,</strong></span> <span class='ocrx_word' id='word_1_490' title='bbox 989 3526 1053 3566; x_wconf 91' lang='lat' dir='ltr'><strong>ac</strong></span> <span class='ocrx_word' id='word_1_491' title='bbox 1093 3512 1427 3582; x_wconf 91' lang='lat' dir='ltr'><strong>potissimum</strong></span> <span class='ocrx_word' id='word_1_492' title='bbox 1473 3513 1732 3571; x_wconf 90' lang='lat' dir='ltr'><strong>adversus</strong></span> <span class='ocrx_word' id='word_1_493' title='bbox 1774 3531 1867 3572; x_wconf 92' lang='lat' dir='ltr'><strong>eos</strong></span> 
     </span>
    </p>
   </div>
   <div class='ocr_carea' id='block_1_66' title="bbox 264 3600 1864 3679">
    <p class='ocr_par' dir='ltr' id='par_1_66' title="bbox 264 3600 1864 3679">
     <span class='ocr_line' id='line_1_66' title="bbox 264 3600 1864 3679; baseline 0.007 -26"><span class='ocrx_word' id='word_1_494' title='bbox 264 3600 362 3670; x_wconf 90' lang='lat' dir='ltr'><strong>qui</strong></span> <span class='ocrx_word' id='word_1_495' title='bbox 396 3615 457 3655; x_wconf 90' lang='lat' dir='ltr'><strong>se</strong></span> <span class='ocrx_word' id='word_1_496' title='bbox 487 3601 670 3670; x_wconf 89' lang='lat' dir='ltr'><strong>pietati</strong></span> <span class='ocrx_word' id='word_1_497' title='bbox 699 3602 937 3660; x_wconf 64' lang='lat' dir='ltr'><strong>colendae</strong></span> <span class='ocrx_word' id='word_1_498' title='bbox 985 3612 1126 3660; x_wconf 91' lang='lat' dir='ltr'><strong>totos</strong></span> <span class='ocrx_word' id='word_1_499' title='bbox 1168 3606 1513 3663; x_wconf 89' lang='lat' dir='ltr'><strong>devovissent</strong></span> <span class='ocrx_word' id='word_1_500' title='bbox 1552 3609 1864 3679; x_wconf 88' lang='lat' dir='ltr'><strong>promulga-</strong></span> 
     </span>
    </p>
   </div>
   <div class='ocr_carea' id='block_1_67' title="bbox 271 3696 1868 3765">
    <p class='ocr_par' dir='ltr' id='par_1_67' title="bbox 271 3696 1868 3765">
     <span class='ocr_line' id='line_1_67' title="bbox 271 3696 1868 3765; baseline 0.005 -17"><span class='ocrx_word' id='word_1_501' title='bbox 271 3700 411 3761; x_wconf 81' lang='lat' dir='ltr'><strong>tam,</strong></span> <span class='ocrx_word' id='word_1_502' title='bbox 441 3703 500 3749; x_wconf 89' lang='lat' dir='ltr'><strong>et</strong></span> <span class='ocrx_word' id='word_1_503' title='bbox 542 3696 992 3765; x_wconf 88' lang='lat' dir='ltr'><strong>quemadmodum</strong></span> <span class='ocrx_word' id='word_1_504' title='bbox 1042 3697 1111 3753; x_wconf 90' lang='lat' dir='ltr'><strong>ab</strong></span> <span class='ocrx_word' id='word_1_505' title='bbox 1155 3698 1403 3754; x_wconf 91' lang='lat' dir='ltr'><strong>omnibus</strong></span> <span class='ocrx_word' id='word_1_506' title='bbox 1449 3699 1691 3756; x_wconf 84' lang='lat' dir='ltr'><strong>ﬁnitimis</strong></span> <span class='ocrx_word' id='word_1_507' title='bbox 1735 3700 1868 3756; x_wconf 89' lang='lat' dir='ltr'><strong>locis</strong></span> 
     </span>
    </p>
   </div>
   <div class='ocr_carea' id='block_1_68' title="bbox 268 3785 1867 3863">
    <p class='ocr_par' dir='ltr' id='par_1_68' title="bbox 268 3785 1867 3863">
     <span class='ocr_line' id='line_1_68' title="bbox 268 3785 1867 3863; baseline 0.005 -24"><span class='ocrx_word' id='word_1_508' title='bbox 268 3785 484 3854; x_wconf 82' lang='lat' dir='ltr'><strong>expulsi</strong></span> <span class='ocrx_word' id='word_1_509' title='bbox 510 3794 566 3841; x_wconf 92' lang='lat' dir='ltr'><strong>et</strong></span> <span class='ocrx_word' id='word_1_510' title='bbox 590 3785 749 3857; x_wconf 89' lang='lat' dir='ltr'><strong>ejecti</strong></span> <span class='ocrx_word' id='word_1_511' title='bbox 795 3788 1043 3855; x_wconf 78' lang='lat' dir='ltr'><strong>fuissent,</strong></span> <span class='ocrx_word' id='word_1_512' title='bbox 1076 3801 1237 3861; x_wconf 91' lang='lat' dir='ltr'><strong>atque</strong></span> <span class='ocrx_word' id='word_1_513' title='bbox 1270 3791 1396 3846; x_wconf 91' lang='lat' dir='ltr'><strong>item</strong></span> <span class='ocrx_word' id='word_1_514' title='bbox 1427 3805 1489 3846; x_wconf 90' lang='lat' dir='ltr'><strong>ea</strong></span> <span class='ocrx_word' id='word_1_515' title='bbox 1519 3807 1637 3861; x_wconf 85' lang='lat' dir='ltr'><strong>quae</strong></span> <span class='ocrx_word' id='word_1_516' title='bbox 1665 3793 1783 3863; x_wconf 93' lang='lat' dir='ltr'><strong>ipso</strong></span> <span class='ocrx_word' id='word_1_517' title='bbox 1812 3794 1867 3848; x_wconf 92' lang='lat' dir='ltr'><strong>in</strong></span> 
     </span>
    </p>
   </div>
   <div class='ocr_carea' id='block_1_69' title="bbox 269 3874 1861 3955">
    <p class='ocr_par' dir='ltr' id='par_1_69' title="bbox 269 3874 1861 3955">
     <span class='ocr_line' id='line_1_69' title="bbox 269 3874 1861 3955; baseline 0.006 -27"><span class='ocrx_word' id='word_1_518' title='bbox 269 3874 449 3931; x_wconf 89' lang='lat' dir='ltr'><strong>lucem</strong></span> <span class='ocrx_word' id='word_1_519' title='bbox 475 3876 621 3932; x_wconf 90' lang='lat' dir='ltr'><strong>edito</strong></span> <span class='ocrx_word' id='word_1_520' title='bbox 650 3878 904 3951; x_wconf 88' lang='lat' dir='ltr'><strong>astrologi</strong></span> <span class='ocrx_word' id='word_1_521' title='bbox 927 3880 1323 3951; x_wconf 66' lang='lat' dir='ltr'><strong>praedixissent.</strong></span> <span class='ocrx_word' id='word_1_522' title='bbox 1352 3881 1430 3938; x_wconf 87' lang='lat' dir='ltr'><strong>Ne</strong></span> <span class='ocrx_word' id='word_1_523' title='bbox 1456 3883 1636 3953; x_wconf 88' lang='lat' dir='ltr'><strong>igitur,</strong></span> <span class='ocrx_word' id='word_1_524' title='bbox 1670 3883 1861 3955; x_wconf 85' lang='lat' dir='ltr'><strong>inquit,</strong></span> 
     </span>
    </p>
   </div>
   <div class='ocr_carea' id='block_1_70' title="bbox 269 3966 1867 4046">
    <p class='ocr_par' dir='ltr' id='par_1_70' title="bbox 269 3966 1867 4046">
     <span class='ocr_line' id='line_1_70' title="bbox 269 3966 1867 4046; baseline 0.007 -26"><span class='ocrx_word' id='word_1_525' title='bbox 269 3966 454 4021; x_wconf 84' lang='lat' dir='ltr'><strong>audita</strong></span> <span class='ocrx_word' id='word_1_526' title='bbox 482 3982 667 4025; x_wconf 88' lang='lat' dir='ltr'><strong>eorum</strong></span> <span class='ocrx_word' id='word_1_527' title='bbox 699 3970 941 4027; x_wconf 85' lang='lat' dir='ltr'><strong>doctrina</strong></span> <span class='ocrx_word' id='word_1_528' title='bbox 971 4013 987 4040; x_wconf 92' lang='lat'><strong>,</strong></span> <span class='ocrx_word' id='word_1_529' title='bbox 1016 3987 1135 4028; x_wconf 91' lang='lat' dir='ltr'><strong>eam</strong></span> <span class='ocrx_word' id='word_1_530' title='bbox 1165 3974 1412 4043; x_wconf 83' lang='lat' dir='ltr'><strong>religioni</strong></span> <span class='ocrx_word' id='word_1_531' title='bbox 1444 3986 1644 4032; x_wconf 65' lang='lat' dir='ltr'><strong>nostris</strong></span> <span class='ocrx_word' id='word_1_532' title='bbox 1671 3976 1867 4046; x_wconf 69' lang='lat' dir='ltr'><strong>prmle-</strong></span> 
     </span>
    </p>
   </div>
   <div class='ocr_carea' id='block_1_71' title="bbox 269 4063 1865 4137">
    <p class='ocr_par' dir='ltr' id='par_1_71' title="bbox 269 4063 1865 4137">
     <span class='ocr_line' id='line_1_71' title="bbox 269 4063 1865 4137; baseline 0.007 -22"><span class='ocrx_word' id='word_1_533' title='bbox 269 4076 380 4128; x_wconf 90' lang='lat' dir='ltr'><strong>ras,</strong></span> <span class='ocrx_word' id='word_1_534' title='bbox 414 4063 616 4119; x_wconf 87' lang='lat' dir='ltr'><strong>idcirco</strong></span> <span class='ocrx_word' id='word_1_535' title='bbox 646 4078 677 4118; x_wconf 90' lang='lat' dir='ltr'><strong>a</strong></span> <span class='ocrx_word' id='word_1_536' title='bbox 707 4080 834 4137; x_wconf 87' lang='lat' dir='ltr'><strong>rege</strong></span> <span class='ocrx_word' id='word_1_537' title='bbox 885 4067 1008 4121; x_wconf 89' lang='lat' dir='ltr'><strong>data</strong></span> <span class='ocrx_word' id='word_1_538' title='bbox 1053 4083 1215 4137; x_wconf 89' lang='lat' dir='ltr'><strong>opera</strong></span> <span class='ocrx_word' id='word_1_539' title='bbox 1247 4078 1361 4135; x_wconf 90' lang='lat' dir='ltr'><strong>est,</strong></span> <span class='ocrx_word' id='word_1_540' title='bbox 1394 4085 1461 4125; x_wconf 90' lang='lat' dir='ltr'><strong>ne</strong></span> <span class='ocrx_word' id='word_1_541' title='bbox 1494 4070 1645 4125; x_wconf 89' lang='lat' dir='ltr'><strong>multi</strong></span> <span class='ocrx_word' id='word_1_542' title='bbox 1689 4078 1865 4126; x_wconf 87' lang='lat' dir='ltr'><strong>tecum</strong></span> 
     </span>
    </p>
   </div>
   <div class='ocr_carea' id='block_1_72' title="bbox 269 4158 1865 4231">
    <p class='ocr_par' dir='ltr' id='par_1_72' title="bbox 269 4158 1865 4231">
     <span class='ocr_line' id='line_1_72' title="bbox 269 4158 1865 4231; baseline 0.007 -22"><span class='ocrx_word' id='word_1_543' title='bbox 269 4158 719 4214; x_wconf 88' lang='lat' dir='ltr'><strong>consuetudinem</strong></span> <span class='ocrx_word' id='word_1_544' title='bbox 744 4158 1021 4226; x_wconf 88' lang='lat' dir='ltr'><strong>haberent,</strong></span> <span class='ocrx_word' id='word_1_545' title='bbox 1042 4162 1135 4217; x_wconf 92' lang='lat' dir='ltr'><strong>sed</strong></span> <span class='ocrx_word' id='word_1_546' title='bbox 1160 4162 1315 4231; x_wconf 89' lang='lat' dir='ltr'><strong>pauci</strong></span> <span class='ocrx_word' id='word_1_547' title='bbox 1337 4164 1576 4217; x_wconf 89' lang='lat' dir='ltr'><strong>omnino.</strong></span> <span class='ocrx_word' id='word_1_548' title='bbox 1609 4164 1688 4219; x_wconf 90' lang='lat' dir='ltr'><strong>Ac</strong></span> <span class='ocrx_word' id='word_1_549' title='bbox 1712 4166 1865 4220; x_wconf 90' lang='lat' dir='ltr'><strong>nobis</strong></span> 
     </span>
    </p>
   </div>
   <div class='ocr_carea' id='block_1_73' title="bbox 270 4252 1859 4329">
    <p class='ocr_par' dir='ltr' id='par_1_73' title="bbox 270 4252 1859 4329">
     <span class='ocr_line' id='line_1_73' title="bbox 270 4252 1859 4329; baseline 0.004 -24"><span class='ocrx_word' id='word_1_550' title='bbox 270 4252 432 4305; x_wconf 86' lang='lat' dir='ltr'><strong>etiam</strong></span> <span class='ocrx_word' id='word_1_551' title='bbox 466 4262 625 4323; x_wconf 88' lang='lat' dir='ltr'><strong>atque</strong></span> <span class='ocrx_word' id='word_1_552' title='bbox 653 4254 812 4309; x_wconf 89' lang='lat' dir='ltr'><strong>etiam</strong></span> <span class='ocrx_word' id='word_1_553' title='bbox 855 4256 1148 4321; x_wconf 90' lang='lat' dir='ltr'><strong>mandavit,</strong></span> <span class='ocrx_word' id='word_1_554' title='bbox 1178 4266 1238 4311; x_wconf 93' lang='lat' dir='ltr'><strong>ut</strong></span> <span class='ocrx_word' id='word_1_555' title='bbox 1270 4257 1610 4313; x_wconf 88' lang='lat' dir='ltr'><strong>studeremus</strong></span> <span class='ocrx_word' id='word_1_556' title='bbox 1636 4273 1703 4314; x_wconf 91' lang='lat' dir='ltr'><strong>ne</strong></span> <span class='ocrx_word' id='word_1_557' title='bbox 1732 4258 1859 4329; x_wconf 91' lang='lat' dir='ltr'><strong>quid</strong></span> 
     </span>
    </p>
   </div>
   <div class='ocr_carea' id='block_1_74' title="bbox 270 4342 1687 4417">
    <p class='ocr_par' dir='ltr' id='par_1_74' title="bbox 270 4342 1687 4417">
     <span class='ocr_line' id='line_1_74' title="bbox 270 4342 1687 4417; baseline 0.003 -20"><span class='ocrx_word' id='word_1_558' title='bbox 270 4342 499 4414; x_wconf 81' lang='lat' dir='ltr'><strong>hujusce</strong></span> <span class='ocrx_word' id='word_1_559' title='bbox 524 4346 647 4402; x_wconf 67' lang='lat' dir='ltr'><strong>vitae</strong></span> <span class='ocrx_word' id='word_1_560' title='bbox 680 4347 1047 4403; x_wconf 88' lang='lat' dir='ltr'><strong>molestiarum</strong></span> <span class='ocrx_word' id='word_1_561' title='bbox 1081 4364 1177 4416; x_wconf 93' lang='lat' dir='ltr'><strong>per</strong></span> <span class='ocrx_word' id='word_1_562' title='bbox 1205 4363 1302 4404; x_wconf 92' lang='lat' dir='ltr'><strong>nos</strong></span> <span class='ocrx_word' id='word_1_563' title='bbox 1339 4348 1687 4417; x_wconf 88' lang='lat' dir='ltr'><strong>intelligeres.</strong></span> 
     </span>
    </p>
   </div>
   <div class='ocr_carea' id='block_1_75' title="bbox 341 4454 1860 4526">
    <p class='ocr_par' dir='ltr' id='par_1_75' title="bbox 341 4454 1860 4526">
     <span class='ocr_line' id='line_1_75' title="bbox 341 4454 1860 4526; baseline 0.005 -18"><span class='ocrx_word' id='word_1_564' title='bbox 341 4454 468 4509; x_wconf 62' lang='lat' dir='ltr'><strong>Haec</strong></span> <span class='ocrx_word' id='word_1_565' title='bbox 491 4464 549 4510; x_wconf 91' lang='lat' dir='ltr'><strong>ut</strong></span> <span class='ocrx_word' id='word_1_566' title='bbox 570 4457 883 4512; x_wconf 87' lang='lat' dir='ltr'><strong>adolescens</strong></span> <span class='ocrx_word' id='word_1_567' title='bbox 903 4458 1131 4526; x_wconf 89' lang='lat' dir='ltr'><strong>audivit,</strong></span> <span class='ocrx_word' id='word_1_568' title='bbox 1153 4459 1355 4514; x_wconf 91' lang='lat' dir='ltr'><strong>nullum</strong></span> <span class='ocrx_word' id='word_1_569' title='bbox 1377 4460 1604 4515; x_wconf 90' lang='lat' dir='ltr'><strong>alterum</strong></span> <span class='ocrx_word' id='word_1_570' title='bbox 1635 4460 1860 4515; x_wconf 91' lang='lat' dir='ltr'><strong>verbum</strong></span> 
     </span>
    </p>
   </div>
   <div class='ocr_carea' id='block_1_76' title="bbox 269 4545 1866 4621">
    <p class='ocr_par' dir='ltr' id='par_1_76' title="bbox 269 4545 1866 4621">
     <span class='ocr_line' id='line_1_76' title="bbox 269 4545 1866 4621; baseline 0.006 -23"><span class='ocrx_word' id='word_1_571' title='bbox 269 4545 535 4614; x_wconf 73' lang='lat' dir='ltr'><strong>adiunxit.</strong></span> <span class='ocrx_word' id='word_1_572' title='bbox 569 4546 835 4604; x_wconf 69' lang='lat' dir='ltr'><strong>Caeterum</strong></span> <span class='ocrx_word' id='word_1_573' title='bbox 862 4549 1109 4605; x_wconf 90' lang='lat' dir='ltr'><strong>salutaris</strong></span> <span class='ocrx_word' id='word_1_574' title='bbox 1130 4565 1312 4606; x_wconf 83' lang='lat' dir='ltr'><strong>sermo</strong></span> <span class='ocrx_word' id='word_1_575' title='bbox 1336 4552 1501 4620; x_wconf 86' lang='lat' dir='ltr'><strong>ipsius</strong></span> <span class='ocrx_word' id='word_1_576' title='bbox 1524 4560 1711 4621; x_wconf 91' lang='lat' dir='ltr'><strong>pectus</strong></span> <span class='ocrx_word' id='word_1_577' title='bbox 1744 4554 1866 4607; x_wconf 92' lang='lat' dir='ltr'><strong>teti-</strong></span> 
     </span>
    </p>
   </div>
   <div class='ocr_carea' id='block_1_77' title="bbox 1973 3334 3562 3410">
    <p class='ocr_par' dir='ltr' id='par_1_77' title="bbox 1973 3334 3562 3410">
     <span class='ocr_line' id='line_1_77' title="bbox 1973 3334 3562 3410; baseline 0.01 -20"><span class='ocrx_word' id='word_1_578' title='bbox 1973 3334 2073 3391; x_wconf 91' lang='lat' dir='ltr'><strong>bro</strong></span> <span class='ocrx_word' id='word_1_579' title='bbox 2100 3338 2549 3407; x_wconf 89' lang='lat' dir='ltr'><strong>progrederetur,</strong></span> <span class='ocrx_word' id='word_1_580' title='bbox 2595 3341 2826 3410; x_wconf 89' lang='lat' dir='ltr'><strong>quadam</strong></span> <span class='ocrx_word' id='word_1_581' title='bbox 2872 3342 2961 3399; x_wconf 90' lang='lat' dir='ltr'><strong>die</strong></span> <span class='ocrx_word' id='word_1_582' title='bbox 3010 3345 3379 3403; x_wconf 90' lang='lat' dir='ltr'><strong>ministrorum</strong></span> <span class='ocrx_word' id='word_1_583' title='bbox 3429 3349 3562 3405; x_wconf 80' lang='lat' dir='ltr'><strong>obli-</strong></span> 
     </span>
    </p>
   </div>
   <div class='ocr_carea' id='block_1_78' title="bbox 1971 3428 3560 3511">
    <p class='ocr_par' dir='ltr' id='par_1_78' title="bbox 1971 3428 3560 3511">
     <span class='ocr_line' id='line_1_78' title="bbox 1971 3428 3560 3511; baseline 0.009 -28"><span class='ocrx_word' id='word_1_584' title='bbox 1971 3428 2131 3484; x_wconf 83' lang='lat' dir='ltr'><strong>vione</strong></span> <span class='ocrx_word' id='word_1_585' title='bbox 2160 3428 2359 3487; x_wconf 83' lang='lat' dir='ltr'><strong>factum</strong></span> <span class='ocrx_word' id='word_1_586' title='bbox 2385 3441 2473 3488; x_wconf 90' lang='lat' dir='ltr'><strong>est</strong></span> <span class='ocrx_word' id='word_1_587' title='bbox 2502 3440 2561 3487; x_wconf 93' lang='lat' dir='ltr'><strong>ut</strong></span> <span class='ocrx_word' id='word_1_588' title='bbox 2590 3432 2728 3489; x_wconf 92' lang='lat' dir='ltr'><strong>duos</strong></span> <span class='ocrx_word' id='word_1_589' title='bbox 2764 3435 2910 3491; x_wconf 90' lang='lat' dir='ltr'><strong>viros</strong></span> <span class='ocrx_word' id='word_1_590' title='bbox 2942 3438 3307 3510; x_wconf 90' lang='lat' dir='ltr'><strong>perspiceret,</strong></span> <span class='ocrx_word' id='word_1_591' title='bbox 3332 3456 3560 3511; x_wconf 89' lang='lat' dir='ltr'><strong>quorum</strong></span> 
     </span>
    </p>
   </div>
   <div class='ocr_carea' id='block_1_79' title="bbox 1973 3523 3561 3605">
    <p class='ocr_par' dir='ltr' id='par_1_79' title="bbox 1973 3523 3561 3605">
     <span class='ocr_line' id='line_1_79' title="bbox 1973 3523 3561 3605; baseline 0.009 -28"><span class='ocrx_word' id='word_1_592' title='bbox 1973 3525 2111 3578; x_wconf 88' lang='lat' dir='ltr'><strong>alter</strong></span> <span class='ocrx_word' id='word_1_593' title='bbox 2140 3523 2321 3594; x_wconf 89' lang='lat' dir='ltr'><strong>lepra,</strong></span> <span class='ocrx_word' id='word_1_594' title='bbox 2355 3525 2494 3582; x_wconf 90' lang='lat' dir='ltr'><strong>alter</strong></span> <span class='ocrx_word' id='word_1_595' title='bbox 2523 3527 2765 3583; x_wconf 71' lang='lat' dir='ltr'><strong>caecitate</strong></span> <span class='ocrx_word' id='word_1_596' title='bbox 2790 3528 3091 3587; x_wconf 85' lang='lat' dir='ltr'><strong>laborabat.</strong></span> <span class='ocrx_word' id='word_1_597' title='bbox 3119 3532 3263 3600; x_wconf 88' lang='lat' dir='ltr'><strong>Quos</strong></span> <span class='ocrx_word' id='word_1_598' title='bbox 3285 3535 3561 3605; x_wconf 48' lang='lat' dir='ltr'><strong>conspica&#39;</strong></span> 
     </span>
    </p>
   </div>
   <div class='ocr_carea' id='block_1_80' title="bbox 1975 3620 3560 3698">
    <p class='ocr_par' dir='ltr' id='par_1_80' title="bbox 1975 3620 3560 3698">
     <span class='ocr_line' id='line_1_80' title="bbox 1975 3620 3560 3698; baseline 0.008 -27"><span class='ocrx_word' id='word_1_599' title='bbox 1975 3627 2081 3685; x_wconf 92' lang='lat' dir='ltr'><strong>tus,</strong></span> <span class='ocrx_word' id='word_1_600' title='bbox 2106 3630 2266 3689; x_wconf 89' lang='lat' dir='ltr'><strong>atque</strong></span> <span class='ocrx_word' id='word_1_601' title='bbox 2291 3620 2459 3675; x_wconf 90' lang='lat' dir='ltr'><strong>animi</strong></span> <span class='ocrx_word' id='word_1_602' title='bbox 2490 3622 2747 3678; x_wconf 66' lang='lat' dir='ltr'><strong>maestitia</strong></span> <span class='ocrx_word' id='word_1_603' title='bbox 2772 3622 2998 3680; x_wconf 71' lang='lat' dir='ltr'><strong>allectus</strong></span> <span class='ocrx_word' id='word_1_604' title='bbox 3022 3668 3036 3692; x_wconf 93' lang='lat'><strong>,</strong></span> <span class='ocrx_word' id='word_1_605' title='bbox 3068 3626 3137 3680; x_wconf 90' lang='lat' dir='ltr'><strong>ab</strong></span> <span class='ocrx_word' id='word_1_606' title='bbox 3168 3626 3233 3680; x_wconf 79' lang='lat' dir='ltr'><strong>iis</strong></span> <span class='ocrx_word' id='word_1_607' title='bbox 3256 3629 3346 3698; x_wconf 91' lang='lat' dir='ltr'><strong>qui</strong></span> <span class='ocrx_word' id='word_1_608' title='bbox 3376 3642 3560 3686; x_wconf 84' lang='lat' dir='ltr'><strong>secum</strong></span> 
     </span>
    </p>
   </div>
   <div class='ocr_carea' id='block_1_81' title="bbox 1971 3712 3564 3790">
    <p class='ocr_par' dir='ltr' id='par_1_81' title="bbox 1971 3712 3564 3790">
     <span class='ocr_line' id='line_1_81' title="bbox 1971 3712 3564 3790; baseline 0.008 -24"><span class='ocrx_word' id='word_1_609' title='bbox 1971 3719 2127 3766; x_wconf 91' lang='lat' dir='ltr'><strong>erant</strong></span> <span class='ocrx_word' id='word_1_610' title='bbox 2174 3712 2395 3782; x_wconf 91' lang='lat' dir='ltr'><strong>quinam</strong></span> <span class='ocrx_word' id='word_1_611' title='bbox 2449 3714 2504 3770; x_wconf 85' lang='lat' dir='ltr'><strong>bi</strong></span> <span class='ocrx_word' id='word_1_612' title='bbox 2554 3725 2767 3782; x_wconf 89' lang='lat' dir='ltr'><strong>essent,</strong></span> <span class='ocrx_word' id='word_1_613' title='bbox 2818 3726 2873 3774; x_wconf 92' lang='lat' dir='ltr'><strong>et</strong></span> <span class='ocrx_word' id='word_1_614' title='bbox 2924 3719 3193 3788; x_wconf 86' lang='lat' dir='ltr'><strong>quodnam</strong></span> <span class='ocrx_word' id='word_1_615' title='bbox 3248 3737 3408 3790; x_wconf 88' lang='lat' dir='ltr'><strong>grave</strong></span> <span class='ocrx_word' id='word_1_616' title='bbox 3460 3723 3564 3778; x_wconf 85' lang='lat' dir='ltr'><strong>hoc</strong></span> 
     </span>
    </p>
   </div>
   <div class='ocr_carea' id='block_1_82' title="bbox 1969 3806 3557 3879">
    <p class='ocr_par' dir='ltr' id='par_1_82' title="bbox 1969 3806 3557 3879">
     <span class='ocr_line' id='line_1_82' title="bbox 1969 3806 3557 3879; baseline 0.008 -20"><span class='ocrx_word' id='word_1_617' title='bbox 1969 3806 2336 3873; x_wconf 89' lang='lat' dir='ltr'><strong>spectaculum</strong></span> <span class='ocrx_word' id='word_1_618' title='bbox 2365 3814 2532 3874; x_wconf 86' lang='lat' dir='ltr'><strong>esset,</strong></span> <span class='ocrx_word' id='word_1_619' title='bbox 2566 3816 2911 3877; x_wconf 84' lang='lat' dir='ltr'><strong>percontatus</strong></span> <span class='ocrx_word' id='word_1_620' title='bbox 2940 3820 3052 3876; x_wconf 90' lang='lat' dir='ltr'><strong>est;</strong></span> <span class='ocrx_word' id='word_1_621' title='bbox 3087 3811 3165 3866; x_wconf 91' lang='lat' dir='ltr'><strong>illi</strong></span> <span class='ocrx_word' id='word_1_622' title='bbox 3193 3820 3405 3879; x_wconf 90' lang='lat' dir='ltr'><strong>autem,</strong></span> <span class='ocrx_word' id='word_1_623' title='bbox 3437 3830 3557 3871; x_wconf 92' lang='lat' dir='ltr'><strong>cum</strong></span> 
     </span>
    </p>
   </div>
   <div class='ocr_carea' id='block_1_83' title="bbox 1973 3895 3555 3971">
    <p class='ocr_par' dir='ltr' id='par_1_83' title="bbox 1973 3895 3555 3971">
     <span class='ocr_line' id='line_1_83' title="bbox 1973 3895 3555 3971; baseline 0.009 -21"><span class='ocrx_word' id='word_1_624' title='bbox 1973 3895 2025 3950; x_wconf 92' lang='lat' dir='ltr'><strong>id</strong></span> <span class='ocrx_word' id='word_1_625' title='bbox 2054 3897 2200 3965; x_wconf 84' lang='lat' dir='ltr'><strong>quod</strong></span> <span class='ocrx_word' id='word_1_626' title='bbox 2236 3898 2289 3953; x_wconf 90' lang='lat' dir='ltr'><strong>in</strong></span> <span class='ocrx_word' id='word_1_627' title='bbox 2330 3899 2499 3969; x_wconf 87' lang='lat' dir='ltr'><strong>ipsius</strong></span> <span class='ocrx_word' id='word_1_628' title='bbox 2544 3911 2819 3971; x_wconf 88' lang='lat' dir='ltr'><strong>aspectum</strong></span> <span class='ocrx_word' id='word_1_629' title='bbox 2855 3914 3077 3961; x_wconf 87' lang='lat' dir='ltr'><strong>venerat</strong></span> <span class='ocrx_word' id='word_1_630' title='bbox 3124 3908 3397 3964; x_wconf 88' lang='lat' dir='ltr'><strong>occultare</strong></span> <span class='ocrx_word' id='word_1_631' title='bbox 3448 3926 3555 3965; x_wconf 90' lang='lat' dir='ltr'><strong>non</strong></span> 
     </span>
    </p>
   </div>
   <div class='ocr_carea' id='block_1_84' title="bbox 1974 3990 3558 4069">
    <p class='ocr_par' dir='ltr' id='par_1_84' title="bbox 1974 3990 3558 4069">
     <span class='ocr_line' id='line_1_84' title="bbox 1974 3990 3558 4069; baseline 0.011 -28"><span class='ocrx_word' id='word_1_632' title='bbox 1974 3997 2208 4055; x_wconf 90' lang='lat' dir='ltr'><strong>possent,</strong></span> <span class='ocrx_word' id='word_1_633' title='bbox 2233 3990 2330 4046; x_wconf 93' lang='lat' dir='ltr'><strong>has</strong></span> <span class='ocrx_word' id='word_1_634' title='bbox 2355 3991 2618 4048; x_wconf 89' lang='lat' dir='ltr'><strong>humanas</strong></span> <span class='ocrx_word' id='word_1_635' title='bbox 2643 3996 2978 4051; x_wconf 88' lang='lat' dir='ltr'><strong>calamitates</strong></span> <span class='ocrx_word' id='word_1_636' title='bbox 2999 4011 3121 4053; x_wconf 90' lang='lat' dir='ltr'><strong>esse</strong></span> <span class='ocrx_word' id='word_1_637' title='bbox 3141 4000 3558 4069; x_wconf 88' lang='lat' dir='ltr'><strong>responderunt,</strong></span> 
     </span>
    </p>
   </div>
   <div class='ocr_carea' id='block_1_85' title="bbox 1972 4087 3561 4160">
    <p class='ocr_par' dir='ltr' id='par_1_85' title="bbox 1972 4087 3561 4160">
     <span class='ocr_line' id='line_1_85' title="bbox 1972 4087 3561 4160; baseline 0.01 -26"><span class='ocrx_word' id='word_1_638' title='bbox 1972 4095 2090 4149; x_wconf 65' lang='lat' dir='ltr'><strong>quae</strong></span> <span class='ocrx_word' id='word_1_639' title='bbox 2119 4097 2187 4137; x_wconf 90' lang='lat' dir='ltr'><strong>ex</strong></span> <span class='ocrx_word' id='word_1_640' title='bbox 2218 4094 2469 4154; x_wconf 90' lang='lat' dir='ltr'><strong>corrupta</strong></span> <span class='ocrx_word' id='word_1_641' title='bbox 2498 4087 2757 4155; x_wconf 90' lang='lat' dir='ltr'><strong>materia,</strong></span> <span class='ocrx_word' id='word_1_642' title='bbox 2789 4096 2845 4143; x_wconf 92' lang='lat' dir='ltr'><strong>et</strong></span> <span class='ocrx_word' id='word_1_643' title='bbox 2873 4102 3102 4160; x_wconf 86' lang='lat' dir='ltr'><strong>corpore</strong></span> <span class='ocrx_word' id='word_1_644' title='bbox 3132 4090 3339 4146; x_wconf 89' lang='lat' dir='ltr'><strong>vitiosis</strong></span> <span class='ocrx_word' id='word_1_645' title='bbox 3368 4092 3561 4150; x_wconf 90' lang='lat' dir='ltr'><strong>humo-</strong></span> 
     </span>
    </p>
   </div>
   <div class='ocr_carea' id='block_1_86' title="bbox 1970 4172 3553 4249">
    <p class='ocr_par' dir='ltr' id='par_1_86' title="bbox 1970 4172 3553 4249">
     <span class='ocr_line' id='line_1_86' title="bbox 1970 4172 3553 4249; baseline 0.007 -20"><span class='ocrx_word' id='word_1_646' title='bbox 1970 4172 2119 4230; x_wconf 91' lang='lat' dir='ltr'><strong>ribus</strong></span> <span class='ocrx_word' id='word_1_647' title='bbox 2152 4176 2333 4244; x_wconf 91' lang='lat' dir='ltr'><strong>pleno,</strong></span> <span class='ocrx_word' id='word_1_648' title='bbox 2365 4179 2686 4235; x_wconf 89' lang='lat' dir='ltr'><strong>mortalibus</strong></span> <span class='ocrx_word' id='word_1_649' title='bbox 2711 4181 3026 4249; x_wconf 85' lang='lat' dir='ltr'><strong>contingere</strong></span> <span class='ocrx_word' id='word_1_650' title='bbox 3048 4182 3247 4237; x_wconf 91' lang='lat' dir='ltr'><strong>solent.</strong></span> <span class='ocrx_word' id='word_1_651' title='bbox 3268 4183 3401 4239; x_wconf 91' lang='lat' dir='ltr'><strong>Tum</strong></span> <span class='ocrx_word' id='word_1_652' title='bbox 3432 4185 3553 4240; x_wconf 90' lang='lat' dir='ltr'><strong>ille:</strong></span> 
     </span>
    </p>
   </div>
   <div class='ocr_carea' id='block_1_87' title="bbox 1970 4264 3562 4332">
    <p class='ocr_par' dir='ltr' id='par_1_87' title="bbox 1970 4264 3562 4332">
     <span class='ocr_line' id='line_1_87' title="bbox 1970 4264 3562 4332; baseline 0.008 -13"><span class='ocrx_word' id='word_1_653' title='bbox 1970 4264 2258 4322; x_wconf 89' lang='lat' dir='ltr'><strong>Cunctisne</strong></span> <span class='ocrx_word' id='word_1_654' title='bbox 2305 4269 2611 4325; x_wconf 88' lang='lat' dir='ltr'><strong>hominibus</strong></span> <span class='ocrx_word' id='word_1_655' title='bbox 2662 4271 2777 4327; x_wconf 57' lang='lat' dir='ltr'><strong>hmo</strong></span> <span class='ocrx_word' id='word_1_656' title='bbox 2826 4273 3075 4330; x_wconf 91' lang='lat' dir='ltr'><strong>accidere</strong></span> <span class='ocrx_word' id='word_1_657' title='bbox 3123 4278 3562 4332; x_wconf 86' lang='lat' dir='ltr'><strong>consueverunt?</strong></span> 
     </span>
    </p>
   </div>
   <div class='ocr_carea' id='block_1_88' title="bbox 1970 4356 3557 4442">
    <p class='ocr_par' dir='ltr' id='par_1_88' title="bbox 1970 4356 3557 4442">
     <span class='ocr_line' id='line_1_88' title="bbox 1970 4356 3557 4442; baseline 0.009 -31"><span class='ocrx_word' id='word_1_658' title='bbox 1970 4356 2086 4413; x_wconf 86' lang='lat' dir='ltr'><strong>Non</strong></span> <span class='ocrx_word' id='word_1_659' title='bbox 2116 4361 2352 4428; x_wconf 91' lang='lat' dir='ltr'><strong>cunctis,</strong></span> <span class='ocrx_word' id='word_1_660' title='bbox 2401 4364 2647 4434; x_wconf 91' lang='lat' dir='ltr'><strong>inquiunt</strong></span> <span class='ocrx_word' id='word_1_661' title='bbox 2671 4366 2783 4433; x_wconf 91' lang='lat' dir='ltr'><strong>illi,</strong></span> <span class='ocrx_word' id='word_1_662' title='bbox 2815 4383 3003 4424; x_wconf 90' lang='lat' dir='ltr'><strong>verum</strong></span> <span class='ocrx_word' id='word_1_663' title='bbox 3035 4370 3101 4424; x_wconf 92' lang='lat' dir='ltr'><strong>iis</strong></span> <span class='ocrx_word' id='word_1_664' title='bbox 3127 4370 3389 4425; x_wconf 88' lang='lat' dir='ltr'><strong>duntaxat</strong></span> <span class='ocrx_word' id='word_1_665' title='bbox 3425 4389 3557 4442; x_wconf 86' lang='lat' dir='ltr'><strong>quo-</strong></span> 
     </span>
    </p>
   </div>
   <div class='ocr_carea' id='block_1_89' title="bbox 1970 4454 3552 4530">
    <p class='ocr_par' dir='ltr' id='par_1_89' title="bbox 1970 4454 3552 4530">
     <span class='ocr_line' id='line_1_89' title="bbox 1970 4454 3552 4530; baseline 0.008 -26"><span class='ocrx_word' id='word_1_666' title='bbox 1970 4465 2090 4505; x_wconf 91' lang='lat' dir='ltr'><strong>rum</strong></span> <span class='ocrx_word' id='word_1_667' title='bbox 2122 4454 2373 4509; x_wconf 90' lang='lat' dir='ltr'><strong>valetudo</strong></span> <span class='ocrx_word' id='word_1_668' title='bbox 2423 4464 2644 4527; x_wconf 82' lang='lat' dir='ltr'><strong>prapter</strong></span> <span class='ocrx_word' id='word_1_669' title='bbox 2674 4458 2953 4529; x_wconf 91' lang='lat' dir='ltr'><strong>improbos</strong></span> <span class='ocrx_word' id='word_1_670' title='bbox 2984 4460 3240 4515; x_wconf 91' lang='lat' dir='ltr'><strong>humores</strong></span> <span class='ocrx_word' id='word_1_671' title='bbox 3267 4461 3552 4530; x_wconf 76' lang='lat' dir='ltr'><strong>depravata</strong></span> 
     </span>
    </p>
   </div>
   <div class='ocr_carea' id='block_1_90' title="bbox 1972 4541 3562 4617">
    <p class='ocr_par' dir='ltr' id='par_1_90' title="bbox 1972 4541 3562 4617">
     <span class='ocr_line' id='line_1_90' title="bbox 1972 4541 3562 4617; baseline 0.008 -22"><span class='ocrx_word' id='word_1_672' title='bbox 1972 4541 2060 4596; x_wconf 91' lang='lat' dir='ltr'><strong>sit.</strong></span> <span class='ocrx_word' id='word_1_673' title='bbox 2103 4542 2337 4600; x_wconf 76' lang='lat' dir='ltr'><strong>Rursum</strong></span> <span class='ocrx_word' id='word_1_674' title='bbox 2365 4547 2529 4615; x_wconf 84' lang='lat' dir='ltr'><strong>igitur</strong></span> <span class='ocrx_word' id='word_1_675' title='bbox 2558 4550 2824 4604; x_wconf 83' lang='lat' dir='ltr'><strong>sciscitari</strong></span> <span class='ocrx_word' id='word_1_676' title='bbox 2856 4551 3094 4617; x_wconf 88' lang='lat' dir='ltr'><strong>perrexit</strong></span> <span class='ocrx_word' id='word_1_677' title='bbox 3118 4550 3474 4609; x_wconf 89' lang='lat' dir='ltr'><strong>adolescens:</strong></span> <span class='ocrx_word' id='word_1_678' title='bbox 3503 4555 3562 4611; x_wconf 90' lang='lat' dir='ltr'><strong>Si</strong></span> 
     </span>
    </p>
   </div>
   <div class='ocr_carea' id='block_1_91' title="bbox 270 4634 3561 4714">
    <p class='ocr_par' dir='ltr' id='par_1_91' title="bbox 270 4634 3561 4714">
     <span class='ocr_line' id='line_1_91' title="bbox 270 4634 3561 4714; baseline 0.007 -22"><span class='ocrx_word' id='word_1_679' title='bbox 270 4640 368 4709; x_wconf 83' lang='lat' dir='ltr'><strong>git,</strong></span> <span class='ocrx_word' id='word_1_680' title='bbox 400 4655 467 4695; x_wconf 89' lang='lat' dir='ltr'><strong>ac</strong></span> <span class='ocrx_word' id='word_1_681' title='bbox 496 4639 744 4696; x_wconf 86' lang='lat' dir='ltr'><strong>Paracliti</strong></span> <span class='ocrx_word' id='word_1_682' title='bbox 784 4644 952 4712; x_wconf 88' lang='lat' dir='ltr'><strong>gratia</strong></span> <span class='ocrx_word' id='word_1_683' title='bbox 999 4644 1307 4712; x_wconf 87' lang='lat' dir='ltr'><strong>spirituales</strong></span> <span class='ocrx_word' id='word_1_684' title='bbox 1332 4645 1497 4713; x_wconf 91' lang='lat' dir='ltr'><strong>ipsius</strong></span> <span class='ocrx_word' id='word_1_685' title='bbox 1522 4645 1704 4699; x_wconf 88' lang='lat' dir='ltr'><strong>oculos</strong></span> <span class='ocrx_word' id='word_1_686' title='bbox 1736 4659 1864 4714; x_wconf 90' lang='lat' dir='ltr'><strong>ape-</strong></span> <span class='ocrx_word' id='word_1_687' title='bbox 1895 4634 1951 4694; x_wconf 81' lang='lat' dir='ltr'><strong>D</strong></span> <span class='ocrx_word' id='word_1_688' title='bbox 1973 4648 2082 4689; x_wconf 77' lang='grc' dir='ltr'><strong>ηοη</strong></span> <span class='ocrx_word' id='word_1_689' title='bbox 2112 4650 2299 4692; x_wconf 74' lang='lat' dir='ltr'><strong>omnes</strong></span> <span class='ocrx_word' id='word_1_690' title='bbox 2323 4638 2569 4699; x_wconf 71' lang='lat' dir='ltr'><strong>homines</strong></span> <span class='ocrx_word' id='word_1_691' title='bbox 2600 4640 2652 4693; x_wconf 72' lang='lat' dir='ltr'><strong>in</strong></span> <span class='ocrx_word' id='word_1_692' title='bbox 2685 4641 2782 4695; x_wconf 67' lang='lat' dir='ltr'><strong>has</strong></span> <span class='ocrx_word' id='word_1_693' title='bbox 2811 4643 3144 4699; x_wconf 55' lang='lat' dir='ltr'><strong>calamitates</strong></span> <span class='ocrx_word' id='word_1_694' title='bbox 3171 4644 3411 4702; x_wconf 70' lang='grc' dir='ltr'><strong>ίηοίάθΐθ</strong></span> <span class='ocrx_word' id='word_1_695' title='bbox 3430 4661 3561 4704; x_wconf 74' lang='lat' dir='ltr'><strong>con-</strong></span> 
     </span>
    </p>
   </div>
   <div class='ocr_carea' id='block_1_92' title="bbox 269 4730 1863 4806">
    <p class='ocr_par' dir='ltr' id='par_1_92' title="bbox 269 4730 1863 4806">
     <span class='ocr_line' id='line_1_92' title="bbox 269 4730 1863 4806; baseline 0.005 -23"><span class='ocrx_word' id='word_1_696' title='bbox 269 4730 381 4784; x_wconf 91' lang='lat' dir='ltr'><strong>rire</strong></span> <span class='ocrx_word' id='word_1_697' title='bbox 432 4745 682 4801; x_wconf 85' lang='lat' dir='ltr'><strong>aggressa</strong></span> <span class='ocrx_word' id='word_1_698' title='bbox 728 4743 847 4797; x_wconf 84' lang='lat' dir='ltr'><strong>est,</strong></span> <span class='ocrx_word' id='word_1_699' title='bbox 877 4749 1000 4789; x_wconf 89' lang='lat' dir='ltr'><strong>eum</strong></span> <span class='ocrx_word' id='word_1_700' title='bbox 1046 4736 1114 4788; x_wconf 89' lang='lat' dir='ltr'><strong>ad</strong></span> <span class='ocrx_word' id='word_1_701' title='bbox 1157 4749 1345 4790; x_wconf 90' lang='lat' dir='ltr'><strong>verum</strong></span> <span class='ocrx_word' id='word_1_702' title='bbox 1392 4734 1580 4800; x_wconf 90' lang='lat' dir='ltr'><strong>Deum,</strong></span> <span class='ocrx_word' id='word_1_703' title='bbox 1615 4746 1863 4806; x_wconf 88' lang='lat' dir='ltr'><strong>tanquam</strong></span> 
     </span>
    </p>
   </div>
   <div class='ocr_carea' id='block_1_93' title="bbox 267 4826 1867 4896">
    <p class='ocr_par' dir='ltr' id='par_1_93' title="bbox 267 4826 1867 4896">
     <span class='ocr_line' id='line_1_93' title="bbox 267 4826 1867 4896; baseline 0.002 -17"><span class='ocrx_word' id='word_1_704' title='bbox 267 4834 706 4893; x_wconf 74' lang='lat' dir='ltr'><strong>porrectmnauu</strong></span> <span class='ocrx_word' id='word_1_705' title='bbox 732 4826 954 4895; x_wconf 87' lang='lat' dir='ltr'><strong>ducens,</strong></span> <span class='ocrx_word' id='word_1_706' title='bbox 980 4826 1432 4896; x_wconf 84' lang='lat' dir='ltr'><strong>quemadmodum</strong></span> <span class='ocrx_word' id='word_1_707' title='bbox 1461 4828 1718 4881; x_wconf 89' lang='lat' dir='ltr'><strong>orationis</strong></span> <span class='ocrx_word' id='word_1_708' title='bbox 1744 4843 1867 4895; x_wconf 82' lang='lat' dir='ltr'><strong>pro-</strong></span> 
     </span>
    </p>
   </div>
   <div class='ocr_carea' id='block_1_94' title="bbox 266 4916 1866 4989">
    <p class='ocr_par' dir='ltr' id='par_1_94' title="bbox 266 4916 1866 4989">
     <span class='ocr_line' id='line_1_94' title="bbox 266 4916 1866 4989; baseline 0.001 -18"><span class='ocrx_word' id='word_1_709' title='bbox 266 4930 461 4984; x_wconf 81' lang='lat' dir='ltr'><strong>gressu</strong></span> <span class='ocrx_word' id='word_1_710' title='bbox 491 4916 999 4973; x_wconf 86' lang='lat' dir='ltr'><strong>demonstrabimus.</strong></span> <span class='ocrx_word' id='word_1_711' title='bbox 1029 4919 1159 4974; x_wconf 90' lang='lat' dir='ltr'><strong>Cum</strong></span> <span class='ocrx_word' id='word_1_712' title='bbox 1190 4927 1367 4973; x_wconf 89' lang='lat' dir='ltr'><strong>autem</strong></span> <span class='ocrx_word' id='word_1_713' title='bbox 1394 4934 1488 4973; x_wconf 83' lang='lat' dir='ltr'><strong>rex</strong></span> <span class='ocrx_word' id='word_1_714' title='bbox 1520 4920 1683 4989; x_wconf 89' lang='lat' dir='ltr'><strong>ipsius</strong></span> <span class='ocrx_word' id='word_1_715' title='bbox 1714 4930 1866 4989; x_wconf 90' lang='lat' dir='ltr'><strong>pater</strong></span> 
     </span>
    </p>
   </div>
   <div class='ocr_carea' id='block_1_95' title="bbox 267 5009 1863 5082">
    <p class='ocr_par' dir='ltr' id='par_1_95' title="bbox 267 5009 1863 5082">
     <span class='ocr_line' id='line_1_95' title="bbox 267 5009 1863 5082; baseline 0.002 -19"><span class='ocrx_word' id='word_1_716' title='bbox 267 5009 465 5065; x_wconf 87' lang='lat' dir='ltr'><strong>crebro</strong></span> <span class='ocrx_word' id='word_1_717' title='bbox 506 5024 627 5064; x_wconf 87' lang='lat' dir='ltr'><strong>eum</strong></span> <span class='ocrx_word' id='word_1_718' title='bbox 676 5013 875 5067; x_wconf 88' lang='lat' dir='ltr'><strong>viseret</strong></span> <span class='ocrx_word' id='word_1_719' title='bbox 909 5011 1232 5082; x_wconf 78' lang='lat' dir='ltr'><strong>(singularis</strong></span> <span class='ocrx_word' id='word_1_720' title='bbox 1274 5012 1475 5067; x_wconf 91' lang='lat' dir='ltr'><strong>etenim</strong></span> <span class='ocrx_word' id='word_1_721' title='bbox 1521 5013 1692 5080; x_wconf 91' lang='lat' dir='ltr'><strong>ipsius</strong></span> <span class='ocrx_word' id='word_1_722' title='bbox 1738 5026 1863 5081; x_wconf 83' lang='lat' dir='ltr'><strong>erga</strong></span> 
     </span>
    </p>
   </div>
   <div class='ocr_carea' id='block_1_96' title="bbox 268 5100 1864 5171">
    <p class='ocr_par' dir='ltr' id='par_1_96' title="bbox 268 5100 1864 5171">
     <span class='ocr_line' id='line_1_96' title="bbox 268 5100 1864 5171; baseline 0.001 -15"><span class='ocrx_word' id='word_1_723' title='bbox 268 5115 396 5156; x_wconf 88' lang='lat' dir='ltr'><strong>eum</strong></span> <span class='ocrx_word' id='word_1_724' title='bbox 425 5115 578 5155; x_wconf 89' lang='lat' dir='ltr'><strong>amor</strong></span> <span class='ocrx_word' id='word_1_725' title='bbox 609 5102 771 5168; x_wconf 87' lang='lat' dir='ltr'><strong>erat),</strong></span> <span class='ocrx_word' id='word_1_726' title='bbox 798 5102 1025 5171; x_wconf 90' lang='lat' dir='ltr'><strong>quadam</strong></span> <span class='ocrx_word' id='word_1_727' title='bbox 1052 5101 1140 5157; x_wconf 89' lang='lat' dir='ltr'><strong>die</strong></span> <span class='ocrx_word' id='word_1_728' title='bbox 1170 5100 1252 5157; x_wconf 88' lang='lat' dir='ltr'><strong>bis</strong></span> <span class='ocrx_word' id='word_1_729' title='bbox 1276 5100 1457 5158; x_wconf 91' lang='lat' dir='ltr'><strong>verbis</strong></span> <span class='ocrx_word' id='word_1_730' title='bbox 1478 5101 1544 5156; x_wconf 89' lang='lat' dir='ltr'><strong>ad</strong></span> <span class='ocrx_word' id='word_1_731' title='bbox 1574 5116 1694 5157; x_wconf 91' lang='lat' dir='ltr'><strong>eum</strong></span> <span class='ocrx_word' id='word_1_732' title='bbox 1723 5102 1864 5158; x_wconf 85' lang='lat' dir='ltr'><strong>libus</strong></span> 
     </span>
    </p>
   </div>
   <div class='ocr_carea' id='block_1_97' title="bbox 268 5192 1861 5264">
    <p class='ocr_par' dir='ltr' id='par_1_97' title="bbox 268 5192 1861 5264">
     <span class='ocr_line' id='line_1_97' title="bbox 268 5192 1861 5264; baseline 0.003 -19"><span class='ocrx_word' id='word_1_733' title='bbox 268 5206 403 5246; x_wconf 85' lang='lat' dir='ltr'><strong>usus</strong></span> <span class='ocrx_word' id='word_1_734' title='bbox 440 5201 524 5247; x_wconf 88' lang='lat' dir='ltr'><strong>est</strong></span> <span class='ocrx_word' id='word_1_735' title='bbox 547 5209 560 5243; x_wconf 87' lang='lat'><strong>:</strong></span> <span class='ocrx_word' id='word_1_736' title='bbox 586 5192 630 5247; x_wconf 93' lang='grc' dir='ltr'><strong>Ο</strong></span> <span class='ocrx_word' id='word_1_737' title='bbox 664 5193 790 5247; x_wconf 90' lang='lat' dir='ltr'><strong>here</strong></span> <span class='ocrx_word' id='word_1_738' title='bbox 818 5208 880 5247; x_wconf 87' lang='lat' dir='ltr'><strong>ac</strong></span> <span class='ocrx_word' id='word_1_739' title='bbox 923 5209 1013 5248; x_wconf 89' lang='lat' dir='ltr'><strong>rex</strong></span> <span class='ocrx_word' id='word_1_740' title='bbox 1040 5235 1056 5261; x_wconf 92' lang='lat'><strong>,</strong></span> <span class='ocrx_word' id='word_1_741' title='bbox 1089 5193 1289 5262; x_wconf 90' lang='lat' dir='ltr'><strong>aliquid</strong></span> <span class='ocrx_word' id='word_1_742' title='bbox 1319 5209 1383 5247; x_wconf 88' lang='lat' dir='ltr'><strong>ex</strong></span> <span class='ocrx_word' id='word_1_743' title='bbox 1412 5203 1467 5248; x_wconf 91' lang='lat' dir='ltr'><strong>te</strong></span> <span class='ocrx_word' id='word_1_744' title='bbox 1510 5194 1650 5248; x_wconf 91' lang='lat' dir='ltr'><strong>scire</strong></span> <span class='ocrx_word' id='word_1_745' title='bbox 1682 5194 1861 5264; x_wconf 88' lang='lat' dir='ltr'><strong>cupio,</strong></span> 
     </span>
    </p>
   </div>
   <div class='ocr_carea' id='block_1_98' title="bbox 266 5282 1862 5355">
    <p class='ocr_par' dir='ltr' id='par_1_98' title="bbox 266 5282 1862 5355">
     <span class='ocr_line' id='line_1_98' title="bbox 266 5282 1862 5355; baseline 0.004 -18"><span class='ocrx_word' id='word_1_746' title='bbox 266 5282 425 5353; x_wconf 75' lang='lat' dir='ltr'><strong>Cujus</strong></span> <span class='ocrx_word' id='word_1_747' title='bbox 452 5296 612 5338; x_wconf 86' lang='lat' dir='ltr'><strong>causa</strong></span> <span class='ocrx_word' id='word_1_748' title='bbox 643 5294 930 5353; x_wconf 84' lang='lat' dir='ltr'><strong>perpetuus</strong></span> <span class='ocrx_word' id='word_1_749' title='bbox 956 5300 1174 5351; x_wconf 82' lang='lat' dir='ltr'><strong>maeror,</strong></span> <span class='ocrx_word' id='word_1_750' title='bbox 1198 5295 1358 5355; x_wconf 88' lang='lat' dir='ltr'><strong>atque</strong></span> <span class='ocrx_word' id='word_1_751' title='bbox 1386 5288 1564 5342; x_wconf 90' lang='lat' dir='ltr'><strong>omnis</strong></span> <span class='ocrx_word' id='word_1_752' title='bbox 1587 5288 1862 5344; x_wconf 89' lang='lat' dir='ltr'><strong>intermis-</strong></span> 
     </span>
    </p>
   </div>
   <div class='ocr_carea' id='block_1_99' title="bbox 267 5376 1868 5448">
    <p class='ocr_par' dir='ltr' id='par_1_99' title="bbox 267 5376 1868 5448">
     <span class='ocr_line' id='line_1_99' title="bbox 267 5376 1868 5448; baseline 0.006 -19"><span class='ocrx_word' id='word_1_753' title='bbox 267 5376 445 5431; x_wconf 88' lang='lat' dir='ltr'><strong>sionis</strong></span> <span class='ocrx_word' id='word_1_754' title='bbox 470 5393 667 5448; x_wconf 85' lang='lat' dir='ltr'><strong>expers</strong></span> <span class='ocrx_word' id='word_1_755' title='bbox 686 5380 991 5434; x_wconf 88' lang='lat' dir='ltr'><strong>sollicitudo</strong></span> <span class='ocrx_word' id='word_1_756' title='bbox 1016 5380 1251 5435; x_wconf 89' lang='lat' dir='ltr'><strong>animum</strong></span> <span class='ocrx_word' id='word_1_757' title='bbox 1279 5395 1457 5435; x_wconf 90' lang='lat' dir='ltr'><strong>meum</strong></span> <span class='ocrx_word' id='word_1_758' title='bbox 1479 5390 1633 5437; x_wconf 87' lang='lat' dir='ltr'><strong>exest</strong></span> <span class='ocrx_word' id='word_1_759' title='bbox 1651 5396 1713 5437; x_wconf 91' lang='lat' dir='ltr'><strong>ac</strong></span> <span class='ocrx_word' id='word_1_760' title='bbox 1738 5394 1868 5437; x_wconf 91' lang='lat' dir='ltr'><strong>con-</strong></span> 
     </span>
    </p>
   </div>
   <div class='ocr_carea' id='block_1_100' title="bbox 271 5468 1868 5542">
    <p class='ocr_par' dir='ltr' id='par_1_100' title="bbox 271 5468 1868 5542">
     <span class='ocr_line' id='line_1_100' title="bbox 271 5468 1868 5542; baseline 0.008 -22"><span class='ocrx_word' id='word_1_761' title='bbox 271 5468 405 5523; x_wconf 89' lang='lat' dir='ltr'><strong>licit.</strong></span> <span class='ocrx_word' id='word_1_762' title='bbox 440 5469 600 5526; x_wconf 87' lang='lat' dir='ltr'><strong>Pater</strong></span> <span class='ocrx_word' id='word_1_763' title='bbox 631 5480 809 5526; x_wconf 89' lang='lat' dir='ltr'><strong>autem</strong></span> <span class='ocrx_word' id='word_1_764' title='bbox 831 5488 895 5526; x_wconf 87' lang='lat' dir='ltr'><strong>ex</strong></span> <span class='ocrx_word' id='word_1_765' title='bbox 922 5473 1021 5527; x_wconf 91' lang='lat' dir='ltr'><strong>hoc</strong></span> <span class='ocrx_word' id='word_1_766' title='bbox 1045 5475 1163 5542; x_wconf 91' lang='lat' dir='ltr'><strong>ipso</strong></span> <span class='ocrx_word' id='word_1_767' title='bbox 1186 5489 1437 5531; x_wconf 87' lang='lat' dir='ltr'><strong>sermone</strong></span> <span class='ocrx_word' id='word_1_768' title='bbox 1462 5476 1667 5530; x_wconf 91' lang='lat' dir='ltr'><strong>intimis</strong></span> <span class='ocrx_word' id='word_1_769' title='bbox 1697 5476 1868 5532; x_wconf 88' lang='lat' dir='ltr'><strong>visce-</strong></span> 
     </span>
    </p>
   </div>
   <div class='ocr_carea' id='block_1_101' title="bbox 270 5558 1863 5633">
    <p class='ocr_par' dir='ltr' id='par_1_101' title="bbox 270 5558 1863 5633">
     <span class='ocr_line' id='line_1_101' title="bbox 270 5558 1863 5633; baseline 0.006 -21"><span class='ocrx_word' id='word_1_770' title='bbox 270 5558 425 5613; x_wconf 89' lang='lat' dir='ltr'><strong>ribus</strong></span> <span class='ocrx_word' id='word_1_771' title='bbox 470 5560 822 5617; x_wconf 87' lang='lat' dir='ltr'><strong>discruciatus</strong></span> <span class='ocrx_word' id='word_1_772' title='bbox 850 5602 865 5627; x_wconf 91' lang='lat'><strong>,</strong></span> <span class='ocrx_word' id='word_1_773' title='bbox 908 5563 1148 5618; x_wconf 77' lang='lat' dir='ltr'><strong>aitzbic</strong></span> <span class='ocrx_word' id='word_1_774' title='bbox 1192 5564 1323 5620; x_wconf 91' lang='lat' dir='ltr'><strong>mihi</strong></span> <span class='ocrx_word' id='word_1_775' title='bbox 1350 5606 1365 5628; x_wconf 92' lang='lat'><strong>,</strong></span> <span class='ocrx_word' id='word_1_776' title='bbox 1400 5564 1717 5622; x_wconf 87' lang='lat' dir='ltr'><strong>charissime</strong></span> <span class='ocrx_word' id='word_1_777' title='bbox 1766 5567 1863 5633; x_wconf 89' lang='lat' dir='ltr'><strong>ﬂli,</strong></span> 
     </span>
    </p>
   </div>
   <div class='ocr_carea' id='block_1_102' title="bbox 271 5652 1865 5727">
    <p class='ocr_par' dir='ltr' id='par_1_102' title="bbox 271 5652 1865 5727">
     <span class='ocr_line' id='line_1_102' title="bbox 271 5652 1865 5727; baseline 0.008 -24"><span class='ocrx_word' id='word_1_778' title='bbox 271 5656 523 5718; x_wconf 87' lang='lat' dir='ltr'><strong>quisnam</strong></span> <span class='ocrx_word' id='word_1_779' title='bbox 543 5652 613 5708; x_wconf 87' lang='lat' dir='ltr'><strong>sit</strong></span> <span class='ocrx_word' id='word_1_780' title='bbox 642 5652 727 5708; x_wconf 92' lang='lat' dir='ltr'><strong>hic</strong></span> <span class='ocrx_word' id='word_1_781' title='bbox 756 5669 957 5710; x_wconf 67' lang='lat' dir='ltr'><strong>moeror</strong></span> <span class='ocrx_word' id='word_1_782' title='bbox 985 5657 1073 5725; x_wconf 91' lang='lat' dir='ltr'><strong>qui</strong></span> <span class='ocrx_word' id='word_1_783' title='bbox 1104 5666 1153 5711; x_wconf 90' lang='lat' dir='ltr'><strong>te</strong></span> <span class='ocrx_word' id='word_1_784' title='bbox 1183 5658 1413 5727; x_wconf 75' lang='lat' dir='ltr'><strong>obsidet,</strong></span> <span class='ocrx_word' id='word_1_785' title='bbox 1439 5674 1501 5715; x_wconf 90' lang='lat' dir='ltr'><strong>ac</strong></span> <span class='ocrx_word' id='word_1_786' title='bbox 1531 5660 1710 5715; x_wconf 90' lang='lat' dir='ltr'><strong>statim</strong></span> <span class='ocrx_word' id='word_1_787' title='bbox 1742 5675 1865 5715; x_wconf 90' lang='lat' dir='ltr'><strong>eum</strong></span> 
     </span>
    </p>
   </div>
   <div class='ocr_carea' id='block_1_103' title="bbox 272 5742 1863 5821">
    <p class='ocr_par' dir='ltr' id='par_1_103' title="bbox 272 5742 1863 5821">
     <span class='ocr_line' id='line_1_103' title="bbox 272 5742 1863 5821; baseline 0.008 -26"><span class='ocrx_word' id='word_1_788' title='bbox 272 5742 331 5796; x_wconf 86' lang='lat' dir='ltr'><strong>in</strong></span> <span class='ocrx_word' id='word_1_789' title='bbox 355 5744 608 5813; x_wconf 86' lang='lat' dir='ltr'><strong>gaudium</strong></span> <span class='ocrx_word' id='word_1_790' title='bbox 635 5758 967 5804; x_wconf 87' lang='lat' dir='ltr'><strong>commutare</strong></span> <span class='ocrx_word' id='word_1_791' title='bbox 989 5749 1239 5806; x_wconf 80' lang='lat' dir='ltr'><strong>studcbo.</strong></span> <span class='ocrx_word' id='word_1_792' title='bbox 1259 5751 1394 5806; x_wconf 89' lang='lat' dir='ltr'><strong>Tum</strong></span> <span class='ocrx_word' id='word_1_793' title='bbox 1426 5766 1556 5819; x_wconf 91' lang='lat' dir='ltr'><strong>puer</strong></span> <span class='ocrx_word' id='word_1_794' title='bbox 1581 5768 1594 5805; x_wconf 93' lang='lat'><strong>:</strong></span> <span class='ocrx_word' id='word_1_795' title='bbox 1621 5752 1863 5821; x_wconf 83' lang='lat' dir='ltr'><strong>Expone,</strong></span> 
     </span>
    </p>
   </div>
   <div class='ocr_carea' id='block_1_104' title="bbox 274 5836 1866 5913">
    <p class='ocr_par' dir='ltr' id='par_1_104' title="bbox 274 5836 1866 5913">
     <span class='ocr_line' id='line_1_104' title="bbox 274 5836 1866 5913; baseline 0.007 -21"><span class='ocrx_word' id='word_1_796' title='bbox 274 5836 473 5907; x_wconf 87' lang='lat' dir='ltr'><strong>inquit,</strong></span> <span class='ocrx_word' id='word_1_797' title='bbox 522 5839 776 5911; x_wconf 88' lang='lat' dir='ltr'><strong>quidnam</strong></span> <span class='ocrx_word' id='word_1_798' title='bbox 824 5854 1003 5895; x_wconf 75' lang='lat' dir='ltr'><strong>causa:</strong></span> <span class='ocrx_word' id='word_1_799' title='bbox 1046 5841 1116 5895; x_wconf 92' lang='lat' dir='ltr'><strong>sit</strong></span> <span class='ocrx_word' id='word_1_800' title='bbox 1143 5859 1239 5897; x_wconf 83' lang='lat' dir='ltr'><strong>cur</strong></span> <span class='ocrx_word' id='word_1_801' title='bbox 1270 5843 1355 5898; x_wconf 89' lang='lat' dir='ltr'><strong>hic</strong></span> <span class='ocrx_word' id='word_1_802' title='bbox 1396 5842 1671 5911; x_wconf 77' lang='lat' dir='ltr'><strong>detineat,</strong></span> <span class='ocrx_word' id='word_1_803' title='bbox 1707 5854 1866 5913; x_wconf 81' lang='lat' dir='ltr'><strong>atque</strong></span> 
     </span>
    </p>
   </div>
   <div class='ocr_carea' id='block_1_105' title="bbox 646 5957 1237 6020">
    <p class='ocr_par' dir='ltr' id='par_1_105' title="bbox 646 5957 1237 6020">
     <span class='ocr_line' id='line_1_105' title="bbox 646 5957 1237 6020; baseline 0 -3"><span class='ocrx_word' id='word_1_804' title='bbox 646 5957 920 6018; x_wconf 70' lang='lat' dir='ltr'><strong>Parnon.</strong></span> <span class='ocrx_word' id='word_1_805' title='bbox 948 5957 1237 6020; x_wconf 79' lang='lat' dir='ltr'><strong>LXXIII.</strong></span> 
     </span>
    </p>
   </div>
   <div class='ocr_carea' id='block_1_106' title="bbox 1971 4730 3558 4808">
    <p class='ocr_par' dir='ltr' id='par_1_106' title="bbox 1971 4730 3558 4808">
     <span class='ocr_line' id='line_1_106' title="bbox 1971 4730 3558 4808; baseline 0.009 -26"><span class='ocrx_word' id='word_1_806' title='bbox 1971 4740 2282 4795; x_wconf 90' lang='lat' dir='ltr'><strong>sueverunt,</strong></span> <span class='ocrx_word' id='word_1_807' title='bbox 2311 4730 2408 4785; x_wconf 91' lang='lat' dir='ltr'><strong>sed</strong></span> <span class='ocrx_word' id='word_1_808' title='bbox 2437 4732 2654 4800; x_wconf 88' lang='lat' dir='ltr'><strong>quidam</strong></span> <span class='ocrx_word' id='word_1_809' title='bbox 2683 4732 2980 4801; x_wconf 88' lang='lat' dir='ltr'><strong>duntaxat,</strong></span> <span class='ocrx_word' id='word_1_810' title='bbox 3014 4737 3423 4808; x_wconf 88' lang='lat' dir='ltr'><strong>exploratumne</strong></span> <span class='ocrx_word' id='word_1_811' title='bbox 3473 4752 3558 4798; x_wconf 89' lang='lat' dir='ltr'><strong>est</strong></span> 
     </span>
    </p>
   </div>
   <div class='ocr_carea' id='block_1_107' title="bbox 1972 4819 3553 4904">
    <p class='ocr_par' dir='ltr' id='par_1_107' title="bbox 1972 4819 3553 4904">
     <span class='ocr_line' id='line_1_107' title="bbox 1972 4819 3553 4904; baseline 0.009 -31"><span class='ocrx_word' id='word_1_812' title='bbox 1972 4819 2190 4887; x_wconf 91' lang='lat' dir='ltr'><strong>quinam</strong></span> <span class='ocrx_word' id='word_1_813' title='bbox 2238 4822 2346 4875; x_wconf 90' lang='lat' dir='ltr'><strong>sint</strong></span> <span class='ocrx_word' id='word_1_814' title='bbox 2395 4837 2527 4892; x_wconf 91' lang='lat' dir='ltr'><strong>quos</strong></span> <span class='ocrx_word' id='word_1_815' title='bbox 2570 4825 2834 4881; x_wconf 85' lang='lat' dir='ltr'><strong>malorum</strong></span> <span class='ocrx_word' id='word_1_816' title='bbox 2883 4829 3206 4887; x_wconf 87' lang='lat' dir='ltr'><strong>acerbitates</strong></span> <span class='ocrx_word' id='word_1_817' title='bbox 3261 4843 3553 4904; x_wconf 73' lang='lat' dir='ltr'><strong>arrepturte</strong></span> 
     </span>
    </p>
   </div>
   <div class='ocr_carea' id='block_1_108' title="bbox 1971 4911 3556 4995">
    <p class='ocr_par' dir='ltr' id='par_1_108' title="bbox 1971 4911 3556 4995">
     <span class='ocr_line' id='line_1_108' title="bbox 1971 4911 3556 4995; baseline 0.011 -31"><span class='ocrx_word' id='word_1_818' title='bbox 1971 4911 2111 4976; x_wconf 88' lang='lat' dir='ltr'><strong>sint;</strong></span> <span class='ocrx_word' id='word_1_819' title='bbox 2143 4927 2212 4967; x_wconf 92' lang='lat' dir='ltr'><strong>an</strong></span> <span class='ocrx_word' id='word_1_820' title='bbox 2240 4922 2423 4967; x_wconf 89' lang='lat' dir='ltr'><strong>centra</strong></span> <span class='ocrx_word' id='word_1_821' title='bbox 2471 4916 2603 4970; x_wconf 87' lang='lat' dir='ltr'><strong>citra</strong></span> <span class='ocrx_word' id='word_1_822' title='bbox 2654 4918 2822 4973; x_wconf 90' lang='lat' dir='ltr'><strong>ullam</strong></span> <span class='ocrx_word' id='word_1_823' title='bbox 2870 4919 3271 4979; x_wconf 87' lang='lat' dir='ltr'><strong>distinctionem</strong></span> <span class='ocrx_word' id='word_1_824' title='bbox 3302 4934 3460 4995; x_wconf 90' lang='lat' dir='ltr'><strong>atque</strong></span> <span class='ocrx_word' id='word_1_825' title='bbox 3490 4940 3556 4981; x_wconf 84' lang='lat' dir='ltr'><strong>ex</strong></span> 
     </span>
    </p>
   </div>
   <div class='ocr_carea' id='block_1_109' title="bbox 1970 5004 3553 5085">
    <p class='ocr_par' dir='ltr' id='par_1_109' title="bbox 1970 5004 3553 5085">
     <span class='ocr_line' id='line_1_109' title="bbox 1970 5004 3553 5085; baseline 0.009 -26"><span class='ocrx_word' id='word_1_826' title='bbox 1970 5004 2261 5074; x_wconf 89' lang='lat' dir='ltr'><strong>improviso</strong></span> <span class='ocrx_word' id='word_1_827' title='bbox 2287 5008 2621 5065; x_wconf 87' lang='lat' dir='ltr'><strong>conﬂantur?</strong></span> <span class='ocrx_word' id='word_1_828' title='bbox 2651 5012 2714 5066; x_wconf 86' lang='lat' dir='ltr'><strong>Et</strong></span> <span class='ocrx_word' id='word_1_829' title='bbox 2740 5013 2857 5083; x_wconf 91' lang='lat' dir='ltr'><strong>quis</strong></span> <span class='ocrx_word' id='word_1_830' title='bbox 2888 5016 3103 5070; x_wconf 89' lang='lat' dir='ltr'><strong>tandem</strong></span> <span class='ocrx_word' id='word_1_831' title='bbox 3135 5016 3432 5085; x_wconf 90' lang='lat' dir='ltr'><strong>hominum,</strong></span> <span class='ocrx_word' id='word_1_832' title='bbox 3466 5032 3553 5073; x_wconf 85' lang='lat' dir='ltr'><strong>re-</strong></span> 
     </span>
    </p>
   </div>
   <div class='ocr_carea' id='block_1_110' title="bbox 1973 5099 3558 5174">
    <p class='ocr_par' dir='ltr' id='par_1_110' title="bbox 1973 5099 3558 5174">
     <span class='ocr_line' id='line_1_110' title="bbox 1973 5099 3558 5174; baseline 0.008 -22"><span class='ocrx_word' id='word_1_833' title='bbox 1973 5099 2304 5166; x_wconf 89' lang='lat' dir='ltr'><strong>sponderunt</strong></span> <span class='ocrx_word' id='word_1_834' title='bbox 2337 5101 2434 5166; x_wconf 90' lang='lat' dir='ltr'><strong>illi,</strong></span> <span class='ocrx_word' id='word_1_835' title='bbox 2470 5101 2645 5158; x_wconf 79' lang='lat' dir='ltr'><strong>futura</strong></span> <span class='ocrx_word' id='word_1_836' title='bbox 2678 5106 2985 5174; x_wconf 89' lang='lat' dir='ltr'><strong>perspicere</strong></span> <span class='ocrx_word' id='word_1_837' title='bbox 3020 5122 3081 5159; x_wconf 84' lang='lat' dir='ltr'><strong>ac</strong></span> <span class='ocrx_word' id='word_1_838' title='bbox 3122 5105 3356 5174; x_wconf 85' lang='lat' dir='ltr'><strong>perfecte</strong></span> <span class='ocrx_word' id='word_1_839' title='bbox 3394 5106 3558 5163; x_wconf 84' lang='lat' dir='ltr'><strong>intel-</strong></span> 
     </span>
    </p>
   </div>
   <div class='ocr_carea' id='block_1_111' title="bbox 1972 5189 3554 5267">
    <p class='ocr_par' dir='ltr' id='par_1_111' title="bbox 1972 5189 3554 5267">
     <span class='ocr_line' id='line_1_111' title="bbox 1972 5189 3554 5267; baseline 0.006 -22"><span class='ocrx_word' id='word_1_840' title='bbox 1972 5189 2140 5261; x_wconf 86' lang='lat' dir='ltr'><strong>ligere</strong></span> <span class='ocrx_word' id='word_1_841' title='bbox 2192 5194 2383 5263; x_wconf 86' lang='lat' dir='ltr'><strong>queat?</strong></span> <span class='ocrx_word' id='word_1_842' title='bbox 2437 5196 2547 5250; x_wconf 87' lang='lat' dir='ltr'><strong>Hoc</strong></span> <span class='ocrx_word' id='word_1_843' title='bbox 2600 5198 2743 5251; x_wconf 89' lang='lat' dir='ltr'><strong>enim</strong></span> <span class='ocrx_word' id='word_1_844' title='bbox 2785 5200 3032 5252; x_wconf 66' lang='lat' dir='ltr'><strong>humanm</strong></span> <span class='ocrx_word' id='word_1_845' title='bbox 3084 5204 3287 5251; x_wconf 67' lang='lat' dir='ltr'><strong>naturae</strong></span> <span class='ocrx_word' id='word_1_846' title='bbox 3336 5208 3554 5267; x_wconf 87' lang='lat' dir='ltr'><strong>captum</strong></span> 
     </span>
    </p>
   </div>
   <div class='ocr_carea' id='block_1_112' title="bbox 1974 5283 3553 5351">
    <p class='ocr_par' dir='ltr' id='par_1_112' title="bbox 1974 5283 3553 5351">
     <span class='ocr_line' id='line_1_112' title="bbox 1974 5283 3553 5351; baseline 0.004 -14"><span class='ocrx_word' id='word_1_847' title='bbox 1974 5283 2217 5351; x_wconf 84' lang='lat' dir='ltr'><strong>excedit,</strong></span> <span class='ocrx_word' id='word_1_848' title='bbox 2265 5302 2327 5341; x_wconf 89' lang='lat' dir='ltr'><strong>ac</strong></span> <span class='ocrx_word' id='word_1_849' title='bbox 2375 5286 2506 5341; x_wconf 89' lang='lat' dir='ltr'><strong>solis</strong></span> <span class='ocrx_word' id='word_1_850' title='bbox 2552 5288 2943 5344; x_wconf 89' lang='lat' dir='ltr'><strong>immortalibus</strong></span> <span class='ocrx_word' id='word_1_851' title='bbox 2972 5287 3075 5342; x_wconf 89' lang='lat' dir='ltr'><strong>diis</strong></span> <span class='ocrx_word' id='word_1_852' title='bbox 3104 5288 3419 5344; x_wconf 90' lang='lat' dir='ltr'><strong>attributum</strong></span> <span class='ocrx_word' id='word_1_853' title='bbox 3450 5300 3553 5346; x_wconf 89' lang='lat' dir='ltr'><strong>est.</strong></span> 
     </span>
    </p>
   </div>
   <div class='ocr_carea' id='block_1_113' title="bbox 1974 5376 3559 5451">
    <p class='ocr_par' dir='ltr' id='par_1_113' title="bbox 1974 5376 3559 5451">
     <span class='ocr_line' id='line_1_113' title="bbox 1974 5376 3559 5451; baseline 0.004 -19"><span class='ocrx_word' id='word_1_854' title='bbox 1974 5376 2073 5433; x_wconf 87' lang='lat' dir='ltr'><strong>Hic</strong></span> <span class='ocrx_word' id='word_1_855' title='bbox 2103 5380 2448 5447; x_wconf 78' lang='lat' dir='ltr'><strong>percontandi</strong></span> <span class='ocrx_word' id='word_1_856' title='bbox 2481 5382 2693 5450; x_wconf 88' lang='lat' dir='ltr'><strong>quidem</strong></span> <span class='ocrx_word' id='word_1_857' title='bbox 2732 5383 2892 5436; x_wconf 83' lang='lat' dir='ltr'><strong>linem</strong></span> <span class='ocrx_word' id='word_1_858' title='bbox 2920 5380 3046 5435; x_wconf 79' lang='lat' dir='ltr'><strong>fecit</strong></span> <span class='ocrx_word' id='word_1_859' title='bbox 3075 5380 3216 5451; x_wconf 85' lang='lat' dir='ltr'><strong>regis</strong></span> <span class='ocrx_word' id='word_1_860' title='bbox 3255 5380 3431 5449; x_wconf 77' lang='lat' dir='ltr'><strong>(ilius;</strong></span> <span class='ocrx_word' id='word_1_861' title='bbox 3464 5399 3559 5439; x_wconf 90' lang='lat' dir='ltr'><strong>ve-</strong></span> 
     </span>
    </p>
   </div>
   <div class='ocr_carea' id='block_1_114' title="bbox 1976 5468 3558 5542">
    <p class='ocr_par' dir='ltr' id='par_1_114' title="bbox 1976 5468 3558 5542">
     <span class='ocr_line' id='line_1_114' title="bbox 1976 5468 3558 5542; baseline 0.003 -19"><span class='ocrx_word' id='word_1_862' title='bbox 1976 5484 2093 5523; x_wconf 91' lang='lat' dir='ltr'><strong>rum</strong></span> <span class='ocrx_word' id='word_1_863' title='bbox 2126 5485 2190 5523; x_wconf 90' lang='lat' dir='ltr'><strong>ex</strong></span> <span class='ocrx_word' id='word_1_864' title='bbox 2221 5470 2523 5539; x_wconf 89' lang='lat' dir='ltr'><strong>hujusmodi</strong></span> <span class='ocrx_word' id='word_1_865' title='bbox 2555 5470 2868 5537; x_wconf 83' lang='lat' dir='ltr'><strong>Spectacqu</strong></span> <span class='ocrx_word' id='word_1_866' title='bbox 2908 5468 3151 5524; x_wconf 87' lang='lat' dir='ltr'><strong>dolorem</strong></span> <span class='ocrx_word' id='word_1_867' title='bbox 3180 5471 3359 5526; x_wconf 91' lang='lat' dir='ltr'><strong>animo</strong></span> <span class='ocrx_word' id='word_1_868' title='bbox 3380 5472 3558 5542; x_wconf 91' lang='lat' dir='ltr'><strong>cepit,</strong></span> 
     </span>
    </p>
   </div>
   <div class='ocr_carea' id='block_1_115' title="bbox 1971 5559 3558 5631">
    <p class='ocr_par' dir='ltr' id='par_1_115' title="bbox 1971 5559 3558 5631">
     <span class='ocr_line' id='line_1_115' title="bbox 1971 5559 3558 5631; baseline 0.004 -17"><span class='ocrx_word' id='word_1_869' title='bbox 1971 5561 2156 5631; x_wconf 87' lang='lat' dir='ltr'><strong>reique</strong></span> <span class='ocrx_word' id='word_1_870' title='bbox 2189 5562 2425 5616; x_wconf 88' lang='lat' dir='ltr'><strong>novitate</strong></span> <span class='ocrx_word' id='word_1_871' title='bbox 2453 5561 2527 5615; x_wconf 91' lang='lat' dir='ltr'><strong>ita</strong></span> <span class='ocrx_word' id='word_1_872' title='bbox 2572 5559 2796 5618; x_wconf 87' lang='lat' dir='ltr'><strong>aﬂ&#39;ectus</strong></span> <span class='ocrx_word' id='word_1_873' title='bbox 2833 5569 2938 5630; x_wconf 91' lang='lat' dir='ltr'><strong>est,</strong></span> <span class='ocrx_word' id='word_1_874' title='bbox 2970 5572 3029 5616; x_wconf 91' lang='lat' dir='ltr'><strong>ut</strong></span> <span class='ocrx_word' id='word_1_875' title='bbox 3049 5562 3158 5617; x_wconf 90' lang='lat' dir='ltr'><strong>oris</strong></span> <span class='ocrx_word' id='word_1_876' title='bbox 3186 5563 3354 5631; x_wconf 81' lang='lat' dir='ltr'><strong>ipsius</strong></span> <span class='ocrx_word' id='word_1_877' title='bbox 3381 5564 3558 5621; x_wconf 74' lang='lat' dir='ltr'><strong>loriua</strong></span> 
     </span>
    </p>
   </div>
   <div class='ocr_carea' id='block_1_116' title="bbox 1971 5653 2369 5709">
    <p class='ocr_par' dir='ltr' id='par_1_116' title="bbox 1971 5653 2369 5709">
     <span class='ocr_line' id='line_1_116' title="bbox 1971 5653 2369 5709; baseline 0.005 -4"><span class='ocrx_word' id='word_1_878' title='bbox 1971 5653 2369 5709; x_wconf 87' lang='lat' dir='ltr'><strong>immutarclur.</strong></span> 
     </span>
    </p>
   </div>
   <div class='ocr_carea' id='block_1_117' title="bbox 2044 5743 3551 5821">
    <p class='ocr_par' dir='ltr' id='par_1_117' title="bbox 2044 5743 3551 5821">
     <span class='ocr_line' id='line_1_117' title="bbox 2044 5743 3551 5821; baseline 0.002 -22"><span class='ocrx_word' id='word_1_879' title='bbox 2044 5746 2278 5800; x_wconf 79' lang='lat' dir='ltr'><strong>Rursum</strong></span> <span class='ocrx_word' id='word_1_880' title='bbox 2328 5754 2507 5799; x_wconf 89' lang='lat' dir='ltr'><strong>autem</strong></span> <span class='ocrx_word' id='word_1_881' title='bbox 2555 5743 2702 5802; x_wconf 86' lang='lat' dir='ltr'><strong>l‘oras</strong></span> <span class='ocrx_word' id='word_1_882' title='bbox 2743 5747 3122 5818; x_wconf 87' lang='lat' dir='ltr'><strong>progrediens,</strong></span> <span class='ocrx_word' id='word_1_883' title='bbox 3151 5750 3204 5805; x_wconf 92' lang='lat' dir='ltr'><strong>in</strong></span> <span class='ocrx_word' id='word_1_884' title='bbox 3244 5749 3551 5821; x_wconf 84' lang='lat' dir='ltr'><strong>capularetn</strong></span> 
     </span>
    </p>
   </div>
   <div class='ocr_carea' id='block_1_118' title="bbox 1972 5838 3551 5914">
    <p class='ocr_par' dir='ltr' id='par_1_118' title="bbox 1972 5838 3551 5914">
     <span class='ocr_line' id='line_1_118' title="bbox 1972 5838 3551 5914; baseline 0.006 -25"><span class='ocrx_word' id='word_1_885' title='bbox 1972 5839 2256 5909; x_wconf 87' lang='lat' dir='ltr'><strong>quemdam</strong></span> <span class='ocrx_word' id='word_1_886' title='bbox 2288 5854 2470 5896; x_wconf 85' lang='lat' dir='ltr'><strong>senem</strong></span> <span class='ocrx_word' id='word_1_887' title='bbox 2501 5838 2705 5908; x_wconf 88' lang='lat' dir='ltr'><strong>incidit,</strong></span> <span class='ocrx_word' id='word_1_888' title='bbox 2736 5852 2923 5914; x_wconf 87' lang='lat' dir='ltr'><strong>rugata</strong></span> <span class='ocrx_word' id='word_1_889' title='bbox 2948 5843 3118 5913; x_wconf 78' lang='lat' dir='ltr'><strong>facie,</strong></span> <span class='ocrx_word' id='word_1_890' title='bbox 3149 5844 3331 5902; x_wconf 77' lang='lat' dir='ltr'><strong>fractis</strong></span> <span class='ocrx_word' id='word_1_891' title='bbox 3350 5859 3414 5900; x_wconf 90' lang='lat' dir='ltr'><strong>ac</strong></span> <span class='ocrx_word' id='word_1_892' title='bbox 3438 5842 3551 5901; x_wconf 83' lang='lat' dir='ltr'><strong>dis-</strong></span> 
     </span>
    </p>
   </div>
   <div class='ocr_carea' id='block_1_119' title="bbox 3085 5956 3158 6015">
    <p class='ocr_par' dir='ltr' id='par_1_119' title="bbox 3085 5956 3158 6015">
     <span class='ocr_line' id='line_1_119' title="bbox 3085 5956 3158 6015; baseline 0.014 -1"><span class='ocrx_word' id='word_1_893' title='bbox 3085 5956 3158 6015; x_wconf 79' lang='lat'><strong>15</strong></span> 
     </span>
    </p>
   </div>
  </div>
