4158 6354
555 386 659 445 4-59
678 350 689 359 ’

1589 373 1677 431 DE
1715 372 1895 431 VlTlS
1936 317 2226 428 ΡᾸΤΒΠΜ
2264 361 2468 423 LIBER
2508 363 2793 425 PRIMUS.

3704 330 3849 423 suo

553 502 744 561 solutis
777 501 943 569 tibiis,
978 515 1142 557 curvo
1180 512 1439 569 corpore,
1489 499 1667 566 capite
1713 509 1934 566 prorsus
1974 506 2143 558 cano,
2170 487 2415 548 A'uilum
2436 486 2696 558 ejusmodi
2717 488 2771 541 in
2797 491 2903 541 tota
2920 483 3019 541 hac
3041 484 3273 556 undique
3293 482 3516 558 regione
3538 497 3831 554 cognosco.

552 596 642 666 qui
676 602 930 663 praeterea
962 590 1211 645 dentibus
1230 588 1466 653 carebat,
1499 597 1657 657 atque
1674 586 1946 640 concisum
1976 582 2137 653 quid-

553 687 676 742 dam
707 696 760 740 et
792 686 1145 752 interruptum
1176 680 1515 751 loquebatur.
1548 678 1780 748 Stupore
1810 676 1992 745 itaque
2020 690 2139 729 cor-

556 787 776 847 reptus,
810 792 930 830 cum
962 774 1235 828 hominem
1264 788 1386 828 eum
1421 769 1639 841 propius
1704 769 1769 824 ad
1837 784 1896 823 se
1945 765 2139 821 adduci

553 868 819 938 iussisset,
850 881 939 920 eos
976 866 1063 935 qui
1098 872 1206 918 tum
1256 865 1477 917 aderant
1506 861 1866 933 interrogabat
1915 855 2138 928 ecquid-

556 972 679 1012 nam
733 967 837 1011 tam
894 955 1132 1011 insolens
1187 956 1546 1024 spectaculum
1599 962 1761 1010 esset.
1821 953 1899 1006 Illi
1951 960 2132 1005 autem

558 1049 813 1103 dixerunt
844 1066 855 1099 :
890 1046 987 1101 llic
1018 1055 1175 1101 aetate
1204 1046 1357 1100 valde
1408 1053 1722 1113 provectus,
1770 1058 1831 1097 ac
1880 1041 2139 1112 paulatim

556 1140 940 1196 decedentibus
971 1140 1069 1209 ipsi
1099 1141 1301 1195 viribus
1325 1184 1340 1208 ,
1394 1138 1756 1208 membrisque
1798 1133 2139 1190 imbecillita-

554 1242 659 1288 tem
691 1232 1153 1296 contrahentibus,
1186 1233 1249 1287 ad
1285 1233 1420 1286 hanc
1452 1248 1611 1303 quam
1638 1230 1816 1285 cernis
1842 1244 2142 1283 :erumnam

553 1324 814 1394 pervenit.
852 1325 915 1379 Et
946 1326 1224 1395 quisnam,
1262 1323 1434 1393 inquit
1466 1324 1594 1388 ille,
1639 1321 1808 1392 ipsius
1864 1321 1982 1375 linis
2019 1320 2139 1374 est?
2178 1316 2179 1319 “

552 1415 695 1472 Nihil
723 1417 886 1482 aliud,
916 1417 1161 1486 inquiunt
1192 1417 1291 1482 illi,
1321 1432 1479 1485 quam
1504 1430 1650 1470 mors
1677 1416 1852 1484 ipsum
1887 1415 2139 1481 excipiet.

556 1509 887 1564 Omnibusne
937 1508 1276 1575 hominibus,
1313 1509 1483 1577 inquit
1512 1507 1634 1572 ille,
1671 1508 1772 1561 hoc
1803 1505 2141 1576 propositum

552 1608 654 1669 est,
680 1617 745 1655 an
772 1599 1089 1672 quibusdam
1112 1600 1373 1654 duntaxat
1393 1598 1699 1668 contingit?
1727 1594 2147 1667 Responderunt

551 1692 625 1748 illi
654 1711 667 1746 :
699 1691 811 1749 Nisi
843 1707 988 1746 mors
1017 1701 1360 1746 antevertens
1412 1691 1646 1760 aliquem
1699 1689 1824 1744 hinc
1864 1687 2101 1743 abducat
2128 1729 2143 1752 ,

552 1784 670 1838 fieri
697 1800 800 1837 non
833 1791 1011 1851 potest
1042 1782 1167 1850 quin
1218 1782 1475 1850 temporis
1518 1795 1811 1849 progressu
1840 1787 2012 1834 status
2039 1778 2144 1832 hu-

2243 584 2359 652 Quo
2388 581 2601 648 quidem
2644 581 2860 636 nomine
2906 593 3097 646 magna
3141 578 3234 634 ille
3264 576 3512 634 molestia
3542 576 3797 648 impletus
3818 620 3834 646 ,

2242 675 2498 747 gravique
2536 675 2700 731 animi
2728 674 2952 731 vulnere
3000 672 3259 742 aﬂectus,
3291 674 3340 730 ei
3372 672 3568 730 similis
3599 681 3717 729 erat
3742 664 3835 745 qui

2244 770 2515 842 ingentem
2550 768 2859 825 thesaurum
2883 767 3085 839 amisit,
3118 776 3281 839 atque
3312 768 3365 822 in
3394 768 3512 838 ejus
3537 768 3833 841 investiga-

2245 866 2392 918 tione
2420 871 2654 918 mentem
2686 872 2850 918 totam
2878 871 3190 932 occupatam
3213 877 3275 916 ac
3292 861 3524 917 deﬁxam
3552 856 3734 917 habet.
3757 861 3841 918 Ac
3874 922 3875 925 η

2236 958 2472 1029 proinde
2503 959 2555 1013 in
2589 966 2852 1028 perpetuo
2882 956 3141 1027 languore
3173 965 3226 1013 et
3264 954 3627 1011 sollicitudine
3650 972 3838 1011 versa—
3870 944 3875 1035 ἠ

2243 1051 2424 1118 batur,
2452 1066 2748 1122 omnesque
2791 1051 2975 1106 mundi
3016 1049 3386 1121 jucunditates
3434 1059 3487 1105 et
3536 1050 3839 1119 voluptates

2243 1146 2298 1203 in
2348 1148 2513 1218 ipsius
2560 1148 2731 1204 oculis
2776 1147 2971 1217 piaculi
3017 1142 3296 1217 cujusdam
3344 1154 3399 1202 et
3450 1143 3840 1200 exsecrationis

2245 1240 2414 1294 instar
2440 1248 2614 1295 erant.
2648 1238 2779 1293 Cum
2808 1247 2987 1293 autem
3020 1239 3123 1292 hoc
3153 1236 3319 1290 animi
3370 1244 3513 1291 statu
3552 1244 3738 1301 esset,
3772 1251 3843 1290 ac

2245 1347 2440 1403 magno
2470 1346 2590 1386 cum
2624 1332 2824 1403 gemitu
2852 1328 3053 1386 bonum
3081 1328 3325 1385 invenire
3352 1337 3593 1400 cuperet,
3626 1343 3837 1383 msom-
3874 1384 3879 1389 _

2246 1418 2330 1480 nis
2360 1422 2446 1480 ille
2473 1424 2681 1490 oculus,
2707 1425 2796 1495 qui
2826 1423 3005 1478 omnia
3028 1423 3220 1486 cernit,
3250 1429 3413 1491 atque
3442 1435 3631 1477 omnes
3654 1422 3841 1476 salvos

2246 1514 2383 1583 ﬁeri,
2413 1525 2468 1571 et
2496 1518 2558 1571 ad
2583 1516 2821 1572 veritatis
2842 1515 3169 1586 agnitionem
3183 1514 3367 1571 venire
3382 1515 3493 1570 vult
3518 1512 3574 1585 (Ι
3592 1513 3729 1569 Tim.
3748 1502 3838 1583 ιι),
3876 1566 3879 1573 ι

2246 1608 2423 1677 ipsum
2463 1607 2703 1678 aspexit,
2731 1622 2989 1679 suamque
3022 1606 3122 1676 ipsi
3170 1615 3483 1663 consuetam
3535 1604 3839 1675 benignita-

2248 1708 2355 1755 tem
2382 1699 2673 1754 ostendens
2700 1741 2717 1769 ,
2750 1699 3017 1769 quodnam
3046 1697 3154 1755 iter
3194 1695 3487 1755 tenendum
3517 1706 3662 1755 esset
3682 1738 3701 1763 ,
3732 1693 3840 1751 hoc
3882 1766 3883 1771 η

2248 1789 2410 1845 modo
2442 1789 2851 1846 demonstravit.

552 1870 703 1943 iusce
732 1872 1026 1940 periculum
1060 1887 1164 1924 non
1200 1870 1374 1924 iaciat.
1405 1870 1538 1923 Tum
1573 1871 1930 1924 adolescens:
1965 1869 2139 1936 Quoto
2170 1876 2218 1938 Β
2318 1884 2445 1937 οη,
2500 1881 2589 1937 γι,
2638 1911 2708 1925 __.
2761 1883 2888 1937 Era;
2934 1882 3079 1939 enim
3124 1896 3190 1937 eo
3238 1889 3485 1951 tempore,
3538 1880 3835 1938 monachus
3878 1944 3881 1947 _

555 1975 698 2017 anno
729 1963 832 2018 hoc
861 1962 1093 2031 cuipiam
1129 1961 1426 2029 contingit?
1469 1970 1629 2030 atque
1678 1976 1972 2030 prorsusne
2006 1963 2142 2016 mori
2176 2011 2180 2015 .

554 2068 778 2119 necesse
810 2064 891 2109 est
915 2094 931 2120 ,
968 2069 1138 2123 neque
1168 2068 1255 2108 ars
1288 2052 1394 2108 ulla
1425 2060 1509 2107 est
1532 2069 1631 2123 qua
1668 2062 1892 2107 mortem
1924 2051 2143 2122 eliugia-

554 2161 689 2212 mus,
721 2155 882 2215 atque
906 2147 958 2200 in
987 2145 1121 2200 hanc
1149 2146 1508 2200 calamitatem
1540 2144 1764 2199 minime
1804 2143 2141 2199 incidamus?

551 2238 745 2294 Dicunt
771 2238 858 2293 ei:
892 2238 1252 2308 Octogesimo,
1286 2246 1375 2291 aut
1398 2237 1699 2293 centesimo
1732 2252 1874 2291 anno
1902 2237 1966 2291 ad
2000 2237 2140 2291 hanc

553 2342 886 2390 senectutem
915 2330 1159 2388 homines
1191 2332 1544 2402 perveniunt,
1576 2348 1641 2387 ac
1667 2331 1864 2387 deinde
1905 2332 2144 2387 moriun-

554 2436 660 2494 tur,
693 2443 794 2485 nec
824 2429 980 2484 aliter
1012 2428 1125 2482 lieri
1159 2437 1353 2497 potest.
1401 2427 1647 2485 Debitnm
1704 2428 1845 2482 enim
1902 2429 2142 2482 naturale

554 2531 699 2572 mors
722 2527 825 2584 est,
855 2517 1162 2573 hominibus
1192 2518 1258 2572 ab
1288 2516 1444 2572 initio
1476 2519 1806 2587 impositum,
1839 2534 2011 2588 neque
2036 2520 2139 2572 ulla

554 2611 763 2666 ratione
792 2612 959 2680 ipsius
982 2610 1245 2666 adventus
1271 2611 1426 2664 vitari
1464 2620 1656 2677 potest.

630 2703 752 2757 Haec
782 2704 984 2767 omnia,
1018 2715 1076 2759 ut
1102 2718 1269 2774 sagax
1304 2701 1397 2755 ille
1437 2717 1499 2757 ac
1546 2694 1777 2771 prudens
1828 2700 2143 2757 adolescens

555 2795 759 2850 audivit
796 2804 959 2864 atque
1007 2795 1291 2860 intellexit,
1337 2796 1525 2848 intimo
1555 2794 1718 2847 corde
1763 2794 2139 2862 ingemiscens,

556 2886 692 2940 dixit
725 2904 738 2939 :
768 2887 970 2940 Acerba
1007 2886 1121 2941 htec
1147 2888 1256 2941 vita
1302 2895 1403 2949 est,
1458 2894 1617 2953 atque
1667 2888 1809 2939 omni
1864 2886 2050 2940 dolore
2081 2902 2143 2938 an

556 2979 807 3032 maestitia
839 2976 1014 3045 plena,
1050 2977 1095 3030 si
1125 2991 1209 3031 res
1244 2976 1313 3030 ita
1337 2991 1394 3031 se
1423 2974 1599 3030 habet.
1635 2975 1698 3028 Et
1722 2990 1951 3041 quonam
1985 2976 2143 3029 modo

556 3069 818 3139 quispiam
884 3068 937 3123 in
966 3069 1190 3124 incertat
1252 3072 1441 3125 mortis
1494 3071 1932 3140 exspectatione,
1990 3072 2143 3139 cujus

555 3163 817 3218 adventus
848 3178 957 3217 non
989 3164 1150 3217 modo
1181 3163 1339 3217 vitari
1373 3177 1477 3217 non
1506 3172 1715 3231 potest,
1747 3162 1840 3216 sed
1868 3163 2052 3227 etiam,
2087 3170 2145 3216 ut

555 3255 764 3311 dixiStis
787 3296 802 3322 ,
836 3255 1069 3310 incertus
1099 3264 1212 3322 est,
1247 3270 1440 3310 securo
1489 3256 1673 3309 animo
1720 3256 1856 3311 erit?
1884 3257 2135 3325 Abiitque
2171 3248 2219 3313 C

556 3347 673 3402 hare
701 3362 884 3403 secum
916 3348 1135 3403 volvens
1165 3356 1321 3416 atque
1350 3348 1566 3404 assidue
1596 3347 1968 3415 considerans,
2002 3364 2144 3404 mor-

557 3437 735 3507 tisque
782 3439 1091 3494 memoriam
1142 3438 1435 3494 identidem
1487 3441 1671 3495 animo
1726 3451 2014 3510 repetens,
2077 3454 2145 3497 ac

560 3529 812 3600 deinceps
844 3532 897 3584 in
942 3530 1218 3586 doloribus
1266 3534 1541 3603 animique
1588 3532 2023 3589 consternatione
2067 3533 2144 3585 vi-

560 3634 713 3691 vens,
746 3630 905 3693 atque
935 3623 987 3677 in
1016 3632 1274 3692 perpetuo
1299 3638 1532 3680 mmrore
1561 3625 1784 3696 degens.
1808 3624 1982 3695 Atque
2002 3624 2145 3695 apud

561 3727 624 3770 se
653 3714 864 3770 dicebat
891 3730 906 3769 :
942 3714 1154 3787 Ergone
1177 3731 1321 3772 mors
1345 3732 1429 3772 me
1456 3716 1745 3786 aliquando
1767 3717 2060 3787 corripiet?
2082 3717 2145 3772 Et

559 3806 803 3876 quisnam
833 3806 935 3862 erit
964 3808 1053 3877 qui
1083 3808 1187 3863 mei
1222 3815 1343 3877 post
1383 3819 1610 3863 mortem
1651 3810 1991 3880 meminerit,
2020 3823 2143 3864 cum

559 3904 773 3968 tempus
814 3900 993 3953 omnia
1021 3900 1295 3955 oblivione
1323 3900 1676 3956 contriverit?
1702 3900 1837 3956 Num
1883 3910 2146 3970 praeterea

559 3997 735 4045 morte
755 3989 966 4044 functus
993 3990 1045 4043 in
1068 3989 1290 4044 nihilum
1315 3991 1610 4057 dissolvar;
1642 4006 1707 4046 an
1741 4002 1945 4057 contra,
1978 3993 2144 4046 altera

561 4082 807 4153 quaedam
839 4082 945 4136 vita
974 4091 1059 4137 est
1083 4123 1097 4149 ,
1131 4091 1185 4138 et
1213 4082 1346 4137 alter
1381 4083 1647 4139 mundus?
1671 4084 1796 4139 Haec
1817 4094 1871 4139 et
1900 4085 1982 4139 his
2005 4085 2149 4138 simi-

558 4175 631 4231 lia
654 4184 912 4245 perpetuo
935 4176 1195 4245 cogitans,
1218 4176 1421 4246 pallore
1446 4177 1851 4233 conficiebatur.
1876 4174 2148 4234 Praesente

559 4277 742 4325 tamen
770 4278 924 4339 patre
945 4311 963 4340 ,
995 4270 1039 4324 si
1064 4269 1280 4341 quando
1310 4273 1376 4325 ad
1412 4287 1535 4328 eum
1570 4272 1799 4341 veniret,
1826 4275 2051 4333 hilarem
2082 4292 2146 4333 ac

563 4374 799 4417 maerore
829 4376 1055 4417 vacuum
1087 4362 1323 4417 animum
1353 4379 1461 4433 pra:
1489 4380 1548 4420 se
1574 4366 1803 4433 ferebat,
1837 4369 1979 4438 quod
2001 4369 2149 4425 scili-

560 4464 648 4511 cet
677 4470 737 4509 ea
765 4469 885 4523 quae
931 4455 1197 4525 cogitabat
1237 4456 1303 4510 ad
1349 4456 1516 4526 ipsius
1556 4460 1915 4527 cognitionem
1965 4464 2148 4520 venire

561 4549 748 4603 nollet.
782 4546 1158 4604 Ineredibilcm
1190 4559 1368 4604 autem
1398 4552 1449 4605 in
1480 4552 1694 4606 modum
1740 4553 1969 4623 aliquem
2009 4572 2144 4611 nan-

564 4640 691 4695 cisci
721 4640 992 4709 cupiebat,
1025 4643 1114 4713 qui
1141 4640 1308 4713 ipsius
1339 4646 1542 4715 pectori
1583 4655 1782 4702 certam
1817 4648 1973 4704 [idem
2006 4650 2147 4706 face-

523 4742 680 4811 ⁸ι’θῑ,
715 4747 777 4788 ac
802 4733 1000 4791 bonum
1052 4748 1360 4795 sermonem
1406 4738 1575 4810 ipsius
1629 4742 1845 4799 auribus
1890 4743 2147 4801 instillare

522 4822 535 4893 ξ
561 4831 763 4893 posset.

516 4940 531 4985 ς
633 4919 892 4987 Quocirca
927 4919 996 4977 de
1022 4921 1309 4993 paedagogo
1353 4939 1420 4980 eo
1462 4928 1617 4996 cujus
1660 4934 1787 4984 ante
1820 4929 2146 4985 mentionem

524 5040 525 5043 η
563 5015 786 5069 recimus
813 5028 1022 5069 rursum
1061 5017 1257 5084 quaerit
1288 5033 1414 5074 num
1444 5038 1603 5091 quem
1636 5023 1779 5077 norit
1819 5023 1908 5093 qui
1935 5022 2001 5077 ad
2028 5038 2146 5078 eam

506 5097 511 5109 ³
560 5120 677 5161 rem
705 5107 857 5177 cujus
885 5108 1177 5177 cupiditate
1206 5106 1469 5181 ﬂagrabat
1498 5114 1810 5185 adiumento
1835 5116 1937 5185 ipsi
1984 5131 2104 5172 esse
2123 5162 2140 5185 ,

560 5197 835 5267 ipsiusque
883 5211 1117 5258 mentem
1160 5204 1411 5273 gravibus
1454 5209 1867 5279 cogitationibus
1904 5220 2141 5265 aestuan-

511 5279 518 5296 ¹
562 5297 694 5356 tem,
727 5300 889 5363 atque
919 5292 1224 5364 huiusmodi
1255 5311 1438 5352 curam
1489 5299 1724 5368 abjicere
1753 5311 2144 5370 nequeuntem,

521 5406 525 5410 ι
563 5384 882 5439 continuare
905 5390 1090 5455 possit.
1106 5388 1201 5445 ille
1221 5390 1379 5463 252
1403 5402 1579 5447 autem
1607 5410 1665 5447 ea
1689 5410 1807 5463 qua:
1836 5396 1981 5463 prius
2004 5395 2147 5451 dicta

562 5471 796 5537 inerant,
828 5474 882 5527 in
914 5482 1223 5535 memoriam
1254 5500 1439 5539 rursus
1465 5484 1561 5554 ipsi
1593 5500 1867 5552 revocans,
1896 5486 2140 5543 dicebat:

562 5560 679 5617 Jam
710 5577 922 5633 quoque
949 5569 1095 5635 prius
1126 5572 1218 5627 tibi
1251 5575 1473 5644 exposui
1518 5576 1969 5644 quemadmodum
1991 5587 2144 5648 pater

561 5663 688 5710 tuus
712 5656 983 5725 sapientes
1012 5662 1134 5718 illos
1155 5664 1296 5721 viros
1323 5682 1388 5722 ac
1420 5669 1598 5737 pietati
1629 5671 1868 5727 colenda:
1895 5672 2140 5741 devotos,

486 5794 491 5833 ζ
563 5745 658 5818 qui
686 5745 755 5803 de
784 5746 1087 5819 huiusmodi
1119 5756 1276 5812 rebus
1305 5756 1597 5832 disputant,
1634 5765 1826 5834 partim
1854 5765 2141 5824 obtrunca-

474 5840 491 5867 ιλ
554 5837 659 5921 fit,
686 5841 879 5912 partim
904 5843 1040 5903 irato
1068 5856 1229 5917 atque
1258 5849 1467 5910 infenso
1507 5858 1686 5914 animo
1713 5859 2002 5929 expulerit,
2037 5876 2138 5920 nec

2247 1973 2459 2043 quidam
2479 1972 2781 2029 divinarum
2804 1989 2982 2030 rerum
3009 1972 3231 2044 peritus,
3253 1972 3470 2042 vitaque
3488 1987 3553 2028 ac
3579 1987 3835 2029 sermone

2245 2075 2499 2135 ornatus,
2529 2076 2689 2137 atque
2732 2067 2785 2121 in
2840 2066 2983 2122 omni
3021 2068 3319 2122 monastica
3364 2060 3580 2121 vivendi
3626 2066 3837 2121 ratione

2244 2174 2585 2229 summopere
2633 2168 2917 2216 versatus:
2954 2159 3097 2214 unde
3144 2156 3425 2224 oriundus,
3470 2169 3563 2214 aut
3612 2174 3678 2213 ex
3724 2174 3835 2228 quo
3876 2220 3883 2224 ,

2244 2266 2462 2321 genere,
2493 2250 2672 2308 dicere
2704 2265 2944 2321 nequeo,
2977 2266 3164 2306 verum
3195 2252 3244 2305 in
3271 2246 3560 2306 solitudine
3601 2249 3836 2321 quadam

2246 2345 2643 2402 Sennaaritidis
2672 2355 2829 2401 terrm
2857 2345 3189 2402 domicilium
3220 2344 3425 2405 habens
3443 2384 3462 2412 ,
3489 2360 3554 2402 ac
3582 2344 3836 2401 sacerdo-

2177 2502 2181 2509 η
2248 2430 2303 2494 tii
2336 2440 2597 2511 dignitate
2627 2440 2907 2508 praeditus.
2940 2440 3072 2497 lluic
3104 2455 3264 2510 porro
3295 2440 3413 2497 seni
3455 2440 3701 2496 Barlaam
3730 2454 3836 2497 no-
3880 2496 3881 2501 η

2251 2547 2375 2605 men
2407 2539 2543 2587 erat.
2577 2531 2674 2587 Hic
2699 2530 2859 2601 igitur
2901 2546 3024 2587 cum
3070 2531 3252 2587 divino
3279 2532 3508 2603 quodam
3534 2532 3837 2601 admonitu,
3878 2580 3881 2583 .

2247 2641 2480 2695 quonam
2510 2634 2656 2681 statu
2687 2626 2829 2696 regis
2861 2625 3001 2681 illius
3034 2634 3179 2682 esset
3224 2624 3619 2696 comperisset,
3645 2641 3677 2680 e
3704 2624 3837 2681 soli-
3876 2664 3879 2665 ν

2176 2784 2179 2787 η
2250 2720 2433 2774 tudine
2463 2734 2741 2789 egressus,
2777 2722 2845 2776 ad
2885 2723 3084 2778 cultam
3130 2731 3188 2778 et
3232 2720 3579 2779 habitabilem
3637 2732 3839 2778 terram

2249 2813 2521 2882 profectus
2550 2825 2667 2882 est;
2700 2826 3009 2888 mutatoque
3048 2816 3233 2873 habitu
3275 2831 3397 2883 suo,
3428 2827 3588 2887 atque
3640 2816 3843 2873 induti:
3876 2862 3881 2891 ,

2250 2906 2533 2961 mundanis
2564 2909 2823 2975 vestibus,
2851 2919 2904 2964 et
2929 2924 3231 2965 conscensa
3262 2910 3421 2979 navi,
3460 2909 3529 2964 ad
3576 2908 3831 2963 Indorum
3876 2950 3880 2955 .

2250 3013 2470 3067 regnum
2499 3014 2558 3054 se
2589 3003 2832 3068 contulit,
2864 3018 2929 3059 ac
2954 3014 3309 3059 mercatorem
3342 3018 3403 3058 se
3434 3018 3552 3057 esse
3585 3003 3832 3072 ﬁngens,
3874 3044 3879 3049 .

2249 3091 2301 3155 in
2332 3107 2449 3145 eam
2484 3092 2667 3149 urbem
2713 3094 2769 3151 in
2801 3112 2902 3166 qua
2932 3096 3072 3165 regis
3114 3096 3254 3151 ﬁlius
3303 3095 3553 3165 palatium
3606 3094 3840 3149 habebat

2252 3184 2573 3252 ingreditur.
2607 3186 3015 3257 Permultosque
3044 3189 3164 3243 dies
3186 3188 3295 3243 illic
3323 3197 3710 3252 commoratus,
3742 3186 3841 3257 qui

2249 3291 2428 3330 rerum
2474 3277 2640 3347 ipsius
2679 3288 2848 3334 status
2895 3292 3033 3336 esset
3086 3281 3372 3349 diligenter
3420 3279 3749 3351 exquisivit,
3781 3287 3842 3333 et

2249 3371 2463 3438 quinam
2514 3382 2697 3427 essent
2743 3373 2832 3443 qui
2886 3374 3105 3442 prepius
3135 3374 3200 3429 ad
3231 3390 3355 3430 eum
3387 3378 3649 3432 accedere
3691 3374 3837 3429 sole—
3876 3424 3877 3427 η

2247 3472 2370 3516 rent
2396 3481 2407 3515 :
2439 3478 2560 3518 cum
2584 3465 2744 3537 igitur
2781 3465 3125 3536 paedagogum
3150 3482 3273 3522 eum
3304 3468 3372 3523 de
3397 3483 3505 3537 quo
3528 3469 3775 3537 superius
3799 3483 3833 3523 tt
3872 3520 3877 3529 ,

2249 3556 2403 3610 nobis
2444 3559 2645 3612 mentio
2678 3557 2812 3613 facta
2844 3568 2926 3613 est
2956 3560 3058 3627 ipsi
3087 3559 3328 3615 omnium
3356 3562 3835 3617 familiarissimum

2249 3663 2369 3704 esse
2400 3649 2774 3719 intellexisset,
2806 3653 3034 3709 seorsim
3064 3668 3189 3710 eum
3213 3654 3568 3724 conveniens,
3602 3653 3690 3710 bis
3716 3669 3835 3711 ver-

2252 3740 2332 3794 bis
2363 3755 2487 3795 usus
2518 3751 2604 3797 est
2632 3760 2642 3794 :

2322 3832 2472 3888 Scias
2500 3832 2688 3898 velim,
2730 3833 2945 3889 domine
2976 3837 3086 3903 mi,
3130 3851 3218 3891 me
3268 3846 3623 3897 mercatorem
3671 3848 3829 3901 esse,

2250 3934 2409 3995 atque
2434 3942 2499 3981 ex
2534 3925 2821 3997 longinqua
2848 3929 3065 3998 regione
3091 3929 3329 3994 venisse,
3361 3928 3657 3998 eximiique
3680 3926 3834 3996 pretii

2250 4018 2478 4087 lapidem
2508 4018 2739 4086 habere,
2770 4019 2854 4075 cui
2878 4021 3057 4075 nullus
3091 4036 3324 4091 unquam
3355 4021 3549 4076 similis
3579 4021 3833 4075 inventus

2250 4120 2350 4176 est,
2381 4126 2647 4181 quemque
2682 4112 2883 4168 nemini
2910 4113 3089 4169 adhuc
3122 4114 3358 4170 ostendi.
3381 4114 3501 4169 Tibi
3526 4124 3705 4169 autem
3729 4112 3833 4168 hoc
3866 4170 3867 4175 η

2250 4201 2483 4267 declaro,
2515 4202 2656 4270 quod
2685 4212 2737 4259 te
2762 4204 3080 4273 prudentem
3106 4220 3168 4261 ac
3198 4206 3477 4262 cordatum
3509 4206 3679 4260 virum
3711 4218 3833 4259 esse

2250 4298 2483 4365 videam,
2532 4308 2589 4353 ut
2633 4313 2719 4354 me
2757 4299 2824 4354 ad
2864 4300 3007 4369 regis
3034 4299 3204 4355 ﬁlium
3238 4301 3548 4356 introducas
3572 4340 3589 4364 ,
3622 4300 3828 4368 ipsique

2250 4404 2371 4446 eum
2398 4392 2541 4446 dono
2572 4391 2715 4445 dem.
2742 4390 3018 4460 Siquidem
3050 4392 3190 4446 bona
3223 4392 3404 4445 omnia
3436 4388 3830 4459 incomparabi-

2250 4481 2374 4537 liter
2405 4481 2697 4537 antecellit.
2730 4481 2860 4535 Nam
2913 4490 2968 4536 et
3016 4482 3079 4536 iis
3114 4483 3202 4552 qui
3251 4482 3427 4536 cordis
3473 4482 3643 4535 oculis
3694 4477 3834 4548 capti

2257 4585 2401 4641 sunt,
2433 4575 2711 4642 sapientiae
2737 4575 2910 4631 lucem
2941 4574 3116 4641 all‘ert,
3151 4583 3205 4631 et
3234 4574 3413 4629 surdis
3442 4589 3600 4629 aures
3626 4572 3830 4642 aperit,

2256 4678 2309 4724 et
2342 4670 2503 4724 mutis
2529 4683 2713 4726 vocem
2742 4668 2999 4738 impertit,
3031 4679 3082 4723 et
3113 4676 3440 4740 aegrotantes
3470 4667 3520 4722 in
3549 4670 3834 4724 sanitatem

2253 4761 2467 4826 asserit,
2508 4768 2562 4815 et
2591 4762 2785 4814 stultos
2812 4759 3076 4828 sapientia
3108 4760 3289 4827 donat,
3324 4769 3378 4815 et
3408 4766 3680 4845 daemones
3713 4759 3831 4826 pel-

2252 4852 2348 4918 lit,
2392 4867 2454 4907 ac
2498 4852 2727 4921 denique
2757 4850 3012 4922 quidquid
3055 4852 3335 4921 pulchrum
3365 4863 3419 4906 et
3464 4850 3832 4921 expetendum

2253 4954 2353 5009 est,
2387 4944 2607 4999 domino
2658 4958 2757 4998 suo
2798 4944 3074 4998 uberrime
3120 4943 3441 5014 suppeditat.
3475 4945 3557 4998 Ait
3600 4945 3666 4999 ad
3714 4959 3833 4999 eum

2257 5037 2577 5107 paedagogus
2606 5056 2617 5089 :
2656 5035 2733 5090 Te
2766 5036 2985 5105 quidem
3020 5035 3289 5092 hominem
3316 5036 3492 5107 gravis
3516 5045 3678 5106 atque
3710 5052 3834 5091 eon-

2250 5131 2441 5185 stantis
2468 5130 2629 5184 animi
2656 5143 2778 5184 esse
2806 5129 2998 5197 video;
3031 5141 3284 5185 caeterum
3317 5131 3478 5187 verba
3516 5140 3607 5186 tua
3644 5131 3834 5186 immo-

2250 5219 2425 5275 dicam
2448 5220 2730 5290 quamdam
2755 5220 3065 5291 jactantiam
3092 5238 3200 5291 prae
3220 5238 3280 5279 se
3306 5221 3673 5291 ferunt.Quod
3691 5227 3831 5281 enim

2252 5311 2577 5367 excellentes
2600 5320 2761 5382 atque
2792 5314 3026 5384 ingentis
3079 5316 3233 5384 pretii
3280 5316 3482 5386 lapides
3510 5327 3564 5372 et
3609 5318 3833 5374 uniones

2253 5403 2529 5469 viderim,
2597 5421 2832 5475 quonam
2897 5408 3057 5462 modo
3126 5410 3494 5465 enumerando
3552 5426 3835 5469 recensere

2253 5496 2481 5565 queam?
2507 5511 2604 5552 nec
2636 5507 2813 5553 tamen
2846 5514 3075 5569 unquam
3116 5509 3207 5554 aut
3241 5502 3343 5555 vidi
3391 5511 3481 5556 aut
3528 5504 3708 5558 audivi
3748 5502 3837 5575 qui

2252 5600 2343 5641 eas
2395 5602 2527 5655 quas
2573 5590 3005 5643 commemOrasti
3041 5591 3185 5646 vires
3232 5590 3517 5648 haberent.
3552 5594 3832 5650 Verumta-

2252 5692 2376 5734 men
2405 5694 2526 5735 eum
2558 5679 2686 5736 mihi
2714 5683 2970 5751 ostende,
3002 5700 3064 5739 ac
3095 5684 3139 5739 si
3195 5686 3315 5743 talis
3342 5695 3427 5742 est
3470 5688 3687 5758 qualem
3713 5690 3824 5757 ais,

2255 5768 2372 5825 sine
2402 5772 2508 5827 ulla
2539 5776 2883 5831 cunctatione
2909 5775 2974 5830 ad
3005 5781 3148 5849 regis
3178 5777 3343 5834 lilium
3374 5788 3426 5834 te
3458 5779 3826 5846 introducam,

2257 5864 2347 5932 qui
2372 5878 2422 5922 te
2444 5866 2688 5923 maximis
2714 5868 3005 5926 honoribus
3031 5884 3095 5926 ac
3116 5870 3386 5929 beneﬁciis
3405 5870 3637 5931 ornabit.
3653 5869 3831 5929 Prius-
