4158 6354
254 373 359 432 461

702 371 863 431 ἫΤΑ
902 372 1322 431 SANCTORUM
1363 373 1693 433 BARLAAM
1738 376 1862 433 Elii

1969 375 2073 433 ΓλΕ
2114 376 2201 433 ΕΤ
2238 376 2592 437 JOSAPHAT
2631 381 2841 439 1NDle
2884 379 3107 439 REGIS.

3440 378 3546 437 462

255 501 420 559 quam
453 498 633 542 autem
666 502 761 557 per
792 489 967 558 ipsum
1002 490 1282 545 oculorqu
1313 491 1587 557 obtutum,
1618 492 1704 562 qui
1740 490 1847 547 falli
1876 496 1926 555 Α
1955 491 2174 564 (Matth.
2205 494 2345 564 χιιι).
2381 495 2642 563 Quocirca
2672 498 2717 552 si
2747 498 2798 553 in
2831 498 2992 554 corde
3025 508 3112 553 tuo
3144 496 3449 568 frugiferam
3480 513 3545 555 ac

254 582 463 651 nequit,
491 577 632 635 dicta
660 590 746 635 tua
774 582 1131 648 confirtnaris,
1161 583 1272 637 fieri
1302 600 1404 638 non
1434 592 1609 654 potest
1654 593 1710 639 ut
1749 583 1848 639 do-

255 676 406 731 mino
435 690 558 729 meo
582 689 645 729 ac
675 676 788 747 regi
820 676 885 730 de
910 691 967 732 re
991 677 1195 732 incerta
1224 685 1279 733 et
1307 680 1571 747 inoognita
1603 680 1715 733 haec
1743 688 1849 733 tam

255 765 543 823 immodica
571 782 634 823 ac
657 768 971 838 praetumida
998 770 1321 825 renuntiem.
1358 770 1497 824 Dixit
1521 782 1697 825 autem
1724 771 1851 825 Bar.

256 857 400 913 laam
428 874 445 914 :
475 858 643 915 Recte
664 859 871 926 dixisti,
899 870 951 916 te
977 859 1287 932 hujusmodi
1322 863 1458 917 vires
1488 879 1549 917 ac
1574 864 1851 920 facultates

264 962 369 1008 nec
399 966 635 1024 unquam
666 956 1038 1025 perspexisse,
1071 971 1171 1011 nec
1199 956 1432 1013 audisse.
1470 957 1678 1012 Etenim
1726 974 1850 1012 ora-

257 1046 338 1101 tio
368 1045 432 1101 ad
466 1056 518 1103 te
551 1062 667 1103 mea
696 1064 799 1103 non
832 1049 898 1103 de
927 1064 987 1104 re
1016 1049 1238 1118 vulgari,
1266 1051 1361 1107 Sed
1390 1050 1590 1120 ingenti
1616 1050 1849 1120 quadam

257 1146 314 1193 et
354 1139 666 1194 admiranda
700 1150 800 1195 est.
835 1140 987 1207 Quod
1032 1152 1209 1197 autem
1240 1158 1359 1197 eum
1404 1158 1628 1198 cernere
1656 1145 1852 1215 quaesi-

260 1228 406 1293 visti,
438 1230 564 1285 audi
595 1229 723 1299 quid
748 1230 943 1287 dicam.

336 1320 490 1391 Lapis
515 1319 602 1376 hic
624 1322 820 1376 summi
852 1323 1034 1392 pretii,
1065 1332 1262 1393 praeter
1291 1340 1381 1381 eas
1412 1343 1548 1399 quas
1578 1329 1686 1381 dixi
1711 1328 1852 1383 vires

260 1421 314 1468 et
345 1411 650 1480 facultates,
686 1417 822 1470 hanc
848 1416 1007 1470 etiam
1037 1416 1213 1472 habet.
1248 1417 1384 1473 Eum
1429 1422 1572 1476 enim
1608 1431 1853 1489 prompte

258 1512 323 1561 sc
353 1504 507 1561 facile
538 1505 845 1576 prospicere
893 1523 999 1563 non
1052 1519 1261 1579 poteSt,
1296 1511 1386 1581 qui
1419 1526 1606 1567 sanum
1655 1528 1717 1567 ac
1752 1513 1847 1567 fir-

260 1608 406 1652 mum
461 1599 707 1665 oculum,
762 1614 1065 1671 corpusque
1116 1618 1306 1671 purum
1368 1614 1528 1675 atque
1577 1606 1646 1661 ab
1703 1604 1853 1661 omni

1956 583 2149 639 bonam
2181 596 2378 641 terram
2414 591 2686 654 invenero,
2721 590 2957 645 divinum
2990 606 3172 645 semen
3208 595 3259 645 in
3290 600 3339 643 te
3370 589 3543 661 conji-

1954 690 2103 743 cere,
2136 690 2297 749 atque
2342 681 2529 750 ingens
2571 684 2883 753 mysterium
2931 682 3025 736 tibi
3068 683 3276 751 aperire
3306 683 3547 739 minime

1954 768 2231 826 dubitabo.
2263 773 2318 827 Si
2354 784 2530 827 autem
2577 784 2789 844 petrosa
2821 792 2882 830 ea
2913 786 2967 829 et
2994 775 3178 843 Spinea
3211 762 3401 842 fuerit,
3438 776 3546 830 via-

1955 875 2061 930 que
2100 876 2129 915 a
2158 862 2395 931 quolibet
2425 865 2648 935 calcata,
2684 867 2901 921 omnino
2941 867 3173 923 salutare
3218 867 3317 922 hoc
3359 882 3550 924 semen

1958 950 2368 1025 haudquaquam
2403 971 2606 1024 serere,
2640 956 2919 1026 ipsumque
2948 958 3133 1013 avibus
3162 968 3216 1013 et
3245 959 3394 1030 feris,
3425 968 3551 1017 ante

1956 1060 2088 1114 quas
2120 1049 2434 1118 margaritas
2468 1049 2733 1118 projicere
2766 1050 2895 1103 mihi
2929 1066 3143 1118 prorsus
3197 1052 3545 1107 interdictum

1956 1146 2072 1203 est,
2116 1139 2167 1192 in
2222 1141 2453 1206 praedam
2502 1142 2740 1210 objicere
2790 1144 3111 1210 praestiterit.
3147 1143 3341 1198 Verum
3392 1146 3459 1199 de
3500 1155 3553 1201 te

1958 1230 2177 1285 meliora
2209 1246 2271 1285 ac
2303 1233 2461 1286 saluti
2492 1233 2751 1289 viciniora
2800 1235 3010 1290 confido
3040 1254 3050 1289 :
3087 1252 3281 1305 nempe
3327 1237 3465 1308 quod
3496 1244 3552 1294 et

1955 1323 2188 1393 lapidem
2234 1326 2322 1397 qui
2371 1328 2600 1397 pretium
2645 1344 2804 1385 omne
2848 1341 3062 1400 superat
3093 1331 3319 1398 videbis,
3352 1348 3413 1387 ac
3454 1346 3551 1402 per

1956 1415 2173 1470 luminis
2203 1418 2370 1485 ipsius
2413 1420 2755 1487 splendorem
2800 1421 2903 1475 hoc
2945 1424 3314 1494 consequeris,
3348 1433 3404 1479 ut
3434 1425 3551 1493 ipse

1957 1521 2168 1576 quoque
2190 1509 2367 1564 lumen
2390 1510 2665 1579 efliciaris,
2693 1512 3032 1585 fructumque
3055 1516 3363 1587 centuplum
3389 1517 3549 1573 feras.

1958 1598 2170 1654 Etenim
2219 1612 2307 1657 tua
2342 1619 2501 1659 causa
2531 1604 2742 1674 longam
2777 1606 2913 1661 viam
2945 1608 3211 1664 conficere
3256 1610 3465 1677 studui,
3498 1618 3555 1670 ut

257 1697 519 1758 spurcitie
544 1690 774 1745 alienum
805 1706 909 1745 non
947 1692 1125 1748 habet.
1161 1692 1291 1748 Nam
1322 1697 1366 1749 si
1400 1697 1520 1765 quis
1549 1743 1562 1765 ,
1597 1696 1681 1751 his
1714 1696 1848 1752 dua-
1886 1700 2075 1761 Qqua:
2108 1710 2376 1764 nunquam
2404 1697 2615 1765 vidisti,
2652 1700 2744 1753 tibi
2776 1702 3150 1771 ostenderem,
3179 1713 3339 1775 atque
3363 1719 3427 1760 ea
3456 1704 3554 1762 do-

258 1786 361 1841 hus
390 1786 550 1841 rebus
588 1801 693 1841 non
727 1794 873 1842 recte
901 1788 1261 1858 comparatis‘,
1298 1790 1349 1843 in
1382 1792 1523 1845 hunc
1556 1793 1850 1860 pretiosum

1959 1796 2137 1839 cerem
2165 1802 2285 1856 quas
2318 1805 2587 1859 nunquam
2615 1790 2835 1845 audisti.

257 1874 495 1945 lapidem
526 1877 707 1932 oculos
762 1889 965 1934 temere
1013 1893 1077 1934 ac
1118 1880 1417 1948 petulanter
1450 1880 1652 1952 injiciat
1676 1924 1691 1949 ,
1736 1884 1853 1948 ipsa
1887 1891 1936 1952 Β
2039 1876 2180 1933 Dixit
2207 1891 2385 1937 autem
2430 1881 2496 1937 ad
2530 1899 2650 1938 eum
2684 1883 2979 1954 Josaphat:
3012 1884 3268 1956 Equidem
3298 1888 3433 1957 ipse,
3465 1905 3555 1947 ve-

257 1983 477 2040 quoque
518 1970 727 2026 scilicet
769 1985 872 2041 qua
924 1970 1183 2040 praeditus
1235 1983 1319 2027 est
1368 1974 1627 2029 cernendi
1686 1976 1736 2030 vi
1790 1991 1853 2033 ac

258 2071 436 2117 mente
468 2064 684 2130 insuper
714 2064 1082 2119 mulctabitur.
1120 2065 1232 2137 Ego
1276 2081 1439 2137 porro
1467 2110 1480 2133 ,
1518 2078 1702 2137 utpote
1734 2084 1850 2125 me-

263 2148 456 2209 dicinae
481 2152 706 2209 minime
754 2156 903 2211 rudis
935 2142 986 2212 et
1013 2158 1264 2230 ignarus,
1295 2158 1480 2216 oculos
1514 2169 1635 2215 tuos
1667 2176 1851 2229 parum

256 2260 415 2302 sanos
462 2263 583 2302 esse
629 2250 904 2318 conSpicio
934 2267 948 2303 :
981 2266 1044 2306 ac
1092 2236 1318 2322 proinde
1370 2271 1558 2309 vereor
1603 2272 1671 2312 ne
1714 2257 1855 2313 hanc

260 2352 479 2408 quoque
529 2354 688 2409 quam
740 2340 906 2397 habes
948 2345 1203 2399 cernendi
1256 2340 1566 2404 facultatem
1615 2352 1853 2408 amittas.

258 2429 459 2485 Verum
492 2431 560 2487 de
589 2432 733 2503 regis
760 2434 870 2488 [ilio
913 2436 1134 2504 audivi,
1166 2454 1288 2493 eum
1322 2450 1427 2496 tam
1458 2443 1577 2497 vitae
1608 2447 1855 2501 castitate

257 2521 542 2592 prmditum
572 2537 712 2589 esse,
746 2530 855 2580 tum
890 2526 1143 2595 pulchros
1173 2546 1235 2585 ac
1278 2537 1616 2603 perSpicaces
1666 2538 1857 2593 oculos

259 2616 482 2672 habere.
509 2617 771 2683 Quocirca
804 2618 1117 2677 thesaurum
1150 2620 1293 2680 hunc
1327 2628 1423 2695 ipsi
1452 2631 1743 2685 ostendere
1767 2631 1856 2686 mi-

258 2709 403 2762 nime
438 2710 725 2767 dubitabo.
777 2714 1139 2780 Quamobrem
1185 2735 1253 2774 ne
1282 2721 1625 2778 commiseris
1662 2732 1719 2778 ut
1753 2723 1857 2779 hoc

263 2805 525 2875 negligas,
556 2821 617 2861 ac
649 2822 707 2863 re
738 2810 871 2863 tanti
902 2813 1161 2866 momenti
1216 2813 1493 2869 dominum
1543 2825 1693 2871 tuum
1748 2817 1858 2886 pri-

263 2912 376 2954 ves.
415 2900 507 2955 Ille
538 2910 712 2956 autem
743 2904 805 2955 ad
839 2920 959 2958 eum
993 2904 1125 2959 dixit
1157 2924 1169 2959 :
1198 2906 1251 2961 Si
1287 2906 1400 2961 haec
1433 2907 1503 2961 ita
1528 2923 1585 2963 se
1613 2907 1814 2963 habent
1836 2948 1853 2976 ,

262 3005 330 3045 ne
368 2992 503 3046 mibi
538 2991 765 3062 lapidem
814 2996 1071 3051 ostendas
1095 3036 1109 3062 ,
1139 2998 1405 3068 siquidem
1448 3000 1699 3067 plurimis
1732 3016 1856 3066 pec-

263 3087 399 3140 catis
425 3087 528 3140 vita
562 3100 675 3142 mea
708 3088 981 3158 inquinata
1014 3099 1125 3153 est,
1159 3108 1221 3144 ac
1270 3101 1527 3160 prmterea
1560 3108 1628 3147 ne
1668 3092 1859 3148 oculos

264 3177 481 3245 quidem
514 3179 642 3233 satis
690 3195 847 3235 sanos
893 3180 1084 3236 habeo.
1118 3181 1192 3237 De
1230 3183 1329 3237 hac
1373 3193 1554 3238 autem
1599 3199 1657 3240 re
1684 3184 1859 3240 domi-

1961 1972 2199 2025 neraude
2229 1990 2418 2040 senex,
2454 1976 2752 2031 incredibili
2781 1977 3033 2047 quodam,
3065 1988 3227 2048 atque
3255 1979 3555 2051 ejusmodi,

1960 2063 2104 2132 quod
2134 2064 2281 2119 nullo
2308 2066 2467 2120 modo
2515 2067 2752 2123 coerceri
2792 2078 2986 2148 queat,
3029 2070 3297 2129 desiderio
3347 2084 3553 2143 teneor,

1958 2170 2151 2210 novum
2180 2158 2467 2227 quemdam
2496 2175 2557 2215 ac
2588 2160 2787 2216 bonum
2817 2178 3120 2220 sermonem
3150 2167 3422 2223 audiendi.
3453 2169 3551 2223 At-

1959 2260 2061 2317 que
2092 2249 2227 2317 ignis
2258 2253 2308 2303 in
2354 2261 2572 2318 pectore
2616 2268 2737 2309 meo
2783 2253 3029 2312 incensus
3073 2267 3182 2324 est,
3226 2259 3315 2328 qui
3345 2274 3434 2316 me
3478 2259 3549 2316 ad

1958 2341 2290 2395 necessarias
2321 2343 2581 2410 quasdam
2613 2348 2938 2415 quaestiones
2970 2349 3347 2421 intelligendas
3387 2352 3553 2407 vehe-

1959 2440 2170 2487 menter
2219 2433 2534 2491 inﬂammat.
2567 2434 2835 2494 Ceterum
2879 2439 3054 2496 adhuc
3096 2441 3367 2498 hominem
3419 2459 3553 2499 nan-

1959 2524 2089 2579 cisci
2138 2527 2266 2581 mihi
2314 2545 2420 2583 non
2468 2528 2641 2598 licuit,
2677 2533 2766 2597 qui
2816 2535 2883 2588 de
2930 2535 3028 2590 hac
3071 2551 3131 2590 re
3174 2549 3375 2594 certam
3418 2538 3556 2603 mihi

1961 2617 2119 2673 fidem
2166 2620 2342 2677 facere
2388 2634 2587 2692 posset.
2623 2626 2774 2693 Quod
2806 2626 2853 2681 si
2897 2629 3193 2698 sapientem
3222 2634 3552 2703 quemdam,

1961 2722 2016 2767 et
2045 2712 2293 2769 doctrina
2337 2716 2622 2782 praeditum
2664 2717 2835 2773 virum
2881 2731 3069 2776 nactus
3112 2720 3285 2789 fuero,
3316 2738 3380 2778 ac
3408 2726 3555 2779 salu-

1961 2814 2126 2860 tarem
2158 2820 2461 2862 sermonem
2487 2808 2729 2875 audiero,
2761 2826 2859 2866 nec
2882 2810 3093 2880 avibus,
3123 2826 3179 2869 ut
3208 2816 3421 2885 opinor,
3451 2830 3555 2872 nec

1961 2898 2087 2953 feris
2118 2914 2237 2953 eum
2273 2901 2518 2967 tradam;
2554 2918 2654 2958 nec
2701 2920 2913 2959 rursum
2945 2916 3195 2974 petrosus
3219 2917 3274 2963 et
3302 2912 3555 2977 spinetis.

1962 3000 2016 3043 ut
2066 2990 2166 3044 tuis
2206 2993 2387 3047 verbis
2429 3002 2567 3059 utar,
2598 3009 2715 3051 ero.
2760 2998 2900 3063 Quin
2934 2999 3109 3071 potius
3139 3011 3195 3056 et
3224 3001 3455 3055 candido
3483 3017 3550 3057 ao

1962 3088 2174 3142 sincero
2198 3089 2378 3142 animo
2404 3103 2528 3143 eum
2556 3091 2817 3160 excipiam
2834 3131 2849 3159 ,
2879 3104 2932 3146 et
2957 3094 3165 3148 erudite
3188 3110 3251 3149 ac
3273 3095 3559 3169 diligenter

1962 3181 2317 3234 conservabo.
2367 3180 2444 3234 Tu
2500 3195 2629 3235 vero
2678 3182 2725 3237 si
2769 3182 2893 3250 quid
2944 3183 3202 3251 ejusmodi
3261 3187 3436 3250 nosti,
3489 3200 3559 3243 ne

267 3283 395 3323 num
428 3284 604 3327 meum
636 3287 816 3343 regem
848 3273 1132 3330 certiorem
1165 3274 1345 3331 facere
1374 3276 1595 3331 minime
1635 3286 1856 3332 cuncta-
1882 3284 1931 3349 α
1961 3285 2144 3339 quaeso
2170 3270 2221 3324 id
2253 3272 2507 3338 reticeas,
2534 3286 2717 3325 verum
2751 3272 2881 3327 mihi
2911 3289 3121 3328 narres.
3149 3276 3559 3345 Quamprimum

268 3364 387 3420 hor.
423 3366 535 3420 Hoc
562 3381 809 3422 sermone
848 3367 1064 3433 habito,
1098 3366 1165 3421 ad
1195 3369 1337 3437 regis
1378 3368 1538 3440 553
1573 3368 1737 3422 lilium
1769 3369 1858 3425 in-

266 3471 513 3527 gressus,
540 3460 721 3513 omnia
752 3457 801 3513 ei
838 3459 1111 3530 sigillatim
1158 3463 1427 3528 exposuit.
1464 3461 1553 3514 Ille
1583 3472 1761 3516 autem
1805 3469 1862 3517 ut

270 3550 623 3621 praeceptoris
654 3553 815 3607 verba
839 3553 1077 3620 audivit,
1110 3554 1375 3622 spirituali
1407 3556 1634 3623 quadam
1676 3556 1861 3611 ltetitia

271 3652 328 3699 et
371 3644 647 3713 voluptate
694 3652 880 3713 pectus
927 3659 1083 3699 suum
1130 3642 1303 3699 afflari
1355 3647 1553 3713 sensit;
1605 3662 1669 3702 ac
1718 3649 1863 3702 velut

280 3737 503 3791 numine
571 3746 887 3808 correptus,
951 3737 1221 3794 hominem
1284 3738 1533 3794 celeriter
1596 3738 1864 3795 introduci

267 3828 446 3900 jussit.

349 3920 417 3977 Ut
446 3922 605 3992 igitur
635 3921 904 3991 ingressus
934 3931 1017 3978 est
1046 3923 1286 3979 Barlaam
1309 3968 1323 3993 ,
1356 3924 1512 3992 eique
1539 3940 1697 3992 quam
1728 3939 1871 3979 con-

272 4016 524 4071 veniebat
570 4031 756 4085 pacem
801 4017 978 4081 dedit,
1022 4016 1212 4072 sedere
1255 4020 1439 4087 juSsus
1477 4031 1579 4072 est.
1629 4017 1869 4085 Cumque

276 4118 581 4181 praeceptor
603 4111 947 4177 secessisset,
978 4110 1232 4180 Josaphat
1254 4108 1319 4164 ad
1348 4126 1529 4165 senem
1560 4110 1691 4165 dixit
1719 4128 1732 4164 :
1768 4110 1870 4164 Vc-

278 4209 371 4265 lim
402 4208 532 4263 mibi
564 4206 858 4279 pretiosum
893 4208 1042 4263 illum
1085 4206 1317 4277 lapidem
1360 4204 1634 4271 ostendas,
1666 4204 1735 4260 de
1762 4219 1869 4274 quo

278 4316 470 4372 magna
503 4309 556 4355 et
584 4297 894 4354 admiranda
924 4300 1019 4354 abs
1051 4310 1104 4354 te
1130 4300 1541 4355 commemorari
1572 4306 1868 4368 prteceptor

280 4408 431 4448 meus
465 4394 594 4447 mihi
626 4395 884 4448 narravit.
932 4392 1176 4447 Barlaam
1217 4402 1394 4447 autem
1438 4406 1587 4446 suam
1634 4397 1698 4444 ad
1748 4406 1870 4445 eum

278 4486 696 4555 disputationem
720 4487 783 4540 ad
814 4486 955 4540 hunc
981 4485 1195 4542 modum
1220 4485 1525 4554 auspicatus
1547 4494 1661 4541 est:
1694 4482 1869 4539 Haud-

277 4590 546 4645 quaquam
578 4589 786 4646 2quum
821 4586 937 4642 eSt,
972 4591 1005 4630 ο
1035 4592 1166 4644 rex,
1198 4576 1263 4630 ad
1310 4575 1572 4631 illustrem
1604 4583 1745 4628 tuam
1777 4588 1872 4627 ex-

1966 3363 2108 3418 enim
2142 3380 2172 3418 e
2209 3366 2491 3434 longinqua
2524 3365 2743 3433 regione
2785 3375 2837 3420 te
2878 3368 3089 3422 venisse
3134 3368 3346 3432 audivi,
3394 3368 3561 3426 animi

1972 3464 2245 3531 voluptate
2292 3461 2515 3517 affectus
2546 3476 2662 3517 sum
2682 3503 2699 3530 ,
2728 3473 2886 3533 atque
2917 3464 2971 3517 in
3011 3465 3204 3518 bonam
3252 3480 3403 3534 spem
3436 3464 3561 3521 veni

1968 3551 2083 3607 fore
2107 3561 2163 3606 ut
2186 3568 2345 3623 opera
2375 3564 2461 3607 tua
2492 3553 2542 3608 id
2571 3554 2711 3625 quod
2739 3555 3018 3623 cupiebam
3045 3571 3423 3627 consequerer.
3454 3558 3560 3614 Eo-

1968 3662 2071 3715 que
2103 3649 2313 3700 nominc
2344 3647 2525 3702 statim
2560 3656 2611 3703 te
2638 3649 2703 3702 ad
2744 3664 2832 3704 me
2876 3650 3187 3716 introduxi,
3221 3652 3558 3719 comiterque

1972 3749 2221 3808 tanquam
2249 3738 2593 3794 familiarium
2624 3756 2866 3796 meorum
2896 3751 2952 3796 et
2993 3741 3277 3810 aequalium
3325 3743 3560 3812 aliquem

1971 3830 2182 3900 excepi.
2217 3835 2390 3901 Atque
2421 3833 2623 3886 utinam
2668 3847 2763 3901 spe
2802 3849 2921 3887 mea
2954 3834 3171 3889 minime
3202 3834 3385 3889 fallar!
3420 3836 3565 3894 Dixit

1971 3932 2148 3977 autem
2185 3924 2461 3977 Barlaam:
2498 3924 2777 3989 Praeclare,
2820 3933 2980 3994 atque
3021 3935 3079 3979 ut
3117 3924 3260 3996 regia
3309 3926 3560 3996 magnid-

1978 4017 2151 4070 ceutia
2186 4016 2402 4085 dignum
2435 4026 2578 4082 erat,
2612 4017 2713 4071 hoc
2745 4017 2940 4081 fecisti,
2977 4028 3032 4072 ut
3083 4032 3184 4073 non
3232 4018 3297 4074 ad
3327 4026 3566 4077 externa

1976 4109 2197 4163 vilitatis
2228 4108 2463 4178 speciem
2510 4109 2746 4162 animum
2776 4109 3058 4180 adjiceres,
3090 4125 3272 4166 verum
3303 4112 3567 4172 abstrusa

1975 4202 2089 4273 spei
2121 4203 2349 4271 teipsum
2385 4204 2642 4259 traderes.

2047 4300 2176 4353 Erat
2202 4298 2345 4353 enim
2392 4299 2677 4368 aliquando
2712 4314 2934 4369 magnus
2981 4299 3194 4366 quidam
3240 4308 3296 4354 et
3340 4301 3563 4357 illustris

1978 4406 2070 4445 rex
2089 4431 2104 4457 ,
2135 4392 2254 4455 cui,
2284 4404 2404 4444 cum
2450 4392 2502 4444 in
2547 4405 2713 4447 aureo
2741 4405 2902 4445 curru
2924 4431 2938 4453 ,
2965 4392 3259 4447 satellitum
3289 4407 3447 4446 manu
3474 4407 3563 4447 re-

1977 4483 2079 4551 gia:
2123 4481 2387 4551 majestati
2418 4481 2576 4551 digna
2621 4482 2828 4535 cinctus
2865 4482 2966 4535 iter
2995 4481 3226 4544 faceret,
3255 4483 3479 4550 contigit
3505 4491 3562 4536 ut

1979 4574 2114 4629 duos
2147 4576 2310 4637 viros,
2355 4574 2543 4627 laceris
2588 4586 2652 4626 ac
2698 4571 2932 4627 sordidis
2976 4572 3236 4639 vestibus,
3268 4582 3427 4642 atque
3470 4586 3569 4630 ore

281 4671 587 4726 cellentiam
615 4670 901 4741 quidquam
932 4667 1066 4726 falso
1086 4682 1140 4725 et
1167 4669 1562 4725 inconsiderate
1582 4682 1611 4721 a
1638 4683 1722 4721 me
1747 4664 1873 4721 dici.
1904 4679 1958 4741 ι)
1983 4669 2155 4725 macie
2184 4666 2452 4732 confecto,
2482 4680 2545 4720 ac
2590 4665 2846 4737 majorem
2876 4668 2928 4721 in
2956 4665 3173 4721 nitidum
3216 4666 3436 4736 pallido,
3467 4667 3565 4722 ob-

278 4761 471 4817 Omnia
497 4762 640 4816 enim
666 4776 785 4832 qua:
814 4761 882 4817 de
912 4778 997 4817 me
1024 4762 1090 4817 ad
1120 4770 1171 4817 te
1201 4763 1358 4816 allata
1391 4770 1514 4815 sunt
1547 4775 1671 4813 vera
1713 4769 1871 4829 atque

278 4856 345 4910 ab
374 4855 527 4910 onmi
573 4853 906 4911 dubitatione
947 4856 1117 4910 aliena
1164 4862 1307 4909 sunt.
1359 4853 1552 4908 Verum
1595 4851 1695 4906 nisi
1744 4868 1870 4920 pru-

278 4947 480 5003 dentiae
526 4957 629 5003 tute
680 4948 826 5015 prius
878 4949 1171 5019 periculum
1224 4947 1424 5014 fecero,
1460 4947 1609 5001 nefas
1640 4956 1721 5000 est
1770 4944 1873 5001 hoc

280 5043 598 5113 mysterium
633 5042 726 5095 tibi
758 5042 1051 5097 declarare.
1086 5042 1174 5097 Ait
1215 5042 1355 5098 enim
1391 5040 1647 5095 Dominus
1682 5055 1868 5093 meus:

281 5133 422 5189 Exiit
466 5136 555 5204 qui
601 5135 829 5190 seminat
874 5136 1157 5191 seminare.
1201 5136 1265 5190 Et
1306 5136 1429 5189 dum
1479 5134 1739 5199 seminat,
1771 5134 1873 5190 alia

283 5227 501 5298 quidem
535 5228 840 5283 ceciderunt
868 5243 1024 5284 secus
1052 5231 1191 5283 viam
1212 5269 1227 5294 ,
1255 5241 1309 5284 et
1354 5228 1596 5283 volucres
1630 5227 1749 5283 coeli
1782 5243 1875 5281 co—

283 5324 571 5379 mederunt
620 5323 731 5378 illa.
782 5324 901 5378 Alia
948 5323 1259 5380 ceciderunt
1308 5340 1467 5394 super
1516 5335 1749 5395 petrosa,
1784 5321 1875 5376 ubi

284 5430 391 5471 non
423 5425 543 5471 erat
574 5426 714 5472 terra
757 5418 943 5484 multa,
968 5428 1022 5473 et
1052 5418 1328 5472 confesum
1378 5426 1563 5472 exorta
1614 5426 1769 5480 sunt,
1813 5430 1880 5471 eo

286 5510 429 5583 quod
461 5526 567 5565 non
599 5508 862 5567 haberent
889 5521 1087 5566 terram
1113 5511 1359 5565 multam.
1386 5512 1511 5565 Snle
1540 5526 1665 5563 vero
1693 5518 1880 5563 extirto

287 5615 687 5673 aestuaverunt,
719 5615 774 5661 et
801 5606 925 5676 quia
972 5622 1078 5660 non
1126 5606 1393 5660 habebant
1436 5604 1699 5670 radicem,
1728 5618 1884 5657 arue-

288 5707 431 5754 runt.
466 5698 585 5755 Alia
616 5708 796 5754 autem
826 5698 1141 5755 ceciderunt
1173 5700 1310 5755 inter
1340 5698 1539 5768 Spinas,
1574 5706 1627 5752 et
1657 5711 1882 5767 surgen-

291 5802 373 5852 tes
399 5794 574 5866 spina:
599 5794 995 5852 suffocaverunt
1022 5811 1107 5851 ea.
1133 5796 1247 5852 Alia
1277 5804 1547 5865 postremo
1576 5792 1886 5848 ceciderunt

291 5888 346 5945 in
393 5896 591 5947 terram
638 5889 860 5957 bonam,
896 5898 946 5944 et
983 5888 1248 5945 dederunt
1296 5888 1525 5945 fructum
1573 5885 1885 5954 centuplum

1984 4765 2103 4816 vios
2150 4760 2394 4813 haberet.
2443 4758 2575 4827 Regi
2608 4773 2769 4828 porro
2807 4759 3139 4827 exploratum
3167 4771 3283 4815 erat
3311 4775 3405 4816 eos
3445 4776 3567 4815 cor-

1983 4852 2131 4924 poris
2161 4852 2508 4906 alﬂictatione
2531 4866 2594 4905 ac
2624 4850 2747 4906 vitae
2785 4851 2898 4908 Deo
2937 4865 3263 4910 consecratae
3293 4855 3565 4909 laboribus

1983 4961 2172 5001 carnes
2211 4960 2336 4999 suas
2377 4944 2449 4999 ita
2497 4944 2808 5001 confecisse.
2860 4946 2926 5002 Ut
2976 4948 3134 5018 igitur
3181 4964 3274 5003 eos
3326 4948 3488 5013 vidit,
3533 4963 3567 5004 θ

1986 5057 2144 5095 curru
2191 5039 2369 5093 statim
2419 5039 2697 5103 desiliens,
2728 5048 2889 5109 atque
2931 5041 3074 5096 humi
3123 5051 3438 5109 prostratus,
3468 5055 3563 5096 eos
3616 5080 3631 5095 .

1985 5136 2256 5201 adoravit;
2289 5150 2349 5190 ac
2376 5136 2571 5192 deinde
2616 5152 2862 5205 surgens,
2888 5137 3213 5192 amicissime
3254 5137 3567 5204 complexus
3606 5150 3609 5153 '

1984 5240 2095 5294 est,
2128 5240 2182 5283 et
2212 5230 2481 5284 salutavit.
2526 5230 2782 5285 Proceres
2819 5239 2997 5285 autem
3044 5231 3210 5295 ipsius
3238 5243 3302 5283 ac
3332 5229 3568 5296 pra-fecti

1989 5324 2090 5377 hoc
2138 5324 2366 5378 moleste
2406 5324 2673 5388 tulerunt,
2701 5339 2819 5377 eum
2857 5323 3058 5375 facinu-
3092 5322 3233 5387 regia
3270 5322 3442 5389 gloria
3490 5323 3572 5377 in-

1986 5416 2203 5485 dignum
2246 5417 2525 5471 admisi~se
2567 5416 2957 5470 existimantes.
2991 5413 3185 5467 Verum
3212 5428 3336 5469 eum
3385 5428 3567 5469 coram

1990 5510 2161 5577 ipsum
2193 5510 2590 5578 reprehendere
2618 5508 2836 5561 minime
2864 5506 3140 5570 auderent,
3164 5523 3282 5561 cum
3312 5520 3573 5577 germano

1997 5604 2161 5669 ipsius
2206 5603 2367 5656 fratre
2397 5602 2651 5669 agebant,
2684 5609 2741 5652 ut
2770 5612 2946 5667 regem
2989 5598 3332 5665 admoneret,
3364 5614 3432 5655 ne
3458 5600 3576 5656 dia-

1991 5693 2220 5750 dematis
2249 5691 2649 5760 amplitudinem
2674 5699 2723 5745 et
2757 5688 3138 5746 sublimitatem
3167 5694 3230 5746 ad
3274 5692 3419 5747 hunc
3461 5707 3579 5746 tnu-

1993 5787 2117 5841 dum
2160 5786 2423 5840 dedecore
2453 5799 2514 5838 ac
2555 5783 2875 5837 contumelia
2920 5783 3171 5841 afﬁceret.
3219 5786 3351 5840 Cum
3399 5785 3584 5853 itaque

1997 5895 2109 5948 ipse
2166 5878 2279 5932 haec
2330 5876 2477 5932 fratri
2529 5874 2785 5945 dixisset,
2834 5885 2993 5947 atque
3044 5877 3473 5948 intempestivam
3523 5880 3593 5933 οι
