4158 6354
610 410 717 469 465

1645 409 1732 467 DE
1774 408 1953 471 VITIS
1993 411 2278 470 PATRUM
2318 410 2527 469 LIBER
2566 410 2839 472 PRIMUS.

3782 420 3888 475 466

606 535 989 598 praposteram
1019 526 1186 595 ipsius
1215 524 1565 580 humilitatem
1598 538 1936 596 accusasset,
1970 543 2194 599 respon-
2218 532 2273 593 Α
2298 531 2587 601 splendore
2633 542 2793 603 atque
2835 535 3017 589 odoris
3063 534 3325 590 suavitate
3356 549 3474 606 quae
3522 534 3578 588 in
3620 535 3749 604 ipsis
3798 554 3889 592 re-

608 632 727 673 sum
768 620 864 689 ipsi
905 633 998 674 rex
1044 617 1219 687 dedit,
1251 617 1392 688 quod
1431 632 1462 673 a
1508 618 1671 675 fratre
1717 622 1938 678 minime
1983 623 2194 679 intelle-

606 718 751 765 ctum
780 719 881 765 est.
1224 754 1227 755 ν

522 850 531 857 ..
680 801 794 856 Mos
818 799 961 855 enim
989 801 1098 871 regi
1135 810 1253 857 erat
1279 810 1337 857 ut
1379 815 1499 858 cum
1532 804 1759 875 aliquem
1790 814 1964 862 morte
1992 808 2189 863 multa-

522 884 531 929 ἐ
604 899 717 955 ret,
749 906 1046 961 praeconem
1071 909 1190 949 cum
1225 895 1369 962 tuba,
1394 912 1513 965 quae
1540 898 1751 967 quidem
1776 900 1964 955 mortis
1990 900 2189 957 idcirco

536 1005 539 1009 ·
604 983 900 1051 dicebatur,
931 986 997 1040 ad
1042 987 1204 1055 ipsius
1246 989 1387 1045 fores
1437 991 1701 1058 mitteret,
1732 1003 1892 1063 atque
1938 1009 2006 1049 ex
2050 995 2190 1050 tuba:

526 1060 531 1063 ἴ
601 1076 743 1133 illius
772 1081 1022 1150 clangore
1063 1096 1248 1136 omnes
1278 1082 1330 1137 ei
1374 1084 1710 1139 moriendum
1756 1100 1877 1140 esse
1919 1085 2187 1155 intellige-

598 1167 749 1225 baut.
781 1171 965 1242 Itaque
993 1188 1112 1228 cum
1146 1174 1579 1243 advesperasset,
1621 1178 1872 1234 lethalem
1914 1180 2091 1234 tubam
2120 1179 2189 1235 ad

596 1259 781 1318 fratris
816 1267 895 1318 sui
940 1268 1084 1320 fores
1116 1267 1421 1337 clangorem
1472 1269 1733 1323 edituram
1773 1285 1865 1323 rex
1916 1270 2082 1324 misit.
2121 1269 2189 1326 Ut

596 1355 758 1426 igitur
785 1356 875 1411 ille
922 1356 1059 1412 hanc
1089 1358 1268 1413 tubam
1300 1360 1531 1425 audivit,
1565 1361 1844 1429 desperata
1875 1365 2047 1416 salute
2094 1376 2189 1430 per

594 1456 760 1502 totam
785 1447 946 1519 254
968 1459 1175 1505 noctem
1200 1452 1512 1507 domesticis
1533 1454 1693 1509 rebus
1714 1454 2004 1509 consuluit.
2030 1454 2186 1511 Mane

595 1549 771 1596 autem
816 1551 931 1596 atra
975 1558 1037 1597 ac
1083 1544 1292 1614 lugubri
1335 1557 1482 1601 veste
1515 1549 1751 1611 indutus,
1779 1564 1899 1603 cum
1934 1564 2098 1604 uxore
2124 1563 2189 1603 ac

594 1634 774 1688 liberis
801 1632 869 1687 ad
912 1634 1089 1704 palatii
1123 1636 1263 1692 fores
1307 1637 1441 1693 flens
1482 1654 1545 1694 ac
1577 1642 1874 1696 latnentans
1915 1641 2185 1709 profectus

593 1736 693 1780 est.
723 1723 856 1781 Cum
888 1736 1063 1782 autem
1098 1744 1189 1784 rex
1222 1730 1394 1798 ipsum
1442 1732 1508 1786 ad
1556 1746 1615 1787 se
1655 1733 1992 1800 admisisset,
2024 1742 2188 1803 atque

593 1820 664 1871 ita
704 1819 994 1888 eiulantem
1026 1822 1278 1889 vidisset,
1309 1822 1391 1878 his
1424 1824 1601 1880 verbis
1633 1840 1762 1881 usus
1791 1835 1910 1882 est:
1948 1826 1992 1881 Ο
2022 1827 2185 1883 stulte

2296 623 2511 678 condita
2542 634 2655 680 erat
2687 624 2996 681 oblectavit.
3048 626 3293 696 Dixitque
3320 629 3398 682 eis
3428 644 3441 681 :
3476 626 3637 685 Scitis
3667 628 3884 684 cuinam

2295 718 2373 772 rei
2406 718 2487 772 hae
2516 732 2659 773 arcae
2702 719 2902 775 similes
2930 721 3070 775 sint?
3101 721 3386 777 humilibus
3429 721 3680 778 nimirum
3724 732 3888 794 atque

2292 807 2513 877 abjectis
2562 809 2667 863 illis
2693 809 2845 875 viris,
2896 810 3193 880 vilibusque
3224 812 3466 868 vestibus
3497 813 3719 879 indutis,
3749 829 3889 884 quo-

2292 911 2411 951 rum
2457 913 2552 953 vos
2599 908 2877 954 externum
2927 899 3166 955 habitum
3213 902 3506 970 intuentes,
3546 906 3888 961 contumelia:

2293 1001 2355 1042 ac
2384 988 2580 1058 probro
2605 991 2738 1043 mihi
2766 991 3020 1060 duxistis,
3047 992 3185 1062 quod
3218 1005 3344 1050 ante
3365 1010 3458 1050 eos
3487 996 3539 1049 in
3568 1003 3765 1051 terram
3796 1013 3889 1054 me

2294 1080 2632 1149 abjecissem.
2690 1082 2802 1151 Ego
2851 1093 3029 1138 autem
3085 1099 3272 1140 eorum
3321 1085 3669 1157 dignitatem,
3720 1099 3884 1157 atque

2291 1172 2594 1226 animorum
2628 1174 3073 1243 pulchritudinem
3103 1178 3467 1247 Spiritualibus
3495 1188 3665 1235 oculis
3696 1181 3881 1236 consi-

2294 1265 2515 1331 derans,
2552 1281 2617 1320 ex
2650 1266 2885 1336 ipsorum
2916 1278 3164 1324 contactu
3194 1271 3418 1340 gloriam
3449 1275 3729 1339 contraxi,
3761 1289 3885 1330 eos-

2290 1372 2397 1426 que
2425 1360 2610 1427 quavis
2637 1375 2837 1417 corona
2863 1372 2917 1417 et
2954 1365 3140 1432 quavis
3170 1365 3315 1436 regia
3360 1383 3589 1437 purpura
3622 1380 3887 1439 praestan-

2291 1450 2459 1506 tiores
2486 1452 2810 1511 existimavi.
2844 1455 2923 1510 Ad
2967 1455 3107 1511 hunc
3153 1457 3312 1528 igitur
3357 1460 3573 1515 modum
3620 1464 3883 1530 pudorem

2289 1545 2421 1615 ipsis
2451 1546 2702 1612 incussit,
2733 1563 2933 1619 eosque
2972 1549 3024 1602 in
3056 1549 3138 1604 his
3178 1550 3339 1607 rebus
3369 1568 3490 1622 quae
3522 1556 3573 1606 in
3600 1564 3881 1623 aspectum

2293 1638 2491 1693 cadunt
2535 1639 2759 1695 minime
2789 1641 3040 1696 oberrare
3086 1636 3297 1707 docuit,
3329 1658 3512 1699 verum
3546 1646 3612 1699 iis
3641 1647 3882 1701 animum

2299 1727 2591 1800 adjungere
2618 1744 2739 1799 quae
2769 1729 3041 1785 intellectu
3084 1732 3467 1801 percipiuntur.
3501 1733 3679 1803 Itaque
3705 1736 3772 1791 ad
3805 1736 3883 1806 pii

2294 1826 2352 1874 et
2382 1820 2642 1889 sapientis
2687 1824 2827 1893 regis
2866 1822 3267 1880 similitudinem
3314 1827 3428 1896 ipse
3456 1843 3669 1899 quoque
3699 1844 3887 1886 acces-

592 1925 654 1967 ac
683 1912 920 1978 demens,
956 1913 1001 1967 si
1051 1914 1229 1969 fratris
1258 1916 1368 1980 tui,
1399 1931 1520 1971 cum
1552 1935 1661 1988 quo
1692 1919 1836 1975 idem
1878 1920 1973 1976 tibi
2018 1936 2187 1991 genus
2216 1928 2266 1990 Β
2292 1911 2445 1977 Sis“;
2497 1921 2559 1966 ιιι
2599 1915 2687 1982 αιιὶ
2734 1914 2873 1969 bona
2921 1928 3018 1984 5P9
3075 1916 3231 1971 "ims
3272 1932 3359 1973 me
3399 1921 3721 1991 susceperis,
3765 1938 3889 1993 qua?

592 2011 645 2059 et
675 2018 773 2074 par
804 2004 974 2060 honor
1016 2015 1131 2073 est,
1167 2009 1219 2061 in
1250 2023 1409 2076 quem
1456 2010 1654 2065 nullius
1697 2012 1918 2067 omnino
1963 2013 2186 2067 sceleris

592 2094 685 2149 tibi
724 2095 972 2150 conscius
998 2110 1079 2163 es,
1127 2111 1425 2166 prmconem
1468 2101 1538 2154 ita
1583 2102 1913 2168 extimuisti;
1946 2118 2182 2172 quonam

592 2186 756 2239 modo
785 2186 919 2240 inihi
965 2189 1399 2257 reprehensionis
1440 2201 1620 2246 notam
1671 2193 1871 2249 idcirco
1915 2194 2184 2264 inussisti,

592 2278 731 2348 quod
776 2277 870 2334 Dei
900 2281 1005 2335 mei
1046 2295 1340 2350 praecones,
1373 2284 1464 2354 qui
1497 2294 1760 2352 mortem,
1793 2300 1856 2341 ac
1893 2287 2101 2342 Domini
2132 2291 2187 2344 in

591 2382 750 2439 quem
782 2384 869 2425 me
917 2374 1078 2426 multa
1109 2382 1162 2428 et
1203 2374 1387 2445 gravia
1430 2379 1633 2432 scelera
1686 2386 2026 2447 perpetrasse
2070 2380 2183 2436 scio

589 2460 1071 2529 pertimescendum
1101 2462 1390 2520 adventum
1417 2464 1543 2520 mihi
1574 2468 1764 2536 quavis
1795 2468 1919 2524 tuba
1942 2470 2185 2525 vocalius

590 2549 849 2620 altiusque
867 2551 1203 2621 denuntiant,
1229 2554 1506 2611 humiliter
1526 2573 1586 2613 ac
1608 2558 1847 2615 demisse
1872 2560 2185 2617 salutarim?

589 2642 667 2698 En
698 2643 855 2713 igitur
895 2653 950 2699 ut
992 2653 1137 2699 tuam
1178 2645 1503 2702 dementiam
1549 2662 1931 2719 coarguerem,
1967 2650 2066 2706 hac
2097 2667 2185 2706 ra-

590 2736 735 2790 tione
780 2750 908 2791 usus
954 2751 1073 2790 sum
1098 2778 1111 2800 ,
1145 2737 1591 2807 quemadmodum
1622 2741 1783 2795 etiam
1826 2756 1922 2796 eos
1952 2743 2042 2812 qui
2084 2743 2179 2798 tibi

592 2836 651 2881 ut
682 2841 769 2881 me
795 2826 1243 2896 reprehenderes,
1270 2827 1325 2882 in
1352 2828 1588 2884 animum
1621 2830 1975 2897 induxerunt,
2003 2834 2185 2890 statim

593 2917 814 2973 stolidos
840 2926 894 2973 et
937 2925 1180 2973 amentes
1208 2933 1330 2975 esse
1356 2919 1756 2978 demonstrabo.
1787 2927 1964 2993 Atque
1994 2926 2063 2980 ita
2092 2940 2185 2982 cu-

592 3017 769 3062 ratum
799 3017 856 3064 et
892 3007 1092 3065 utiliter
1131 3008 1449 3065 instructum
1477 3011 1697 3069 fratrem
1741 3028 1931 3086 suum,
1963 3016 2181 3073 domum

594 3099 819 3157 remisit.

665 3192 831 3249 Iussit
858 3202 1036 3249 autem
1069 3209 1101 3249 e
1128 3194 1272 3266 ligno
1297 3205 1526 3266 quatuor
1564 3214 1716 3255 arcas
1742 3201 1879 3257 efﬁci
1910 3217 1923 3256 :
1958 3217 2179 3273 quarum

2291 2001 2540 2072 quidem,
2573 2012 2633 2058 ut
2657 2006 2871 2070 opinor,
2904 2005 3125 2062 minime
3154 2014 3208 2063 te
3239 2006 3402 2064 fallet.
3438 2009 3576 2064 Dixit
3602 2022 3781 2066 autem
3816 2012 3885 2067 ad

2295 2107 2417 2149 eum
2449 2094 2707 2164 Josapltat
2735 2114 2748 2149 :
2784 2098 2911 2152 Haec
2953 2113 3134 2152 omnia
3184 2098 3405 2168 pulchre
3432 2110 3594 2171 atque
3622 2104 3891 2160 concinne

2292 2186 2493 2242 dixisti.
2522 2188 2724 2244 Verum
2751 2190 2877 2245 illud
2905 2191 3044 2247 scire
3073 2207 3227 2260 aveo,
3252 2192 3496 2264 quisnam
3526 2195 3595 2251 sit
3624 2205 3743 2252 tuus
3773 2197 3885 2251 Do-

2294 2279 2497 2344 minus,
2534 2296 2693 2351 quem
2738 2291 2795 2337 tu
2835 2284 3092 2341 orationis
3121 2284 3274 2342 initio
3304 2287 3372 2344 de
3417 2287 3514 2344 illo
3559 2290 3892 2349 seminatore

2291 2373 2459 2427 verba
2488 2374 2682 2429 fecisse
2709 2374 2947 2432 dicebas.

2360 2465 2494 2521 Cap.
2527 2466 2640 2522 VII.
2672 2497 2742 2507 —
2779 2468 2983 2525 Rursus
3029 2470 3189 2543 igitur
3244 2488 3546 2532 sermonem
3596 2492 3880 2535 assumms

2290 2555 2540 2612 Barlaam
2562 2599 2579 2626 ,
2611 2560 2785 2617 dixit:
2814 2562 2873 2618 Si
2917 2565 3159 2633 quisnam
3207 2567 3468 2625 Dominus
3496 2586 3644 2627 meus
3685 2574 3756 2627 sit
3800 2580 3888 2628 in-

2294 2650 2535 2721 telligere
2562 2655 2737 2724 cupis,
2770 2656 3028 2715 Dominus
3056 2659 3212 2717 Iesus
3240 2661 3485 2721 Christus
3507 2676 3619 2734 est,
3644 2668 3890 2738 unigeni-

2291 2749 2397 2805 tus,
2429 2743 2644 2814 inquam
2666 2788 2680 2813 ,
2715 2745 2804 2802 ille
2832 2748 2925 2804 Dei
2956 2750 3145 2818 Filius,
3181 2753 3273 2809 ille
3317 2757 3506 2812 beatus
3530 2768 3588 2814 et
3611 2764 3759 2816 solus
3793 2778 3890 2831 po-

2292 2838 2435 2899 tens,
2469 2833 2561 2889 ille
2603 2834 2715 2892 Rex
2746 2832 2930 2910 regum
2961 2852 3014 2897 et
3046 2842 3300 2901 Dominus
3330 2848 3717 2907 dominantium
3743 2897 3758 2921 ,
3793 2855 3887 2924 qui

2284 2925 2430 2979 solus
2468 2926 2630 2982 habet
2659 2928 3146 3001 immortalitatem,
3179 2952 3243 2992 ac
3288 2940 3460 2996 lucem
3492 2941 3695 2998 habitat
3725 2945 3884 2999 inac-

2286 3015 2621 3086 cessibilem,
2655 3022 2745 3091 qui
2790 3037 2912 3078 cum
2940 3024 3099 3081 Patre
3123 3037 3179 3084 et
3204 3029 3403 3097 Spiritu
3441 3045 3627 3090 sancto
3668 3038 3879 3106 gloriﬁ-

2285 3115 2435 3162 catur
2463 3109 2517 3181 (I
2543 3110 2674 3167 Tim.
2702 3112 2801 3183 vr).
2829 3115 3009 3187 Neque
3030 3123 3175 3175 enim
3200 3135 3265 3176 ex
3287 3138 3470 3179 eorum
3502 3142 3733 3184 numero
3759 3145 3881 3185 sum

2285 3200 2376 3268 qui
2407 3203 2603 3259 multos
2632 3205 2734 3261 hos
2761 3218 2815 3263 et
2846 3210 3146 3279 petulantes
3170 3213 3300 3271 deos
3329 3217 3543 3286 colunt,
3574 3230 3732 3291 atque
3762 3223 3881 3280 haec

593 3302 712 3343 cum
740 3287 874 3343 duas
900 3286 1135 3359 undique
1174 3303 1307 3346 auro
1333 3294 1688 3362 contexisset,
1723 3294 1996 3367 fetidaque
2023 3298 2182 3353 cada-
2213 3314 2258 3379 ρ
2287 3291 2482 3348 animai
2510 3298 2751 3365 expertia
2781 3308 2835 3354 et
2864 3301 3027 3357 surda
3071 3304 3357 3362 simulacra
3401 3320 3755 3378 venerantur;
3790 3329 3886 3371 ve-

592 3394 775 3437 verum
803 3394 927 3437 ossa
952 3383 1005 3436 in
1034 3396 1125 3438 eas
1155 3382 1468 3455 iniecisset,
1500 3388 1678 3443 aureis
1708 3390 1845 3445 seris
1884 3403 1980 3447 eas
2020 3390 2183 3447 obfir-

590 3473 792 3537 mavit;
823 3473 1045 3540 reliquis
1073 3483 1253 3530 autem
1281 3476 1487 3535 duabus
1510 3480 1630 3548 pice
1659 3496 1721 3536 ac
1752 3482 2016 3540 bitumine
2044 3484 2180 3541 obli-

592 3564 685 3626 tis.
728 3565 1084 3634 pretiosisque
1132 3566 1398 3637 lapidibus
1444 3579 1498 3625 et
1542 3571 1824 3642 exquisitis
1874 3574 2178 3645 unionibus,

598 3654 857 3724 omnique
886 3658 1238 3726 unguentaria
1268 3657 1556 3729 fragrantia
1587 3663 1839 3732 impletis,
1870 3669 2180 3738 asperisque

588 3743 805 3800 funibus
825 3746 1154 3815 constrictis,
1180 3762 1432 3817 proceres
1455 3765 1569 3819 eos,
1590 3766 1618 3807 a
1641 3753 1835 3823 quibus
1855 3756 1924 3811 ob
1943 3757 2178 3813 virorum

588 3836 809 3892 illorum
840 3851 1122 3894 occursum
1149 3841 1511 3909 reprehensus
1539 3843 1746 3911 fuerat,
1776 3847 1840 3901 ad
1872 3863 1933 3903 se
1963 3849 2175 3916 accivit,

586 3927 830 3999 ipsisque
856 3940 1083 3998 quatuor
1112 3930 1210 3985 has
1239 3947 1395 3989 arcas
1425 3936 1733 4007 proposuit,
1771 3946 1827 3992 ut
1852 3941 2037 4008 quanti
2072 3940 2172 4008 hae,

587 4019 877 4088 quantique
921 4018 1027 4074 illa:
1076 4021 1230 4088 pretii
1273 4032 1457 4078 essent
1499 4026 1844 4082 aestimarent.
1878 4028 1955 4082 Illi
1995 4041 2176 4086 autem

589 4112 725 4165 duas
770 4126 865 4166 eas
908 4127 1027 4181 quae
1072 4116 1327 4169 inauratae
1371 4127 1555 4184 erant,
1588 4124 1803 4175 maximi
1856 4125 2008 4192 pretii
2057 4140 2176 4182 esse

587 4202 929 4268 asserebant;
962 4218 1134 4273 neque
1159 4208 1301 4261 enim
1330 4209 1487 4263 aliter
1516 4212 1628 4266 lieri
1658 4228 1815 4281 posse
1839 4215 2172 4288 inquiebant,

585 4295 717 4363 quin
744 4292 798 4347 iu
831 4295 961 4365 ipsis
990 4297 1151 4366 regiae
1198 4312 1412 4355 corona:
1450 4316 1513 4358 ac
1544 4305 1754 4373 cingula
1784 4311 2058 4367 recondita
2087 4328 2174 4369 es-

583 4394 724 4442 sent.
752 4386 856 4441 Eas
880 4397 1067 4443 contra
1097 4404 1218 4459 quae
1248 4392 1365 4460 pice
1390 4408 1453 4448 ac
1482 4396 1744 4453 bitumine
1772 4402 1955 4458 oblita;
1986 4417 2168 4475 erant,

583 4476 716 4532 viles
765 4480 983 4534 omnino
1029 4494 1095 4535 ac
1146 4483 1342 4539 nullius
1392 4487 1549 4553 pretii
1602 4504 1722 4546 esse
1770 4492 2001 4551 aiebant.
2061 4499 2170 4555 ltex

582 4576 756 4622 autem
787 4569 919 4637 ipsis
959 4569 1128 4624 dixit:
1154 4571 1232 4626 Ne
1260 4589 1348 4630 me
1372 4576 1588 4644 quidem
1637 4581 1899 4652 fugiebat,
1934 4603 2031 4644 vos
2065 4593 2167 4646 hoc

583 4660 821 4715 dicturos
846 4676 993 4729 esse;
1027 4678 1151 4719 nam
1182 4668 1525 4726 sensibilibus
1553 4675 1721 4730 oculis
1744 4690 1804 4732 ea
1829 4694 1947 4747 quae
1976 4682 2030 4737 in
2057 4699 2171 4741 sen-
2200 4688 2253 4749 D
2277 4668 2412 4749 vina:
2478 4660 2772 4767 maiestatis

579 4766 699 4806 sum
732 4753 927 4808 cadunt
952 4757 1272 4826 perspicitis.
1299 4763 1456 4832 Atqui
1486 4780 1593 4821 non
1622 4767 1694 4822 ita
1718 4769 2020 4832 faciendum
2049 4788 2133 4834 est
2151 4772 2173 4847 ;“

580 4861 767 4902 verum
790 4847 1133 4905 interioribus
1152 4852 1321 4908 oculis
1336 4858 1450 4912 sive
1476 4858 1726 4931 pretium,
1749 4864 1863 4920 sive
1888 4870 2165 4928 utilitatem

578 4950 634 4995 et
663 4940 980 5009 foeditatem,
1008 4957 1128 5012 qua:
1156 4943 1299 5000 intus
1324 4948 1537 5005 condita
1564 4961 1715 5022 sunt,
1744 4968 1987 5024 spectare
2008 4977 2169 5031 opor-

574 5039 670 5086 tet.
726 5034 806 5087 Ac
858 5034 1103 5101 protinus
1171 5036 1442 5095 inauratas
1511 5056 1666 5099 arcas
1730 5050 1926 5118 aperiri
1982 5053 2158 5123 jussit.

571 5124 774 5193 Quibus
796 5125 1099 5197 patefactis,
1128 5130 1306 5201 gravis
1335 5133 1553 5202 quidam
1582 5152 1645 5193 ac
1676 5146 1813 5196 teter
1833 5143 1967 5199 odor
1993 5148 2158 5201 exha-

568 5216 732 5287 lavit,
759 5228 922 5290 atque
946 5222 1444 5293 injucundissimum
1475 5234 1840 5299 spectaculum
1867 5238 2037 5295 oculis
2067 5241 2158 5297 ob-

562 5318 774 5377 Jectum
800 5321 901 5368 est.

522 5482 525 5487 ί
639 5404 730 5460 Ait
771 5406 949 5477 itaque
990 5425 1089 5467 rex
1128 5430 1141 5467 :
1182 5413 1279 5470 Hic
1321 5429 1505 5473 eorum
1556 5427 1713 5491 typus
1764 5436 1846 5482 est
1892 5430 1981 5500 qui
2028 5448 2147 5489 cum

563 5496 865 5567 splendidis
893 5511 944 5555 et
988 5503 1281 5564 illustribus
1329 5512 1563 5568 vestibus
1611 5525 1847 5584 utantur,
1878 5496 2037 5593 atque
2078 5526 2149 5583 ob

560 5589 832 5659 ingentem
855 5594 1077 5662 gloriam
1100 5611 1153 5654 et
1176 5603 1469 5670 potentiam
1497 5606 1788 5667 insolenter
1813 5630 1873 5669 se
1898 5589 2145 5689 efi'erant,

557 5680 703 5737 iutus
728 5692 904 5740 tamen
934 5686 1111 5755 fetidis
1131 5693 1481 5753 cadaveribus
1502 5714 1565 5754 ac
1587 5699 1801 5773 flagitiis
1828 5707 1971 5775 pleni
1998 5680 2145 5766 sunt:

554 5770 689 5829 Post
715 5783 927 5841 autem,
960 5792 1081 5835 cum
1112 5796 1203 5837 eas
1243 5802 1361 5854 qua:
1409 5792 1526 5859 pice
1566 5808 1630 5850 ac
1662 5770 1932 5857 bitumine
1966 5803 2146 5862 oblitae

555 5874 745 5934 erant,
790 5870 988 5939 aperiri
1030 5870 1310 5946 iussisset,
1359 5895 1547 5945 omnes
1599 5901 1692 5950 eos
1740 5892 1834 5963 qui
1884 5892 2141 5968 aderant,

1846 6038 1879 6045 κο

2286 3396 2407 3440 rum
2438 3400 2602 3443 unum
2631 3388 2801 3445 Deum
2830 3405 3065 3461 agnosco
3089 3405 3144 3452 et
3184 3399 3470 3468 confiteor,
3503 3407 3595 3472 qui
3624 3403 3677 3459 in
3710 3406 3885 3466 tribus

2289 3481 2556 3549 personis,
2592 3482 2695 3539 hoc
2730 3493 2815 3541 est
2853 3486 3016 3544 Patre
3058 3499 3113 3545 et
3154 3491 3294 3549 Filio
3323 3504 3377 3550 et
3421 3492 3625 3564 Spiritu
3668 3511 3879 3569 sancto,

2288 3580 2450 3636 atque
2478 3588 2579 3628 una
2626 3586 2817 3632 natura
2844 3586 2900 3633 et
2927 3582 3179 3650 essentia,
3215 3584 3266 3638 in
3298 3600 3403 3641 una
3431 3586 3603 3657 gloria
3630 3597 3687 3644 et
3716 3604 3882 3660 regno

2284 3662 2504 3721 minime
2532 3666 2709 3723 diviso
2749 3669 3096 3738 gloriﬁcatur.
3144 3674 3241 3731 Hic
3271 3676 3435 3748 igitur
3465 3680 3516 3733 in
3549 3681 3721 3737 tribus
3753 3698 3881 3752 per-

2280 3753 2427 3809 sonis
2472 3771 2608 3813 unus
2648 3758 2807 3827 Deus,
2860 3763 3107 3834 principii
3156 3780 3219 3822 ac
3266 3767 3387 3824 finis
3440 3784 3636 3841 expers
3682 3772 3874 3845 (Nata,

2282 3857 2414 3901 orat.
2437 3845 2505 3913 2,
2533 3847 2596 3902 de
2627 3848 2871 3923 Paw/1.),
2918 3856 3295 3926 sempiternus,
3343 3860 3638 3931 increatus,
3683 3864 3876 3920 immu-

2283 3936 2477 4003 tabilis,
2507 3954 2734 4011 corpore
2778 3958 2997 4013 vacans,
3027 3947 3310 4005 invisibilis
3330 3992 3344 4017 ,
3376 3953 3876 4025 circumscriptione

2281 4044 2494 4098 carens,
2522 4034 2685 4089 animi
2711 4038 3246 4108 comprehensionem
3272 4044 3497 4114 fugiens,
3525 4049 3674 4102 solus
3701 4048 3874 4105 bonus

2278 4138 2343 4179 ac
2367 4126 2547 4195 justus
2587 4137 2705 4196 est,
2737 4131 2828 4201 qui
2871 4135 3071 4200 omnia,
3102 4136 3209 4190 tam
3238 4152 3355 4205 qua:
3382 4139 3551 4194 oculis
3580 4152 3874 4198 cernuntur

2278 4232 2437 4287 quam
2479 4234 2599 4290 qua:
2638 4224 2914 4281 oculorum
2953 4228 3195 4283 obtutum
3233 4227 3483 4301 fugiunt,
3520 4248 3585 4288 ex
3620 4234 3789 4291 nihilo
3821 4238 3870 4291 in

2280 4318 2457 4365 ortum
2488 4312 2757 4380 produxit.

2348 4425 2586 4484 Primum
2631 4430 2840 4486 scilicet
2872 4433 3213 4492 invisibilium
3242 4452 3307 4494 ac
3353 4440 3654 4498 crelestium
3701 4445 3873 4500 virtu-

2278 4522 2388 4567 tum
2441 4516 2881 4575 innumerabilem
2928 4526 3215 4592 quamdam
3259 4529 3654 4587 multitudinem
3690 4549 3721 4588 a
3752 4550 3865 4590 ma-

2276 4606 2408 4671 teria
2439 4616 2493 4661 et
2523 4623 2751 4675 corpore
2796 4622 3090 4681 secretam,
3125 4614 3224 4670 hoc
3271 4628 3350 4673 est
3398 4621 3744 4678 administros
3787 4626 3867 4680 di-

2822 4704 3080 4772 spiritus;
3131 4706 3327 4764 deinde
3374 4724 3552 4767 autem
3604 4717 3863 4772 mundum

2277 4789 2417 4844 hunc
2448 4790 2499 4844 in
2529 4806 2803 4861 aspt-ctum
2833 4796 3116 4854 cadentem
3135 4839 3149 4863 ,
3183 4800 3283 4855 hoc
3305 4814 3386 4858 est
3410 4804 3607 4860 caelum
3627 4849 3642 4872 ,
3669 4822 3733 4862 ac
3761 4818 3865 4864 ter-

2273 4898 2416 4950 ram,
2447 4894 2503 4941 et
2532 4902 2708 4954 mare;
2732 4904 2891 4957 quem
2922 4895 3082 4947 etiam
3114 4894 3381 4952 lmtissima
3410 4897 3527 4954 luce
3551 4904 3862 4973 coornatit,

2271 4974 2464 5031 coelum
2494 4993 2687 5047 nempe
2717 4982 2831 5036 sole
2857 4996 2919 5035 ac
2963 4983 3082 5037 luna
3114 4993 3169 5039 et
3212 4988 3498 5054 sideribus,
3532 5000 3734 5046 terram
3760 5008 3843 5049 au

2271 5078 2378 5124 tem
2421 5072 2597 5127 omnis
2625 5074 2835 5142 generis
2866 5076 3025 5148 255
3056 5078 3309 5148 stirpibus
3335 5097 3395 5137 ac
3423 5084 3584 5139 variis
3613 5088 3846 5142 animan-

2267 5161 2427 5224 tibus,
2464 5180 2612 5218 mare
2640 5164 2871 5236 denique
2900 5174 3354 5228 numerasissimis
3384 5174 3609 5242 piscium
3640 5181 3827 5249 generi

2263 5252 2384 5308 bus.
2416 5254 2540 5309 Hmc
2568 5260 2745 5311 omnia
2774 5257 2891 5328 ipse
2917 5259 3079 5329 dixit,
3114 5271 3169 5318 et
3197 5262 3331 5319 facta
3366 5276 3524 5333 sunt;
3559 5269 3675 5339 ipse
3703 5286 3861 5327 man-

2265 5347 2442 5415 davit,
2470 5358 2524 5404 et
2555 5363 2732 5406 creata
2763 5364 2887 5407 sunt
2916 5353 3088 5427 (Psal.
3120 5362 3365 5428 chvnt).
3402 5358 3530 5416 Post
3556 5372 3732 5419 autem
3763 5368 3855 5421 ho-

2261 5457 2460 5497 minem
2493 5445 2717 5500 suismet
2748 5447 2992 5502 inanibus
3024 5448 3263 5519 elfingit,
3297 5464 3512 5524 sumpto
3542 5458 3795 5513 nimi.qu
3827 5475 3857 5514 a

2261 5543 2402 5588 terra
2434 5536 2502 5590 ad
2531 5544 2772 5604 corporis
2802 5540 3245 5609 compositionem
3274 5545 3410 5612 luto,
3451 5547 3631 5603 anima
3673 5559 3855 5605 autem

2260 5626 2487 5682 rationis
2516 5639 2568 5684 et
2600 5631 2966 5702 intelligentiae
2995 5636 3252 5705 participe
3293 5653 3387 5708 per
3428 5652 3577 5694 suam
3610 5641 3856 5697 insuma-

2263 5715 2462 5771 tiouetu
2493 5721 2589 5788 ipsi
2624 5724 2839 5790 tributa,
2870 5742 2989 5795 qua:
3015 5727 3230 5796 quidem
3263 5731 3328 5783 aJ
3362 5732 3454 5787 Dei
3488 5732 3770 5804 imaginum
3801 5748 3856 5791 ct

2255 5807 2656 5869 similitudinem
2707 5816 2895 5873 effecta
2943 5834 3062 5875 esse
3112 5823 3307 5892 scripta
3355 5833 3438 5880 est
3484 5824 3640 5894 (Gen.
3665 5826 3707 5897 ι)
3736 5846 3747 5879 :
3781 5830 3852 5883 ad

2200 5983 2214 5987 _
2255 5899 2545 5974 imaginem
2571 5906 2865 5982 -vitlelicet,
2910 5923 3125 5984 propter
3169 5915 3277 5974 vim
3320 5917 3655 5988 intelligendi
3685 5930 3850 5992 atque
