4158 6354
317 465 426 523 465

751 463 915 523 VITA
953 461 1373 555 SANGTORUM
1411 464 1747 525 BARLAAM
1787 465 2121 527 ΕΒΕΜῙΤίΕ
2161 467 2254 526 ΕΤ
2291 468 2644 531 JOSAPHAT
2681 471 2893 532 INDIA‘J
2936 473 3160 534 REGIS.

3492 482 3599 541 466

316 577 529 634 arbitrii
557 577 892 644 libertatem;
921 579 988 635 ad
1016 580 1422 635 similitudinem
1446 589 1656 649 autem,
1689 590 1906 652 propter
1930 582 1984 643 Α
2082 580 2187 636 Alii
2230 583 2372 638 enim
2412 599 2542 641 casu
2569 601 2634 642 ac
2661 587 2880 645 fortuito
2906 590 3084 646 omnia
3115 589 3262 657 ferri,
3311 593 3598 661 providen-

315 675 532 730 virtutis
570 674 760 742 ipsius,
790 673 963 743 quoad
992 674 1108 744 ejus
1138 675 1255 731 fieri
1282 683 1488 744 potest,
1521 674 1898 732 imitationem.

315 768 474 822 Hunc
496 782 657 838 porro
683 766 976 834 hominem,
1004 767 1209 822 arbitrii
1236 767 1482 823 libertate
1504 776 1662 838 atque
1690 767 1904 822 immor-

314 860 519 914 talitate
560 859 849 926 donatum,
881 873 1066 914 eorum
1112 873 1231 929 quae
1274 859 1326 914 in
1369 867 1509 914 terra
1557 869 1684 914 sunt
1719 875 1898 932 regem

313 952 626 1017 constituit;
653 960 812 1020 atque
841 967 904 1006 ex
947 954 1061 1020 ipso
1092 951 1376 1020 feminam,
1407 967 1526 1022 qua).
1572 952 1672 1022 ipsi
1699 953 1902 1009 auxilio

313 1056 489 1115 esset,
523 1045 624 1112 ipsi
651 1046 880 1100 similem
909 1045 1101 1100 effecit.

389 1137 713 1208 Consitoque
757 1139 808 1193 in
843 1138 990 1194 Eden
1023 1139 1089 1193 ad
1129 1137 1403 1194 Orientem
1445 1140 1714 1210 paradiso,
1747 1139 1900 1194 volu-

310 1233 475 1304 ptatis
523 1233 700 1288 omnis
748 1241 908 1302 atque
954 1232 1332 1288 oblectamenti
1363 1234 1543 1304 pleno,
1601 1234 1896 1300 hominem,

309 1342 473 1396 quem
503 1325 806 1391 efﬂuxerat,
853 1325 904 1380 in
933 1325 1050 1396 ipso
1089 1327 1409 1393 collocavit;
1450 1327 1528 1382 sic
1568 1327 1806 1397 quidem,
1840 1335 1901 1381 ut

307 1421 490 1476 divina
507 1421 716 1475 bonitas
738 1419 914 1473 omnia
935 1419 1070 1488 ligna
1090 1435 1210 1488 quae
1229 1419 1342 1475 illic
1360 1429 1512 1474 erant
1533 1420 1649 1474 sine
1668 1419 1778 1474 ullo
1796 1419 1898 1474 im-

307 1515 621 1585 pedimento
642 1529 762 1568 eum
794 1513 1068 1581 percipere
1083 1511 1328 1582 juberet;
1366 1513 1522 1566 unius
1543 1522 1725 1566 autem
1755 1511 1896 1566 dun-

307 1615 458 1661 taxat
497 1603 869 1674 degustatione
919 1602 1021 1672 ipsi
1073 1602 1421 1658 interdiceret
1466 1601 1630 1674 (quod
1679 1603 1894 1672 quidem

306 1699 510 1768 lignum
557 1695 794 1750 scientia:
821 1694 946 1750 boni
996 1703 1050 1749 et
1099 1695 1227 1749 mali
1277 1694 1600 1763 appellatum
1630 1698 1754 1764 est),
1814 1695 1896 1751 his

308 1794 493 1848 verbis
544 1801 698 1845 utens
738 1805 754 1844 :
813 1789 1138 1860 Quacunque
1167 1788 1255 1844 die
1283 1789 1626 1844 comederitis
1672 1805 1735 1844 ex
1786 1805 1890 1858 eo,

305 1894 490 1941 morte
515 1884 837 1940 moriemini.
886 1883 1174 1938 Enimvero
1204 1897 1340 1937 unus
1386 1899 1453 1938 ex
1482 1882 1756 1953 praedictis
1799 1898 1896 1938 an-

2011 674 2205 744 tiazque
2246 677 2486 744 expertia
2518 693 2639 735 esse
2677 693 3031 750 censuerunt;
3085 691 3338 754 tanquam
3389 686 3599 744 scilicet
3676 714 3682 721 ο

2007 767 2184 822 nullus
2208 767 2468 826 Dominus
2495 773 2567 828 sit
2611 775 2702 844 qui
2736 789 2798 830 ea
2826 787 2978 846 regat
3007 791 3069 832 ac
3115 779 3444 835 moderetur.
3486 782 3596 838 Alii

2009 855 2178 911 fatum
2210 861 2546 928 invexerunt,
2575 866 2933 937 natalitiisque
2955 869 3220 926 sideribus
3243 873 3421 927 omnia
3448 887 3594 930 com-
3661 881 3668 889 '

2006 952 2287 1008 miserunt.
2318 956 2420 1011 Alii
2450 958 2646 1013 multos
2673 959 2806 1015 deos
2849 964 3040 1030 malos,
3085 979 3148 1019 ac
3177 966 3360 1022 multis
3388 967 3594 1022 vitiosis

2006 1043 2377 1103 affectionibus
2429 1051 2733 1108 laborantes
2788 1055 3110 1124 coluerunt,
3171 1074 3276 1129 quo
3333 1061 3589 1118 videlicet

2006 1151 2221 1192 suarum
2253 1141 2593 1198 afl'ectionum
2625 1155 2679 1200 et
2707 1138 2942 1214 gravium
2976 1148 3294 1219 ﬂagitiorum
3337 1153 3587 1209 defenso-

2005 1242 2092 1282 res
2121 1239 2172 1284 et
2204 1241 2457 1300 patronos
2498 1250 2588 1290 eos
2620 1236 2902 1293 haberent.
2935 1241 3172 1306 Quorum
3201 1244 3362 1298 etiam
3388 1243 3591 1302 formas

2005 1321 2211 1390 pictura
2243 1328 2627 1395 exprimentes,
2659 1331 2850 1386 surdas
2880 1343 3082 1389 statuas
3113 1350 3173 1390 ac
3218 1351 3378 1393 sensu
3409 1352 3594 1393 caren-

2007 1414 2075 1468 tia
2108 1417 2393 1473 simulacra
2428 1420 2480 1474 in
2518 1423 2681 1476 altum
2713 1437 3021 1495 erexerunt,
3076 1443 3248 1498 eaque
3289 1430 3341 1486 in
3373 1431 3592 1501 templis

2006 1508 2212 1562 inclusa
2239 1512 2517 1568 coluerunt
2547 1524 2601 1569 et
2630 1515 2938 1586 adorarunt,
2984 1523 3283 1577 servientes
3333 1523 3590 1578 nimirum

2005 1611 2271 1659 creatura:
2303 1607 2478 1674 potius
2508 1624 2666 1678 quam
2695 1612 2953 1667 Creatori.
2986 1615 3213 1682 Quidam
3247 1619 3388 1672 enim
3417 1619 3587 1673 solem

2004 1700 2057 1746 et
2077 1693 2256 1748 lunam
2288 1711 2350 1751 ac
2376 1698 2575 1765 sidera,
2612 1717 2730 1770 quae
2761 1703 2901 1758 Deus
2928 1706 2994 1760 ad
3021 1707 3193 1762 lucem
3224 1718 3442 1766 terreno
3465 1709 3590 1765 huic

2003 1787 2205 1840 mundo
2235 1786 2560 1844 afferendam
2604 1795 2802 1861 posoit,
2852 1798 3172 1853 coluerunt:
3206 1815 3327 1870 quae
3370 1802 3591 1871 quidem

2004 1878 2180 1932 anima
2239 1889 2292 1935 et
2346 1895 2506 1936 sensu
2557 1885 2772 1956 carentj,
2821 1902 2886 1943 ac
2935 1888 3203 1946 Creatoris
3253 1893 3591 1961 providentia

304 1976 497 2049 gelicis
526 1977 716 2044 copiis,
747 1974 838 2045 qui
864 1977 952 2030 uni
982 1975 1178 2044 agmini
1208 1984 1458 2045 praeerat,
1485 1991 1606 2030 cum
1634 1976 1892 2032 naturalis
1922 1977 1972 2037 Β
2000 1971 2367 2028 illuminantur
2395 1983 2450 2028 et
2478 1987 2898 2045 conservantur,
2933 1997 3038 2035 non
3087 1993 3266 2038 autem
3297 1986 3588 2056 quidquam

302 2070 424 2124 vitii
457 2084 526 2124 ne
549 2069 830 2124 minimum
855 2068 1070 2140 quidem
1096 2068 1376 2140 vestigium
1404 2084 1434 2123 a
1465 2080 1708 2127 creatore
1739 2086 1893 2128 acce-

300 2161 490 2232 pisset,
521 2176 708 2218 verum
752 2162 878 2217 boni
923 2177 1084 2218 causa
1114 2171 1427 2231 procreatus
1465 2164 1677 2231 fuisset,
1714 2165 1886 2222 libera

299 2256 497 2311 mentis
525 2255 834 2311 inductione
872 2270 903 2310 a
941 2256 1084 2310 bono
1110 2255 1162 2310 in
1206 2256 1402 2310 malum
1444 2256 1681 2322 deﬂexit,
1733 2268 1893 2326 atque

303 2347 594 2402 insolentia
668 2348 879 2415 elatus,
951 2348 1210 2403 adversus
1263 2349 1548 2404 Dominum
1601 2366 1664 2405 ac
1721 2351 1889 2408 Deum

297 2439 567 2494 rebellare
624 2440 811 2494 voluit.
866 2444 943 2494 Ac
997 2449 1284 2511 prepterea
1335 2458 1401 2496 ex
1455 2443 1643 2499 ordine
1686 2459 1785 2500 suo
1829 2459 1892 2500 ac

296 2529 562 2599 dignitate
593 2532 846 2599 expulsus
872 2541 974 2600 est,
1001 2542 1161 2601 atque
1188 2548 1284 2602 pro
1315 2536 1470 2589 beata
1513 2534 1603 2589 illa
1633 2536 1804 2606 gloria
1836 2547 1890 2591 et

295 2624 540 2693 angelico
567 2625 806 2689 nomine,
840 2624 1038 2679 diaboli
1070 2641 1134 2680 ac
1163 2626 1377 2682 Satanae
1407 2643 1602 2683 nomen
1627 2643 1887 2684 consecu-

297 2724 385 2769 tus
410 2725 512 2770 est.
531 2715 673 2769 Deus
695 2715 836 2770 enim
865 2717 1061 2788 ipsum,
1088 2730 1140 2774 et
1160 2720 1365 2775 caelesti
1388 2721 1560 2792 gloria
1587 2721 1884 2792 indigttum,

293 2805 628 2876 praecipitem
658 2822 689 2862 e
729 2807 867 2863 (-(elo
898 2811 1220 2865 exturbavit.
1254 2811 1386 2867 Cum
1428 2828 1492 2868 eo
1523 2829 1683 2883 porro
1725 2815 1887 2871 simul

291 2899 480 2954 avulsa
510 2911 564 2954 et
609 2901 782 2970 ejecta
809 2911 889 2957 est
922 2903 1109 2972 ingens
1145 2905 1453 2973 angelorum
1483 2905 1574 2974 qui
1616 2907 1714 2976 ipsi
1756 2909 1886 2964 sub-

296 2998 455 3045 erant
485 2992 770 3046 multitudo
799 3014 811 3048 :
840 2993 927 3061 qui
960 2994 1173 3064 quidem
1201 2997 1392 3050 utentis
1417 2996 1730 3055 inductione
1761 3001 1890 3056 mali

289 3081 496 3148 effecti,
527 3099 591 3139 ac
620 3085 742 3140 boni
771 3086 888 3141 loco
911 3088 1165 3157 principis
1192 3091 1271 3144 sui
1297 3090 1657 3148 defectionem
1689 3097 1884 3166 secuti,

291 3178 598 3233 daemonum
649 3196 868 3248 nomen,
899 3191 956 3236 ut
989 3184 1312 3252 impostores
1355 3200 1418 3240 ac
1455 3187 1890 3260 circumscripto-

295 3284 409 3337 res,
443 3282 786 3339 acceperunt.

1999 2080 2094 2134 per
2141 2082 2201 2121 se
2236 2067 2429 2122 virium
2477 2068 2694 2125 habent.
2724 2071 2827 2126 Alii
2876 2081 3052 2128 autem
3088 2076 3266 2146 ignem
3295 2085 3350 2132 et
3394 2092 3589 2148 aquam

1994 2172 2059 2212 ac
2099 2158 2303 2228 reliqua
2339 2168 2497 2215 terrae
2544 2162 2830 2232 elementa,
2883 2165 3074 2234 quibus
3119 2181 3218 2221 nec
3263 2168 3443 2223 anima
3488 2185 3591 2225 nec

1997 2263 2191 2304 sensus
2220 2251 2380 2305 inest.
2414 2251 2597 2322 Neque
2628 2268 2722 2309 eos
2746 2255 2836 2323 qui
2860 2257 3035 2311 anima
3065 2267 3118 2312 et
3147 2259 3353 2316 ratione
3376 2261 3589 2330 przediti

1995 2351 2121 2396 sunt
2151 2341 2416 2411 ejusmodi
2459 2343 2621 2400 rebus
2665 2345 2866 2401 cultum
2906 2348 3166 2405 adhibere
3215 2350 3425 2418 puduit.
3475 2355 3584 2408 Alii

2003 2432 2154 2499 feris,
2209 2443 2262 2489 et
2293 2436 2596 2506 reptilibus,
2628 2446 2682 2494 et
2728 2440 3040 2509 pecudibus,
3073 2452 3125 2498 et
3155 2445 3589 2516 quadrupedibus

1999 2527 2362 2582 animantibus
2411 2530 2807 2587 venerationem
2840 2534 3138 2590 tribuerunt
3168 2555 3181 2589 :
3207 2536 3330 2592 hinc
3377 2539 3587 2596 scilicet

1999 2633 2121 2674 sese
2169 2621 2390 2677 rationis
2434 2623 2603 2693 magis
2649 2637 2898 2694 expertes
2943 2629 3288 2684 ostendentes
3316 2646 3473 2700 quam
3519 2648 3585 2688 ea

1995 2711 2112 2778 ipsa
2141 2727 2260 2782 quae
2303 2714 2573 2770 colebant.
2605 2717 2714 2771 Alii
2744 2721 2972 2788 turpium
3006 2724 3360 2790 quorumdam
3393 2734 3450 2781 et
3488 2727 3583 2782 ab-

1993 2804 2260 2872 jectorum
2293 2806 2568 2864 hominum
2593 2808 2793 2867 formas
2817 2811 3193 2882 depinxerunt.
3224 2832 3427 2888 eosque
3449 2819 3584 2876 deos

1998 2899 2356 2967 appellarunt,
2410 2901 2601 2969 partim
2630 2906 2917 2968 masculos,
2951 2909 3142 2973 partim
3165 2907 3394 2964 feminas
3415 2924 3578 2981 :quos

1997 2989 2158 3043 etiam
2191 2991 2406 3059 ipsimet
2433 2992 2727 3061 adulteros,
2760 3003 2814 3050 et
2844 2995 3157 3064 homicidas,
3191 3007 3247 3054 et
3275 2999 3579 3067 iracundos,

1995 3091 2050 3136 et
2077 3083 2128 3136 in
2142 3082 2311 3147 vidus,
2341 3094 2395 3138 et
2425 3084 2677 3152 furiosos,
2729 3095 2782 3141 et
2813 3089 3130 3155 parricidas,
3173 3101 3226 3146 et
3254 3091 3578 3160 fratricidas,

1996 3181 2050 3227 et
2079 3173 2243 3238 fures,
2279 3176 2439 3246 256
2467 3185 2518 3230 et
2548 3186 2816 3246 raptores,
2845 3187 2901 3233 et
2922 3180 3162 3249 claudos,
3191 3191 3247 3237 et
3269 3184 3496 3253 debiles,
3527 3193 3585 3242 et

1997 3268 2288 3332 veneficos,
2319 3276 2374 3321 et
2402 3270 2616 3323 insanos
2644 3284 2766 3325 esse
2797 3271 3156 3341 tradiderunt,
3188 3285 3350 3346 atque
3389 3278 3582 3334 horum

373 3362 625 3418 Diabolus
655 3363 837 3434 igimr,
889 3365 1136 3436 abl-uram
1180 3381 1399 3436 prorsus
1430 3373 1594 3435 υοηο,
1637 3372 1885 3443 malaque
1913 3377 1960 3442 ο
2000 3358 2288 3412 nonnullos
2335 3369 2562 3414 mortem
2617 3361 2833 3429 obiisse,
2888 3368 3173 3421 nonnullos
3211 3368 3434 3425 fulmine
3461 3386 3585 3442 per-

290 3463 482 3510 natura
529 3467 822 3525 assumpta,
857 3456 1117 3511 invidiam
1148 3459 1406 3515 adversus
1436 3461 1708 3519 hominem
1756 3480 1884 3521 con-

290 3549 441 3618 cepit
472 3548 629 3619 (δερ.
666 3549 747 3619 tt),
777 3562 1061 3619 propterea
1091 3551 1234 3621 quod
1266 3553 1502 3623 seipsum
1539 3571 1568 3609 e
1598 3566 1742 3611 tanta
1771 3559 1886 3627 glo-

293 3643 372 3696 ria
406 3643 660 3711 ejectum,
697 3642 844 3697 illum
899 3653 1074 3698 autem
1114 3645 1179 3698 ad
1218 3655 1420 3702 tantum
1466 3648 1720 3705 honorem
1770 3654 1886 3707 sub-

290 3743 506 3788 vectum
539 3734 915 3802 perspiceret:
961 3750 1191 3805 eumque
1247 3753 1276 3792 e
1327 3738 1478 3793 beata
1527 3741 1617 3794 illa
1674 3744 1884 3799 vivendi

290 3824 506 3879 ratione
536 3823 773 3892 dejicere
804 3825 1141 3881 moliebatur.
1172 3828 1349 3895 Quare
1372 3843 1676 3899 serpentem
1711 3835 1883 3903 impo-

291 3926 461 3972 sturze
495 3933 605 3972 suae
634 3918 902 3973 officinam
937 3930 1144 3987 nactus,
1178 3936 1274 3990 per
1304 3938 1424 3978 eum
1457 3923 1712 3980 feminam
1752 3943 1887 3982 con-

289 4011 462 4064 venit.
509 4014 746 4078 Cumque
803 4027 920 4065 cam
971 4027 1066 4080 spe
1114 4012 1410 4068 divinitatis
1460 4015 1793 4084 adduxisset,
1831 4027 1886 4074 ut

291 4100 633 4155 interdictum
663 4103 862 4171 lignum
888 4105 1212 4175 degttstaret,
1247 4122 1342 4175 per
1371 4122 1487 4162 eam
1519 4119 1700 4178 postea
1723 4112 1883 4166 etiam

289 4195 564 4249 Adamum
609 4195 754 4264 (nam
800 4197 899 4251 hoc
949 4198 1125 4266 primo
1177 4200 1379 4254 homini
1429 4217 1624 4256 nomen
1658 4203 1782 4273 fuit)
1831 4206 1885 4260 in

292 4287 538 4342 fraudem
589 4288 818 4358 impulit.
880 4289 1046 4345 Porro
1093 4301 1291 4362 autem,
1355 4302 1410 4347 ut
1468 4295 1672 4363 primus
1724 4297 1887 4353 homo

294 4389 482 4436 contra
511 4381 748 4437 divinum
777 4383 1058 4453 imperium
1089 4385 1420 4442 interdictam
1459 4389 1688 4456 plantam
1721 4390 1888 4460 degu-

294 4475 478 4539 Stavit,
512 4490 542 4528 a
575 4491 785 4530 summo
818 4489 1038 4546 parente
1074 4489 1234 4549 atque
1261 4481 1555 4537 architecto
1584 4499 1613 4538 e
1661 4484 1885 4539 delicia-

294 4582 413 4623 rum
448 4568 697 4636 paradiso
726 4571 1130 4638 exterminatur,
1164 4584 1323 4638 atque
1355 4574 1526 4629 beatae
1558 4576 1697 4631 illius
1737 4585 1791 4631 et
1820 4578 1887 4632 ab

295 4662 462 4718 exitio
516 4661 768 4718 immunis
804 4665 927 4720 vita:
975 4667 1095 4720 loco
1127 4666 1177 4720 in
1237 4668 1370 4722 hanc
1401 4669 1588 4740 (heu!)
1637 4673 1883 4728 miseram

1995 3463 2182 3505 cussos
2213 3451 2397 3518 fuisse,
2429 3453 2715 3508 nonnullos
2757 3454 3060 3512 hominibus
3107 3461 3380 3527 serviisse,
3423 3473 3586 3534 atque

1995 3543 2216 3598 exsules
2260 3545 2553 3610 exstitisse,
2603 3547 2889 3602 nonnullos
2918 3549 3137 3605 vulnera
3180 3555 3475 3624 accepisse,
3522 3571 3588 3612 ac

1992 3638 2224 3693 lamenta
2252 3637 2507 3702 edidisse,
2539 3647 2700 3709 atque
2731 3639 2800 3694 ob
2849 3642 3089 3711 improba
3117 3655 3170 3699 et
3207 3644 3348 3700 fama
3381 3648 3581 3717 flagitia

1993 3731 2046 3786 in
2078 3730 2324 3784 animalia
2374 3745 2493 3785 sese
2526 3731 2856 3788 immutasse.
2890 3734 3006 3801 Quo
3035 3736 3193 3790 fiebat
3238 3746 3294 3791 ut
3340 3739 3585 3794 homines

1993 3821 2062 3876 ab
2094 3822 2222 3890 ipsis
2256 3822 2357 3876 diis
2388 3823 2729 3878 OCCoSiODf3m
2759 3837 3052 3896 sumentes,
3085 3831 3228 3883 omni
3261 3831 3587 3900 impuritatis

1993 3931 2196 3986 genere
2228 3931 2351 3971 sese
2398 3919 2846 3973 contaminarent.
2898 3919 2975 3975 Ac
3021 3929 3133 3976 tum
3164 3922 3426 3980 horrenda
3469 3929 3587 3995 qui-

1997 4010 2116 4060 dem
2152 4007 2324 4076 caligo
2354 4022 2522 4078 genus
2567 4018 2808 4064 nostrum
2843 4013 3090 4079 tenebat;
3124 4029 3296 4085 neque
3339 4028 3453 4072 erat
3495 4021 3586 4087 qui

1995 4099 2347 4170 intelligeret,
2378 4114 2476 4155 nec
2515 4101 2604 4171 qui
2636 4102 2800 4156 Deum
2833 4104 3132 4174 requireret
3163 4106 3336 4176 (Pul.
3371 4111 3512 4174 xltt).

2069 4194 2143 4248 Ea
2193 4203 2371 4249 autem
2403 4203 2560 4250 aetate
2588 4196 2858 4252 Abraham
2903 4200 3050 4255 solus
3081 4202 3332 4258 inventus
3383 4215 3464 4260 est
3494 4207 3587 4274 qui

1996 4289 2190 4344 animae
2217 4303 2432 4344 sensum
2467 4290 2680 4346 firmum
2728 4307 2790 4347 ac
2838 4294 3104 4350 valentem
3136 4296 3378 4363 haberet,
3429 4309 3590 4368 atque

1997 4396 2065 4436 ex
2101 4397 2278 4437 rerum
2328 4384 2661 4439 conditarum
2711 4396 2998 4454 prospectu
3049 4389 3383 4445 conditorem
3422 4405 3588 4460 agno-

2000 4483 2201 4530 sceret.
2226 4478 2359 4530 Nam
2387 4491 2508 4530 cum
2543 4478 2762 4544 etelum,
2793 4495 2856 4532 ac
2888 4487 3108 4546 terram,
3141 4491 3195 4535 et
3219 4497 3389 4549 mare,
3415 4485 3584 4538 solem

1997 4569 2124 4624 item
2172 4578 2226 4623 et
2254 4570 2430 4624 lunam
2461 4585 2524 4624 ac
2556 4571 2758 4639 reliqua
2796 4573 3228 4642 considerasset,
3276 4575 3584 4645 hujusmodi

1999 4671 2247 4716 ornatum
2274 4663 2650 4716 concinnitatis
2694 4665 2908 4732 plenum
2953 4665 3245 4722 admiratus
3289 4678 3390 4723 est.
3427 4668 3588 4723 Cum-

296 4754 709 4817 vitam‘incidit,
760 4772 820 4810 ac
871 4766 1142 4826 postremo
1189 4770 1358 4812 morte
1391 4762 1668 4817 multatur.
1714 4770 1886 4833 Atque

1999 4771 2103 4826 que
2125 4756 2404 4823 mundum,
2430 4765 2484 4810 et
2521 4771 2583 4810 ea
2613 4772 2733 4826 quas
2765 4759 2813 4810 in
2843 4758 2958 4826 ipso
3006 4768 3152 4823 sunt,
3193 4764 3587 4831 conspexisset,

296 4847 421 4902 hinc
449 4849 590 4903 vires
623 4859 809 4904 nactus
839 4850 1106 4913 diabolus,
1137 4859 1190 4905 et
1236 4851 1460 4906 victoria
1510 4855 1701 4923 elatus,
1731 4866 1889 4912 aucto

295 4942 577 4994 hominum
629 4957 849 5009 genere,
882 4957 1040 4996 omne
1074 4942 1427 5012 improbitatis
1458 4961 1628 5015 genus
1672 4948 1802 5017 ipsis
1835 4950 1890 5005 in

296 5036 535 5088 animum
564 5034 763 5100 injecit.
797 5034 873 5088 Ex
906 5050 1008 5104 quo
1030 5034 1225 5090 factum
1255 5045 1336 5090 est
1368 5048 1425 5091 ut
1454 5038 1594 5093 Deus
1618 5041 1889 5111 ingentem

295 5130 503 5198 peccati
533 5129 790 5198 impetum
815 5142 1066 5184 coercere
1086 5143 1147 5184 ac
1176 5132 1468 5200 reprimere
1496 5131 1703 5201 volens,
1737 5143 1891 5190 terra:

294 5222 554 5277 diluvium
587 5222 879 5288 induxerit,
911 5233 1072 5294 atque
1103 5239 1316 5280 omnem
1353 5227 1586 5280 animam
1619 5228 1890 5284 viventem

293 5316 617 5370 exstinxerit
646 5313 800 5385 (Gen.
833 5317 951 5386 vit).
980 5317 1111 5371 Cum
1143 5327 1317 5373 autem
1357 5336 1519 5373 unum
1549 5319 1806 5374 duntaxat
1837 5322 1890 5376 in

295 5411 382 5464 illa
417 5418 577 5464 aetate
600 5409 805 5479 justum
837 5425 1013 5463 Vtrum
1048 5410 1360 5477 invenisset,
1392 5413 1532 5468 hunc
1572 5429 1694 5468 cum
1722 5429 1888 5470 uxore

294 5518 358 5556 ac
391 5503 578 5558 liberis
608 5505 657 5556 in
701 5518 823 5557 arca
854 5503 1082 5573 quadam
1111 5514 1403 5571 servatum,
1437 5507 1607 5561 solum
1642 5508 1694 5561 in
1747 5519 1886 5564 terra

295 5597 595 5649 constituit.
642 5594 995 5664 Posteaquam
1041 5605 1216 5652 autem
1247 5614 1459 5653 rursum
1503 5599 1744 5656 homines
1794 5616 1892 5656 nu-

301 5703 455 5742 mero
508 5688 692 5758 augeri
745 5700 1045 5757 coeperunt,
1103 5689 1194 5743 Dei
1242 5688 1509 5745 ohIiVione
1563 5693 1701 5762 capti
1742 5703 1885 5759 sunt,

298 5789 463 5848 atque
492 5781 555 5834 ad
586 5780 891 5850 graviorem
927 5779 1252 5849 impietatem
1285 5795 1658 5852 proruperunt,
1705 5794 1761 5838 ut
1799 5785 1890 5854 qui

299 5874 537 5929 diversis
567 5875 799 5944 peccatis
845 5875 897 5928 in
927 5874 1239 5928 servitutem
1288 5890 1347 5928 se
1376 5877 1697 5942 addixerint,
1729 5885 1887 5946 atque

299 5966 357 6023 in
387 5967 533 6022 varia
563 5981 808 6022 errorum
838 5979 1039 6036 genere
1067 5965 1429 6022 distraxerint.

1997 4865 2103 4904 non
2135 4863 2261 4903 casu
2293 4863 2358 4902 ac
2391 4848 2608 4902 fortuito
2664 4863 2724 4903 ea
2773 4850 3048 4906 exstitisse
3076 4862 3236 4922 atque
3281 4857 3588 4910 conservari

1998 4938 2346 4995 existimavit.
2378 4939 2485 4994 Nec
2513 4953 2722 4992 rursum
2756 4948 2910 4994 terras
2941 4941 3241 5008 elementis,
3294 4953 3382 4996 aut
3415 4944 3589 4996 inani-

1999 5034 2100 5087 mis
2147 5033 2452 5087 simulacris
2481 5043 2702 5088 ornatus
2735 5034 3104 5101 hujuscemodi
3155 5051 3369 5090 causam
3416 5037 3585 5090 ascri-

2000 5127 2147 5197 psit;
2179 5125 2272 5180 sed
2305 5125 2470 5181 Deum
2504 5141 2688 5180 verum
2722 5141 2816 5196 per
2847 5127 2960 5181 haec
2989 5129 3225 5196 agnovit,
3268 5137 3429 5198 atque
3459 5128 3587 5183 uni-

1997 5217 2139 5274 versi
2190 5218 2502 5274 effectorem
2551 5228 2604 5272 et
2649 5227 3081 5273 conservatorem
3131 5233 3254 5273 esse
3303 5218 3586 5275 intellexit.

1996 5314 2140 5368 Deus
2173 5322 2348 5367 autem
2379 5311 2494 5381 ejus
2524 5312 2844 5383 probitatem
2891 5313 3050 5367 animi
3081 5321 3240 5382 atque
3273 5315 3584 5380 candorem,
3624 5312 3628 5318 ’

1997 5416 2312 5475 rectumque
2336 5405 2597 5476 judicium
2629 5406 3011 5473 cotnprobans,
3044 5406 3280 5474 seipsum
3308 5408 3355 5461 ei
3387 5409 3589 5478 patefe-

1995 5502 2067 5557 cit
2116 5503 2245 5570 (non
2303 5501 2515 5570 quidem
2567 5509 2623 5553 ut
2676 5512 2861 5554 natura
2907 5509 3008 5564 est,
3052 5514 3227 5569 neque
3270 5501 3411 5556 enim
3464 5501 3582 5558 fieri

1999 5605 2174 5662 potest
2223 5604 2278 5649 ut
2317 5603 2495 5649 creata
2547 5603 2730 5646 natura
2790 5592 2956 5645 Deum
3005 5602 3208 5659 cernat,
3263 5608 3447 5648 verum
3494 5608 3588 5663 per

1997 5689 2420 5756 dispensatorias
2440 5685 2697 5757 quasdam
2723 5684 2816 5740 Dei
2839 5683 3096 5750 visiones,
3131 5687 3582 5755 quemadmodum

2003 5785 2114 5851 ipse
2145 5782 2333 5850 novit),
2368 5780 2770 5848 plenioremque
2794 5778 2874 5832 sui
2904 5779 3264 5847 cognitionem
3318 5779 3368 5834 in
3419 5780 3587 5849 ipsius

1999 5876 2179 5928 animo
2210 5873 2473 5935 inserens,
2506 5871 2670 5941 gloria
2702 5887 2822 5926 eum
2851 5872 3046 5938 affecit,
3081 5874 3288 5944 sibique
3327 5874 3587 5927 famulum

2002 5966 2211 6020 ascivit.
2263 5965 2364 6031 Qui
2393 5964 2608 6035 quidem
2658 5980 2753 6036 per
2803 5967 3198 6022 successionem
3256 5966 3340 6018 liis
3384 5965 3472 6032 qui
3521 5967 3588 6018 ab
