4158 6354
571 464 720 523 ’467

620 675 926 748 cognitione
968 671 1519 740 instruxit..Eamque
1559 669 1630 725 oh
1673 682 1888 725 eattsatu
1943 667 2204 722 Dominus

621 785 806 828 semen
860 773 1027 838 ipsius
1097 768 1149 822 in
1217 767 1477 822 inﬁnitam
1553 764 1946 820 multitudinem
2020 777 2205 818 excre-

619 877 774 917 scere
803 862 993 927 voluit,
1025 861 1388 930 pupulumque
1437 859 1540 915 sibi
1559 861 1893 928 peculiarem
1922 857 2207 929 appellavit

623 952 777 1018 (Gen.
823 968 927 1015 xv;
957 950 984 1004 1
1031 950 1150 1005 Pet.
1184 950 1286 1016 ιι);
1335 965 1536 1021 eosque
1596 949 1859 1021 Egyptite
1903 950 2098 1020 gentis,
2143 963 2207 1004 ac

623 1046 832 1116 tyranni
859 1045 1150 1100 Pharaonis
1179 1045 1437 1100 servitute
1464 1059 1700 1114 pressos,
1730 1044 1890 1099 editis
1920 1042 2204 1098 horrendis

623 1148 783 1209 atque
809 1140 1141 1196 admirandis
1177 1140 1350 1210 signis
1395 1147 1450 1194 et
1501 1139 1753 1210 prodigiis
1778 1153 1873 1206 per
1903 1137 2119 1209 Moysen
2151 1143 2208 1192 et

625 1231 919 1300 Aaronem,
969 1234 1115 1287 viros
1149 1242 1362 1286 sanctos
1391 1249 1452 1287 ac
1492 1231 1788 1301 prophetiae
1820 1232 1963 1286 dono
2016 1230 2208 1299 praedi-

575 1356 578 1358 η
627 1332 730 1392 ωε,
761 1325 942 1379 eduxit
968 1324 1163 1394 (Exodi
1193 1327 1307 1394 xv).
1351 1325 1587 1393 Quorum
1632 1325 1792 1380 etiam
1823 1339 1987 1393 opera
2038 1323 2210 1395 Egy-

623 1419 782 1483 ptios.
817 1432 912 1486 pro
957 1433 1023 1472 eo
1047 1428 1210 1487 atque
1255 1419 1492 1487 ipsorum
1526 1418 1840 1484 improbitas
1880 1418 2206 1481 merebatur,

620 1509 985 1574 excruciavit;
1020 1519 1075 1564 et
1105 1511 1374 1566 Israelitas
1405 1511 1507 1579 (sic
1545 1511 1685 1565 enim
1725 1511 1952 1579 populus
1981 1511 2090 1574 ille,
2118 1511 2208 1578 qui
2271 1529 2277 1533 ‘

621 1600 691 1654 ab
718 1601 1022 1655 Abrahamo
1069 1611 1245 1656 ortum
1288 1604 1459 1669 duxit,
1495 1604 1812 1670 vocabatur)
1859 1605 2017 1658 siccis
2057 1603 2209 1674 pedi-

579 1715 582 1718 η
623 1692 721 1746 bus
757 1711 849 1762 per
879 1694 1120 1750 Rubrum
1169 1712 1334 1762 mare,
1362 1700 1544 1753 scissis
1571 1698 2018 1766 videlicct‘aqnis,
2052 1708 2213 1766 atque

625 1795 736 1840 tum
761 1802 789 1841 a
822 1789 1004 1842 dextra
1031 1800 1138 1843 tum
1162 1805 1191 1842 a
1223 1792 1436 1843 sinistra
1469 1792 1606 1845 muri
1639 1793 1806 1846 instar
1844 1789 2069 1855 effectis,
2106 1799 2211 1845 tra-

582 1899 585 1901 ·
623 1877 771 1946 iecit.
802 1876 934 1935 Cum
965 1888 1145 1932 autem
1175 1880 1382 1933 Pharao
1410 1891 1462 1936 et
1493 1881 1728 1952 Egyptii
1761 1898 1790 1936 a
1832 1891 1980 1945 tergo
2009 1896 2101 1936 eos
2128 1896 2209 1936 se-

1647 458 1739 514 DE
1765 455 1964 517 'vrrts
2002 450 2291 515 ΡΔΤΒΒΙ
2330 451 2540 512 LIBER
2577 454 2858 517 Ριιιιιυε.

618 586 738 656 ipso
779 552 1160 654 pronuntiarunt
1207 577 1517 633 transmissa
1550 575 1769 646 pietate,
1819 589 1915 630 eos
1968 572 2080 628 veri
2110 571 2207 626 Dei
2234 570 2366 632 Ain
2399 589 2503 630 una
2533 587 2785 646 persona,
2815 584 2870 632 et
2913 576 3120 633 duabus
3149 578 3375 644 naturis,
3417 578 3687 650 perfectus
3728 581 3870 641 Dens

3761 455 3893 527 ass

2307 676 2364 724 et
2386 668 2554 724 homo
2599 668 2902 740 perfectus;
2943 669 3134 725 matris
3175 671 3532 741 virginitatem
3568 674 3732 730 etiam
3772 687 3894 747 post

2309 771 2521 831 partem
2551 763 2620 816 ab
2647 764 2796 818 omni
2828 763 2950 820 labe
2976 779 3324 821 conservans.
3359 767 3532 836 Atque
3560 769 3749 825 iisdem
3777 785 3895 826 om-

2311 857 2439 915 nino
2481 855 2680 925 quibus
2730 871 2848 923 nos,
2878 866 3110 928 excepto
3143 868 3385 928 peccato,
3431 859 3768 927 passiouibus
3797 862 3894 919 ob-

2311 947 2503 1002 noxius
2529 946 2754 1003 eﬂ'ectus
2786 947 2945 1017 (Ποῦ.
2975 948 3075 1019 ιν),
3107 949 3448 1005 inﬁrmitates
3477 961 3686 1007 nostras
3715 969 3901 1011 susce-

2311 1041 2407 1107 pit,
2439 1055 2500 1095 ac
2529 1042 2745 1096 morbos
2771 1051 2985 1097 nostros
3019 1043 3245 1112 portavit
3286 1041 3425 1114 (Ira.
3455 1043 3593 1112 LIII).
3631 1045 3897 1111 Quoniam

2310 1135 2454 1188 enim
2509 1149 2606 1206 per
2661 1145 2940 1205 peccatum
2995 1150 3142 1192 mors
3197 1137 3251 1190 in
3308 1137 3563 1192 mundum
3618 1141 3904 1197 introierat

2311 1225 2493 1297 (Rom,
2527 1228 2608 1296 v),
2663 1242 2886 1284 necesse
2931 1237 3045 1284 erat
3093 1238 3150 1284 ut
3191 1231 3280 1299 qui
3326 1231 3716 1301 redemptionis
3738 1234 3900 1306 257

2311 1337 2538 1377 munere
2569 1322 2947 1391 perfuncturus
2991 1333 3128 1389 erat,
3171 1324 3239 1378 ab
3289 1325 3436 1379 omni
3469 1335 3694 1394 peccato
3733 1343 3902 1397 purus

2311 1427 2473 1482 esset,
2506 1419 2814 1488 peccatique
2843 1419 3000 1472 morti
3031 1419 3250 1473 minime
3279 1419 3559 1474 obnoxius.

2383 1509 2622 1580 Triginta
2651 1525 2808 1579 porro
2835 1512 2987 1566 annis
3027 1526 3148 1566 cum
3181 1513 3481 1568 hominibus
3527 1523 3788 1578 versatus,
3845 1513 3902 1570 in

2313 1603 2560 1658 Jordanis
2591 1605 2743 1659 undis
2772 1620 2801 1659 ιι
2831 1607 3038 1660 Joanne
3057 1607 3173 1660 viro
3190 1617 3398 1673 sancto,
3431 1622 3492 1662 ac
3516 1612 3902 1677 prophetarum

2315 1697 2547 1748 onmium
2580 1697 3040 1764 przcstantissimo,
3068 1697 3364 1765 baptizatus
3382 1709 3480 1754 est.
3509 1699 3700 1770 quue
3727 1700 3902 1770 bapti-

2315 1795 2436 1839 zato
2463 1801 2562 1839 vox
2595 1786 2855 1855 ejusmodi
2889 1787 2955 1842 de
2996 1788 3132 1842 coelo
3161 1801 3190 1842 a
3225 1789 3332 1843 Deo
3378 1789 3536 1844 Patre
3565 1789 3740 1843 delata
3771 1800 3852 1844 est
3883 1806 3899 1845 :

2319 1878 2412 1934 Hic
2442 1888 2525 1932 est
2549 1880 2713 1933 Filius
2735 1895 2887 1935 meus
2909 1881 3156 1947 dilectus,
3216 1883 3266 1935 in
3295 1897 3399 1951 quo
3429 1881 3560 1936 mihi
3585 1881 3726 1937 bene
3749 1896 3901 1936 eom-

621 1983 939 2039 qnerentur,
964 1987 1205 2027 reversae
1231 1989 1380 2042 aquae.
1407 1988 1500 2028 eos
1526 1990 1746 2042 prorsus
1775 1976 2105 2030 deleverunt.
2135 1980 2210 2032 Ac
2239 1968 2285 2029 B
2316 1972 2484 2039 placui
2514 1971 2688 2042 [Lucae
2719 1975 2800 2040 Ill)
2843 1991 2857 2026 τ
2913 1983 3073 2044 atque
3117 1974 3346 2044 Spiritus
3387 1986 3601 2030 saueius
3631 1976 3895 2032 00‘"!an

623 2075 839 2132 .postea,
871 2079 990 2117 cum
1041 2080 1139 2132 per
1163 2067 1390 2119 maxima
1431 2068 1686 2123 miracula
1736 2069 2049 2137 divinosque
2083 2085 2207 2136 pro-

629 2164 866 2223 spectus,
893 2157 1239 2227 quadraginta
1271 2175 1530 2214 annorum
1561 2161 1733 2229 spatio
1763 2162 2012 2232 populum
2045 2162 2094 2215 in
2118 2162 2211 2217 dc-

625 2257 770 2302 serto
799 2247 1108 2317 deduceret,
1133 2264 1200 2305 ac
1229 2252 1433 2306 cmlesti
1467 2269 1603 2323 pane
1647 2269 1768 2309 eum
1817 2256 2003 2319 aleret,
2038 2257 2210 2326 legem

625 2338 770 2407 (qua:
800 2339 1094 2396 futurorum
1131 2351 1286 2413 typus
1337 2353 1494 2414 atque
1532 2345 1870 2402 adumbratio
1911 2349 2048 2419 erat)
2081 2349 2211 2418 iapi-

627 2432 742 2486 deis
805 2434 1308 2492 tabulisdivinitns
1367 2437 1681 2507 inscriptam
1741 2440 1925 2504 dedit,
1986 2456 2211 2511 eamque

631 2525 796 2595 Moysi
831 2528 884 2581 in
937 2538 1120 2584 monte
1167 2530 1348 2606 tribuit
1381 2532 1578 2600 (Exodi
1606 2534 1786 2603 xui).
1837 2536 1967 2601 Qua:
1994 2537 2207 2605 quidem

630 2617 699 2670 ab
726 2619 977 2674 omnibus
1005 2621 1310 2676 simulacris
1335 2631 1390 2678 et
1412 2624 1688 2695 ﬂagitiosis
1714 2627 2012 2682 actionibus
2043 2627 2210 2682 abdu-

626 2710 808 2776 cebat,
835 2711 1113 2783 solumque
1140 2729 1324 2770 verum
1373 2716 1539 2771 Deum
1570 2718 1814 2772 venerari
1842 2718 2091 2774 docebat.
2121 2721 2209 2776 Sic

629 2800 787 2881 igitur
816 2816 912 2870 per
939 2803 1171 2874 ingentia
1211 2806 1470 2862 miracula
1502 2810 1648 2877 ipsos
1699 2812 1751 2864 in
1798 2811 1988 2865 bonam
2023 2828 2209 2882 quant-

621 2874 749 2957 ὕψι
780 2898 979 2948 terram
1005 2896 1229 2964 induxit,
1253 2913 1413 2968 quam
1435 2874 1560 2954 olim
1591 2904 1912 2972 patriarchte
1935 2904 2007 2958 illi
2033 2874 2205 2965 Abra-

624 2979 787 3036 bame
816 2998 876 3038 se
923 2985 1090 3056 ipsius
1117 2990 1306 3044 semini
1339 2990 1585 3048 daturum
1628 3008 1924 3062 receperat.
1972 2996 2050 3052 Ac
2094 2999 2208 3053 lon-

625 3088 751 3139 gum
788 3086 934 3131 esset
981 3094 1408 3138 commemorare
1448 3097 1576 3153 quot
1620 3101 1888 3155 quantque
1936 3105 2120 3158 magna
2155 3099 2208 3145 et

613 3166 942 3231 admiranda
973 3178 1028 3224 et
1072 3171 1298 3227 illustria
1329 3185 1490 3244 atque
1535 3178 1728 3232 eximia
1775 3166 2050 3246 beneﬁcia,
2086 3197 2206 3250 qure

623 3272 911 3329 numerum
935 3278 1148 3320 omnem
1173 3269 1462 3332 excedunt,
1493 3269 1549 3322 in
1594 3285 1688 3325 eos
1716 3273 2024 3328 contulerit.
2066 3275 2204 3342 Qui-

2316 2067 2494 2135 specie
2523 2067 2573 2120 iu
2603 2069 2773 2136 ipsmn
2803 2068 3100 2123 descendit.
3129 2069 3206 2124 Ac
3235 2071 3486 2138 deinceps
3509 2084 3701 2138 magna
3728 2078 3782 2126 et
3810 2070 3902 2123 ad.

2319 2157 2558 2212 miranda
2599 2159 2744 2226 signa
2797 2160 3012 2215 efﬁcere
3054 2163 3236 2228 erepit,
3272 2171 3508 2216 mortuos
3537 2161 3793 2215 videlicet
3835 2161 3902 2215 ad

2316 2251 2476 2305 vitam
2503 2267 2778 2321 revocans,
2821 2256 2978 2310 caecis
3027 2257 3196 2310 lucem
3243 2255 3492 2323 aﬁ‘erens,
3540 2257 3819 2311 daemones
3848 2257 3902 2312 in

2315 2343 2496 2414 fugam
2529 2355 2741 2402 vertens
2761 2387 2776 2414 ,
2831 2349 3025 2403 surdos
3063 2358 3117 2403 et
3147 2349 3362 2404 claudos
3391 2364 3609 2420 curans,
3661 2351 3901 2418 leprosos

2315 2455 2570 2511 purgans,
2609 2451 2773 2511 atque
2819 2442 3169 2498 inveteratam
3202 2452 3442 2498 naturam
3475 2452 3715 2498 nostram
3747 2444 3899 2498 undi-

2314 2547 2419 2600 que
2440 2547 2725 2601 renovatis,
2755 2533 3116 2604 operibusque
3131 2537 3402 2602 erudiens,
3434 2551 3496 2591 ac
3512 2537 3728 2594 virtutis
3758 2540 3900 2593 viam

2321 2628 2573 2688 edocens,
2609 2636 2769 2698 atque
2790 2644 2817 2681 a
2847 2631 3190 2699 corruptione
3221 2631 3563 2698 abstrahens,
3585 2642 3640 2688 et
3667 2635 3734 2689 ad
3756 2649 3900 2690 sem-

2315 2719 2576 2788 piternam
2607 2721 2768 2776 vitam
2796 2721 2901 2778 iter
2943 2732 3271 2780 monstrans.
3328 2725 3476 2782 Unde
3509 2728 3665 2782 etiam
3697 2729 3900 2786 duode-

2311 2813 2415 2866 cim
2446 2813 2736 2883 discipulos
2768 2814 2927 2883 elegit
2987 2815 3200 2888 (Matth.
3237 2817 3375 2889 xu),
3435 2834 3569 2889 quos
3621 2821 3900 2888 apostolos

2313 2910 2628 2972 nominavit,
2658 2909 2898 2979 ipsisque
2921 2911 3187 2980 negotium
3220 2911 3368 2967 dedit
3389 2920 3448 2967 ut
3469 2915 3738 2971 caelestem
3775 2919 3900 2975 vita

2314 3004 2576 3057 rationem
2611 3005 2985 3072 praedicarent,
3021 3021 3178 3076 quam
3215 3017 3269 3060 ut
3295 3008 3348 3061 in
3383 3017 3528 3064 terra
3560 3012 3896 3079 05tenderet,

2312 3107 2374 3149 ac
2403 3109 2502 3150 nos
2535 3097 2760 3151 humiles
2788 3105 2842 3152 et
2871 3108 3114 3152 terrenos
3155 3115 3251 3169 per
3294 3099 3717 3158 incarnationem
3743 3118 3899 3160 suam

2312 3185 2560 3242 caelestes
2583 3186 2841 3253 efﬁceret,
2870 3199 3110 3247 venerat.

2385 3279 2454 3332 At
2482 3294 2609 3335 vero
2639 3281 2969 3337 admirandae
3015 3284 3182 3351 ipsius
3203 3300 3264 3340 ac
3297 3286 3492 3343 Deitati
3521 3298 3899 3346 consentaneas

621 3347 721 3408 bus
749 3356 996 3410 omnibus
1026 3357 1080 3410 id
1117 3359 1391 3427 agebatur,
1443 3370 1498 3415 ut
1527 3362 1596 3419 ab
1645 3367 1788 3418 omni
1818 3366 2021 3422 nefario
2060 3369 2208 3425 cultu
2233 3355 2283 3421 Β
2313 3369 2437 3425 vitae
2465 3381 2629 3442 atque
2652 3372 2978 3430 inﬁnitarum
3007 3377 3388 3434 miraculorum
3411 3379 3608 3436 invidia
3631 3392 3684 3438 et
3715 3384 3899 3442 furore

622 3453 677 3494 et
721 3443 922 3514 ﬂagitio
941 3462 1107 3514 genus
1137 3449 1426 3508 humanum
1456 3455 1810 3518 abstraheret.
1840 3471 2000 3530 atque
2030 3464 2082 3517 in
2112 3479 2203 3520 ve-

625 3543 791 3591 terem
822 3546 1018 3594 statum
1047 3554 1347 3598 revocaret.
1378 3546 1559 3601 Nihilo
1599 3552 1772 3604 secius
1812 3559 1988 3606 tamen
2030 3555 2204 3611 adhuc

624 3637 812 3681 natura
843 3639 1024 3684 nostra
1053 3633 1251 3688 erroris
1279 3635 1510 3691 libertati
1540 3641 1837 3707 serviebat,
1869 3659 1930 3697 ac
1961 3660 2057 3714 per
2079 3647 2202 3700 dia-

621 3716 728 3773 boli
762 3722 1098 3789 tyrannidem
1123 3739 1268 3781 mors
1295 3726 1347 3780 in
1380 3729 1624 3784 homines
1648 3747 1869 3803 regnum
1902 3736 2198 3807 obtinebat,

619 3826 915 3884 cautesque
936 3817 1114 3873 divina
1140 3821 1400 3876 sententia
1431 3823 1817 3882 condemnatos
1845 3829 1897 3883 in
1930 3831 2195 3888 infernum

620 3913 696 3959 tra
706 3907 1032 3964 nsmittebat.

690 3997 822 4052 Cum
855 4000 1014 4067 igitur
1038 4003 1092 4062 in
1135 4003 1397 4072 ejusmodi
1430 4006 1788 4066 calamitatem
1817 4027 1880 4068 ac
1927 4015 2197 4071 miseriam

631 4093 1237 4154 venissemus,-minime
1267 4113 1364 4153 nos
1387 4099 1634 4169 despexit
1670 4105 1713 4158 is
1739 4120 1768 4158 a
1796 4122 1900 4175 quo
1927 4106 2091 4162 el‘ﬁcti
2121 4118 2199 4163 at-

620 4196 726 4250 que
774 4182 826 4236 in
878 4194 1056 4239 ortum
1105 4191 1344 4255 protktcti
1388 4190 1688 4259 fueramus;
1739 4211 1912 4267 neque
1943 4214 2196 4256 manuum

616 4286 835 4332 suarum
883 4291 1020 4345 opus
1053 4280 1286 4335 funditus
1321 4286 1494 4352 perire
1541 4289 1687 4342 sivit.
1725 4289 1917 4346 Verum
1970 4293 2197 4362 benigna

617 4363 710 4418 Dei
763 4381 826 4422 ac
877 4367 1050 4426 Patris
1100 4373 1375 4430 voluntate
1426 4380 1728 4447 unigenitus
1761 4383 1947 4446 Filius,
2006 4394 2060 4438 et
2102 4387 2192 4442 Dei

603 4458 872 4525 Verbum.
909 4467 994 4533 qui
1025 4475 1107 4521 est
1145 4466 1198 4521 in
1231 4471 1348 4522 sinu
1394 4471 1600 4537 Patris;
1635 4475 1740 4539 ille,
1785 4477 2018 4546 inquam,
2049 4479 2194 4549 ejus-

614 4550 737 4608 dem
774 4570 892 4613 cum
927 4555 1084 4621 Patre
1126 4575 1188 4614 ac
1233 4561 1433 4630 Spiritu
1488 4578 1675 4619 sancto
1716 4569 2051 4634 substanliu',
2107 4572 2195 4627 ille

611 4659 726 4698 aevo
772 4647 920 4702 eunti
968 4651 1256 4718 antiquior,
1312 4655 1401 4710 ille
1453 4658 1698 4726 principii
1755 4676 1966 4729 expers,
1999 4665 2088 4731 qui
2139 4665 2190 4718 iu

2309 3464 2564 3518 commoli
2621 3465 2928 3521 Iudaeorum
2978 3471 3258 3538 pontiﬁces
3309 3487 3371 3528 ac
3413 3474 3706 3544 principes,
3753 3477 3898 3546 apud

2306 3575 2443 3628 quos
2474 3561 2682 3616 scilicet
2714 3564 3169 3631 commorabatur,
3225 3576 3279 3622 et
3309 3567 3374 3622 ad
3417 3583 3642 3640 quorum
3694 3571 3895 3628 utilita-

2281 3665 2416 3709 ‘tem
2449 3655 2761 3710 admiranda
2807 3657 3114 3726 huiusmodi
3145 3661 3293 3730 signa
3323 3668 3376 3715 et
3432 3661 3670 3734 prodigia
3705 3679 3893 3736 perpe-

2309 3756 2499 3814 trarat,
2517 3749 2896 3805 beneﬁciorum
2916 3753 3158 3807 omnium
3183 3754 3550 3823 immemores,
3571 3773 3692 3812 eum
3713 3772 3889 3817 morte

2307 3841 2620 3907 multarunt,
2654 3859 2758 3898 uno
2784 3845 3030 3900 nimirum
3047 3861 3111 3902 ex
3132 3847 3296 3915 ipsius
3325 3847 3600 3919 discipulis
3623 3851 3689 3906 ad
3712 3855 3884 3928 ipsum

2309 3933 2646 4001 prodendum
2675 3945 2908 4004 arrepto,
2945 3940 3501 4010 comprehensumque
3555 3943 3727 4010 ipsum
3759 3962 3889 4016 gen-

2307 4026 2450 4081 tibus
2475 4026 2815 4094 dediderunt,
2851 4028 3047 4096 ipsum,
3100 4029 3337 4101 inquam,
3397 4035 3484 4103 qui
3510 4023 3889 4096 omniumivita

2307 4131 2446 4186 erat,
2474 4133 2537 4174 ac
2567 4130 2760 4186 Sponte
2781 4121 2897 4178 haec
2927 4125 3268 4191 suscipiebat.
3320 4127 3432 4183 Hac
3458 4129 3602 4184 enim
3633 4129 3700 4185 de
3729 4147 3887 4190 causa

2303 4210 2472 4275 venit,
2505 4221 2562 4266 ut
2591 4223 2767 4267 nostra
2793 4227 2952 4267 causa
2981 4215 3158 4270 omnia
3185 4224 3577 4287 perpeteretur,
3608 4238 3717 4292 quo
3733 4223 3884 4280 vide-

2301 4300 2428 4355 licet
2452 4317 2551 4356 nos
2576 4318 2604 4356 a
2635 4303 2841 4358 vitiasis
2872 4303 3245 4362 alfectionibus
3292 4310 3346 4363 in
3370 4310 3670 4366 libertatem
3716 4315 3884 4368 vindi~

2301 4404 2467 4449 caret.
2495 4397 2624 4450 Cum
2657 4406 2833 4451 autem
2857 4398 3015 4453 mulia
3047 4399 3100 4454 in
3130 4415 3250 4455 eum
3273 4403 3657 4472 suppliciorum
3679 4420 3879 4476 genera

2301 4491 2689 4556 exercuissent,
2746 4506 2866 4545 cum
2917 4493 2982 4546 ad
3028 4503 3325 4548 extremum
3372 4511 3531 4551 cruce
3559 4501 3882 4553 condemna-

2300 4591 2443 4636 runt.
2476 4583 2646 4652 Atque
2669 4584 2847 4636 omnia
2879 4583 2933 4637 in
2963 4586 3161 4651 carnis,
3199 4603 3356 4656 quam
3393 4603 3454 4644 ex
3492 4590 3645 4645 nobis
3676 4607 3882 4646 assmu-

2301 4685 2505 4742 pserat,
2543 4687 2728 4730 natura
2757 4677 2976 4743 pertulit
3006 4694 3018 4729 :
3053 4676 3227 4731 divina
3249 4678 3462 4734 interim
3494 4682 3662 4751 ipsius
3691 4696 3881 4739 natura

610 4733 874 4804 principio
919 4752 1052 4806 erat,
1086 4753 1140 4796 et
1187 4747 1323 4813 apud
1371 4748 1539 4802 Deum
1583 4766 1645 4805 ac
1695 4752 1903 4807 Patrem
1952 4768 2088 4818 erat.
2139 4769 2194 4813 et
2223 4749 2368 4822 Dab
2386 4769 2529 4822 omni
2563 4770 2908 4840 perpessione
2938 4771 3104 4826 libera
3136 4783 3412 4828 manente.
3467 4773 3598 4828 Nam
3630 4790 3754 4831 cum
3784 4777 3880 4831 du-

612 4829 754 4884 Dcus
786 4841 922 4892 erat.
956 4834 1020 4888 ad
1051 4852 1236 4890 servos
1272 4853 1399 4892 suos
1442 4842 1776 4912 indulgenter
1825 4862 1885 4900 se
1914 4849 2189 4915 ιιοηιίιιίι;

606 4931 663 4976 et
690 4924 901 4992 quidem
933 4927 1024 4992 ita,
1056 4938 1113 4981 ut
1142 4929 1256 4984 hanc
1283 4932 1539 4987 demissio
1570 4952 1667 4990 nec
1697 4941 1874 4994 verbis
1903 4942 2187 5010 declarari,

605 5028 704 5068 nec
734 5027 915 5072 mente
943 5021 1326 5088 comprehendi
1354 5025 1539 5092 possit.
1585 5027 1716 5081 Nam
1749 5046 1867 5084 cum
1901 5032 2038 5087 Deus
2072 5049 2188 5100 per-

607 5108 776 5162 fectus
827 5120 993 5178 esset,
1028 5114 1292 5179 perlectus
1345 5117 1504 5172 homo
1551 5136 1614 5175 cx
1658 5122 1859 5191 Spiritu
1907 5138 2090 5178 saneto
2134 5138 2185 5181 et

605 5213 790 5256 sancta
826 5205 980 5258 Maria
1015 5206 1216 5275 virgine
1247 5208 1338 5262 Dei
1388 5210 1646 5278 genitrice
1689 5216 1938 5281 efﬁcitur,
1985 5234 2087 5270 non
2119 5233 2182 5272 ex

600 5291 697 5347 viri
727 5298 932 5351 semine
962 5309 1052 5352 aut
1086 5301 1360 5356 voluntate
1390 5314 1480 5358 aut
1505 5309 1797 5362 concubitu
1820 5310 1997 5376 (Joan.
2036 5312 2095 5379 ι),
2132 5314 2181 5365 in

602 5385 736 5440 labis
756 5390 930 5444 omnis
959 5404 1179 5460 experte
1213 5395 1444 5465 Virginis
1475 5409 1631 5453 utero
1651 5411 1964 5468 conceptus,
1997 5405 2090 5458 sed
2117 5421 2179 5459 ex

598 5476 799 5543 Spiritu
847 5495 1056 5550 Sancto,
1099 5489 1550 5554 quemadmodum
1599 5501 1724 5544 ante
1773 5496 2179 5562 conceptionem

593 5570 1037 5644 arcliangelorum
1071 5593 1206 5632 unus
1249 5583 1445 5636 missus
1473 5593 1574 5649 est,
1618 5587 1704 5654 qui
1738 5601 1928 5641 novam
1961 5589 2100 5643 illam
2125 5601 2180 5647 et

579 5664 960 5737 ,‘admira:.dant
1023 5675 1429 5740 conceptionem
1508 5677 1706 5746 Virgini
1749 5683 2032 5738 tnmtiztrct.
2091 5685 2178 5740 Et.

593 5763 731 5816 enim
764 5763 854 5817 Dei
889 5764 1054 5818 Filius
1070 5781 1136 5817 ex
1161 5766 1358 5834 Spiritu
1389 5782 1573 5824 sancto
1601 5773 1716 5828 sine
1747 5777 1951 5829 semine
1981 5792 2174 5832 conce-

589 5864 711 5922 ptus
759 5866 841 5911 est
868 5874 880 5910 :
906 5868 1295 5926 compactaque
1336 5862 1438 5916 sibi
1469 5864 1522 5918 in
1557 5865 1787 5936 Virginis
1835 5879 1986 5924 utero
2013 5886 2176 5924 carne

585 5960 824 6014 animata
853 5948 1028 6004 anima
1066 5949 1288 6004 rationis
1339 5967 1400 6006 ac
1430 5958 1624 6009 nteutis
1668 5960 1947 6028 participe,
1982 5963 2174 6030 prodiit

2298 4861 2418 4930 plici
2477 4871 2663 4916 natura
2709 4864 2961 4930 praeditus
2993 4874 3155 4934 esset,
3209 4867 3308 4921 hoc
3350 4877 3434 4922 est
3483 4867 3684 4935 divina,
3739 4881 3794 4927 et
3820 4886 3879 4928 ea

2296 4969 2451 5022 quam
2481 4970 2507 5006 a
2544 4955 2698 5009 nobis
2727 4967 3111 5025 assumpserat,
3168 4958 3398 5014 humana
3441 4963 3656 5031 quidem
3691 4973 3876 5019 natura

2295 5062 2550 5116 perpessa
2596 5058 2699 5115 est,
2731 5050 2982 5104 divinitas
3031 5061 3207 5106 autem
3255 5056 3598 5123 perpessione
3627 5056 3878 5112 immunis

2293 5152 2345 5196 et
2370 5143 2682 5196 immortalis
2712 5152 2843 5196 erat.
2907 5143 3061 5197 Cruci
3095 5145 3254 5214 igitur
3282 5146 3335 5200 in
3366 5163 3526 5203 carne
3573 5149 3769 5206 afﬁxus
3799 5163 3875 5208 est

2296 5235 2553 5288 innocens
2583 5235 2838 5290 Dominus
2873 5246 3053 5292 noster
3081 5237 3236 5294 Jesus
3267 5241 3532 5298 Christus.
3590 5243 3872 5299 Peccatum

2292 5327 2435 5378 enim
2470 5343 2572 5380 non
2599 5327 2741 5393 fecit,
2791 5341 2892 5384 nec
2932 5331 3179 5386 inventus
3221 5343 3304 5388 est
3354 5335 3511 5389 dolus
3546 5335 3598 5390 in
3638 5352 3732 5392 ore
3761 5339 3874 5406 ejus

2289 5419 2422 5490 (Isa.
2458 5437 2570 5487 un;
2604 5419 2754 5475 Rom.
2785 5424 2871 5496 v);
2931 5426 3255 5495 proindequc
3289 5430 3445 5482 morti
3472 5429 3740 5485 obnoxius
3771 5446 3868 5486 non

2287 5522 2424 5569 erat.
2448 5515 2908 5588 Quandoquidem,
2939 5530 2987 5574 ut
3009 5521 3118 5591 jam
3148 5523 3275 5589 dixi,
3307 5540 3450 5579 mors
3479 5540 3572 5596 per
3593 5538 3867 5597 peccatum

2288 5613 2339 5661 in
2375 5609 2628 5662 muudmn
2651 5611 2908 5666 introivit.
2938 5613 3134 5668 Verum
3157 5626 3336 5671 nostra
3355 5632 3515 5673 causa
3539 5633 3703 5677 carne
3729 5637 3867 5676 mor-

2286 5711 2389 5755 tctn
2441 5704 2685 5772 oppetiit,
2743 5712 2800 5758 ut
2832 5720 2929 5761 nos
2961 5720 2989 5760 a
3038 5709 3226 5769 mortis
3251 5712 3532 5781 tyrannide
3557 5714 3863 5770 redimeret.

2285 5793 2569 5849 Descendit
2619 5797 2684 5848 ad
2732 5797 2948 5864 inferos,
2995 5799 3166 5870 iisque
3214 5804 3480 5870 contritis,
3533 5818 3626 5858 eas
3654 5822 3777 5877 quae
3805 5805 3868 5860 ab

2283 5887 2413 5940 o;be
2444 5889 2662 5942 cendito
2689 5888 2798 5944 illic
2827 5890 3046 5946 inclusa:
3077 5894 3415 5958 tenebantur,
3442 5898 3868 5954 anitnaslibcra-

2279 5985 2370 6038 vit.
2405 5984 2458 6037 ln
2489 5986 2737 6050 sepulcro
2766 5988 3029 6057 conditus,
3067 5990 3218 6044 tertia
3261 5990 3348 6045 die
3373 5998 3687 6059 resurrexit,
3741 6006 3861 6047 cum
