4158 6354
343 382 453 444 ιιιο

779 379 1405 450 Vl-TA‘SANCTORUM
1443 382 1782 442 BARLAAM
1825 379 1945 436 Elii

2054 379 2153 437 1⁸Ᾰέ
2197 383 2286 438 ΕΤ
2325 385 2672 444 JOSAPHAT
2715 389 2929 449 ιΝῡιιΕ
2970 395 3195 455 HEGIS.

3522 410 3630 467 670

347 505 560 568 scilicet
584 512 820 570 mortem
851 510 1182 571 superasset.
1243 499 1627 568 victoriamque
1657 499 1810 556 nobis
1836 497 1933 552 ad-

2054 508 2169 553 sunt
2199 502 2314 556 sine
2345 503 2449 556 ulla
2475 503 2812 562 dubitatione
2851 512 3034 577 credo,
3071 529 3300 583 euinque
3320 532 3478 587 quem
3518 536 3627 577 an-

346 613 541 663 versus
579 611 697 662 eam
725 596 1000 664 donasset,
1053 603 1212 663 atque
1263 591 1685 650 immortalitatis
1711 589 1934 660 largitor

343 692 807 757 immortalitatem
851 690 1001 748 carni
1051 688 1412 754 conciliasset,
1461 685 1738 754 discipulis
1788 684 1933 741 visus

342 798 456 853 est,
485 785 722 854 ipsisque
752 797 935 852 pacem
963 781 1254 846 impertivit
1284 779 1468 850 (leas.
1501 793 1606 844 xx;
1640 779 1757 834 Act.
1790 779 1934 846 t),ac

341 897 445 952 per
472 892 568 940 eos
598 877 848 942 universo
872 875 1176 932 mortalium
1207 875 1412 942 generi.

425 971 549 1028 Post
581 968 874 1040 quadragin
902 983 930 1020 ιι
969 975 1148 1026 autem
1182 966 1300 1023 dies
1343 967 1394 1020 in
1443 963 1612 1019 caelos
1666 959 1931 1024 ascendit,

343 1072 511 1133 atque
561 1065 616 1119 in
673 1061 850 1122 Patris
887 1062 1074 1118 dextra
1105 1059 1279 1124 sedet,
1306 1072 1630 1127 rursumque
1679 1063 1932 1111 venturus

341 1167 432 1217 est
449 1158 691 1227 judicare
717 1157 865 1214 vives
885 1163 940 1212 et
974 1162 1234 1218 mortuos,
1285 1169 1347 1208 ac
1395 1152 1622 1207 reddere
1645 1149 1932 1235 unicuique

341 1251 496 1323 juxta
523 1265 686 1318 opera
716 1262 812 1305 sua
857 1246 1030 1319 (Prol.
1066 1245 1197 1315 ut).
1257 1245 1387 1300 Post
1431 1243 1720 1312 gloriosam
1751 1251 1928 1295 autem

342 1361 498 1405 suam
530 1347 580 1402 in
611 1344 776 1402 cmlos
804 1342 1192 1402 ascensionem.
1248 1340 1644 1394 sanctissimum
1671 1336 1927 1406 Spiritum

357 1441 425 1496 ad
460 1447 675 1494 sanctos
704 1452 831 1492 suos
862 1434 1151 1502 discipulos
1180 1437 1232 1487 in
1263 1434 1400 1502 ignis
1431 1432 1610 1495 specie
1638 1431 1812 1492 misit;
1841 1445 1938 1484 cu-

345 1532 437 1601 jus
464 1531 716 1586 instinctu
743 1529 1039 1600 peregrinis
1057 1527 1716 1596 linguisloquicmpernnt,
1748 1540 1937 1593 quem-

344 1623 637 1682 admodum
688 1623 802 1690 ipse
849 1621 1010 1678 dabat
1047 1620 1224 1690 eloqui
1281 1620 1410 1672 illis.
1472 1618 1603 1672 Hinc
1647 1619 1802 1688 igitur
1843 1631 1938 1684 per

343 1716 520 1785 ipsius
546 1714 770 1783 gratiam
800 1715 852 1768 in
883 1727 1071 1768 omnes
1103 1722 1288 1783 gentes
1319 1712 1546 1781 dispersi
1586 1722 1730 1775 sunt,
1778 1721 1938 1781 atquo

355 1807 712 1866 orthodoxam
743 1806 901 1862 ﬁdem
955 1806 1412 1874 pmdicaverunt,
1484 1804 1813 1873 baptizantes
1841 1820 1936 1860 eos

2044 595 2260 649 nuntias
2289 596 2455 650 Deum
2483 599 2653 668 gloria
2683 602 2882 657 afﬁcio.
2907 606 3020 660 Hoc
3047 622 3211 662 unum
3241 623 3380 678 peto,
3413 623 3470 668 ut
3498 617 3618 674 sine

2045 687 2154 742 ullo
2187 703 2370 742 errore
2407 701 2598 745 cuncta
2641 695 2770 748 mihi
2815 697 3074 764 declares,
3109 701 3340 769 quidque
3374 705 3500 759 mihi
3545 707 3624 761 fa-

2045 778 2292 840 ciendum
2345 781 2419 836 sit
2461 793 2649 838 exacte
2679 786 2895 842 doceas.
2945 791 3118 857 Atque
3159 796 3320 848 etiam
3370 797 3622 864 quidnam

2045 871 2346 939 baptismus
2365 876 2435 928 sit
2457 891 2614 943 quem
2649 879 2714 929 ab
2744 879 2806 931 iis
2824 881 2911 948 qui
2945 881 3047 936 ﬁde
3073 886 3277 951 praediti
3304 897 3431 941 sunt
3455 891 3625 960 accipi

2043 963 2146 1029 ais,
2187 965 2437 1034 deinceps
2469 967 2550 1021 fac
2581 968 2892 1039 intelligam.

2121 1055 2213 1111 Ille
2240 1069 2416 1112 autem
2447 1060 2514 1113 ad
2543 1076 2662 1115 eum
2696 1064 2970 1132 respondit
2997 1083 3008 1117 :
3044 1067 3253 1123 Sanctae
3290 1069 3448 1139 hujus
3469 1078 3525 1124 et
3545 1071 3629 1127 in-

2044 1152 2420 1204 contaminata:
2454 1152 2878 1208 Christianorum
2923 1157 3041 1210 ﬁdei
3064 1161 3210 1213 velut
3235 1163 3385 1215 radix
3413 1177 3476 1216 ac
3505 1176 3630 1217 cer-

2044 1249 2158 1296 tum
2183 1245 2582 1298 tundarnentum
2607 1247 2768 1300 divini
2809 1249 3055 1317 baptismi
3085 1253 3250 1317 gratia
3279 1262 3379 1317 est,
3420 1263 3480 1308 ut
3508 1269 3628 1322 qum

2047 1336 2229 1389 omnia
2257 1353 2282 1386 a
2331 1337 2608 1391 nativitate
2655 1351 2924 1394 contracta
2977 1356 3192 1410 peccata
3228 1347 3424 1413 expiet,
3471 1355 3632 1415 atque

2043 1441 2111 1480 ea
2145 1427 2536 1496 inquinamenta
2577 1449 2696 1498 qum
2725 1447 2787 1484 ex
2822 1433 2950 1486 vitio
2993 1437 3218 1488 conﬂata
3251 1449 3373 1491 sunt
3403 1452 3620 1506 prorsus

2046 1531 2327 1588 expurget.
2358 1521 2446 1576 Sic
2468 1524 2609 1576 enim
2638 1525 2882 1578 Salvator
2911 1529 3202 1594 mandavit,
3229 1538 3282 1581 ut
3314 1544 3404 1597 per
3433 1545 3623 1598 aquam

2046 1629 2109 1669 ac
2129 1615 2383 1684 Spiritum
2418 1632 2814 1685 regeneremur,
2849 1629 3008 1688 atque
3035 1621 3099 1673 ad
3125 1632 3359 1676 veterem
3391 1623 3625 1690 dignita-

2046 1717 2155 1762 tem
2184 1709 2466 1763 redeamus
2492 1729 2503 1762 :
2534 1725 2626 1777 per
2654 1713 2952 1764 orationum
2976 1714 3224 1766 videlicet
3247 1730 3310 1769 ac
3338 1717 3624 1770 salutarem

2049 1801 2462 1867 invocationem,
2522 1805 2588 1856 ad
2638 1819 2826 1868 aquam
2861 1807 3145 1859 accedente
3183 1807 3384 1873 Spiritu
3414 1817 3622 1860 sancto.

347 1899 408 1957 in
448 1901 661 1956 nomine
692 1899 864 1954 Patris
896 1907 949 1952 et
978 1898 1097 1952 Filii
1151 1907 1204 1954 et
1243 1897 1469 1964 Spiritus
1508 1899 1702 1963 sancti,
1763 1907 1818 1950 et
1843 1897 1940 1950 do—
1967 1882 2019 1954 Β
2048 1894 2382 1963 Daptizamur
2412 1898 2570 1965 igitur
2598 1898 2752 1961 juxta
2800 1899 3089 1950 Salvatoris
3114 1914 3418 1952 sermonem
3444 1902 3496 1952 in
3531 1915 3626 1953 no-

349 2001 538 2047 centes
569 2007 784 2045 servare
839 1991 1016 2044 omnia
1069 1990 1363 2050 Salvatoris
1407 1999 1668 2059 praecepta
1720 1989 1936 2060 (Matth.

349 2082 571 2151 xxvnt).
600 2083 679 2144 Ad
726 2083 866 2144 hunc
896 2083 1051 2151 igitur
1098 2084 1314 2142 modum
1345 2092 1531 2151 gentes
1592 2099 1622 2135 a
1674 2093 1816 2137 recta
1857 2084 1935 2136 via

353 2179 672 2240 aberrantes
702 2178 1053 2240 illustrarunt,
1104 2192 1169 2233 ac
1197 2178 1627 2246 superstitiosum
1675 2178 1936 2233 idolorum

337 2287 591 2328 terrorem
615 2272 682 2326 de
707 2271 883 2326 medio
903 2271 1252 2326 sustulerunt.
1278 2270 1532 2336 Quamvis
1547 2279 1724 2324 autem
1743 2270 1934 2335 hosti<,

350 2363 561 2418 cladem
585 2378 736 2417 suam
765 2362 1141 2431 indignissime
1169 2362 1368 2423 ferens,
1406 2378 1545 2418 nunc
1575 2379 1789 2432 quoque
1823 2366 1934 2418 bel-

354 2457 466 2512 lum
493 2456 748 2511 adversus
778 2455 896 2523 pios
919 2455 1139 2520 excitet,
1172 2455 1350 2510 stultis
1374 2455 1620 2510 videlicet
1642 2472 1705 2511 ac
1728 2459 1940 2512 stolidis

357 2547 689 2618 persuadens
711 2557 767 2602 nt
793 2547 1054 2602 idolorum
1090 2547 1291 2608 cultum
1325 2548 1499 2604 adhuc
1522 2549 1807 2614 retineant,
1842 2551 1941 2604 im-

354 2639 552 2696 becilla
589 2653 760 2694 tamen
819 2639 984 2707 ipsius
1037 2640 1120 2694 vis
1156 2640 1343 2698 euecta
1399 2651 1510 2708 est,
1565 2651 1724 2711 atque
1775 2643 1942 2712 ipsius

353 2731 574 2786 frameae
627 2746 720 2799 per
751 2729 944 2786 Christi
988 2733 1280 2800 potentiam
1315 2733 1365 2786 in
1416 2733 1573 2792 ﬁnem
1601 2733 1938 2793 defecerunt.

355 2820 442 2877 En
478 2822 572 2877 tibi
594 2822 877 2877 Dominum
899 2837 1077 2878 meum
1103 2837 1164 2878 ac
1188 2823 1352 2878 Deum
1380 2833 1434 2879 et
1452 2825 1640 2880 salutis
1670 2837 1940 2883 auctorem

359 2914 544 2986 paucis
570 2912 748 2968 verbis
776 2913 1072 2979 declaravi;
1138 2915 1342 2983 plenius
1377 2927 1552 2972 autem
1585 2933 1707 2973 eum
1739 2934 1940 2988 cogno-

357 3019 480 3062 sces
509 3048 526 3073 ,
587 3007 631 3060 si
679 3006 842 3073 ipsius
895 3007 1120 3076 gratiam
1171 3008 1222 3060 in
1265 3008 1441 3062 anima
1492 3016 1577 3062 tua
1623 3011 1936 3079 acceperis,

359 3097 652 3170 divinaque
699 3099 961 3156 beneﬁcio
1013 3099 1107 3154 tibi
1165 3101 1448 3170 contigerit
1478 3111 1537 3158 ιιι
1563 3103 1728 3173 ipsius
1755 3118 1942 3159 servus

360 3188 480 3244 ﬁas.

435 3280 561 3340 Car.
596 3281 732 3338 VIII.
787 3310 860 3325 -—
907 3281 1030 3337 Haec
1057 3282 1220 3338 verba
1270 3292 1326 3338 ut
1357 3283 1500 3354 regis
1530 3283 1667 3340 ﬁlius
1719 3286 1942 3356 audivit,
1972 3264 2020 3330 ε

357 3376 529 3448 ipsius
561 3379 771 3431 animus
799 3375 1002 3430 lumine
1034 3376 1343 3443 perstrictus
1373 3385 1474 3444 est,
1539 3392 1602 3433 ac
1629 3393 1740 3445 prae
1765 3380 1945 3436 laetitia

363 3484 396 3524 e
444 3467 580 3524 solio
632 3483 730 3522 suo
783 3484 1112 3540 exsurgens,
1170 3469 1527 3539 Barlaamque
1556 3472 1941 3541 complectens,

361 3563 498 3622 dixit
528 3581 542 3617 :
577 3563 856 3632 Fortasse,
890 3564 990 3620 nisi
1013 3578 1105 3627 me
1142 3564 1451 3632 conjectura
1475 3564 1628 3631 fallit,
1689 3565 1770 3620 vir
1797 3581 1942 3633 prro.

362 3657 718 3724 stantissima,
745 3658 830 3715 bic
861 3667 942 3714 est
967 3657 1358 3721 inaestimabilis
1386 3657 1476 3714 ille
1504 3657 1640 3726 lapis
1655 3674 1814 3728 quem
1844 3673 1949 3716 nos

362 3751 460 3816 abs
491 3764 552 3805 re
578 3749 846 3817 occultum
872 3759 1042 3817 tenes,
1065 3765 1167 3805 nec
1187 3749 1410 3808 cuilibet
1436 3751 1737 3819 promiscue
1761 3760 1949 3809 osten-

363 3845 470 3909 dis,
495 3858 680 3906 verum
701 3844 766 3909 iis
789 3842 1006 3900 demum
1035 3841 1126 3912 qui
1151 3843 1300 3906 sanis
1327 3857 1390 3902 ac
1419 3843 1589 3902 ﬁrmis
1615 3843 1778 3900 animi
1825 3859 1949 3901 sen—

367 3937 518 4001 sibus
549 3935 754 4007 praediti
783 3946 929 4000 sunt.
963 3935 1102 3990 Ecce
1129 3936 1272 3994 enim
1304 3945 1362 3988 ut
1397 3935 1514 3992 haec
1541 3936 1703 3992 verba
1735 3937 1952 3998 auribus

364 4029 576 4097 excepi,
604 4028 924 4086 suavissima
964 4027 1053 4082 lux
1078 4035 1262 4097 pectus
1286 4042 1462 4084 meum
1494 4028 1678 4095 subiit,
1715 4037 1767 4083 et
1791 4044 1953 4099 grave

365 4123 500 4178 illud
533 4123 781 4180 maeroris
805 4123 1074 4186 velamen,
1101 4121 1245 4192 quod
1269 4122 1378 4194 jam
1394 4123 1597 4191 pridem
1627 4124 1809 4178 animo
1833 4138 1952 4180 meo

366 4217 603 4287 undique
634 4217 1002 4284 incumbebat,
1052 4217 1230 4280 statim
1255 4217 1524 4271 sublatum
1547 4228 1649 4272 est.
1706 4217 1764 4272 Si
1797 4217 1953 4286 igitur

363 4321 513 4374 recte
542 4311 789 4380 conjicio,
821 4311 926 4380 lac,
947 4325 1153 4380 quasso,
1195 4310 1382 4366 sciam.
1412 4309 1506 4363 Sin
1537 4319 1715 4366 autem
1750 4309 1953 4379 aliquid

370 4404 457 4462 bis
485 4419 603 4474 qua:
625 4404 721 4462 abs
761 4410 812 4458 te
836 4412 1250 4468 commemorata
1279 4413 1401 4458 sunt
1419 4402 1758 4471 praestantius
1787 4402 1949 4468 nosti,

367 4515 437 4556 ne
465 4499 734 4561 cunctaris
763 4496 816 4552 id
844 4496 973 4554 mihi
1003 4511 1189 4552 rursus
1221 4497 1446 4565 aperire.

442 4592 674 4656 Rursum
703 4593 861 4664 igitur
900 4592 1177 4660 reSpondit
1229 4591 1470 4648 Uarlaam
1505 4609 1517 4642 :
1577 4591 1652 4646 lla
1681 4605 1829 4657 sane,
1881 4605 1952 4644 mi

2049 1989 2191 2040 mino
2222 1988 2393 2040 Patris
2423 1998 2476 2042 et
2505 1989 2621 2042 Filii
2650 2002 2700 2042 et.
2725 1989 2954 2057 Spiritus
2986 1992 3149 2044 sancti
3173 1990 3390 2060 (Matth.
3412 1991 3624 2064 xxvm).

2047 2083 2221 2149 Atque
2252 2081 2320 2133 ita
2344 2083 2572 2148 Spiritus
2604 2084 2770 2152 gratia
2807 2085 2857 2136 in
2888 2085 3003 2148 eius
3053 2085 3140 2152 qui
3173 2085 3472 2152 baptizatur
3503 2087 3623 2139 ani-

2046 2188 2132 2226 ma
2167 2174 2501 2238 immoratur,
2531 2191 2649 2227 eam
2679 2175 2970 2238 illustrans,
3008 2191 3068 2229 ac
3097 2176 3335 2229 divinam
3371 2177 3624 2244 reddens,

2049 2275 2212 2331 atque
2256 2267 2534 2334 imaginem
2561 2267 2704 2319 illam
2736 2282 2798 2320 ac
2819 2268 3219 2322 similitudinem
3246 2270 3443 2338 Dei,ad
3467 2285 3627 2339 quam

2049 2358 2260 2410 Condita
2286 2367 2389 2424 est,
2423 2358 2522 2425 ipsi
2555 2359 2881 2412 instaurans.
2935 2362 3008 2412 Ac
3033 2361 3305 2427 deinceps,
3357 2364 3628 2415 veteribus

2049 2449 2297 2503 omnibus
2328 2451 2436 2503 vitii
2467 2453 2720 2518 operibus
2751 2453 2995 2516 abiectis,
3031 2469 3186 2506 nova:
3216 2457 3338 2509 vitae
3372 2471 3492 2510 cum
3522 2459 3632 2511 Deo

2047 2552 2257 2612 pactum
2287 2544 2484 2598 inimus
2535 2545 2722 2616 (Naz.,
2770 2557 2902 2598 orat.
2938 2548 2999 2598 de
3028 2558 3186 2600 sancti
3217 2547 3515 2621 Baptism),
3569 2566 3631 2606 ac

2048 2637 2318 2703 puriorem
2347 2635 2553 2689 vivendi
2583 2639 2850 2692 rationem
2881 2639 3219 2707 auspicantur
3251 2658 3264 2692 :
3321 2657 3426 2709 quo
3474 2643 3630 2696 nimi-

2048 2741 2165 2781 rum
2196 2727 2354 2781 etiam
2406 2728 2716 2782 cohaercdes
2767 2745 2951 2783 eorum
2991 2731 3284 2785 efﬁciamur
3311 2735 3398 2801 qui
3432 2735 3494 2786 ad
3531 2737 3632 2787 itn-

2049 2820 2426 2873 mortalitatem
2487 2820 2785 2887 regenerati
2866 2829 3035 2885 sunt,
3107 2837 3166 2875 ac
3244 2826 3623 2889 set'npiternzint

2050 2917 2278 2970 salutem
2348 2917 2622 2969 consecuti
2699 2926 2843 2969 sunt.
2920 2915 3066 2969 Citra
3130 2916 3454 2985 baptismum
3521 2933 3631 2972 au-

2051 3019 2160 3064 tem
2196 3011 2310 3063 ﬁeri
2343 3025 2446 3063 non
2473 3017 2646 3076 potest
2672 3018 2729 3062 ut
2772 3011 3052 3078 quisquam
3105 3010 3295 3062 bonam
3328 3025 3474 3076 spem
3498 3025 3632 3064 con-

2053 3111 2330 3171 sequatur,
2363 3101 2658 3170 quamlibet
2705 3103 2863 3154 etiam
2895 3102 3010 3169 pios
3041 3116 3230 3155 omnes
3263 3104 3463 3171 pietate
3485 3112 3637 3157 ante-

2053 3196 2318 3251 celluerit.
2367 3196 2454 3247 Sic
2488 3194 2630 3246 enim
2672 3193 2810 3248 Deus
2870 3194 3123 3259 Verbum,
3180 3199 3290 3263 qui,
3345 3203 3402 3248 ut
3450 3197 3638 3264 generi

2054 3297 2238 3340 n05tro
2269 3285 2498 3338 salutem
2525 3284 2757 3346 afferret,
2783 3285 3168 3338 humanitatem
3196 3287 3453 3355 suscepit,
3481 3289 3640 3344 dixit:

2012 3448 2014 3450 τ
2056 3381 2226 3432 Amen
2251 3377 2372 3431 dico
2394 3377 2570 3442 vobis,
2606 3376 2708 3430 nisi
2730 3378 2848 3444 quis
2877 3386 3218 3447 regeneratus
3235 3379 3396 3432 fuerit
3415 3396 3478 3433 ex
3504 3396 3640 3448 aqua

2055 3478 2110 3523 et
2134 3471 2334 3537 Spiritu
2365 3477 2572 3534 sancto,
2602 3484 2706 3522 non
2747 3469 2960 3526 intrabit
3021 3471 3072 3522 in
3106 3485 3324 3538 regnum
3376 3473 3638 3526 caelorum

2055 3563 2238 3634 (Joan.
2270 3564 2372 3633 ιιι).
2405 3563 2768 3623 Quamobrem
2793 3572 2921 3617 ante
2939 3563 3116 3616 omnia
3145 3572 3194 3617 te
3217 3579 3367 3634 rogo,
3393 3567 3641 3620 utanimo

2054 3657 2216 3712 ﬁdem
2247 3659 2498 3725 accipias,
2521 3669 2583 3711 ac
2612 3656 2792 3710 statim
2819 3657 3197 3711 ardentissimo
3225 3658 3454 3726 quodam
3488 3659 3636 3712 desi-

2058 3749 2214 3804 derio
2237 3750 2302 3804 ad
2320 3750 2640 3817 baptismum
2669 3748 2916 3812 accedas,
2946 3763 3046 3802 nec
3076 3749 3236 3803 ullam
3267 3751 3487 3804 omnino
3531 3767 3642 3802 mo-

2058 3857 2170 3896 ram
2200 3842 2478 3897 adhibeas.
2511 3841 2809 3896 Periculosa
2837 3840 3096 3909 siquidem
3125 3851 3208 3894 est
3259 3841 3466 3905 dilatio,
3519 3857 3642 3908 pro-

2060 3946 2240 4002 pterea
2275 3934 2413 4004 quod
2442 3934 2767 4002 praestitutus
2792 3932 2950 3985 morti
2975 3931 3088 3985 dies
3107 3931 3339 3986 incertus
3365 3941 3467 3985 est.
3489 3930 3642 3985 Josa-

2058 4027 2187 4096 phat
2221 4036 2396 4082 autem
2431 4025 2497 4084 ad
2530 4026 2702 4095 ipsum
2743 4023 2878 4080 dixit
2912 4041 2921 4076 :
2978 4024 3043 4078 Et
3081 4039 3328 4091 quanam
3371 4025 3506 4077 bona
3557 4024 3643 4088 illa

2056 4136 2182 4188 spes
2211 4129 2315 4185 est,
2348 4121 2500 4189 cujus
2541 4121 2654 4176 ﬁeri
2688 4132 2845 4188 posse
2876 4120 3081 4188 negasti
3112 4125 3169 4172 ut
3199 4119 3482 4188 quisquam
3511 4120 3644 4178 citra

2060 4217 2384 4283 baptismum
2412 4228 2632 4284 compos
2682 4213 2810 4266 ﬁat?
2860 4213 3124 4279 Quidnam
3174 4215 3334 4267 etiam
3363 4211 3496 4267 illud
3541 4223 3642 4278 est,

2059 4306 2202 4374 quod
2225 4307 2482 4361 caelorum
2519 4322 2738 4376 regnum
2763 4306 3037 4374 appellas?
3091 4304 3366 4359 Undenatn
3394 4304 3520 4360 item
3557 4305 3645 4360 Dei

2062 4401 2394 4454 humanitate
2427 4401 2591 4454 induti
2645 4401 2802 4453 verba
2852 4399 3137 4453 audivisti?
3188 4399 3414 4465 Quinam
3461 4413 3646 4452 rursus

2062 4505 2142 4547 est
2167 4494 2404 4546 incertus
2437 4493 2597 4545 morti
2640 4491 2974 4559 praestitutus
3023 4489 3170 4554 dies,
3227 4491 3293 4542 de
3324 4503 3428 4557 quo
3458 4491 3644 4556 ingens

2062 4586 2368 4640 sollicitudo
2400 4593 2583 4651 pectus
2619 4599 2796 4638 meum
2829 4585 3066 4645 subiens,
3101 4585 3420 4637 maeroribus
3446 4598 3509 4636 ac
3552 4583 3648 4637 do-

367 4687 584 4740 domine
613 4700 675 4740 ac
705 4701 820 4752 rex,
855 4683 958 4738 hoc
990 4692 1070 4738 est
1118 4683 1248 4736 illud
1306 4697 1551 4750 magnum
1609 4682 1947 4752 mysterium,
1983 4655 2037 4726 D
2066 4679 2266 4734 loribus
2290 4691 2480 4730 carnes
2530 4691 2677 4730 meas
2706 4675 2940 4738 conﬁcit,
2977 4686 3135 4744 atque
3165 4676 3300 4730 adeo
3350 4677 3522 4744 ipsum
3554 4693 3642 4731 os-

366 4787 509 4858 quod
539 4787 908 4846 absconditum
941 4787 1109 4858 258
1157 4796 1238 4842 est
1265 4801 1294 4840 a
1323 4788 1532 4842 sacculis
1562 4800 1617 4844 et
1648 4792 1952 4861 generatio-

367 4881 546 4947 nibus,
568 4880 620 4936 in
635 4881 890 4934 extremis
917 4892 1094 4935 autem
1125 4879 1454 4947 temporibus
1469 4881 1746 4936 hominum
1772 4884 1954 4950 generi

369 4970 694 5044 patefactum
726 4970 948 5040 (Coloss.
984 4972 1043 5039 ι).
1073 4971 1235 5040 Cujus
1260 4971 1677 5030 declarationem
1703 4974 1831 5029 olim
1863 4991 1956 5043 per

367 5063 605 5133 Spiritus
628 5063 792 5120 divini
824 5062 1048 5132 gratiam
1083 5062 1234 5118 multi
1287 5063 1561 5132 propheta:
1605 5066 1822 5132 acjusti
1858 5068 1954 5121 viri

366 5156 760 5225 praedixerunt,
811 5156 1156 5212 multifariam
1210 5157 1500 5227 multisque
1556 5159 1729 5218 modis
1778 5160 1955 5215 edocti

369 5248 560 5321 (Hebr.
589 5248 694 5318 xi),
749 5258 908 5317 atque
932 5249 1040 5302 alta
1089 5264 1219 5304 voce
1259 5251 1663 5306 annnntiantes.
1715 5252 1958 5322 Cumque

367 5342 596 5398 salutem
620 5341 841 5398 omnino
868 5341 1097 5396 futuram
1129 5344 1518 5412 prospicerent,
1577 5345 1802 5413 ejusque
1836 5359 1957 5400 cer-

369 5434 564 5490 nenda:
595 5432 887 5504 cupiditate
917 5442 1243 5495 tenerentur.
1305 5450 1410 5488 non
1456 5445 1630 5489 tamen
1671 5449 1787 5488 eam
1841 5451 1958 5503 per-

369 5536 700 5596 spexerant;
769 5541 954 5582 verum
1012 5527 1194 5582 ultima
1252 5527 1367 5582 haec
1442 5526 1718 5596 generatio
1769 5526 1957 5581 divino

371 5620 636 5676 beneﬁcio
692 5620 881 5676 salutis
940 5629 1212 5675 auctorem
1260 5623 1516 5688 suscepit.
1599 5622 1958 5688 Quamobrem

372 5715 462 5784 qui
519 5712 852 5780 crediderit,
923 5724 976 5769 et
1024 5713 1320 5781 baptizatus
1369 5714 1569 5781 tuerit,
1629 5717 1808 5772 salvus
1860 5716 1964 5771 erit

373 5807 571 5878 (Marc.
601 5808 732 5876 xvt).

454 5901 594 5964 llixit
624 5909 800 5962 autem
832 5900 1128 5971 Josapbat:
1157 5902 1350 5958 Omnia
1381 5917 1444 5957 ea
1469 5917 1588 5972 quae
1618 5903 1716 5958 abs
1744 5910 1795 5958 te
1822 5903 1963 5958 dicta

2065 4772 2204 4826 sium
2231 4772 2391 4824 robur
2416 4770 2599 4823 exest?
2628 4769 2866 4838 Denique
2892 4785 3067 4822 utrum
3098 4771 3388 4830 morientes
3431 4772 3481 4822 in
3506 4771 3646 4824 nihi-

2066 4866 2173 4920 lum
2206 4864 2492 4918 dilabimur
2517 4903 2532 4928 ,
2581 4879 2646 4917 an
2678 4871 2864 4917 contra
2917 4873 3035 4933 post
3065 4873 3386 4932 praesentem
3419 4863 3648 4930 ρει-τικιί-

2067 4958 2335 5010 nationem
2363 4956 2464 5008 alia
2494 4955 2598 5009 vita
2624 4965 2870 5024 superest
2904 4974 2916 5008 :
2969 4955 3082 5010 haec
3101 4966 3157 5010 et
3188 4956 3268 5009 bis
3291 4962 3648 5007 consentanea

2063 5064 2129 5102 ex
2164 5059 2215 5104 te
2246 5049 2383 5102 scire
2410 5048 2651 5102 aveham.

2144 5160 2383 5214 Barlaam
2416 5158 2719 5227 hujusmodi
2778 5172 3093 5227 reSponsum
3127 5157 3208 5210 his
3248 5156 3430 5209 verbis
3458 5157 3648 5211 dedit:

2071 5256 2212 5308 bona
2246 5270 2305 5307 ea
2339 5268 2484 5321 spes,
2544 5253 2609 5306 de
2641 5266 2742 5322 qua
2792 5254 2997 5305 locutus
3029 5265 3168 5312 sum,
3223 5249 3370 5318 regni
3416 5251 3650 5305 caelestis

2068 5358 2166 5403 est.
2196 5350 2264 5401 Ea
2291 5361 2467 5401 autem
2494 5356 2576 5400 est
2605 5347 2891 5415 ejusmodi,
2919 5354 2974 5398 ut
3005 5345 3143 5396 nulla
3171 5345 3389 5395 omnino
3419 5345 3650 5399 humana

2072 5441 2242 5510 lingua
2274 5441 2527 5507 explicari
2579 5441 2765 5506 possit.
2825 5438 2913 5489 Ait
2961 5436 3102 5487 enim
3137 5435 3461 5504 Scriptura:
3518 5438 3651 5503 Quae

2070 5537 2256 5588 oculus
2282 5551 2384 5588 non
2421 5534 2570 5596 vidit,
2597 5545 2651 5587 et
2684 5533 2829 5584 auris
2851 5546 2957 5582 non
2989 5531 3210 5594 audivit,
3263 5539 3316 5584 et
3347 5531 3398 5584 in
3421 5547 3514 5586 cor
3559 5534 3672 5608 ιιι)-Ι

2071 5627 2229 5681 minis
2259 5643 2364 5679 non
2396 5625 2772 5687 ascenderunt,
2800 5633 3116 5691 praeparant
3139 5624 3279 5677 Deus
3307 5622 3672 5693 diligentibus

2071 5737 2128 5773 se
2188 5720 2320 5788 (Ira.
2364 5735 2511 5780 thv;
2564 5716 2590 5768 1
2620 5716 2739 5769 Cor.
2769 5723 2845 5782 tt).
2892 5715 3020 5770 Cum
3070 5727 3246 5771 autem
3297 5717 3501 5787 abjecta
3560 5720 3656 5770 bac

2071 5826 2248 5865 crassa
2279 5825 2438 5865 carne
2469 5849 2482 5872 ,
2538 5807 2926 5864 beatitudinem
2972 5810 3115 5864 illam
3167 5811 3347 5863 divino
3391 5811 3658 5864 beneﬁcio

2075 5904 2349 5960 consecuti
2383 5904 2660 5970 fuerimus,
2719 5913 2829 5958 tum
2871 5905 2979 5968 ille,
3040 5903 3194 5974 cujus
3223 5903 3486 5958 beneﬁcio
3524 5916 3652 5972 spes
