4158 6354
494 378 590 431 ιτς

1544 364 1634 420 DE
1666 360 1844 419 Vl'l'lS
1880 356 2170 418 PATRUM
2208 358 2411 416 LIBER
2448 360 2729 419 PRIMUS.

3675 364 3781 419 4'72

494 501 680 548 nostra
708 503 808 546 nos
842 488 1064 544 minime
1092 483 1370 549 fefellerit,
1393 495 1490 536 nos
1511 479 1753 542 docebit,
1783 475 2088 543 efficietque
2116 472 2169 532 Δ
2196 472 2216 544 (
2241 475 2396 530 Lucae
2434 492 2533 531 xxi
2554 478 2596 547 ).
2635 475 2847 533 Etenim
2875 491 2996 533 cum
3028 478 3170 535 Deus
3211 478 3482 537 hominem
3520 478 3590 535 ab
3630 476 3780 535 initio

495 589 557 638 ut
584 582 845 636 bonorum
870 580 1081 633 illorum
1110 576 1359 645 gloriam,
1390 584 1603 627 omnem
1636 568 1833 624 mentis
1861 574 2077 634 captum

503 682 876 743 superantem,
911 672 1083 726 lucem
1118 670 1262 723 illam
1295 684 1413 737 quae
1443 665 1585 719 nulla
1612 662 1856 717 oratione
1900 660 2079 731 expri-

496 767 569 820 mi
603 772 799 835 potest,
830 764 993 818 vitam
1020 762 1163 815 illam
1187 774 1307 831 quae
1326 768 1499 814 morte
1520 771 1625 812 non
1649 755 2080 824 interrumpitur,

497 870 561 909 ac
597 854 830 923 denique
857 852 1003 907 illam
1035 866 1157 905 cum
1208 849 1412 920 angelis
1464 850 1586 903 vitae
1635 846 2080 903 consuetudinem

497 960 905 1017 cognoscamus.
942 944 1074 999 Nam
1095 944 1142 998 si
1166 943 1266 998 hoc
1296 940 1549 996 divinitus
1575 953 1995 1009 consequamur,
2026 944 2083 991 ut

498 1058 620 1098 cum
649 1042 781 1107 Deo,
812 1048 1068 1110 quantum
1094 1038 1342 1093 humana:
1368 1042 1571 1091 natura:
1600 1035 1680 1088 fas
1710 1042 1814 1098 est,
1857 1046 2083 1087 consue-

498 1135 735 1189 tudinem
761 1134 1076 1198 habeamus,
1100 1130 1280 1185 omnia
1304 1144 1365 1184 ea
1394 1134 1516 1199 quae
1543 1142 1686 1181 nunc
1718 1125 1877 1180 nobis
1902 1125 2083 1193 ignota

498 1236 625 1282 sunt
648 1226 713 1281 ab
744 1240 809 1281 eo
840 1226 1092 1280 sciemus.
1141 1223 1254 1279 Hoc
1300 1222 1466 1287 enim,
1502 1219 1795 1290 Scripturis
1828 1217 2082 1272 divinitus

494 1316 770 1387 inspiratis
818 1316 1061 1383 edoctus,
1110 1314 1347 1370 omnium
1398 1312 1631 1368 maxime
1670 1310 1939 1367 cmlorum
1989 1324 2081 1364 re-

494 1426 657 1482 gnum
708 1423 829 1465 esse
884 1410 1041 1475 duco,
1083 1422 1275 1477 nempe
1317 1406 1384 1461 ad
1441 1414 1663 1469 sanctae,
1719 1412 1921 1473 etquae
1958 1403 2086 1459 vita:

497 1503 708 1559 initiutn
742 1501 912 1571 dedit,
951 1500 1235 1556 Trinitatis
1266 1500 1773 1566 contemplationem
1800 1495 2081 1562 accedere,

500 1606 662 1666 atque
692 1593 1098 1663 incomparabili
1126 1593 1291 1662 ipsius
1320 1591 1522 1646 lumine
1566 1590 1752 1660 purius
1800 1588 2084 1657 illustrari,

495 1704 561 1746 ac
581 1690 820 1745 revelata
847 1686 985 1741 facie
1008 1683 1096 1756 (11
1131 1684 1250 1739 Cor.
1281 1684 1363 1753 tu)
1411 1681 1577 1752 ipsius
1618 1682 1845 1751 gloriam
1868 1692 2084 1735 omnem

495 1783 781 1837 verborum
806 1781 1118 1837 facultatem
1142 1786 1485 1847 superantem
1511 1775 1778 1831 contueri.
1812 1774 1922 1830 Nec
1954 1788 2083 1829 vero

2189 568 2486 624 efﬂuxisset
2516 570 2997 641 (quemadmodum
3029 573 3190 627 etiam
3228 572 3338 643 jam
3380 572 3476 629 tibi
3514 571 3778 645 exposui)

2187 660 2488 716 insufllavit
2527 664 2580 715 in
2622 677 2743 717 eum
2789 662 3121 733 spiraculum
3161 666 3283 720 vitae
3314 663 3487 737 (Gen.
3515 663 3633 735 ιι).
3665 681 3781 736 qua

2192 752 2407 822 quidem
2435 753 2613 808 anima
2646 754 2869 809 rationis
2908 764 3068 825 atque
3106 756 3473 827 intelligentiae
3515 759 3782 829 particeps

2194 846 2514 915 appellatur.
2560 844 2824 912 Quoniam
2856 857 3036 904 autem
3068 858 3245 905 morte
3271 850 3513 906 damnati
3554 865 3740 908 sumus
3762 892 3779 919 ,

2196 936 2446 992 omnibus
2476 937 2632 993 nobis
2671 938 2807 993 mori
2837 953 3062 996 necesse
3090 948 3177 996 est
3202 958 3217 1007 ;
3246 956 3346 997 nec
3375 940 3493 997 fieri
3521 949 3701 1011 potest
3728 953 3786 998 ut

2191 1027 2281 1083 hic
2312 1030 2452 1085 calix
2483 1028 2755 1084 hominem
2788 1030 2960 1086 ullum
2988 1040 3294 1102 praetereat.
3322 1032 3467 1088 Nihil
3496 1045 3674 1090 autem
3704 1045 3789 1091 est

2193 1121 2337 1176 aliud
2392 1135 2539 1201 mors
2583 1137 2744 1193 quam
2790 1123 2955 1179 animi
3006 1141 3036 1179 a
3084 1139 3313 1196 corpore
3357 1125 3663 1195 disjunctio.
3710 1126 3789 1183 Ac

2196 1213 2412 1284 quidem
2465 1214 2595 1271 illud
2643 1230 2876 1285 corpus,
2931 1217 3073 1286 quod
3120 1233 3153 1273 e
3198 1228 3336 1274 terra
3383 1218 3618 1274 efﬁctum
3668 1229 3785 1287 est,
3852 1270 3855 1273 ,

2193 1314 2543 1377 posteaquam
2572 1309 2641 1362 ab
2670 1309 2851 1364 animo
2880 1310 3181 1380 sejunctum
3208 1321 3324 1376 est,
3357 1310 3414 1367 in
3456 1320 3656 1368 terram
3675 1358 3691 1383 ,
3721 1329 3788 1369 ex
3844 1304 3865 1349 ἓ

2195 1412 2298 1468 qua
2333 1407 2607 1469 sumptum
2637 1400 2845 1470 fuerat,
2882 1404 3193 1472 revertitur,
3225 1420 3289 1460 ac
3330 1416 3639 1477 corruptum
3682 1407 3791 1464 dis-
3851 1400 3867 1427 ’

2189 1489 2415 1546 solvitur
2448 1491 2620 1562 (Gen.
2651 1508 2741 1559 lll;
2774 1492 2943 1549 Eccli.
2977 1511 3035 1552 ut
3058 1496 3099 1566 ).
3132 1498 3324 1553 Anima
3352 1507 3531 1555 autem
3561 1500 3789 1555 humor-

2190 1585 2312 1641 talis
2342 1601 2466 1643 cum
2495 1588 2565 1643 sit
2589 1630 2605 1657 ,
2639 1605 2707 1645 eo
2733 1588 3096 1659 proficiscitur
3124 1609 3229 1663 quo
3256 1606 3501 1651 summus
3531 1595 3623 1649 ille
3649 1594 3785 1651 effe-

2189 1690 2308 1735 ctor
2336 1680 2599 1751 imperat,
2630 1684 2749 1748 vel,
2780 1692 2838 1739 ut
2864 1687 3063 1741 rectius
3092 1682 3304 1757 loquar,
3333 1689 3788 1758 quemadmodum

2190 1772 2309 1843 ipsa
2342 1774 2442 1828 sibi
2467 1816 2483 1840 ,
2512 1791 2633 1831 cum
2664 1776 2838 1833 adhuc
2870 1778 2924 1832 in
2955 1793 3115 1833 carne
3135 1790 3460 1848 versaretur,
3494 1781 3791 1850 hospitium

495 1875 801 1929 mirandum
825 1883 931 1939 est,
987 1870 1215 1941 gloriam
1261 1868 1407 1923 illam
1461 1882 1525 1922 ac
1578 1867 1753 1922 lucem
1783 1875 1838 1921 et
1888 1879 2085 1920 arcana
2115 1865 2167 1928 Β
2192 1868 2537 1936 praeparavit.
2575 1867 2644 1924 Ut
2669 1870 2813 1924 enim
2852 1870 3080 1941 quisque
3110 1871 3233 1927 vita:
3273 1887 3495 1929 munere
3536 1872 3624 1927 hic
3662 1872 3788 1929 fun-

496 1970 637 2025 hona
670 1967 833 2022 nullis
862 1964 1045 2020 verbis
1074 1961 1337 2019 declarari
1371 1974 1557 2029 posse;
1595 1972 1769 2027 neque
1791 1957 1936 2012 enim
1969 1972 2085 2011 am-

496 2061 584 2132 pla
609 2069 663 2115 et
691 2059 887 2114 eximia
918 2064 1120 2123 essent,
1166 2055 1212 2109 si
1243 2067 1340 2107 nos
1372 2050 1573 2107 terreni
1606 2058 1660 2104 et
1687 2047 1965 2113 mortales,
2025 2060 2088 2103 ac

499 2166 719 2223 gravem
746 2152 885 2204 hanc
930 2157 985 2203 et
1008 2144 1381 2201 affectionibus
1410 2142 1699 2199 obnoxiam
1748 2154 1967 2196 carnem
1998 2154 2089 2209 ge-

496 2255 723 2310 stantes,
778 2258 840 2297 ea
874 2251 985 2296 tum
1029 2238 1338 2309 cognitione
1385 2236 1690 2307 percipere,
1745 2244 1851 2288 tum
1905 2230 2088 2287 verbis

498 2340 800 2411 exprimere
849 2350 1151 2407 possemus.
1207 2333 1340 2401 Quae
1368 2345 1489 2387 cum
1522 2328 1797 2398 explorata
1831 2326 1926 2382 tibi
1955 2326 2085 2391 sint,

497 2448 562 2490 ea
588 2432 694 2488 fide
723 2432 836 2487 sola
885 2431 1019 2485 citra
1052 2428 1215 2484 ullam
1245 2425 1636 2482 dubitationem
1663 2422 1873 2491 accipe,
1926 2429 2089 2489 atque

502 2526 571 2582 ab
620 2525 768 2579 omni
800 2524 1013 2579 fictione
1040 2520 1306 2585 abhorre;
1367 2518 1604 2587 illudque
1657 2514 1840 2580 stude,
1889 2520 1948 2568 ut
1992 2526 2090 2582 per

496 2619 637 2674 bona
693 2632 859 2686 opera
910 2612 1272 2670 immortalem
1323 2610 1469 2664 illam
1542 2608 1769 2679 gloriam
1837 2604 2086 2674 arripias.

501 2712 620 2778 Qua
668 2725 791 2766 cum
842 2708 937 2764 tibi
989 2705 1147 2777 potiri
1204 2702 1490 2760 continerit
1616 2698 1905 2770 perfectius
1972 2697 2089 2751 haec

494 2821 805 2878 cognosces.
1224 2802 1231 2809 ’

569 2898 731 2971 259
768 2896 923 2965 Quod
979 2903 1160 2950 autem
1214 2908 1280 2949 ex
1333 2906 1421 2947 me
1471 2889 1798 2961 Quaesivisti,
1856 2902 2089 2958 quonam

495 2992 659 3049 modo
715 3003 813 3045 nos
871 2987 1133 3043 incarnati
1189 2985 1284 3040 Dei
1342 2983 1505 3039 verba
1560 2981 1927 3045 audierimus,
1987 2978 2091 3034 hoc

495 3084 728 3149 habeto,
759 3096 857 3138 nos
888 3095 985 3151 per
1027 3086 1374 3134 sacrosancta
1414 3075 1703 3146 Evangelia
1751 3088 1812 3129 ea
1855 3088 1974 3143 quae
2023 3072 2089 3127 ad

497 3174 896 3240 theandricam,
943 3173 1045 3228 hoc
1082 3183 1164 3227 est
1206 3171 1301 3227 Dei
1343 3185 1465 3226 cum
1511 3168 1731 3223 homine
1769 3166 2087 3236 conjuncti,

2191 1967 2309 2014 ctus
2337 1960 2528 2027 fuerit,
2560 1960 2669 2016 illic
2698 1972 3017 2032 recepturus
3042 1971 3143 2019 est.

2270 2052 2512 2123 Denique
2566 2054 2828 2111 confectis
2879 2056 3055 2127 longis
3103 2065 3406 2127 temporum
3459 2061 3743 2117 curriculis
3773 2105 3790 2132 ,

2205 2145 2350 2200 Deus
2379 2156 2563 2203 noster
2587 2162 2710 2204 cum
2754 2150 3042 2204 metuenda
3081 2159 3137 2206 et
3174 2151 3439 2206 sermonis
3482 2151 3793 2211 facultatem

2196 2252 2486 2308 superante
2537 2239 2706 2311 gloria
2754 2240 2820 2296 ad
2847 2241 3105 2312 judicium
3137 2243 3204 2298 de
3230 2244 3362 2300 orbe
3390 2244 3666 2300 ferendum
3699 2262 3794 2302 ve-

2194 2335 2325 2390 niet.
2374 2334 2539 2406 Cujus
2591 2346 2738 2392 metu
2790 2339 3050 2393 calorum
3106 2338 3333 2395 virtutes
3372 2343 3794 2398 commovebun-

2197 2436 2306 2493 tur,
2338 2438 2497 2498 atque
2527 2430 2703 2485 omnis
2729 2431 3040 2502 angelorum
3082 2432 3352 2487 exercitus
3395 2442 3628 2490 tremore
3668 2449 3793 2491 cor-

2196 2534 2384 2594 reptus
2415 2540 2599 2580 coram
2627 2526 2747 2596 ipso
2774 2527 2973 2583 astabit
2998 2523 3154 2598 (Luc.
3179 2532 3303 2600 xxi)
3334 2546 3349 2584 :
3382 2540 3491 2585 tum
3519 2530 3790 2596 videlicet,

2194 2632 2318 2675 cum
2360 2618 2413 2672 in
2452 2619 2763 2689 archangeli
2812 2635 2947 2676 voce
2991 2635 3056 2676 ac
3095 2622 3274 2677 divina
3319 2623 3440 2677 tuba
3483 2623 3679 2678 mortui
3724 2623 3790 2677 ad

2193 2712 2357 2766 vitam
2387 2710 2672 2779 redibunt,
2705 2726 2768 2766 ac
2797 2712 3079 2769 tremendo
3119 2713 3286 2784 ipsius
3310 2714 3503 2769 throno
3534 2716 3791 2769 sistentur

2202 2801 2256 2874 (Ι
2292 2802 2473 2857 Thess.
2506 2805 2609 2873 ιν).
2645 2803 2739 2858 Est
2763 2814 2939 2859 autem
2980 2806 3334 2873 resurrectio,
3374 2806 3567 2859 anima:
3604 2818 3792 2860 rursus

2195 2911 2316 2951 cum
2342 2910 2570 2966 corpore
2594 2896 2920 2966 conjunctio.
2962 2898 3225 2971 Quocirca
3248 2898 3351 2953 hoc
3376 2898 3548 2966 ipsum
3572 2912 3791 2968 corpus,

2195 2986 2336 3057 quod
2366 2987 2548 3043 interit
2575 3003 2637 3042 ac
2664 2988 2993 3053 dissolvitur,
3022 2990 3090 3043 ita
3122 2998 3400 3061 resurget,
3430 2998 3487 3044 ut
3534 2988 3791 3058 deinceps

2196 3078 2423 3134 interire
2452 3091 2681 3149 nequeat
2710 3077 2765 3150 (Ι
2791 3079 2909 3135 Cor.
2940 3079 3056 3151 xv).
3087 3079 3195 3136 Nec
3221 3096 3351 3137 vero
3377 3080 3501 3137 huic
3524 3082 3603 3137 rei
3630 3082 3792 3138 fidem

2204 3171 2317 3225 ullo
2358 3172 2517 3226 modo
2563 3174 2823 3242 abrogare
2864 3174 2915 3226 in
2959 3182 3193 3229 mentem
3237 3174 3329 3229 tibi
3368 3175 3566 3229 veniat.
3609 3174 3794 3245 Neque

496 3270 951 3341 dispensationem
987 3266 1292 3337 pertinent,
1313 3262 1588 3319 didicisse.
1618 3260 1750 3316 Nam
1781 3261 1852 3314 ita
1879 3269 2096 3314 sanctus
2124 3251 2171 3317 C
2203 3263 2347 3318 enim
2376 3263 2427 3318 ei
2454 3264 2541 3332 qui
2575 3264 2746 3333 ipsum
2778 3264 3007 3335 primum
3046 3280 3078 3320 e
3119 3274 3257 3321 terra
3288 3264 3536 3333 effluxit,
3581 3276 3793 3337 postea-

495 3365 587 3420 llle
627 3364 761 3419 liber
801 3361 1118 3431 appellatur,
1163 3365 1221 3413 ut
1261 3356 1352 3427 qui
1398 3354 1853 3411 immortalitatem
1889 3361 1945 3407 et
1980 3360 2091 3406 sta-

499 3466 612 3512 tum
657 3472 687 3509 a
729 3454 1075 3523 corruptione
1104 3450 1333 3507 alienum
1358 3493 1372 3517 ,
1404 3458 1459 3504 et
1484 3447 1867 3518 sempiternam
1894 3446 2090 3511 vitam,

500 3558 555 3605 et
596 3558 934 3619 peccatorum
979 3546 1384 3611 remissionem,
1433 3550 1489 3597 et
1530 3541 1786 3598 caelorum
1827 3555 2091 3612 regnum,

499 3640 659 3699 nobis
700 3640 789 3711 qui
835 3638 1094 3695 mortales
1134 3634 1485 3705 interituique
1524 3634 1741 3690 obnoxii
1784 3648 1847 3688 ac
1896 3631 2093 3687 terreni

500 3751 686 3793 sumus
707 3775 723 3799 ,
758 3733 930 3789 fauste
958 3730 1260 3786 annuntiet.
1304 3728 1475 3795 Quem
1514 3726 1730 3798 quidem
1758 3726 2095 3794 scripserunt

500 3831 592 3903 qui
618 3838 950 3899 spectatores
978 3842 1042 3881 ac
1069 3824 1302 3882 ministri
1336 3822 1498 3879 Verbi
1526 3822 1756 3877 fuerunt.
1802 3821 1876 3877 De
1902 3821 2095 3891 quibus

500 3922 747 3993 superius
776 3920 922 3985 dixi,
954 3919 1098 3990 quod
1138 3918 1385 3974 Salvator
1426 3926 1610 3971 noster
1649 3915 1895 3973 Christus
1933 3913 2097 3967 disci-

501 4016 659 4086 pulos
686 4022 743 4069 et
769 4013 1044 4082 apostolos
1084 4010 1327 4080 elegerit.
1373 4009 1473 4076 Qui
1519 4008 1735 4078 quidem
1781 4007 1937 4063 nobis
1976 4015 2098 4077 post

504 4108 791 4179 gloriosam
826 4105 922 4159 Dei
950 4104 1003 4159 io
1034 4103 1201 4158 caelos
1231 4103 1605 4157 ascensionem
1629 4143 1643 4168 ,
1678 4100 1843 4169 ipsius
1870 4099 1922 4154 in
1955 4108 2095 4153 terra

506 4200 632 4254 vitae
662 4198 926 4253 rationem
948 4236 963 4262 ,
994 4204 1049 4250 et
1079 4194 1374 4250 doctrinam
1416 4208 1479 4248 ac
1507 4192 1795 4260 miracula,
1842 4202 2097 4263 quantum

507 4290 579 4345 ab
627 4288 932 4345 hominibus
979 4285 1224 4356 praestari
1270 4292 1511 4354 poterat,
1563 4283 1860 4337 litterarum
1911 4298 2100 4337 monu-

507 4383 707 4440 mentis
736 4380 1074 4437 mandarunt.
1111 4377 1202 4434 Sic
1229 4375 1429 4432 etenim
1469 4376 1521 4430 in
1566 4383 1806 4429 extrema
1852 4373 1976 4428 libri
2017 4370 2101 4428 sui

508 4485 667 4548 parte
722 4472 952 4531 eximius
992 4472 1083 4527 ille
1120 4471 1258 4526 inter
1294 4469 1506 4525 divinos
1544 4468 1899 4539 evangelistas
1925 4467 2097 4523 dixit:

508 4574 647 4628 Sunt
670 4579 725 4625 et
749 4569 849 4624 alia
879 4568 1073 4635 multa,
1104 4580 1223 4636 quae
1249 4566 1374 4621 fecit
1397 4565 1586 4631 Jesus,
1614 4580 1733 4634 qua:
1773 4564 1820 4620 si
1856 4564 2100 4619 scriban-

2206 3370 2369 3425 quam
2403 3356 2454 3410 in
2484 3365 2681 3411 terram
2727 3371 2794 3411 ex
2839 3371 2942 3426 qua
2982 3368 3254 3427 sumptum
3297 3368 3378 3414 est
3417 3359 3608 3427 rediit,
3641 3360 3793 3429 juxta

2198 3444 2467 3503 CreatOris
2488 3450 2807 3503 sententiam
2834 3464 3019 3503 rursus
3042 3450 3107 3503 ad
3137 3451 3299 3505 vitam
3324 3451 3563 3508 excitare
3591 3451 3795 3523 impos-

2198 3540 2355 3597 sibile
2383 3551 2485 3597 est.
2514 3541 2647 3596 Nam
2677 3542 2724 3596 si
2755 3543 2897 3612 quod
2929 3541 3044 3598 Rex
3069 3543 3210 3599 Deus
3242 3558 3308 3599 ex
3340 3544 3508 3599 nihilo
3536 3546 3588 3599 in
3616 3554 3792 3600 ortum

2200 3633 2548 3705 produxerit,
2583 3642 2755 3689 tecum
2789 3643 3008 3705 reputes
3032 3675 3048 3700 ,
3084 3634 3221 3690 istud
3252 3636 3382 3691 satis
3414 3652 3608 3707 magno
3637 3652 3793 3707 argu-

2202 3735 2386 3783 mento
2410 3727 2508 3781 tibi
2539 3727 2772 3783 futurum
2813 3737 2917 3784 est.
2961 3729 3171 3784 Etenim
3212 3741 3426 3802 sumpta
3468 3742 3608 3787 terra
3631 3777 3646 3803 ,
3674 3748 3794 3803 qua

2199 3821 2354 3893 prius
2384 3836 2491 3877 non
2519 3830 2639 3877 erat
2658 3860 2671 3885 ,
2707 3821 2980 3878 hominem
3015 3825 3313 3892 procreavit
3340 3823 3496 3893 (Gen.
3521 3841 3559 3879 ιι
3584 3827 3623 3894 ).
3654 3826 3794 3891 Quo-

2203 3930 2327 3970 nam
2360 3916 2521 3985 igitur
2551 3916 2711 3971 modo
2735 3931 2768 3972 e
2801 3927 2941 3971 terra
2985 3916 3146 3971 homo
3186 3916 3359 3974 factus
3388 3919 3514 3973 est?
3551 3919 3793 3984 Quonam

2201 4012 2361 4067 modo
2406 4013 2521 4081 ipsa
2568 4029 2635 4067 ex
2686 4013 2857 4067 nihilo
2908 4014 3163 4081 producta
3211 4013 3332 4068 est?
3375 4013 3620 4081 Quonam
3666 4015 3793 4069 item

2210 4103 2563 4160 fundamento
2594 4106 2821 4160 nititur?
2852 4105 3091 4172 Quonam
3123 4105 3352 4175 denique
3380 4105 3539 4162 modo
3566 4121 3631 4161 ex
3674 4109 3790 4176 ipsa

2204 4200 2415 4255 inﬁnita
2446 4210 2559 4254 tum
2590 4201 2868 4255 brutorum
2888 4239 2905 4264 ,
2936 4209 3043 4254 tum
3069 4201 3334 4254 seminum
3364 4241 3379 4266 ,
3409 4210 3519 4254 tum
3549 4200 3791 4269 stirpium

2212 4308 2411 4363 genera
2442 4294 2696 4364 producta
2724 4295 2907 4364 (sunt?
2937 4294 3238 4361 Quinetiam
3272 4296 3322 4347 in
3364 4303 3545 4349 nostro
3584 4308 3795 4365 quoque

2205 4396 2329 4443 ortu
2354 4387 2514 4442 velim
2546 4387 2648 4442 hoc
2674 4388 3003 4443 consideres.
3038 4388 3122 4443 An
3151 4402 3258 4442 non
3288 4388 3433 4442 enim
3475 4388 3793 4457 pcrxiguum

2206 4494 2391 4535 semen
2439 4480 2491 4533 in
2537 4490 2770 4545 terram,
2818 4480 2917 4534 hoc
2956 4490 3037 4534 est
3079 4480 3131 4533 in
3177 4480 3386 4535 vulvam
3426 4479 3602 4550 ipsum
3646 4481 3797 4535 exei-

2219 4574 2452 4643 pientem
2485 4572 2795 4628 emittitur’
2837 4573 2986 4629 Unde
3017 4574 3180 4643 igitur
3208 4575 3322 4631 haec
3363 4583 3507 4629 tanta
3548 4575 3801 4631 animalis

510 4672 598 4717 tur
624 4676 717 4731 per
746 4661 981 4730 singula,
1011 4673 1110 4714 nec
1139 4658 1313 4727 ipsum
1347 4656 1578 4711 arbitror
1610 4654 1863 4710 mundum
1891 4670 1985 4711 eos
2011 4654 2102 4725 qui
2129 4641 2184 4702 Β
2208 4641 2461 4722 eia-30,30?

513 4753 788 4811 scribendi
820 4760 945 4806 sunt
970 4764 1165 4820 capere
1196 4764 1352 4819 posse
1382 4749 1547 4803 libros
1577 4747 1755 4819 (Joan.
1781 4748 1921 4817 χχι).

583 4848 640 4903 lu
675 4847 779 4903 hoc
809 4846 965 4915 igitur
991 4846 1172 4901 divino
1200 4843 1489 4914 Evangelio
1512 4887 1527 4910 ,
1556 4852 1667 4897 tum
1695 4841 2097 4908 incarnationis,

514 4951 629 4996 tum
669 4939 1085 5003 declarationis,
1139 4945 1249 4991 tum
1289 4935 1707 5001 miraculorum,
1748 4946 1858 4989 tum
1901 4949 2100 5005 prazce-

513 5045 726 5106 ptorum
774 5034 943 5103 ipsius
988 5030 1256 5097 historia,
1310 5030 1403 5085 Dei
1446 5030 1635 5099 spiritu
1681 5037 1896 5084 exarata
1926 5029 2098 5085 conti-

509 5140 690 5187 netur.
745 5129 822 5183 Ac
857 5126 1053 5182 deinde
1095 5124 1341 5195 supplicii
1380 5124 1526 5178 illius
1569 5124 1639 5177 ab
1670 5125 1815 5179 omni
1849 5124 1970 5179 labe
2018 5139 2101 5179 re-

512 5225 682 5291 moti,
710 5224 852 5295 quod
880 5222 1137 5277 Dominus
1165 5230 1351 5274 nostra
1379 5232 1541 5273 causa
1568 5217 1765 5283 subiit,
1796 5227 2103 5287 sanctisque

513 5320 693 5373 triduo
744 5324 866 5387 post
909 5314 1351 5375 resurrectionis,
1402 5322 1561 5380 atque
1606 5312 1659 5365 in
1703 5314 1869 5366 caelos
1917 5327 2105 5365 ascen-

512 5410 717 5474 sionis,
750 5424 813 5462 ac
851 5407 1081 5477 denique
1125 5407 1347 5462 illustris
1390 5421 1455 5462 ac
1501 5404 1769 5460 metuendi
1814 5405 1975 5473 ipsius
2016 5420 2102 5461 se-

515 5503 678 5560 cundi
709 5501 970 5556 adventus
1011 5503 1214 5557 mentio
1252 5501 1496 5556 habetur.
1543 5500 1771 5554 Rursum
1819 5499 1961 5553 enim
2010 5499 2102 5554 Dei

519 5602 689 5657 Filius
715 5614 837 5655 cum
872 5599 1072 5668 gloria,
1106 5600 1251 5653 omni
1284 5612 1533 5653 sermone
1564 5596 1923 5666 praestantiori
1951 5606 2110 5665 atque

519 5695 725 5768 ingenti
756 5693 998 5748 ctelesus
1030 5692 1237 5748 militiae
1268 5692 1607 5747 multitudine
1648 5693 1701 5747 in
1745 5703 1939 5747 terram
1982 5705 2112 5745 ven-

523 5803 676 5847 turus
716 5800 831 5857 est,
872 5798 931 5844 ut
974 5789 1041 5843 dc
1084 5791 1387 5845 mortalium
1432 5806 1630 5860 genere
1673 5792 1989 5847 sententiam
2030 5790 2107 5843 fe-

522 5894 649 5952 rat,
693 5894 854 5952 atque
903 5880 1191 5947 unicuique
1241 5898 1336 5950 pro
1385 5898 1448 5939 eo
1494 5899 1558 5939 ac
1605 5885 1799 5949 gessit,
1853 5880 2113 5943 rependat

2284 4759 2646 4826 Quamobrem
2703 4760 2752 4815 ei
2803 4759 2894 4830 qui
2941 4761 3119 4816 omnia
3169 4776 3237 4815 ex
3288 4761 3458 4818 nihilo
3504 4763 3799 4833 produxit,

2210 4862 2369 4923 atque
2405 4852 2699 4907 etiamnum
2742 4853 3020 4921 producit,
3072 4853 3292 4908 minime
3340 4854 3667 4924 impossibile
3715 4866 3801 4912 est

2206 4959 2465 5013 corporea
2490 4960 2552 5000 ea
2579 4960 2699 5014 quae
2724 4952 2899 4999 morte
2922 4945 3158 5001 extincta
3182 4954 3344 5017 atque
3376 4956 3625 5017 corrupta
3650 4957 3797 5016 sunt,

2207 5050 2238 5089 e
2268 5044 2415 5090 terra
2446 5036 2514 5090 ad
2546 5037 2710 5091 vitam
2740 5051 3025 5103 revocare,
3068 5046 3124 5091 ut
3163 5040 3530 5111 unusquisque
3573 5055 3801 5097 consen-

2210 5141 2421 5186 taneam
2451 5132 2707 5201 operibus
2734 5132 2843 5186 suis
2870 5132 3173 5188 mercedem
3205 5134 3426 5205 recipiat
3467 5133 3557 5206 (II
3581 5134 3699 5191 Cor.
3728 5153 3799 5204 v;

2210 5223 2415 5278 Psalm.
2446 5224 2587 5295 ιιι).
2621 5224 2846 5281 Laboris
2876 5226 3020 5282 enim
3050 5236 3165 5294 est,
3198 5228 3367 5298 inquit
3403 5228 3527 5299 ille,
3560 5245 3804 5299 presens

2211 5330 2457 5391 tempus;
2488 5320 2725 5377 futurum
2751 5331 2929 5378 autem
2949 5364 2964 5388 ,
2993 5323 3275 5378 mercedis.
3303 5322 3550 5391 Alioqui,
3582 5324 3801 5380 ubinam

2209 5418 2304 5474 Dei
2328 5417 2533 5487 justitia
2561 5418 2700 5482 erit,
2729 5418 2836 5472 nisi
2861 5418 2933 5471 sit
2960 5417 3315 5471 resurrectio?
3342 5414 3617 5486 Siquidem
3646 5419 3803 5474 multi

2214 5511 2365 5582 probi
2409 5509 2543 5573 viri,
2589 5525 2707 5563 cum
2760 5509 2812 5562 in
2866 5510 2963 5563 hac
3002 5511 3109 5561 vita
3152 5508 3346 5561 multas
3375 5508 3713 5565 calamitates
3738 5525 3807 5564 ac

2216 5603 2382 5656 multa
2418 5602 2673 5671 supplicia
2707 5602 2992 5668 tulissent,
3030 5616 3124 5667 per
3153 5600 3255 5653 vim
3289 5599 3501 5655 tandem
3529 5601 3597 5656 de
3623 5602 3808 5657 medio

2215 5693 2411 5747 sublati
2441 5700 2584 5746 sunt.
2616 5692 2865 5746 Nonnulli
2892 5702 3079 5745 contra
3112 5692 3261 5757 impii
3292 5705 3354 5745 ac
3382 5690 3668 5746 facinerosi
3702 5695 3806 5749 ho-

2216 5788 2419 5850 mines,
2465 5783 2518 5838 in
2563 5784 2768 5839 deliciis
2814 5799 2875 5839 ac
2922 5784 3191 5853 prosperis
3236 5798 3413 5838 rerum
3459 5787 3807 5841 successibus

2216 5889 2539 5941 praesentem
2583 5877 2747 5933 vitam
2795 5887 3276 5941 consumpserunt:
3306 5885 3360 5931 at
3397 5876 3576 5943 Deus,
3624 5887 3684 5933 ut
3712 5881 3805 5944 qui
