4158 6354
347 375 456 432 475

783 368 945 426 VITA
985 369 1403 434 SANCTORUM
1441 378 1773 436 BARLAAM
1813 379 2147 438 EREMI'NE
2188 382 2274 439 ET
2313 380 2666 439 JOSAPHAT
2710 381 2920 440 INDIE
2963 386 3191 445 REGIS.

3517 394 3623 448 ιτι

343 491 504 548 simul
536 499 590 545 et
619 489 855 546 bonitate
898 498 953 545 et
994 492 1194 559 justitia
1243 505 1484 564 praestet,
1531 498 1936 555 resurrectionis
1965 504 2015 562 Α
2043 499 2288 553 acerbius
2319 499 2608 570 excogitari
2640 500 2855 570 petest)
2885 502 2951 556 ad
2981 503 3366 573 sempiternam
3407 518 3622 574 poenam

351 599 416 639 ac
446 584 852 638 referendarum
883 587 1150 640 rationum
1181 586 1320 642 diem
1352 591 1659 658 constituit,
1691 603 1746 645 ut
1767 636 1782 659 ,
1814 607 1936 647 cum

352 691 578 746 quaeque
624 676 804 730 anima
860 691 1055 745 corpus
1104 694 1258 734 suum
1314 685 1601 750 receperit,
1659 685 1937 754 improbus

345 771 565 841 quidem
614 781 668 825 et
714 773 1043 838 sceleratus,
1093 773 1179 840 qui
1230 773 1316 828 hic
1363 778 1540 830 omnia
1590 778 1823 833 secunda
1873 767 1936 833 ac

344 866 469 920 lata
521 864 794 930 habuerit,
849 865 956 920 illic
1004 867 1264 921 scelerum
1310 883 1494 937 pcenas
1540 871 1686 937 luat;
1737 873 1935 940 probus

345 966 535 1013 contra
584 971 768 1012 eorum
817 974 938 1028 qua:
986 959 1167 1030 inique
1213 963 1469 1031 gesserit,
1518 963 1689 1032 poenis
1734 964 1786 1019 in
1835 965 1934 1020 hac

343 1058 452 1111 vita
495 1057 819 1125 persolutis,
869 1057 977 1112 illic
1023 1058 1284 1114 bonorum
1331 1061 1701 1116 haereditatem
1741 1077 1931 1118 conse-

339 1160 562 1220 quatur.
594 1150 826 1206 Audient
855 1152 997 1207 enim
1021 1194 1036 1218 ,
1070 1154 1241 1222 inquit
1272 1155 1563 1225 Dominus,
1595 1158 1682 1227 qui
1725 1159 1777 1212 iu
1815 1174 1932 1213 mo-

333 1245 618 1299 numentis
646 1245 807 1314 260
836 1253 991 1310 sunt,
1028 1260 1211 1300 vocem
1245 1247 1360 1301 Filii
1402 1248 1514 1303 Dei.
1561 1249 1628 1303 Et
1667 1251 1928 1318 exibunt,

337 1339 430 1407 qui
460 1339 598 1391 bona
625 1337 867 1392 fecerunt
894 1338 948 1390 in
975 1341 1419 1396 resurrectionem
1447 1344 1570 1396 vitae
1596 1358 1611 1409 ;
1637 1344 1724 1408 qui
1751 1353 1928 1400 autem

342 1430 484 1484 mala
517 1440 771 1500 egerunt,
802 1430 855 1484 in
883 1434 1331 1489 resurrectionem
1368 1435 1556 1505 judicii
1599 1435 1797 1505 (Joan.
1831 1455 1861 1491 v
1882 1438 1925 1510 ).

336 1521 455 1589 Quo
497 1523 702 1577 scilicet
755 1533 993 1590 tempore
1040 1525 1197 1580 sedes
1246 1541 1458 1595 quoque
1505 1529 1926 1594 collocabuntur,

335 1625 498 1683 atque
541 1617 806 1682 Antiquus
853 1616 1061 1670 dierum
1107 1618 1272 1687 (Dan.
1314 1627 1450 1688 νη),
1485 1635 1769 1688 rerumque
1807 1637 1925 1676 om-

335 1709 489 1762 nium
522 1721 714 1777 parens
741 1717 796 1763 et
824 1710 1146 1766 architectus
1180 1711 1502 1780 praesidebit.
1533 1716 1610 1768 Ac
1639 1715 1759 1770 libri
1789 1730 1927 1784 ape-

334 1800 574 1868 riuntur,
619 1799 669 1852 in
710 1801 906 1870 quibus,
942 1804 1178 1857 omnium
1222 1814 1460 1859 nostrum
1498 1807 1770 1872 actiones,
1811 1824 1926 1863 ser-

2043 593 2326 662 ablegabit.

2111 683 2666 755 Cae.lX.—-Josaphat
2679 695 2856 740 autem
2878 687 2958 742 his
2971 687 3031 740 ad
3050 702 3171 743 eum
3188 690 3366 746 verbis
3383 707 3508 748 usus
3518 705 3621 751 est:

2040 777 2256 845 Magnas
2278 781 2533 846 quasdam
2562 787 2612 833 et
2639 779 2979 834 admirandas
3009 795 3117 848 res,
3154 798 3451 853 magnoque
3481 799 3626 844 metu

2038 883 2100 923 ac
2130 881 2363 924 tremore
2393 872 2581 938 dignas
2610 871 2771 935 mihi,
2805 886 2835 924 ο
2867 872 3050 935 homo,
3085 887 3299 939 narras,
3336 874 3381 928 si
3409 875 3625 944 quidem

2038 958 2153 1014 haec
2194 959 2266 1012 ita
2313 973 2372 1013 se
2405 960 2639 1024 habent,
2671 970 2830 1030 atque
2860 973 3137 1031 postquam
3170 963 3292 1018 fatis
3340 980 3628 1022 concesse-

2037 1048 2230 1114 rimus,
2261 1057 2315 1104 et
2340 1050 2392 1103 in
2417 1051 2653 1106 cinerem
2681 1065 2743 1104 ac
2771 1052 3045 1119 pulverem
3072 1053 3314 1108 diSSoluti
3343 1054 3621 1124 iuerimus,

2035 1139 2358 1193 resurrectio
2379 1151 2430 1193 et
2449 1143 2783 1209 regeneratio
2805 1142 2979 1196 futura
3001 1152 3106 1206 est,
3132 1159 3419 1215 rerumque
3441 1147 3494 1201 in
3515 1147 3626 1204 vita

2033 1238 2303 1297 gestarum
2334 1246 2562 1285 examen
2593 1245 2654 1284 ac
2683 1247 2910 1288 merces.
2948 1233 3145 1289 Verum
3173 1250 3279 1304 quo
3309 1248 3626 1305 argumento

2033 1320 2150 1376 haec
2181 1323 2423 1390 probas?
2473 1333 2526 1378 et
2553 1339 2785 1392 quonam
2815 1325 2864 1379 ei
2898 1327 2971 1379 rei
3007 1342 3124 1394 qua:
3174 1327 3411 1382 nondum
3456 1330 3624 1385 oculis

2032 1424 2310 1484 perspecta
2363 1423 2443 1469 est
2492 1416 2688 1469 auditae
2733 1427 2895 1485 atque
2941 1418 3226 1472 intellecta:
3275 1435 3442 1489 usque
3489 1420 3624 1476 adeo

2032 1509 2239 1562 ﬁrmam
2270 1516 2324 1562 et
2356 1508 2710 1564 indubitatam
2746 1510 2902 1565 ﬁdem
2934 1511 3294 1566 adhibuistis?
3337 1512 3469 1569 Nam
3503 1530 3623 1584 qua

2027 1599 2137 1670 jam
2171 1611 2317 1671 gesta
2351 1617 2413 1656 ac
2441 1618 2500 1658 re
2531 1603 2644 1671 ipsa
2673 1605 2943 1659 declarata
2975 1617 3133 1671 sunt,
3163 1608 3370 1662 etiamsi
3399 1610 3498 1677 ipsi
3530 1610 3624 1665 mia

2031 1693 2176 1748 nime
2207 1694 2453 1749 videritis
2477 1735 2491 1760 ,
2526 1704 2580 1749 at
2610 1697 2677 1748 ab
2707 1697 2771 1750 iis
2800 1698 2888 1765 qui
2913 1713 2976 1750 ea
3002 1699 3290 1764 viderunt,
3324 1715 3387 1754 ac
3419 1716 3624 1756 memo-

2030 1791 2123 1845 rize
2155 1790 2530 1860 prodiderunt,
2560 1791 2858 1846 audivistis.
2883 1792 3124 1859 Quonam
3153 1805 3328 1848 autem
3359 1795 3519 1849 modo
3553 1794 3622 1852 de

332 1905 565 1957 mones,
617 1893 970 1962 cogitationes
1019 1893 1292 1965 inscripta:
1340 1897 1698 1952 continentur.
1755 1899 1919 1969 Atque

2038 1882 2203 1937 rebus
2230 1881 2426 1937 futuris
2458 1893 2562 1935 tam
2596 1897 2786 1951 magna
2815 1891 2868 1937 et
2895 1884 3206 1953 praetumida
3234 1884 3612 1954 praedicantes,

336 1984 530 2053 igneus
561 1983 756 2039 ﬂuvius
787 1987 973 2054 rapido
1003 2003 1161 2044 cursu
1191 1992 1456 2056 volvetur,
1484 2003 1780 2062 cunctaque
1809 2010 1930 2063 quae

330 2074 388 2128 in
419 2075 674 2131 abstruso
711 2077 1071 2144 delitescunt,
1116 2081 1388 2150 pateﬁent.
1432 2082 1548 2137 Non
1593 2084 1701 2139 ilhc
1747 2095 1930 2155 patro-

331 2186 436 2225 nus
455 2213 472 2238 ,
502 2179 596 2226 aut
623 2172 910 2227 verborum
943 2174 1263 2229 lenocinium
1285 2218 1302 2243 ,
1331 2185 1424 2230 aut
1455 2176 1591 2232 falsa
1623 2181 1925 2248 excusatio,

332 2275 426 2320 aut
455 2281 616 2335 opum
650 2268 884 2336 potentia
907 2309 922 2333 ,
954 2280 1044 2322 aut
1074 2269 1388 2338 dignitatum
1431 2271 1599 2326 fastus
1620 2314 1634 2337 ,
1679 2283 1771 2327 aut
1808 2289 1926 2328 am-

327 2361 592 2429 plissimae
620 2376 902 2416 munerum
932 2363 1242 2433 largitiones
1272 2378 1475 2419 rectum
1504 2366 1764 2435 judicium
1799 2384 1927 2438 sup-

323 2452 565 2522 primere
614 2463 861 2523 poterunt
897 2473 910 2507 :
950 2470 1134 2510 verum
1178 2455 1520 2526 incorruptus
1563 2459 1650 2513 ille
1678 2474 1740 2514 ac
1773 2473 1927 2515 verus

322 2548 492 2618 judcx
522 2548 588 2602 ad
615 2549 840 2618 iustitiae
872 2547 1086 2605 laudem
1117 2552 1294 2603 omnia
1328 2551 1650 2620 perpendet,
1687 2553 1790 2609 hoc
1819 2562 1922 2621 est,

324 2655 384 2698 et
413 2644 676 2698 actionem
701 2687 714 2710 ,
748 2653 802 2698 et
826 2659 1162 2711 sermonem,
1195 2655 1248 2700 et
1274 2646 1675 2713 cogitationem.
1700 2648 1778 2702 Ac
1803 2661 1925 2715 pro-

325 2737 638 2791 ﬁciscentur
678 2737 766 2806 qui
809 2737 1094 2791 virtutibus
1132 2751 1353 2807 operam
1398 2737 1662 2793 dederunt
1687 2739 1752 2794 ad
1785 2754 1923 2794 sem-

323 2829 600 2898 piternam
653 2829 851 2895 vitam,
907 2837 962 2884 et
1012 2831 1186 2884 lucem
1239 2844 1454 2885 omnem
1505 2831 1764 2886 orationis
1815 2834 1920 2887 vim

321 2921 707 2986 excedentem,
767 2930 825 2976 ut
878 2936 998 2976 cum
1055 2923 1258 2993 angelis
1315 2923 1694 2990 oblectentur,
1758 2935 1920 2995 atque

322 3017 540 3070 arcanis
597 3019 751 3070 bonis
809 3016 1074 3082 fruantur,
1129 3028 1436 3088 sanctaque
1489 3018 1736 3075 Trinitati
1790 3036 1922 3090 pure

323 3119 538 3175 astent;
569 3111 660 3180 qui
690 3099 864 3166 autem
891 3113 1131 3181 turpibus
1162 3112 1378 3181 ﬂagitiis
1410 3128 1529 3169 sese
1559 3115 1916 3182 devinxerint,

327 3211 496 3273 atque
547 3219 735 3260 omnes
784 3205 929 3273 impii
975 3215 1028 3260 et
1067 3216 1374 3275 peccatores
1419 3208 1483 3262 ad
1531 3209 1916 3278 sempiternum

326 3297 664 3363 cruciatum,
714 3298 804 3366 qui
854 3297 1069 3368 quidem
1114 3298 1359 3369 geltenna
1403 3299 1616 3366 dicitur,
1667 3309 1723 3356 et
1763 3309 1920 3356 exte-

321 3389 504 3443 riores
533 3388 799 3455 tenebrae,
830 3401 884 3445 et
914 3391 1174 3445 insomnis
1205 3391 1435 3459 vermis,
1464 3401 1518 3448 et
1549 3392 1748 3448 stridor
1776 3393 1920 3450 den-

320 3483 459 3538 tium
480 3523 494 3548 ,
524 3484 731 3553 aliaque
759 3484 1038 3539 innumera
1067 3493 1351 3544 tormenta.

401 3618 641 3683 Querum
683 3620 920 3674 omnium
961 3619 1163 3674 nullum
1207 3634 1359 3690 aeque
1389 3634 1551 3689 grave
1581 3629 1634 3676 et
1664 3621 1914 3677 acerbum

321 3718 436 3776 est,
470 3718 630 3778 atque
660 3724 687 3762 a
719 3709 830 3764 Deo
868 3710 1195 3776 abalienari,
1235 3721 1288 3765 et
1327 3726 1357 3765 a
1398 3711 1707 3766 dulcissima
1749 3712 1918 3782 ipsius

321 3801 466 3856 facie
492 3803 652 3871 abjici
673 3845 686 3867 ,
719 3789 997 3874 gloriaque
1029 3803 1115 3857 illa
1148 3819 1267 3871 qua:
1299 3803 1461 3857 nullis
1503 3804 1684 3858 verbis
1720 3808 1917 3875 exponi

323 3905 507 3965 potest
534 3897 741 3961 orbari,
778 3911 937 3966 atque
979 3900 1310 3966 inspectante
1349 3897 1600 3953 universo
1643 3898 1774 3952 orbe
1805 3907 1915 3952 tra-

321 3993 449 4048 duci
475 4037 490 4060 ,
523 4003 577 4049 et
607 3993 896 4063 ignominia
925 4009 1046 4063 quae
1077 4009 1346 4063 nunquam
1380 3994 1539 4049 ﬁnem
1571 3993 1814 4047 habitura
1846 3994 1918 4048 sit

323 4087 526 4141 notari.
579 4086 932 4158 Posteaquam
991 4087 1132 4142 enim
1194 4086 1458 4141 horrenda
1516 4086 1599 4140 illa
1650 4087 1913 4141 sententia

323 4180 470 4233 edita
513 4179 709 4246 fuerit,
754 4180 932 4234 omnia
974 4169 1227 4248 deinceps
1268 4179 1654 4244 immutabilia,
1699 4188 1751 4233 et
1786 4195 1915 4233 con-

324 4271 591 4326 versionis
633 4272 807 4326 omnis
845 4273 1081 4340 expertia
1126 4271 1459 4326 manebunt:
1506 4274 1582 4325 sic
1626 4270 1908 4337 videlicet,

320 4372 384 4419 ut
415 4378 514 4418 nec
544 4365 646 4418 vita
678 4365 800 4418 heia
837 4365 997 4431 justis
1042 4365 1199 4418 ﬁnem
1243 4363 1513 4427 habitura,
1553 4377 1653 4418 nec
1693 4362 1914 4417 afﬂictio

313 4465 375 4511 et
423 4471 579 4525 ptena
628 4458 1000 4526 peccatoribus
1045 4457 1327 4510 terminum
1373 4465 1656 4525 acceptura
1686 4458 1775 4511 sit.
1809 4456 1913 4510 Ne-

313 4563 424 4618 que
471 4549 612 4602 enim
667 4549 947 4603 sublimior
997 4558 1116 4617 post
1161 4564 1282 4603 eum
1314 4548 1448 4603 alter
1473 4548 1635 4615 judex
1666 4557 1782 4612 est,
1813 4563 1912 4603 nec

321 4652 420 4707 per
449 4639 726 4708 sequentia
753 4655 916 4708 opera
941 4640 1184 4709 purgatio
1202 4681 1215 4703 ,
1244 4654 1344 4695 nec
1373 4639 1700 4707 praestitutus
1728 4654 1913 4694 emcn-

319 4730 556 4785 datiouis
597 4733 888 4796 terminus,
940 4747 1042 4787 nec
1084 4733 1184 4785 alia
1227 4731 1330 4785 ulla
1372 4731 1435 4786 iis
1467 4731 1556 4800 qui
1589 4733 1639 4785 in
1672 4733 1909 4787 cruciatu

317 4821 678 4875 versabuutur
725 4837 813 4876 ars
861 4832 914 4876 et
965 4821 1133 4889 ratio,
1184 4823 1382 4891 quippe
1425 4837 1545 4876 cum
1592 4821 1906 4891 supplicium

325 4928 429 4967 una
459 4928 580 4967 cum
614 4913 740 4982 ipsis
771 4913 823 4967 in
853 4912 1236 4981 sempiternum
1267 4912 1420 4967 duret

389 5047 520 5114 Quae
565 5063 686 5103 cum
729 5048 800 5101 ita
840 5048 978 5112 sint,
1017 5046 1201 5116 quales
1242 5044 1455 5100 tandem
1499 5056 1597 5098 nos
1626 5042 1679 5098 in
1707 5043 1905 5099 sanctis

310 5139 817 5197 conversationihus
862 5152 925 5192 ac
964 5136 1063 5205 piis
1091 5135 1393 5191 actionibus
1421 5148 1541 5190 esse
1570 5142 1815 5202 oportet,
1848 5141 1906 5186 ut

310 5231 462 5302 digni
497 5230 794 5284 habeamur
839 5237 1090 5282 venturas
1135 5227 1310 5281 minas
1355 5225 1619 5296 eﬁ‘ugere,
1675 5233 1834 5293 atque
1878 5240 1908 5278 a

310 5321 519 5376 dextris
552 5318 671 5375 Filii
704 5318 798 5372 Dei
829 5326 973 5372 stare
1003 5315 1099 5387 (Il
1132 5316 1247 5371 Pet.
1276 5314 1404 5385 tu)?
1433 5315 1564 5371 Nam
1593 5314 1709 5369 haec
1735 5316 1909 5383 justo-

310 5428 432 5468 rum
465 5410 628 5466 Statio
658 5418 770 5475 est,
805 5408 1258 5479 quemadmodum
1288 5416 1476 5462 contra
1509 5406 1809 5461 miserrima
1839 5403 1905 5458 ad

310 5503 588 5558 sinistram
619 5517 748 5571 pars
781 5501 1156 5570 peccatoribus
1189 5501 1455 5570 assignata
1496 5508 1598 5554 est.
1645 5498 1773 5553 Post
1811 5512 1906 5552 au-

308 5605 419 5649 tem
473 5593 733 5647 Dominus
778 5593 949 5661 jus'tos
999 5590 1168 5647 Patris
1216 5591 1298 5647 sui
1345 5591 1659 5646 benedictus
1706 5605 1904 5646 vocans

309 5683 529 5756 (Matth.
555 5687 707 5754 xxv),
730 5686 781 5740 in
816 5695 1128 5753 perpetuum
1159 5699 1380 5752 regnum
1410 5682 1746 5746 iutroducet;
1777 5696 1901 5751 pec-

307 5787 522 5834 calores
576 5788 754 5833 autem
807 5795 926 5833 cum
980 5780 1057 5831 ira
1089 5787 1141 5831 et
1187 5777 1556 5831 exsecratione
1592 5790 1621 5829 3
1649 5774 1797 5828 suavi
1847 5781 1902 5828 ει

311 5871 605 5938 tranquilla
632 5872 768 5929 facie
796 5888 891 5930 sua
918 5872 1177 5941 abjectos
1203 5873 1222 5940 (
1248 5888 1352 5940 quo
1401 5870 1532 5925 nihil
1583 5868 1796 5936 gravius
1845 5876 1900 5918 et

1939 4683 1992 4742 D

2031 1985 2230 2032 certam
2260 1975 2328 2030 de
2356 1975 2420 2030 iis
2450 1974 2607 2028 ﬁdem
2641 1977 2781 2029 nacti
2810 1977 2981 2030 estis?

2101 2068 2401 2136 Respondit
2431 2067 2674 2121 Barlaam
2710 2085 2722 2122 :
2759 2067 2836 2121 Ex
2869 2067 2933 2122 iis
2963 2082 3082 2137 qua:
3106 2067 3215 2136 jam
3247 2067 3620 2138 contigerunt,

2030 2159 2098 2215 de
2129 2158 2320 2213 futuris
2349 2158 2513 2212 etiam
2542 2167 2746 2213 certum
2779 2158 2941 2214 ﬁdem
2971 2169 3155 2213 nactus
3189 2175 3329 2214 sum.
3369 2159 3501 2214 Nam
3532 2162 3622 2229 qui

2031 2250 2146 2305 haec
2177 2249 2556 2319 praedicarunt,
2585 2265 2684 2304 nec
2711 2250 2816 2303 ulla
2853 2251 2904 2303 in
2937 2265 2995 2304 re
3025 2266 3054 2303 a
3102 2265 3230 2304 vero
3278 2251 3618 2316 aberrarunt,

2029 2356 2216 2396 verum
2248 2356 2341 2410 per
2371 2341 2524 2411 signa
2552 2351 2604 2395 et
2633 2341 2869 2410 prodigia
2888 2381 2901 2405 ,
2936 2342 3225 2411 variaSque
3253 2343 3478 2399 virtutes
3503 2358 3620 2400 ser-

2029 2433 2280 2489 monibus
2311 2433 2423 2489 suis
2456 2433 2621 2488 robur
2647 2435 3004 2489 conciliarunt
3025 2475 3039 2500 ,
3071 2434 3230 2488 iidem
3258 2437 3416 2490 etiam
3448 2438 3514 2493 de
3541 2439 3618 2494 fu-

2030 2524 2163 2576 turis
2210 2537 2309 2577 uos
2355 2522 2770 2578 admonuerunt.
2826 2524 3288 2590 Quemadmodum
3334 2526 3492 2595 igitur
3536 2528 3617 2584 hic

2027 2613 2160 2667 nihil
2193 2623 2581 2684 praeposterum
2612 2631 2675 2670 ac
2707 2617 2886 2670 ﬁctum
2920 2617 3254 2683 docuerunt,
3288 2633 3472 2672 verum
3505 2635 3617 2675 om-

2026 2708 2110 2761 nia
2143 2723 2203 2761 ea
2232 2722 2350 2777 quae
2386 2708 2452 2762 ab
2481 2708 2612 2776 ipsis
2647 2707 2786 2763 dicta
2813 2717 2866 2762 et
2897 2707 3040 2762 facta
3071 2717 3229 2773 sunt,
3262 2709 3376 2764 sole
3424 2711 3617 2767 clarius

2025 2797 2381 2866 effulserunt,
2437 2801 2627 2855 eodem
2676 2817 2891 2872 quoque
2933 2803 3094 2857 modo
3135 2804 3243 2858 illic
3276 2820 3402 2860 vere
3443 2807 3618 2864 omnia

2026 2891 2384 2948 tradiderunt.
2414 2891 2544 2959 Quae
2574 2893 2792 2961 quidem
2819 2895 2977 2949 etiam
3007 2895 3120 2965 ipse
3152 2896 3406 2950 Dominus
3437 2910 3618 2952 noster

2025 3001 2087 3040 ac
2119 2986 2279 3040 herus
2307 2985 2464 3041 Jesus
2492 2986 2769 3054 ChriStus,
2816 2997 2924 3042 tum
2974 3005 3253 3054 sermone,
3297 3002 3404 3044 tum
3449 3005 3616 3059 opere

2025 3077 2394 3134 conﬁrmavit.
2426 3077 2597 3132 Amen
2630 3080 2773 3133 enim
2797 3121 2811 3144 ,
2850 3080 3056 3148 inquit,
3104 3080 3223 3133 dico
3258 3081 3441 3144 vobis,
3495 3095 3617 3148 quia

2025 3170 2171 3223 venit
2203 3170 2355 3235 hora,
2391 3170 2606 3239 quando
2633 3171 2828 3224 mortui
2858 3171 3075 3225 audient
3097 3186 3284 3224 vocent
3328 3171 3428 3224 Flii
3473 3172 3611 3241 Dei,

1942 3279 1989 3342 ο
2025 3271 2077 3315 et
2107 3259 2200 3330 qui
2229 3260 2528 3323 audierint,
2559 3259 2742 3315 vivent
2770 3261 2950 3329 (Joan.
2980 3260 3097 3331 xu).
3127 3262 3203 3314 Ac
3231 3277 3440 3315 rursum
3467 3279 3480 3314 :
3513 3261 3616 3318 Ve-

2024 3353 2105 3409 nit
2132 3353 2261 3407 hora
2283 3393 2298 3418 ,
2334 3353 2384 3406 in
2416 3367 2516 3423 qua
2549 3367 2738 3408 omnes
2764 3355 2853 3424 qui
2887 3356 2938 3407 in
2972 3355 3332 3409 monumentis
3365 3363 3486 3410 sunt
3519 3372 3614 3409 au-

2023 3446 2174 3501 dient
2197 3459 2385 3500 vocem
2416 3445 2534 3500 Filii
2556 3446 2753 3502 Dei.Et
2778 3447 3072 3516 precedent
3097 3447 3184 3516 qui
3211 3447 3348 3501 bona
3373 3446 3614 3504 fecerunt

2023 3538 2077 3591 in
2111 3537 2568 3592 resurrectionem
2609 3535 2770 3600 vitae;
2804 3537 2894 3605 qui
2926 3551 3052 3590 vero
3085 3537 3224 3590 mala
3253 3546 3515 3603 egerunt,
3559 3538 3613 3592 in

2025 3628 2480 3681 resurrectionem
2507 3625 2694 3695 judicii
2731 3625 2748 3694 (
2779 3623 2933 3678 Lucw
2967 3641 3032 3677 xx
3061 3623 3100 3693 ).
3147 3625 3224 3680 Ac
3255 3641 3467 3680 rursum
3500 3628 3612 3680 ait:

2027 3719 2101 3772 De
2157 3729 2490 3772 mortuorum
2550 3726 2727 3771 autem
2788 3715 3189 3770 resurrectione
3249 3731 3355 3769 non
3414 3716 3615 3786 legistis

2023 3809 2164 3879 quod
2211 3809 2410 3862 dictum
2456 3817 2536 3862 est
2581 3807 2730 3862 vobis
2771 3821 2800 3860 a
2847 3807 2984 3869 Deo,
3028 3805 3289 3860 dicente:
3337 3806 3450 3873 Ego
3495 3821 3614 3862 smn

2023 3899 2161 3954 Deus
2191 3898 2459 3951 Abraham
2481 3939 2496 3965 ,
2529 3896 2672 3957 Deus
2715 3893 2862 3949 Isaac
2883 3939 2895 3960 ,
2939 3905 2994 3951 et
3037 3895 3177 3950 Deus
3211 3895 3424 3950 Jacobi
3472 3896 3613 3951 Deus

2022 4011 2183 4065 porro
2212 4004 2545 4048 mortuorum
2580 3993 2720 4046 Deus
2751 4007 2856 4044 non
2888 4000 3004 4056 est,
3037 3991 3131 4045 sed
3178 3991 3491 4044 viventium.
3549 3989 3614 4045 Ut.

2021 4088 2162 4143 enim
2195 4086 2517 4156 colliguntur
2549 4085 2785 4148 zizania,
2829 4092 2885 4137 et
2929 4082 3338 4146 comburuntur,
3389 4082 3466 4137 sic
3511 4081 3614 4137 erit

2021 4181 2074 4234 in
2110 4179 2574 4234 consummatione
2599 4174 2782 4232 saeculi
2809 4174 2970 4243 hujus
2997 4173 3211 4245 (Matth.
3235 4172 3416 4243 xxiv).
3445 4173 3614 4228 Mittet

2022 4271 2187 4326 Filius
2221 4271 2310 4326 Dei
2342 4272 2561 4341 angelos
2589 4284 2752 4331 suos,
2787 4278 2838 4322 et
2870 4268 3125 4335 colligent
3172 4267 3238 4320 de
3281 4279 3448 4334 regno
3495 4264 3614 4334 ejus

2019 4369 2198 4423 omnia
2242 4344 2494 4422 scandala
2523 4408 2536 4430 ,
2589 4374 2644 4419 et
2687 4379 2784 4417 eos
2814 4363 2899 4431 qui
2931 4362 3134 4414 faciunt
3165 4361 3518 4428 iniquitatem.
3548 4360 3612 4414 Et

2017 4459 2233 4512 mittent
2280 4472 2374 4512 eos
2425 4458 2475 4510 in
2525 4459 2796 4509 caminum
2853 4454 3036 4521 ignis:
3089 4451 3199 4504 illic
3226 4451 3328 4503 erit
3361 4452 3511 4505 ﬂetus
3556 4459 3611 4507 et

2017 4553 2215 4607 stridor
2242 4552 2502 4607 dentium.
2538 4551 2691 4604 Tunc
2733 4549 2866 4618 justi
2917 4547 3192 4616 fulgebunt
3240 4547 3381 4602 sicut
3423 4548 3503 4602 sol
3548 4547 3604 4606 in

2019 4659 2185 4715 regno
2216 4643 2390 4697 Patris
2419 4656 2606 4696 eorum

2088 4753 2212 4808 Haec
2252 4753 2437 4807 d:cens
2481 4750 2727 4805 addidit:
2758 4749 2856 4816 Qui
2900 4749 3060 4804 habet
3112 4765 3267 4805 aures
3321 4749 3603 4820 audiendi,

2013 4848 2194 4901 audiat
2243 4846 2394 4919 (Luc.
2440 4843 2520 4915 ιι).
2559 4844 2649 4897 liis
2693 4843 2850 4912 igitur
2879 4844 3226 4914 pluribusque
3275 4843 3391 4896 aliis
3442 4843 3598 4916 261

2013 4938 2189 4992 verbis
2220 4936 2479 4991 Dominus
2502 4951 2784 5005 corporum
2813 4935 3260 4991 resurrectionem
3293 4932 3602 4986 declaravit.

2012 5030 2207 5100 Reipsa
2255 5038 2430 5085 autem
2459 5029 2800 5084 sermonibus
2847 5028 2955 5081 suis
3008 5027 3166 5080 ﬁdem
3197 5023 3451 5080 astruxit.
3483 5037 3606 5078 cum

2019 5130 2258 5177 mortuos
2284 5122 2348 5174 ad
2381 5122 2541 5175 vitam
2593 5119 2890 5180 revocavit,
2937 5132 2998 5170 ac
3053 5115 3152 5170 sub
3195 5113 3461 5166 terrestris
3491 5125 3606 5165 vitae

2017 5231 2127 5270 sum
2150 5212 2524 5282 catastrophen
2551 5212 2807 5266 Lazarum
2841 5209 3124 5280 quemdam
3158 5205 3391 5259 amicum
3424 5218 3600 5271 sunin,

2016 5309 2102 5378 qui
2133 5308 2240 5377 jam
2267 5305 2555 5377 quatriduo
2586 5312 2828 5359 mortuus
2860 5310 2994 5363 erat,
3026 5314 3088 5352 ac
3118 5296 3356 5360 foetebat,
3412 5311 3442 5350 e
3487 5310 3605 5351 mo-

2013 5408 2270 5455 numento
2298 5400 2521 5463 vocavit,
2556 5411 2782 5465 eumque
2809 5392 2896 5462 qui
2924 5393 3154 5444 animam
3186 5391 3481 5452 elllaverat,
3525 5387 3605 5442 vi-

2016 5508 2140 5547 vum
2174 5492 2412 5546 exhibuit
2439 5489 2615 5559 (Joun.
2654 5487 2755 5555 xl).
2789 5484 2922 5550 Quin
2956 5481 3070 5549 ipse
3096 5495 3307 5550 quoque
3343 5480 3604 5535 Dominus

2011 5584 2323 5654 perfectam,
2359 5597 2456 5636 nec
2479 5583 2588 5649 jam
2623 5580 2777 5633 morti
2817 5575 3108 5645 subjectam
3149 5577 3598 5631 resurrectionem

2011 5687 2310 5746 auspicatus
2339 5687 2414 5729 est
2453 5693 2462 5726 ε
2492 5673 2684 5742 quippe
2707 5673 2793 5738 qui
2827 5683 2997 5724 mtirle
3029 5670 3078 5723 ill
3107 5684 3266 5723 carne
3297 5670 3597 5740 degustata,

2011 5771 2186 5823 triduo
2211 5778 2328 5836 post
2357 5767 2420 5819 ad
2453 5767 2611 5819 vitam
2645 5765 2821 5830 rediit,
2863 5779 2926 5818 ac
2971 5772 3298 5819 mortuorum
3331 5764 3596 5832 primoge-

2010 5863 2152 5918 nitus
2175 5860 2397 5917 eﬂectus
2429 5868 2510 5917 est
2539 5858 2589 5929 (Ι
2626 5857 2748 5917 Cor.
2775 5863 2912 5930 xvi).
2960 5858 3271 5927 Quanquam
3319 5858 3461 5911 enim
3508 5853 3599 5909 alii
