4158 6354
576 404 687 466 473

1651 404 1742 463 DE
1782 404 1962 463 VITIS
1999 402 2286 465 PATRUII
2326 406 2531 466 LIBER
2571 407 2851 469 PRIMUS.

3758 409 3859 473 4η

578 536 787 599 quoque
814 543 841 582 a
871 533 1046 583 morte
1073 527 1139 584 ad
1169 527 1331 584 vitam
1359 527 1573 585 excitati
1605 540 1752 597 sunt,
1781 538 1953 585 morte
1983 541 2161 586 tamen
2190 531 2245 592 Α
2269 530 2524 584 visitastis
2572 546 2656 584 me
2682 549 2694 593 ;
2744 531 2795 583 in
2826 542 3044 583 carcere
3090 542 3263 593 eram,
3313 534 3370 583 et
3395 527 3618 582 venistis
3660 527 3729 583 ad
3776 544 3862 588 me

576 636 762 677 rursus
790 620 954 675 functi
1004 629 1150 689 sunt,
1198 636 1295 675 nec
1346 621 1538 677 iuturae
1566 638 1708 678 vera:
1759 625 2167 679 resurrectionis

574 712 858 783 imaginem
890 713 1144 768 exhibere
1174 722 1479 781 potuerunt.
1524 714 1682 770 Solus
1728 724 1904 770 autem
1931 717 2045 783 ipse
2076 731 2165 770 re.

573 808 922 862 surrectionis
945 808 1088 861 illius
1122 816 1310 861 auctor
1334 824 1395 863 ac
1426 809 1673 878 princeps
1702 809 1925 874 exstitit,
1977 820 2034 862 ut
2074 808 2163 876 qui

574 899 862 954 immortali
895 899 1292 953 resurrectione
1321 900 1383 953 ad
1414 901 1576 953 vitam
1627 902 1861 955 redierit.
1915 900 2041 954 Haec
2086 899 2165 953 illi

571 991 728 1045 etiam
759 987 848 1059 qui
880 991 947 1043 ab
978 990 1131 1043 initio
1161 1001 1492 1059 spectatores
1514 1007 1576 1045 ac
1606 993 1833 1047 ministri
1864 992 2009 1047 verbi
2052 992 2167 1045 fue-

570 1093 713 1152 runt,
744 1084 1123 1155 prtedicarunt.
1148 1086 1232 1139 Ait
1252 1086 1389 1140 enim
1418 1086 1598 1140 beatus
1622 1087 1833 1151 Paulus,
1854 1088 1941 1158 qui
1972 1102 2073 1140 non
2097 1084 2163 1139 ab

570 1176 897 1242 hominibus,
930 1176 1022 1232 sed
1056 1194 1087 1233 e
1111 1180 1249 1233 ecelo
1279 1189 1498 1233 vocatus
1538 1188 1621 1235 est
1650 1178 1792 1248 (Gal.
1830 1180 1869 1248 ι)
1922 1198 1935 1232 :
1970 1180 2160 1236 Notum

565 1270 720 1323 vobis
744 1271 899 1337 facio,
934 1269 1149 1337 fratres,
1184 1272 1528 1341 Evangelium
1560 1273 1699 1341 quod
1727 1273 2032 1327 annuutiavi
2064 1290 2161 1326 vo-

570 1363 669 1417 bis.
701 1363 913 1418 Tradidi
938 1365 1076 1419 enim
1093 1364 1245 1417 vobis
1272 1365 1322 1417 in
1348 1364 1528 1432 primis
1551 1364 1689 1432 quod
1716 1376 1765 1417 et
1792 1363 1990 1431 accepi,
2018 1364 2159 1434 quod

570 1456 814 1512 Christus
845 1470 1089 1517 mortuus
1120 1468 1201 1514 est
1232 1475 1325 1529 pro
1354 1460 1586 1529 peccatis
1634 1461 1827 1514 nostris
1866 1462 2158 1517 secundum

564 1552 891 1623 Scripturas,
932 1565 984 1607 et
1009 1555 1148 1623 quod
1192 1556 1432 1623 sepultus
1464 1564 1563 1620 est,
1597 1565 1649 1609 et
1672 1554 1811 1622 quod
1843 1558 2156 1623 resurrexit,

560 1646 855 1699 secundum
888 1645 1189 1712 Scriptutas
1222 1646 1397 1714 (Rom.
1432 1647 1528 1716 tv).
1581 1646 1635 1700 Si
1688 1658 1863 1699 autem
1912 1645 2159 1700 Christus

561 1738 881 1808 praedicatur
913 1740 1054 1807 quod
1088 1741 1373 1793 resurrexit
1409 1756 1433 1789 τι
1468 1738 1711 1801 mortuis,
1755 1739 2022 1806 quomodo
2070 1740 2153 1792 di-

559 1839 687 1884 eunt
720 1831 955 1902 quidam,
990 1832 1128 1898 quod
1179 1832 1497 1886 resurrectio
1528 1841 1856 1885 mortuorum
1889 1847 1991 1885 non
2022 1842 2103 1885 est
2131 1831 2155 1885 ?

2273 624 2488 695 (Matth.
2536 624 2679 691 xxv).
2714 624 2821 676 Cur
2846 622 2929 675 bis
2952 622 3129 676 verbis
3157 622 3342 687 utitur,
3374 622 3477 677 nisi
3505 622 3862 692 quia'bcneﬁ-p

2271 718 2371 781 cia,
2407 732 2525 783 quae
2546 732 2575 769 a
2599 717 2750 770 nobis
2774 715 2825 769 in
2848 727 3067 786 egentes
3087 715 3453 780 conferuntur,
3480 714 3584 769 sibi
3606 715 3857 771 asciseiti

2274 811 2335 862 Et
2363 808 2468 862 alio
2499 810 2616 862 loco
2646 811 2717 861 ait
2748 826 2759 861 :
2802 810 2988 863 Omnis
3018 812 3321 880 quicunque
3375 810 3717 865 conﬁtebitur
3769 825 3860 867 lno

2270 914 2453 955 coram
2481 901 2803 967 hominibus,
2830 902 3127 954 conﬁtebor
3149 913 3202 955 et
3227 917 3327 972 ego
3346 919 3469 961 etun
3493 918 3674 958 coram
3698 902 3859 961 Patro

2273 1007 2414 1054 meo,
2445 991 2535 1062 qui
2565 1002 2645 1046 est
2676 993 2727 1045 in
2757 993 2908 1047 cretis
2931 993 3112 1063 (Luca:
3143 996 3258 1048 xtl).

2342 1086 2416 1138 En
2450 1100 2543 1153 per
2574 1089 2687 1140 lucc
2714 1087 2915 1150 omnia,
2946 1102 3007 1140 ac
3041 1086 3189 1153 plura
3242 1087 3367 1151 alia,
3420 1087 3571 1147 ﬁrma
3606 1095 3663 1143 et
3704 1093 3855 1142 certa

2267 1195 2386 1235 esse
2415 1181 2674 1235 bonorum
2705 1197 2928 1249 operum
2974 1181 3189 1251 pratmia
3236 1182 3547 1239 declaravit.
3579 1183 3855 1251 Quemad~

2268 1274 2483 1329 modum
2515 1278 2673 1328 etiam
2716 1286 2901 1329 contra
2946 1276 3310 1342 improborum
3352 1278 3621 1332 actionum
3666 1291 3855 1344 prunas

2265 1367 2371 1421 illic
2398 1368 2697 1423 reconditas
2728 1382 2846 1421 esse
2875 1368 3231 1429 denuntiavit,
3265 1383 3358 1434 per
3379 1366 3717 1422 admirandas
3745 1366 3853 1421 sci-

2267 1456 2391 1511 licet
2436 1468 2490 1511 et
2532 1459 2766 1513 eximias
2794 1460 3071 1527 parabolas
3101 1475 3232 1526 quas
3282 1461 3370 1513 ille
3411 1460 3683 1527 sapientia
3729 1458 3855 1517 (om

2264 1566 2480 1619 prorsus
2501 1552 2774 1619 sapienter
2790 1555 3055 1621 expoutit.
3086 1553 3295 1608 Etenim
3318 1552 3538 1607 divitem
3561 1552 3853 1619 quemdam

2262 1644 2464 1698 indm-it
2510 1644 2686 1715 (Luae
2716 1646 2852 1715 xvr),
2898 1663 3129 1716 purpura
3173 1657 3229 1702 et
3276 1648 3436 1719 bysso
3486 1649 3754 1713 indutum.
3787 1664 3852 1706 ae

2266 1736 2504 1804 quotidie
2544 1740 2821 1806 splendide
2851 1741 3185 1807 epulantem;
3216 1751 3455 1795 tenacem
3484 1753 3663 1797 autem
3691 1752 3852 1811 atque

2260 1844 2288 1880 a
2333 1831 2698 1885 misericordia
2733 1842 3018 1896 remotum,
3052 1833 3187 1887 adeo
3216 1842 3271 1886 ut
3324 1848 3607 1901 pauperem
3651 1849 3850 1902 quemv

563 1919 696 1976 Nam
743 1923 784 1975 si
821 1923 1013 1975 mortui
1046 1939 1147 1976 non
1184 1932 1487 1991 resurgunt,
1533 1938 1599 1977 nc
1647 1924 1890 1977 Christus
1940 1925 2152 1993 quidem
2186 1919 2233 1980 Β
2260 1921 2404 1984 dam,
2456 1922 2711 1977 Lazarum
2760 1926 2995 1991 nomine,
3041 1923 3109 1979 ad
3136 1923 3278 1979 fores
3306 1940 3429 1979 suas
3454 1925 3718 1993 iacentem
3746 1926 3849 1983 deo,

560 2018 879 2070 resurrexit.
916 2016 973 2071 Si
1004 2028 1179 2070 autem
1212 2017 1460 2071 Christus
1482 2034 1584 2069 non
1637 2018 1945 2083 resnrrexit,
1979 2019 2149 2073 inanis

559 2117 642 2167 est
673 2109 802 2164 ﬁdes
824 2120 1020 2166 vestra.
1052 2112 1237 2164 Adhut:
1268 2112 1397 2165 estis
1432 2114 1481 2165 in
1512 2114 1745 2178 peccatis
1766 2116 1977 2167 vestris.
2012 2113 2067 2169 Si
2096 2114 2149 2169 in

556 2199 658 2255 hac
683 2210 884 2255 tantum
913 2203 1016 2255 vita
1059 2212 1335 2271 sperantes
1366 2218 1549 2257 sumus
1580 2204 1629 2257 in
1661 2202 1898 2272 Christo,
1930 2204 2150 2259 misera-

560 2291 777 2346 biliores
804 2308 988 2348 sumus
1011 2294 1257 2348 omnibus
1284 2295 1607 2348 hominibus.
1633 2295 1779 2349 Nune
1802 2306 1978 2350 autem
2002 2295 2151 2350 Chri-

554 2374 669 2437 Stus
696 2386 989 2437 resurrexit
1012 2401 1039 2437 a
1057 2386 1303 2450 mortuis,
1328 2385 1983 2454 primitimdormientium.
2008 2389 2150 2455 Quo-

554 2477 695 2530 niam
718 2478 931 2547 quidem
958 2492 1051 2548 per
1073 2479 1342 2534 hominem
1371 2496 1535 2544 mors,
1564 2496 1656 2550 per
1681 2483 1947 2537 hominem
1970 2496 2146 2539 autem

554 2572 882 2626 resurrectio
934 2583 1288 2628 mortuorum.
1342 2574 1407 2629 Ut
1452 2576 1595 2630 enim
1646 2577 1696 2630 in
1742 2576 1911 2631 Adam
1962 2595 2148 2634 omnes

556 2666 901 2732 moriuntur,
978 2666 1049 2719 ita
1106 2667 1158 2719 iu
1216 2666 1433 2720 Christo
1492 2683 1677 2721 omnes
1738 2669 2149 2724 viviﬁcabuntur

555 2752 609 2828 (I
642 2754 759 2809 Cor.
796 2759 911 2824 xv).
947 2758 1009 2811 Et
1040 2761 1219 2828 paucis
1250 2760 1541 2827 interjcctis
1574 2778 1586 2812 :
1621 2762 1842 2829 Oportet
1862 2763 2027 2831 enim,
2064 2762 2147 2817 in-

552 2847 687 2923 quit,
738 2849 1089 2918 corruptibile
1141 2853 1240 2905 hoc
1290 2851 1511 2907 induere
1564 2854 2037 2922 incorruptionem,
2095 2863 2149 2910 et

552 2940 779 2993 mortale
825 2941 925 2996 hoc
978 2942 1199 2998 induere
1249 2944 1722 3001 immortalitatem.
1782 2946 1912 3001 Cum
1968 2956 2145 3003 autem

555 3032 784 3099 mortale
816 3033 916 3087 hoc
945 3033 1177 3090 induerit
1200 3036 1680 3102 immortalitatem,
1715 3047 1838 3094 tunc
1863 3040 2149 3096 ﬁetsermo

551 3125 639 3194 qui
703 3127 933 3199 scriptus
996 3137 1096 3192 est,
1145 3127 1408 3197 Absorpta
1466 3139 1548 3183 est
1610 3145 1755 3184 mors
1804 3132 1855 3185 in
1902 3131 2142 3187 vietoria.

551 3212 653 3279 Ubi
702 3227 783 3271 est
834 3232 978 3271 mors
1024 3217 1242 3273 victoria
1291 3221 1415 3274 tua?
1467 3220 1565 3275 Ubi
1608 3232 1688 3276 est
1719 3238 1865 3279 mors
1894 3224 2147 3283 stimulus

550 3309 703 3364 tuus?
754 3310 1065 3367 llestruetur
1109 3326 1287 3367 autem
1330 3329 1548 3384 prorsus
1579 3330 1639 3369 ac
1667 3315 1929 3371 delebitur
1955 3321 2144 3374 mortis
2170 3297 2218 3361 ο

550 3401 809 3473 potentia,
845 3414 896 3455 ut
928 3420 1049 3474 quae
1076 3404 1183 3472 jam
1216 3404 1321 3457 vim
1378 3420 1527 3459 suam
1578 3420 1681 3460 non
1724 3416 1926 3474 exerat,
1957 3423 2142 3463 verum

551 3494 803 3565 deinceps
831 3495 1133 3553 hominibus
1165 3498 1540 3552 immortalitas
1570 3508 1729 3569 atque
1760 3500 2141 3570 incorruptibi-

550 3588 672 3649 litas
696 3592 1020 3660 sempiterna
1040 3592 1391 3644 concedatur.
1412 3593 1524 3644 Erit
1548 3592 1726 3662 igitur,
1756 3592 1877 3659 erit,
1904 3594 2140 3662 inquam,

549 3686 668 3741 sine
700 3684 802 3739 ulla
836 3683 1168 3737 dubitatione
1198 3693 1533 3737 mertuorum
1585 3682 1927 3749 resurrectio,
1983 3684 2143 3753 idque

548 3778 853 3837 certissime
876 3777 1165 3833 credimus.
1200 3778 1501 3845 Quinetiam
1529 3792 1705 3833 rerum
1738 3780 1788 3831 in
1816 3780 1920 3833 vita
1969 3791 2145 3847 gesta-

550 3888 693 3935 rum,
727 3888 949 3933 examen
982 3888 1044 3928 ac
1071 3875 1288 3941 praemia
1319 3882 1373 3935 et
1420 3889 1604 3945 poenas
1650 3874 1761 3929 fore
1808 3886 2142 3946 perspectum

557 3962 839 4033 habemus,
866 3966 919 4023 iu
950 3966 1238 4020 metuendo
1272 3966 1517 4021 videlicet
1545 3969 1805 4021 adventus
1827 3965 2026 4021 Christi
2059 3968 2145 4022 die

548 4052 602 4127 (1
634 4053 748 4110 Pet.
785 4060 868 4121 tt),
903 4055 951 4108 in
980 4069 1085 4123 quo
1131 4056 1252 4113 cteli
1303 4057 1420 4124 igne
1468 4058 1739 4112 solventur
1788 4066 1834 4112 et
1879 4059 2142 4113 elementa

551 4147 747 4209 ardore
769 4147 1170 4212 contabescent,
1190 4158 1241 4203 ut
1263 4147 1494 4217 theologi
1517 4148 1791 4219 cujusdam
1807 4149 1981 4203 verbis
2001 4158 2140 4207 utar.

548 4238 728 4301 Novus
748 4246 925 4295 autem
956 4240 1143 4306 cmlos,
1178 4255 1241 4294 ac
1274 4257 1468 4297 novam
1501 4252 1695 4297 terram
1731 4242 2022 4297 secundum
2065 4244 2144 4313 ip-

549 4332 664 4389 sius
694 4332 1101 4401 promissionem
1135 4342 1529 4402 exspectamus.
1559 4334 1688 4388 Nam
1712 4336 1852 4407 quod
1885 4336 1992 4391 illic
2014 4353 2144 4406 ope.

545 4439 664 4489 rum
700 4427 915 4492 prtetnia
942 4436 994 4480 et
1016 4441 1187 4495 ptenae
1209 4428 1335 4492 sint,
1368 4428 1601 4497 nihilque
1631 4431 1849 4483 omnino
1881 4429 2140 4485 bonorum

544 4517 629 4571 vel
660 4518 921 4573 malorum
969 4520 1291 4592 negligatur,
1322 4535 1502 4574 verum
1530 4532 1583 4575 et
1612 4524 1905 4589 actionum,
1942 4535 1993 4578 et
2024 4542 2140 4581 ver-

546 4610 760 4679 borum,
800 4620 853 4665 et
877 4613 1257 4681 cogitationum
1290 4631 1497 4669 merces
1528 4617 1798 4671 recondita
1822 4618 1911 4682 sit,
1942 4635 2006 4673 ex
2058 4621 2136 4674 his

2256 2015 2503 2081 spiceret,
2530 2031 2593 2070 ac
2619 2031 2686 2070 ne
2711 2018 2849 2085 ipsas
2875 2016 3090 2086 quidem
3118 2031 3316 2071 mensa:
3339 2031 3451 2070 suae
3481 2016 3647 2073 micas
3676 2016 3724 2071 ei
3744 2017 3847 2075 int-

2253 2108 2494 2176 pertiret.
2554 2108 2788 2178 Utroque
2846 2110 3004 2179 igitur
3050 2119 3294 2165 extremo
3331 2110 3452 2165 vita!
3502 2109 3589 2165 die
3636 2109 3837 2173 iuncto.

2254 2218 2456 2271 pauper
2486 2204 2699 2273 quidem
2723 2205 2813 2259 ille
2844 2216 3003 2275 atque
3031 2207 3310 2263 ulcerosus
3337 2207 3389 2261 in
3416 2208 3642 2262 Abrahae
3664 2209 3840 2264 sinum

2251 2295 2462 2351 delatus
2488 2308 2571 2352 est
2598 2298 2725 2368 (quo
2756 2313 2948 2367 nempe
2979 2298 3237 2355 vocabulo
3288 2301 3575 2367 proborum
3606 2300 3842 2357 virorum

2253 2388 2432 2443 sedem
2465 2389 2798 2460 declaravit),
2826 2392 2977 2447 dives
3004 2402 3188 2447 centra
3235 2392 3585 2447 acerbissimo
3612 2392 3843 2448 ﬂamma:

2254 2481 2518 2548 supplicio
2568 2484 2619 2535 itt
2669 2484 2875 2537 inferno
2924 2484 3169 2539 addictus
3216 2493 3321 2538 est.
3378 2484 3457 2540 Ad
3488 2500 3646 2553 quem
3676 2485 3840 2540 etiam

2256 2572 2521 2627 Abraham
2557 2572 2637 2627 his
2666 2575 2843 2628 verbis
2871 2574 3115 2631 utebatur
3147 2593 3158 2627 :
3191 2574 3451 2643 Recepisti
3485 2574 3619 2630 bona
3656 2574 3708 2629 in
3734 2575 3843 2632 vita

2255 2674 2362 2730 tua,
2396 2675 2450 2721 et
2480 2666 2709 2722 Lazarus
2738 2668 2981 2723 similiter
3011 2670 3167 2725 mala.
3192 2670 3340 2725 Nunc
3365 2679 3542 2725 autem
3571 2670 3687 2739 ipso
3713 2683 3842 2726 con-

2253 2760 2473 2822 solatur,
2503 2770 2556 2813 tu
2587 2775 2715 2815 vero
2744 2762 3018 2817 cruciaris.

2323 2854 2484 2925 362
2524 2856 2751 2908 itursum
2770 2855 2875 2909 alio
2893 2857 3012 2911 loco
3025 2858 3278 2913 ctelorum
3298 2871 3519 2925 regnum
3539 2856 3847 2914 hominire-

2252 2947 2302 3014 gi
2320 2946 2494 3002 simile
2511 2961 2630 3001 esse
2650 2947 2723 3001 ait
2737 2948 2827 3016 qui
2846 2948 2954 3002 tilio
2969 2962 3069 3003 suo
3085 2950 3295 3017 nuptias
3314 2948 3436 3004 fecit
3455 2948 3669 3017 (Matth.
3688 2950 3847 3018 xxn).

2254 3038 2361 3091 Per
2394 3039 2607 3106 nuptias
2638 3054 2795 3104 porro
2827 3039 3001 3095 futura
3034 3041 3213 3095 Imtitia
3240 3049 3293 3097 et
3317 3041 3534 3095 claritas
3559 3040 3844 3097 indicatur.

2255 3128 2465 3185 Etenim
2491 3131 2556 3187 ad
2582 3131 2812 3185 humiles
2831 3145 2894 3187 se
2922 3132 3149 3189 terrenis
3180 3130 3459 3187 aﬁectibds
3491 3132 3724 3195 imbutos
3752 3133 3847 3185 ho-

2253 3222 2426 3279 mines
2455 3223 2619 3281 verba
2663 3223 2881 3291 faciens,
2930 3222 3094 3283 abiis
3124 3224 3281 3281 rebus
3322 3224 3598 3293 quaeipsis
3637 3229 3849 3285 usitatae

2249 3330 2311 3370 ac
2343 3315 2634 3381 familiares
2665 3325 2838 3384 erant,
2884 3318 3164 3387 parabolas
3189 3317 3420 3375 ducebat
3474 3336 3484 3369 :
3544 3333 3651 3373 tton
3708 3316 3849 3386 quod

2250 3408 2461 3476 nuptias
2482 3417 2539 3464 et
2567 3424 2781 3473 mensas
2802 3408 2856 3465 in
2886 3423 3003 3465 arvo
3032 3408 3123 3464 illo
3145 3422 3267 3465 esse
3296 3408 3627 3473 ostenderet,
3652 3408 3748 3473 sed
3778 3407 3847 3469 ad

2250 3516 2434 3554 eorum
2466 3503 2763 3556 crassitiem
2807 3516 2927 3565 sese
2967 3501 3274 3569 demittens,
3309 3500 3393 3565 his
3426 3502 3701 3557 vocabulis
3732 3510 3847 3558 ute-

2250 3592 2424 3656 batur,
2448 3604 2504 3647 ut
2524 3593 2699 3647 futura
2726 3595 2854 3662 ipsis
2875 3595 3153 3662 perspicua
3182 3595 3401 3649 faceret.
3422 3596 3619 3650 Omnes
3644 3596 3842 3667 itaque,

2252 3684 2443 3755 inquit,
2470 3701 2561 3739 rex
2594 3685 2681 3738 ille
2712 3685 2925 3739 sublimi
2958 3686 3227 3755 praeconio
3252 3686 3315 3739 ad
3340 3688 3549 3756 nuptias
3579 3687 3840 3756 invitavit,

2248 3787 2408 3847 atque
2433 3787 2489 3831 ut
2519 3778 2672 3831 bonis
2705 3777 2811 3831 illis
2836 3777 2900 3831 ad
2924 3778 3225 3833 satietatem
3254 3794 3422 3849 usque
3446 3778 3769 3833 fruerentur.

2322 3869 2465 3923 Multi
2498 3879 2675 3925 autem
2717 3886 2901 3925 eorum
2942 3871 3029 3939 qui
3077 3871 3280 3925 invitati
3338 3872 3565 3941 fuerant,
3616 3872 3694 3927 ire
3748 3887 3843 3927 ne-

2251 3960 2531 4029 glexerunt
2564 3980 2577 4014 :
2611 3977 2793 4016 verum
2826 3977 2883 4016 se
2912 3962 3055 4031 ipsos
3085 3954 3353 4033 partimin
3378 3963 3542 4033 agris,
3574 3964 3761 4033 partim
3788 3964 3843 4020 in

2250 4053 2720 4122 negotiationibus,
2769 4056 2957 4123 partim
3005 4056 3055 4109 in
3104 4056 3360 4110 uxoribus
3393 4071 3560 4125 nuper
3606 4055 3842 4125 acceptis

2254 4157 2602 4215 occupantes,
2648 4148 2898 4216 nuptialis
2937 4149 3153 4203 thalami
3197 4150 3481 4219 splendore
3529 4158 3837 4205 caruerunt.

2248 4240 2359 4294 illis
2391 4250 2567 4294 autem
2619 4256 2711 4294 sua
2757 4252 2947 4307 sponte
2993 4258 3018 4293 a
3060 4244 3375 4295 suavissima
3408 4243 3493 4296 illa
3539 4242 3720 4295 ltetitia
3748 4256 3841 4296 ex-

2250 4320 2445 4393 clusis:
2473 4332 2558 4382 alii
2593 4329 2758 4382 vocati
2794 4340 2935 4396 sunt,
2970 4341 3131 4399 atque
3158 4332 3391 4400 impleta
3420 4340 3542 4385 sunt
3564 4334 3733 4401 epulae
3752 4330 3839 4385 di-

2250 4420 2667 4474 scumbentibus.
2692 4421 2968 4491 lngrrssus
2986 4432 3159 4476 autem
3185 4439 3277 4476 rex
3303 4433 3357 4476 ut
3374 4422 3577 4477 videret
3600 4424 3838 4478 discum-

2250 4511 2455 4573 bentes.
2509 4512 2633 4564 vidit
2677 4511 2783 4565 illic
2820 4512 3089 4568 hominem
3144 4529 3245 4568 non
3278 4516 3529 4569 vestitum
3567 4526 3717 4572 veste
3744 4530 3837 4571 nn-

2250 4605 2415 4673 ptiili.
2447 4604 2511 4659 Et
2533 4606 2667 4659 dixit
2690 4606 2736 4659 ei
2763 4624 2777 4660 :
2804 4608 3009 4674 Amice,
3036 4609 3303 4676 quomodo
3334 4611 3437 4664 huc
3466 4612 3695 4678 intrasti,
3731 4627 3838 4669 non

543 4704 739 4759 Christi
775 4707 949 4761 verbis
977 4720 1182 4763 constat
1214 4727 1225 4762 :
1252 4710 1567 4781 QniCnuque
1594 4724 1774 4781 potum
1802 4681 2010 4767 dederit
2041 4715 2133 4768 uni
2165 4681 2221 4753 υ
2248 4699 2449 4752 hanc“
2481 4709 2679 4753 "05W"
2732 4700 3061 4769 ""Plia'em?
3110 4704 3177 4755 Αἱ
3225 4702 3311 4755 me
3350 4705 3635 4759 οίηηυιυῖι-
3691 4706 3837 4759 Tunc

543 4810 609 4853 ex
640 4797 749 4850 min
773 4798 872 4850 mis
906 4798 1021 4851 istis
1047 4800 1269 4855 calicem
1302 4816 1453 4869 aqum
1485 4801 1702 4869 frigidae,
1739 4811 1940 4855 tantum
1972 4804 2023 4857 in
2050 4819 2139 4859 no-

545 4889 691 4943 mine
713 4890 981 4959 dist-ipuli,
1009 4908 1112 4944 non
1134 4893 1321 4963 perdet
1340 4896 1635 4949 mercedem
1652 4911 1800 4948 suam
1822 4894 2037 4967 (Matth.
2057 4900 2133 4967 x).

544 4985 621 5038 Ac
653 4999 864 5036 rursum
912 5000 973 5037 ex
1006 4984 1085 5039 l'is
1118 5002 1129 5036 :
1164 4986 1292 5039 Cum
1327 4988 1532 5040 venerit
1585 4986 1748 5040 Filius
1793 4986 2023 5042 hominis
2082 4991 2133 5042 in

540 5076 823 5147 majestate
851 5092 966 5139 sua,
1002 5086 1057 5133 et
1086 5094 1273 5133 omnes
1305 5080 1475 5155 angeli
1503 5095 1622 5133 cum
1655 5096 1741 5146 eo,
1774 5092 1895 5135 tune
1928 5083 2135 5137 sedebit

544 5182 705 5239 super
732 5169 914 5223 sedem
949 5171 1242 5241 majestats
1284 5188 1414 5236 suae,
1449 5181 1501 5227 et
1525 5175 1983 5244 congregabantur
2012 5187 2134 5230 ante

542 5278 663 5316 cum
694 5278 883 5319 omnes
910 5275 1115 5335 gentes,
1149 5274 1201 5319 et
1223 5268 1489 5332 separabit
1518 5283 1610 5321 eos
1631 5271 1697 5320 ah
1727 5270 1971 5329 invicem,
1997 5270 2134 5323 sicut

539 5363 721 5422 pastor
745 5366 989 5425 segregat
1009 5371 1136 5410 oves
1156 5357 1223 5409 ab
1250 5357 1434 5411 int-dis.
1469 5359 1527 5412 Et
1552 5370 1747 5412 statuet
1768 5376 1892 5413 oves
1916 5362 2129 5429 quidem

538 5460 566 5499 ιι
593 5444 799 5503 dextris
828 5448 959 5509 suis,
996 5447 1177 5501 haedos
1208 5460 1384 5506 autem
1432 5466 1459 5503 a
1492 5450 1742 5504 sinistris.
1793 5451 1942 5505 'l‘uuc
1990 5454 2131 5507 dicet

539 5536 651 5603 liex
686 5539 764 5596 his
794 5541 880 5611 qui
914 5559 942 5596 a
970 5542 1171 5598 dextris
1203 5554 1357 5599 erunt
1389 5564 1400 5599 :
1428 5545 1633 5608 Venite,
1666 5546 1928 5602 benedicti
1956 5548 2125 5603 Patris

539 5631 670 5699 tnei,
696 5634 960 5701 possidete
990 5651 1212 5707 regnum
1242 5638 1389 5691 vobis
1419 5647 1658 5705 paratum
1694 5654 1721 5691 a
1746 5641 2125 5695 constitutione

539 5726 746 5789 mundi.
782 5730 987 5791 Esurivi
1018 5731 1181 5795 enim,
1215 5741 1265 5784 et
1307 5730 1528 5785 dediSIis
1570 5732 1697 5787 mihi
1752 5735 2074 5789 manducare
2109 5749 2124 5800 ;

534 5822 701 5895 sitivi,
739 5832 791 5891 et
810 5824 1040 5880 dedistis
1066 5822 1191 5877 mihi
1220 5822 1432 5890 bibere;
1467 5826 1658 5895 hospes
1689 5842 1854 5895 eram,
1890 5838 1939 5882 et
1965 5828 2127 5882 colle-

531 5916 688 5991 gistis
718 5930 834 5982 me;
891 5914 1084 5983 nudus,
1114 5916 1544 5984 etcoOperuistis
1588 5932 1708 5982 me;
1759 5918 2018 5981 inﬁrmus,
2075 5927 2128 5973 et

2243 4795 2372 4848 dixit
2395 4810 2485 4847 rex
2519 4795 2776 4848 ministris
2802 4812 2814 4848 :
2848 4795 3043 4865 Ligatis
3070 4797 3291 4865 pedibus
3319 4813 3379 4851 ac
3411 4800 3661 4852 manibus
3690 4799 3830 4868 ejus,

2244 4888 2412 4941 tollite
2460 4902 2602 4951 eum,
2645 4896 2697 4941 ct
2747 4888 2940 4941 mittite
2986 4892 3037 4942 in
3094 4891 3344 4945 tenebras
3373 4893 3690 4946 exteriores.
3726 4892 3836 4946 llh‘c

2242 4980 2343 5031 erit
2374 4978 2526 5032 ﬁctus
2554 4988 2608 5032 et
2629 4980 2826 5033 stridor
2854 4981 3113 5035 dentium.
3146 4982 3247 5037 Per
3279 4984 3375 5037 hos
3405 4999 3565 5052 porro
3605 4984 3695 5053 qui
3736 4999 3835 5037 nu-

2240 5073 2364 5141 ptiis
2396 5072 2653 5127 interesse
2686 5088 3022 5140 recusarunt,
3052 5093 3152 5133 nec
3178 5079 3228 5133 ei
3274 5093 3302 5131 a
3355 5094 3461 5145 quo
3503 5078 3833 5137 Verebantur

2245 5166 2354 5219 ullo
2381 5166 2543 5219 modo
2572 5180 2774 5221 morem
2804 5180 3105 5235 gesserunt,
3139 5171 3213 5224 illi
3241 5170 3607 5239 signiﬁcantur
3644 5174 3734 5240 qui
3764 5172 3831 5239 ad

2241 5260 2442 5312 Christi
2474 5259 2630 5312 tidem
2662 5260 2881 5315 minime
2910 5274 3276 5329 occurrerunt,
3305 5280 3486 5318 verum
3514 5273 3605 5321 aut
3634 5266 3688 5321 in
3717 5266 3833 5325 ido-

2241 5351 2413 5404 lorum
2443 5351 2610 5416 cultu,
2645 5362 2735 5405 aut
2768 5354 2818 5407 in
2861 5355 3033 5423 aliqua
3066 5355 3256 5409 heresi
3312 5357 3680 5424 perstiterunt.
3732 5360 3831 5416 Per

2238 5459 2359 5497 cum
2389 5453 2565 5499 autem
2595 5445 2683 5514 qui
2727 5457 2873 5499 veste
2901 5448 3096 5515 nuptiis
3120 5458 3477 5506 consentanea
3513 5453 3755 5515 carebat,
3788 5452 3831 5506 is

2239 5540 2455 5594 demum
2509 5540 2845 5610 intelligitur,
2896 5543 2983 5610 qui
3018 5541 3120 5597 ﬁde
3160 5544 3373 5614 quidem
3423 5544 3676 5613 pra-ditus
3706 5544 3827 5611 iuit,

2235 5642 2484 5687 castorum
2513 5635 2841 5703 spiritualem
2863 5645 3066 5691 vestem
3090 5638 3311 5705 impuris
3336 5638 3544 5706 ﬂagitiis
3565 5652 3830 5707 consput-

2235 5725 2393 5786 cavit,
2428 5727 2726 5796 meritoque
2759 5728 2979 5796 proinde
3003 5744 3033 5782 a
3085 5729 3337 5798 nuptialis
3369 5729 3590 5785 thalami
3638 5731 3827 5787 latitia

2235 5822 2515 5877 submotus
2548 5832 2649 5877 est.

2307 5914 2442 5982 Quin
2490 5915 2647 5970 aliam
2687 5927 2901 5984 quoque
2944 5915 3245 5985 huiusmodi
3287 5916 3597 5988 parsbotsm
3625 5918 3823 5975 eodem
