4158 6354
323 479 427 533 ΔῚῚ

741 467 911 527 VJTA
947 463 1375 524 SANCTORUH
1409 458 1748 519 BABLAMI
1787 451 2126 513 Εῐιειιοω
2165 448 2257 510 ET
2297 443 2653 508 JOSAPHAT
2697 439 2904 500 INDUE
2943 431 3169 495 REGIS.

3479 408 3593 486 470

324 593 684 668 pertinentem
725 583 919 650 attulit,
951 581 1236 654 propositis
1279 579 1528 635 nimirum
1569 577 1756 631 decem
1781 572 1898 642 qui-
1923 569 1979 633 Δ
2003 578 2299 640 peccatum.
2326 566 2418 623 Vat
2462 566 2551 634 qui
2601 561 2778 618 dicitis
2825 558 3022 618 malum
3061 556 3282 620 bonam,
3333 555 3596 622 ponentes

315 684 552 742 busdam
579 677 893 748 virginibus,
917 690 1144 746 quarum
1167 674 1402 744 quinque
1421 671 1709 743 prudentes
1730 672 1904 730 erant,

315 789 380 835 et
403 779 635 849 quinque
669 771 829 827 {atate
859 767 1077 841 (Matth.
1107 767 1257 837 xxv).
1284 765 1419 832 Qum
1463 762 1679 834 quidem
1727 759 1905 822 fatua,

327 870 562 939 acceptis
589 863 920 934 lampadibus
941 861 1074 926 suis,
1105 873 1210 914 non
1239 864 1591 926 sumpserunt
1616 853 1910 908 oleumse-

326 979 474 1029 eum,
508 959 800 1031 prudentes
825 961 1006 1010 autem
1037 960 1400 1018 sumpserunt.
1435 950 1548 1004 iioc
1575 956 1752 1001 autem
1795 945 1911 998 loco

315 1074 423 1130 per
450 1059 627 1112 oleum
671 1050 956 1122 probarem
993 1047 1262 1104 anticum
1289 1043 1686 1116 possessionem
1708 1037 1912 1108 signifi-

311 1151 486 1207 cavit.

403 1239 572 1296 Iledia
591 1246 768 1292 autem
791 1243 968 1298 nocte,
991 1231 1184 1301 inquit,
1210 1231 1412 1287 clamor
1444 1229 1614 1284 factus
1634 1236 1746 1282 est:
1778 1225 1915 1280 Ecce

319 1347 560 1405 εροηωε
585 1329 754 1396 venit,
787 1327 932 1382 exite
967 1326 1178 1380 obviam
1216 1325 1289 1381 ei.
1351 1324 1518 1377 Porro
1558 1336 1655 1390 per
1685 1318 1913 1372 mediam

309 1438 542 1485 stentem
565 1426 669 1480 diei
698 1425 840 1479 illius
861 1420 1288 1476 incertitudinem
1313 1416 1597 1472 indicavit.
1623 1414 1773 1467 Tunc
1794 1426 1915 1465 sur-

315 1529 588 1579 rexerunt
618 1532 806 1576 omnes
840 1515 1071 1584 virgines
1099 1513 1244 1578 illae;
1277 1521 1334 1564 et
1365 1525 1481 1579 qua!
1514 1517 1708 1576 paratae
1737 1511 1912 1568 erant,

327 1614 577 1671 exierunt
605 1611 816 1666 obviam
856 1621 1077 1675 sponso,
1110 1613 1165 1659 et
1195 1605 1527 1657 intraverunt
1573 1613 1694 1653 cum
1744 1611 1811 1651 eo
1851 1593 1917 1648 ad

327 1707 565 1776 nuptias,
602 1712 654 1757 et
677 1702 857 1757 clausa
897 1710 976 1755 est
1006 1699 1190 1768 ianua.
1235 1698 1366 1763 Quae
1418 1701 1596 1748 autem
1647 1691 1919 1759 imparatis

313 1807 490 1856 erant
519 1803 674 1867 (quas
695 1796 858 1848 etiam
886 1792 1088 1846 idcirco
1113 1803 1218 1843 non
1250 1788 1346 1841 abs
1377 1801 1434 1840 re
1460 1785 1654 1838 stultas
1682 1782 1919 1852 appella-

328 1889 603 1962 vit),'cum
639 1887 906 1954 lampades
935 1898 1059 1939 suus
1089 1881 1349 1948 exstingui
1411 1877 1796 1945 pet'Spicerent,
1854 1870 1919 1924 ad

317 1986 515 2040 coleum
543 1981 831 2036 emendum
862 1992 984 2034 sese
1021 1977 1384 2030 contulerunt.
1421 1973 1740 2037 Posteaque,
1769 1967 1922 2020 clau-

323 2078 402 2133 sis
419 2079 528 2143 jam
553 2075 775 2140 foribus,
797 2072 1133 2136 accedentes,
1155 2068 1475 2132 clamabant,
1501 2066 1739 2118 dicentes
1771 2079 1786 2115 :
1820 2061 1921 2115 Do-

321 2169 495 2232 mine,
530 2165 773 2230 Domine,
808 2165 954 2233 aperi
986 2163 1159 2216 nobis.
1206 2161 1322 2228 Ipse
1351 2167 1526 2211 autem
1569 2153 1918 2223 respondens,

325 2260 468 2315 dixit
491 2259 611 2313 eis:
642 2259 812 2312 Amen
852 2254 970 2308 dico
995 2251 1360 2318 vobis,uescio
1381 2264 1495 2303 vos.
1528 2247 1603 2302 Ex
1635 2247 1719 2300 his
1745 2243 1925 2299 omni-

329 2354 432 2409 bus
449 2350 728 2422 perspicue
745 2354 974 2411 constat,
999 2343 1226 2414 improbi
1238 2372 1253 2386 ι
1279 2340 1594 2404 actionibus,
1613 2348 1770 2407 atque
1789 2336 1923 2388 adeo

330 2445 694 2509 sermonibus,
720 2442 953 2511 ipsisque
974 2440 1136 2495 etiam
1164 2435 1592 2509 cogitationibus,
1631 2446 1770 2486 ‘uam
1801 2444 1924 2485 esse

327 2538 635 2594 mercedem
664 2533 1027 2588 constitutam.

406 2631 549 2685 Dixit
574 2628 717 2684 enim
759 2628 1045 2683 Salvator:
1082 2623 1212 2678 Dico
1233 2621 1408 2686 vobis,
1440 2621 1580 2689 quod
1621 2632 1778 2671 omne
1808 2630 1922 2670 vcr-

330 2723 460 2778 bnm
482 2725 712 2776 otiosum
743 2719 884 2790 quod
910 2719 1069 2772 locuti
1096 2716 1292 2770 fuerint
1321 2712 1589 2775 homines,
1610 2709 1835 2763 reddent
1856 2709 1925 2763 de

331 2831 400 2871 eo
429 2817 690 2870 rationem
730 2813 782 2867 in
831 2812 918 2867 die
959 2810 1144 2880 iudicii
1177 2807 1391 2879 (Matth.
1420 2803 1546 2873 xu).
1578 2805 1652 2856 Ac
1677 2816 1920 2856 rursum:

333 2911 510 2964 Vestri
543 2922 675 2963 vero
702 2916 754 2960 et
784 2903 960 2975 capilli
1010 2901 1195 2971 Cupitis
1249 2911 1435 2953 omnes
1484 2894 1746 2949 numerati
1803 2900 1928 2948 sunt

331 3001 554 3074 (Matth.
605 2999 679 3070 χ).
721 2999 845 3067 Quo
869 2997 1071 3051 scilicet
1100 2994 1221 3049 loco
1251 3007 1343 3063 per
1368 2989 1591 3059 capillos
1631 2987 1926 3042 minutissi-

333 3110 458 3151 mas
506 3095 665 3148 etiam
729 3091 1183 3146 considerationes
1235 3088 1504 3156 animique
1571 3085 1920 3154 cogitationes

334 3185 675 3257 significavit.
723 3184 1088 3239 Couseutanea
1135 3191 1312 3236 autem
1356 3181 1438 3235 bis
1487 3194 1696 3249 quoque
1739 3178 1927 3232 beatus

336 3279 541 3336 Paulus
573 3279 732 3333 tradit
766 3296 778 3332 :
817 3277 978 3332 Vivus
1005 3285 1107 3342 est,
1144 3275 1332 3346 inquit,
1366 3287 1545 3328 sermo
1580 3271 1692 3338 Dei,
1725 3278 1780 3325 et
1809 3270 1924 3324 effl-
1955 3339 1960 3343 ν

2005 675 2248 719 amarum
2279 661 2332 716 in
2362 657 2540 724 dulce,
2570 666 2622 712 et
2657 653 2809 710 dulcc
2840 653 2892 706 in
2921 663 3179 704 amarum.
3218 645 3308 702 Vat
3353 642 3445 710 qui
3478 654 3599 709 δυο·

2015 763 2188 810 tentes
2215 753 2345 806 estis
2366 751 2432 806 ad
2466 747 2753 803 bibendum
2784 745 2983 800 vinum.
3015 749 3071 795 et
3093 739 3189 794 viri
3215 736 3378 793 fortes
3403 735 3470 788 ad
3497 730 3600 788 mi-

2005 845 2263 902 scendam
2286 843 2625 899 ebrietatem.
2651 837 2751 906 Qui
2769 833 3074 906 jnstilicatis
3103 828 3324 896 impium
3346 840 3446 896 pro
3475 837 3597 880 mit-

2003 937 2254 1001 ueribus,
2283 944 2339 991 et
2374 934 2632 1003 ju~tttiatn
2674 930 2833 1000 263
2878 927 3006 992 justi
3040 922 3260 977 adfertis
3282 919 3352 976 ab
3379 931 3466 972 eo.
3496 912 3600 981 Qui

2013 1027 2296 1086 declinatis
2309 1025 2563 1094 judicium
2587 1035 2902 1091 pauperum,
2921 1026 2976 1072 et
2995 1014 3223 1082 diripitis
3244 1007 3598 1094 substantiam

2015 1132 2331 1191 egenoru,
2360 1123 2419 1172 nt
2456 1115 2522 1170 sit
2547 1112 2698 1166 vobis
2722 1111 2995 1178 orpltanus
3022 1108 3072 1162 in
3098 1103 3356 1172 praedam.
3387 1098 3452 1156 Et
3475 1093 3602 1165 quid

2016 1188 2229 1268 facietis
2255 1210 2308 1265 in
2337 1207 2425 1262 die
2457 1203 2814 1260 visitationis?
2843 1211 2893 1255 et
2923 1199 2986 1252 ad
3018 1212 3176 1266 quem
3204 1189 3523 1259 confugietis
3548 1188 3601 1246 in

2018 1308 2274 1364 auxilium
2293 1304 2315 1356 7
2337 1313 2393 1358 et
2416 1301 2504 1356 ubi
2529 1295 2910 1365 derelinquetis
2931 1291 3151 1362 gloriam
3177 1295 3432 1346 vestram,
3464 1296 3531 1334 ne
3550 1279 3605 1336 in

2024 1401 2386 1455 visitationem
2417 1391 2703 1450 incidatis?
2758 1389 2983 1456 Propter
3034 1384 3156 1449 hoc.
3203 1381 3342 1436 sicut
3387 1377 3610 1430 devorat

2020 1493 2268 1562 Stipulam
2311 1489 2494 1557 lingua
2537 1484 2697 1554 ignis,
2730 1489 2785 1536 et
2813 1480 2961 1534 calor
2993 1476 3225 1530 llatutnaa
3273 1468 3482 1534 exutit,
3527 1464 3607 1520 sic

2022 1585 2172 1643 radix
2201 1597 2386 1639 eorum
2423 1581 2574 1648 quasi
2609 1576 2784 1630 favilla
2829 1573 2950 1638 erit,
2982 1582 3036 1626 et
3079 1579 3294 1639 germen
3321 1574 3508 1618 eorum
3551 1564 3611 1612 ut

2023 1675 2212 1745 pulvis.
2263 1671 2590 1741 Abjecerunt
2615 1665 2755 1720 enim
2788 1663 2956 1731 legem
3010 1656 3220 1713 Domini
3256 1651 3609 1714 exercituum,

2025 1741 2076 1823 et
2098 1768 2366 1836 eloquiutu
2393 1762 2561 1816 sancti
2590 1757 2750 1813 lsruel
2781 1754 3284 1824 blasphetnaveruut
3312 1741 3538 1815 (Iaa.v).

2099 1860 2300 1916 Eodem
2342 1856 2566 1920 accedit,
2601 1852 2742 1920 quod
2766 1853 2838 1906 ait
2867 1849 3002 1904 alius
3026 1843 3280 1912 propheta
3313 1858 3325 1896 :
3355 1840 3510 1893 iuxta
3535 1840 3617 1890 est

1957 1959 2008 2022 Β
2033 1957 2148 2012 dies
2180 1953 2392 2010 Domini
2424 1963 2612 2020 magna
2646 1957 2700 2000 ct
2729 1945 2880 1998 velox
2912 1941 3089 1995 nimis.
3123 1937 3239 1992 Vox
3269 1933 3375 1988 diei
3407 1925 3618 1985 Domini

2027 2064 2230 2111 amara,
2258 2019 2600 2100 tribuiubitur
2631 2039 2804 2091 fortis.
2834 2035 2958 2096 Dies
2989 2034 3082 2086 itte
3103 2030 3216 2086 dies
3242 2027 3353 2091 illa,
3384 2024 3502 2082 dies
3526 2019 3619 2076 tri-

2027 2139 2318 2200 bulationis
2340 2147 2396 2192 et
2429 2134 2710 2200 angustiae,
2753 2131 2869 2186 dies
2917 2123 3238 2181 calamitatis
3263 2129 3318 2176 et
3365 2117 3617 2181 miseriae,

2007 2237 2141 2291 .dies
2170 2231 2516 2287 tenebrarum
2548 2233 2604 2281 et
2626 2222 2893 2289 caliginis,
2917 2217 3032 2271 dies
3057 2215 3266 2270 nebula:
3285 2219 3338 2266 et
3363 2206 3615 2272 turbinis,

2027 2328 2144 2384 dies
2175 2325 2314 2379 tubm
2344 2330 2398 2375 et
2421 2314 2690 2386 clangoris
2710 2327 2872 2381 super
2895 2311 3137 2370 civitates
3160 2303 3414 2364 munitas,
3444 2307 3498 2352 et
3527 2312 3622 2351 su-

2027 2434 2125 2491 per
2153 2414 2376 2486 angulos
2399 2411 2664 2466 excelsos.
2701 2406 2766 2459 Et
2795 2400 3059 2457 tribulabo
3106 2396 3388 2466 malignos,
3420 2401 3474 2445 et
3515 2404 3622 2442 atu-

2029 2482 2288 2570 bulabuitt
2315 2507 2464 2576 caici,
2496 2505 2621 2573 quia
2645 2501 2870 2556 Domino
2897 2500 3282 2568 peccaverunt;
3310 2497 3364 2542 et
3385 2482 3623 2539 efi'unde‘

2031 2617 2117 2664 tur
2145 2603 2360 2674 sanguis
2380 2614 2565 2656 eorum
2589 2593 2727 2651 sicut
2751 2594 2964 2655 humus,
2989 2594 3255 2652 etcorpus
3277 2593 3461 2638 eorum
3483 2576 3623 2632 sicut

2033 2710 2295 2756 stercora.
2327 2693 2434 2748 bed
2460 2702 2514 2746 et
2546 2695 2826 2758 argentum
2857 2696 3060 2744 eorum,
3103 2688 3156 2731 et
3198 2687 3387 2732 aurum
3434 2681 3622 2725 eorum

2031 2807 2136 2848 non
2166 2785 2606 2860 poteritliberare
2626 2792 2720 2834 eos
2751 2779 2802 2832 in
2827 2774 2913 2830 die
2936 2768 3130 2826 furoris
3156 2764 3388 2821 Domini.
3415 2762 3470 2818 lu
3500 2761 3625 2830 igne

2011 2884 2132 2941 .zeli
2163 2882 2282 2952 ejus
2307 2876 2652 2936 devorahitnr
2679 2869 2852 2925 omnis
2895 2877 3057 2927 terra.
3109 2861 3230 2931 quia
3283 2864 3624 2912 consumma-

2012 2947 2234 3036 tionem
2272 2989 2393 3029 cum
2428 2968 2770 3026 featinatioue
2800 2963 2959 3023 faciet
3010 2956 3218 3015 cunctis
3259 2947 3624 3008 habitantibus

2035 3080 2232 3126 terram
2266 3064 2460 3136 (Soph.
2491 3067 2552 3131 t).
2583 3061 2805 3126 insuper
2833 3055 2994 3110 etiam
3048 3047 3211 3106 David
3256 3059 3353 3136 rex
3398 3047 3454 3095 et
3500 3053 3628 3108 pro-

2017 3166 2196 3235 .pheta
2216 3130 2283 3215 ad
2307 3130 2450 3220 hunc
2471 3130 2686 3212 modum
2713 3151 2938 3206 clamat:
2960 3146 3103 3200 Deus
3126 3135 3409 3198 manifeste
3429 3130 3627 3196 veniet,

2038 3226 2179 3314 Deus
2207 3264 2415 3320 uoster,
2445 3262 2501 3308 et
2531 3266 2638 3305 non
2669 3246 2868 3302 silebit.
2901 3240 3042 3310 ignis
3088 3238 3142 3291 iu
3188 3241 3478 3302 conspectu
3511 3226 3629 3297 eius

339 3319 541 3336 ...υ-υς.
574 3319 732 3333 ........
767 3321 777 3332 .
833 3319 978 3332 ...ω
1005 3319 1107 3342 νυν,
1144 3319 1332 3346 ....,...-,
1367 3319 1541 3328 --....-
1581 3319 1692 3338 ----,
1730 3319 1779 3325 _-
1813 3319 1836 3324 -
1864 3319 1892 3323 _-
2401 3319 2405 3320 ν

334 3389 461 3442 eax,
490 3389 555 3429 ac
577 3371 957 3444 penetrabilior
984 3372 1127 3425 omni
1161 3371 1337 3440 gladio
1365 3366 1605 3435 ancipiti,
1637 3375 1689 3420 et
1720 3364 1924 3434 pertin-
1945 3339 2005 3416 ηδ
2035 3348 2374 3412 elatdescei.
2406 3354 2460 3400 οι
2489 3344 2542 3399 in
2572 3338 2796 3396 θίπευίίυ
2825 3335 2944 3405 eius
2973 3337 3264 3399 ιθωνοειειε
3288 3322 3485 3380 ν³¹ίίί³ο
3516 3319 3630 3376 Ᾱίί·

2181 3443 2185 3444 ν
2216 3441 2224 3444 -
2365 3438 2374 3444 .
2515 3436 2524 3444 .
2866 3439 2875 3444 -
2913 3435 2927 3444 .
3134 3421 3180 3444 λε
3201 3431 3437 3444 .--_..,.....
3463 3427 3630 3444 ........_

335 3480 472 3538 gens
493 3479 660 3537 usque
691 3465 756 3520 ad
779 3464 1094 3519 divisionem
1123 3461 1317 3516 animae
1342 3469 1396 3515 et
1422 3459 1678 3527 corporis,
1706 3455 1928 3526 spiritus

338 3573 558 3630 quoque
603 3569 657 3614 et
699 3571 1015 3628 compagum
1057 3569 1120 3610 ac
1157 3553 1534 3616 medullarum,
1577 3559 1628 3604 et
1672 3550 1933 3603 discretor

343 3654 726 3724 cogitationum
757 3658 812 3706 et
840 3648 1192 3704 intentionem
1221 3644 1418 3702 cordis.
1457 3644 1518 3698 Et
1557 3657 1662 3696 non
1693 3650 1775 3695 cst
1823 3639 1930 3694 ulla

349 3754 598 3801 creatura
643 3741 924 3798 invisibilis
964 3742 1020 3795 in
1057 3747 1348 3808 conspectu
1375 3736 1512 3805 eius,
1544 3733 1722 3788 omnia
1753 3741 1930 3785 autem

344 3840 487 3896 nuda
514 3849 567 3894 et
607 3846 789 3904 aperta
820 3844 943 3890 sunt
969 3833 1023 3894 in
1045 3832 1219 3888 oculis
1245 3829 1382 3902 ejus,
1407 3828 1473 3883 ad
1493 3841 1650 3898 quem
1675 3823 1830 3880 nobis
1850 3832 1932 3879 est

343 3947 524 3989 sermo
558 3931 745 4002 (Hebr.
772 3928 848 3998 tv)

423 4027 548 4081 limo
576 4026 740 4079 etiam
772 4020 1046 4092 prophetae
1076 4016 1249 4088 longis
1295 4015 1364 4071 ab
1407 4013 1531 4068 hinc
1580 4009 1932 4082 temporibus,

345 4120 584 4192 Spiritus
612 4119 782 4174 sancti
822 4116 990 4185 gratia
1020 4111 1293 4181 illustrati,
1336 4107 1676 4179 apertissime
1726 4107 1936 4160 nuntia-

345 4225 560 4269 verunt.
591 4212 678 4266 Ait
705 4210 847 4266 enim
879 4208 1040 4263 lsaias
1089 4223 1101 4258 :
1139 4205 1247 4274 Ego
1274 4217 1436 4272 Opera
1467 4201 1673 4255 illorum
1705 4197 1850 4260 novi,
1885 4205 1938 4251 et

331 4306 572 4363 reddam
602 4305 702 4360 eis.
749 4303 888 4357 Ecce
919 4300 1076 4356 venio
1105 4308 1164 4354 ut
1189 4311 1505 4368 congregem
1535 4306 1722 4348 omnes
1752 4298 1937 4362 gentes

349 4410 405 4456 et
434 4401 670 4469 linguas;
699 4407 753 4453 et
779 4397 1015 4464 venient,
1043 4404 1097 4450 et
1121 4392 1377 4449 videbunt
1403 4387 1626 4461 gloriam
1649 4400 1822 4442 meam
1848 4402 1861 4451 ;
1889 4394 1941 4440 et

351 4495 461 4552 erit
489 4495 686 4551 omium
721 4509 938 4556 novum,
971 4501 1021 4547 et
1055 4503 1191 4546 terra
1237 4503 1395 4554 nova,
1449 4501 1567 4556 qua:
1611 4499 1709 4554 ego
1749 4482 1938 4536 faciam

352 4603 576 4644 manere
605 4602 782 4642 coram
809 4601 914 4640 me.
951 4585 1014 4638 Et
1036 4584 1215 4638 veniet
1243 4579 1418 4635 omnis
1440 4593 1587 4644 caro,
1620 4586 1673 4630 et
1700 4573 1942 4630 adorabit

347 4695 441 4738 me
471 4681 524 4737 in
551 4687 841 4749 conspectu
871 4691 1012 4742 meo,
1042 4675 1168 4730 dicit
1199 4672 1486 4734 Dominus;
1513 4678 1569 4726 et
1614 4667 1855 4731 exibunt,
1889 4673 1944 4718 et

2045 3441 2250 3500 vocabit
2275 3438 2472 3494 omium
2495 3436 2800 3494 desursum,
2829 3439 2880 3483 et
2913 3435 3107 3480 terram
3130 3421 3437 3476 discernere
3463 3427 3630 3483 popu-

2037 3536 2148 3592 lum
2175 3547 2330 3591 suum
2363 3527 2536 3601 (Paul.
2571 3523 2741 3593 xm).
2766 3525 2844 3576 Ac
2871 3532 3080 3572 rursum
3110 3532 3126 3568 ε
3161 3512 3422 3601 Exsurge,
3464 3505 3628 3601 Deus,

2021 3626 2230 3694 inquit.
2281 3632 2338 3682 et
2367 3595 2548 3689 iudica
2580 3627 2800 3680 terram,
2829 3609 3077 3682 quoniam
3105 3602 3358 3674 cogitatio
3397 3595 3632 3654 hominis

2037 3687 2383 3780 confitebitur
2407 3712 2502 3776 tibi
2525 3708 2746 3780 (Psaint.
2780 3705 3004 3770 pxxvu).
3030 3699 3108 3754 Ac
3129 3708 3341 3754 rursum
3367 3709 3382 3750 δ
3407 3689 3488 3748 Tu
3513 3687 3632 3746 red-

2039 3813 2135 3866 des
2190 3808 2477 3874 unicuique
2522 3803 2672 3870 juxta
2729 3810 2892 3867 opera
2949 3807 3066 3848 sua.
3117 3786 3406 3856 Complura
3450 3789 3628 3838 autem

2029 3907 2200 3962 etiam
2246 3903 2350 3966 alia
2385 3896 2710 3970 ltujusmodi,
2766 3903 2876 3946 tum
2933 3885 3234 3947 Psalmista,
3283 3891 3393 3934 tum
3443 3887 3632 3932 omnes

2041 3999 2317 4071 prophetat
2342 3969 2522 4052 divino
2553 3989 2751 4059 Spiritu
2779 3981 2974 4047 edocti,
3010 3980 3078 4034 de
3109 3977 3286 4032 futuro
3327 3969 3534 4043 judicio
3571 3980 3634 4021 ac

2042 4095 2291 4152 mercede
2331 4086 2714 4161 praedicarunt.
2775 4079 3012 4146 Quorum
3063 4081 3343 4128 sermones
3389 4062 3635 4120 Salvator

2047 4200 2263 4258 quoque
2292 4181 2594 4243 certissime
2623 4173 2971 4234 conﬁrmans,
3021 4178 3120 4222 nos
3171 4170 3497 4218 ηιοιιυοιυηι
3553 4165 3635 4206 re<

2033 4282 2456 4350 correctionem,
2504 4286 2793 4339 rerumque
2850 4267 2905 4321 in
2956 4263 3066 4320 vita
3116 4268 3389 4330 gestarum
3434 4261 3636 4306 merce-

2035 4347 2188 4441 ;detn,
2218 4383 2376 4443 atque
2408 4340 2762 4430 imntortalem
2794 4357 2958 4416 futuri
2984 4353 3164 4410 saeculi
3214 4347 3375 4404 vitam
3414 4340 3636 4397 credere

2046 4472 2248 4528 docuit.

2120 4565 2246 4620 CAP.
2284 4554 2679 4622 X.-Josapliat
2719 4555 2904 4606 autem
2946 4535 3151 4609 ingenti
3193 4533 3262 4588 ob
3313 4530 3426 4622 haec
3457 4523 3616 4580 verba

2039 4656 2220 4714 «animi
2247 4647 2663 4719 compunctione
2695 4641 2910 4709 plenus,
2925 4629 3178 4702 lacrymis
3197 4619 3635 4696 perfundebatur,

355 4710 441 4738 mc
472 4710 524 4737 Ill
551 4710 841 4749 ιῐυιιονῠιιιι
871 4710 1012 4742 lucu,
1042 4710 1168 4730 una
1200 4710 1486 4734 uua-"uua,
1514 4710 1569 4726 ι..
1615 4710 1855 4731 ..ρ-...τηαν
1892 4710 1943 4718 η,
2057 4710 2066 4714 -
2089 4710 2170 4712 νην
2377 4710 2389 4719 _

355 4774 617 4829 videbunt
637 4771 895 4827 cadavera
931 4769 1226 4830 hominum,
1253 4764 1341 4832 qui
1375 4761 1706 4831 prmvaricati
1737 4769 1862 4812 sunt
1891 4759 1944 4811 in
1974 4745 2028 4808 Ι)
2054 4762 2212 4816 atque
2238 4745 2322 4798 his
2346 4742 2412 4799 ad
2437 4752 2623 4795 senem
2655 4731 2833 4788 verbis
2857 4740 2983 4782 usus
3011 4716 3338 4780 est:0mnia
3364 4710 3490 4766 mihi
3516 4722 3637 4832 per-

2538 4830 2545 4832 .
2692 4829 2697 4832 Α
2907 4821 2918 4832 ι
3036 4817 3047 4832 ι
3084 4831 3089 4832 ,
3151 4829 3164 4832 Α
3200 4823 3241 4832 ,7.
3273 4807 3509 4832 ,ΑΜΕ-...ι
3557 4816 3636 4832 (ειη

339 4883 461 4925 -me.
497 4867 626 4923 Nam
660 4867 858 4920 vermis
880 4879 1064 4919 eorum
1094 4876 1198 4914 non
1223 4858 1497 4919 morietur,
1521 4865 1573 4910 et
1595 4854 1732 4918 ignis
1749 4866 1937 4906 eorum

358 4978 468 5019 non
497 4963 888 5032 exstinguetur.
915 4958 975 5012 Et
999 4964 1157 5011 erunt
1184 4965 1351 5022 usque
1375 4950 1440 5004 ad
1464 4951 1764 5004 satietatem
1788 4946 1950 4999 visio-

357 5057 445 5113 nis
466 5055 610 5111 omui
632 5053 776 5108 carni
805 5050 944 5122 (Ita.
969 5049 1136 5117 mi).
1167 5049 1243 5103 Ac
1271 5059 1479 5100 rursum
1511 5043 1576 5096 de
1604 5040 1692 5095 die
1719 5039 1810 5093 illo
1830 5036 1903 5091 ait
1933 5056 1946 5092 :

359 5147 431 5202 Et
451 5145 750 5200 involvetur
777 5142 976 5200 emittm
995 5141 1135 5195 sicut
1160 5137 1317 5202 iiber,
1349 5149 1537 5190 omnes
1557 5133 1728 5188 stellae
1757 5129 1952 5184 cadent

365 5239 513 5294 sicut
555 5238 738 5294 folium
780 5237 847 5291 de
877 5237 1054 5290 vinea.
1083 5231 1220 5288 Ecce
1250 5231 1391 5285 enim
1421 5228 1537 5282 dies
1565 5223 1775 5281 Domini
1805 5222 1952 5277 venit

357 5331 553 5401 plenus
583 5329 763 5384 furore
806 5335 859 5381 et
895 5326 996 5391 ira,
1042 5323 1107 5378 ad
1138 5321 1437 5391 ponendam
1467 5329 1661 5374 terram
1684 5317 1736 5370 in
1765 5315 1953 5369 solitu—

355 5427 562 5494 dinem,
591 5433 645 5480 et
662 5433 974 5494 peccatores
991 5422 1107 5491 ejus
1121 5417 1477 5474 conterendos
1500 5431 1561 5470 ex
1583 5430 1665 5469 ea.
1688 5413 1950 5480 Quoniam

356 5519 533 5576 stellae
563 5518 686 5574 coeli
718 5528 774 5575 et
802 5514 1055 5584 splendor
1082 5528 1266 5569 earum
1293 5525 1399 5566 non
1435 5507 1744 5576 expandent
1773 5505 1950 5557 lumen

360 5627 542 5670 suum.
578 5611 644 5665 Et
673 5607 1112 5668 obtenebrabitur
1132 5604 1211 5660 sol
1243 5604 1294 5659 in
1323 5610 1442 5657 ortu
1467 5615 1584 5662 suo.
1610 5610 1661 5653 et
1690 5598 1812 5652 luna
1845 5610 1950 5648 non

355 5705 666 5777 Splendebit
697 5707 750 5762 in
776 5705 978 5766 lumine
1005 5717 1123 5758 suo.
1153 5701 1216 5755 Et
1238 5696 1516 5769 quiescere
1547 5692 1738 5748 iaciam
1768 5703 1953 5758 super-

356 5801 508 5858 biant)
535 5798 856 5863 inﬁdelium,
899 5807 955 5854 οι
989 5794 1349 5864 arrogantiam
1396 5789 1608 5843 fortium
1659 5781 1954 5840 humiliabo

359 5894 500 5966 (Ias.
531 5896 676 5967 xui).
705 5898 783 5952 Ac
808 5907 994 5950 rursus
1015 5890 1091 5946 ait
1117 5906 1130 5943 :
1162 5888 1249 5943 νω
1270 5886 1360 5955 qui
1389 5883 1600 5940 trahitis
1619 5877 1952 5948 iniquitatem

362 5991 419 6049 in
465 5989 718 6049 funiculis
764 5987 1039 6053 vanitatis,
1088 5993 1142 6040 et
1186 5980 1337 6049 quasi
1385 5978 1657 6034 vinculunt
1709 5970 1954 6046 plaustri,

2053 4843 2238 4911 spicue
2265 4830 2572 4896 declarasti,
2598 4842 2662 4882 ac
2691 4821 3008 4879 horrendam
3036 4817 3171 4871 hanc
3193 4823 3244 4867 et
3271 4803 3638 4866 admirandam

2042 4930 2418 4994 narrationem
2455 4923 2726 4980 luculenta
2777 4915 3019 4972 oratione
3059 4907 3370 4972 complexus
3413 4911 3494 4954 es.
3546 4894 3638 4947 His

2045 5032 2238 5098 itaque
2268 5023 2424 5080 nobis
2453 5015 2765 5090 propositis,
2797 5011 2922 5079 quid
2958 5007 3168 5062 tandem
3200 4993 3500 5055 iaciendum
3534 4995 3638 5051 est,

2057 5133 2114 5180 ut
2142 5086 2203 5176 ea
2232 5086 2495 5187 supplicia
2527 5086 2646 5181 qua:
2677 5103 2956 5162 sceleratis
2991 5093 3294 5154 hominibus
3317 5091 3496 5155 parata
3513 5086 3640 5187 sunt

2048 5171 2397 5283 eiiugiamiu's,
2431 5222 2493 5261 ac
2518 5171 2786 5274 iustorum
2817 5194 3070 5265 gaudium
3105 5171 3535 5248 consequamur?

2139 5269 2433 5373 Rvespondil
2468 5269 2710 5352 Barlaam
2744 5309 2759 5346 :
2795 5287 3014 5346 Litteris
3041 5277 3212 5336 sacris
3263 5269 3530 5342 proditum
3561 5271 3641 5318 est

2063 5404 2202 5472 (Act.
2239 5363 2321 5466 iii),
2343 5395 2484 5468 quod
2517 5408 2637 5446 cum
2660 5390 2870 5446 Petrus,
2890 5381 2978 5448 qui
3009 5370 3369 5445 apostolorum
3394 5363 3642 5432 princeps

2062 5506 2286 5552 vocatus
2315 5501 2420 5555 est,
2455 5488 2664 5556 plebem
2688 5478 2930 5536 doctrina
2965 5473 3275 5528 instrueret,
3300 5463 3463 5517 corde
3490 5467 3643 5510 com-

2051 5589 2247 5664 .puncti
2278 5549 2423 5648 sunt,
2454 5549 2902 5651 quemadmodum
2945 5564 3150 5620 scilicet
3197 5567 3252 5612 tu
3305 5564 3519 5625 quoque
3545 5549 3644 5602 ho-

2061 5643 2251 5740 dierno
2300 5643 2418 5734 die.
2455 5643 2694 5740 Cumque
2723 5663 2988 5720 dixissent
3021 5676 3036 5713 :
3066 5653 3202 5722 Quid
3235 5644 3525 5708 faciemus?
3550 5643 3645 5696 Pe-

2058 5789 2179 5836 trus
2207 5776 2273 5829 ad
2306 5787 2402 5827 eos
2430 5768 2562 5822 dixit
2597 5781 2613 5821 ξ
2650 5757 3028 5816 Ponitentiam
3067 5751 3228 5822 agite,
3263 5756 3316 5802 et
3347 5739 3647 5810 baptizatur

2055 5868 2432 5936 unusquisque
2457 5869 2695 5916 vestrum
2721 5858 2774 5910 in
2797 5851 3172 5908 remissin
3206 5847 3569 5911 peccatorum,
3591 5834 3648 5890 et

2063 5933 2563 6033 accipietisdonum
2588 5949 2822 6026 Spiritus
2843 5944 3038 6006 sancti.
3066 5937 3233 6004 Vobis
3255 5933 3400 5997 enim
3422 5935 3505 5988 est
3527 5934 3647 5992 pro-
