4158 6354
578 406 667 468 t79
1347 407 1375 418 "
1636 407 1727 465 na
1767 405 1951 465 vms
1987 400 2274 463 PATRUM
2312 399 2520 457 LIBER
2561 378 2838 456 PRIMUS.

3738 402 3843 458 ιεο

568 526 779 592 missio,
828 534 885 581 et
936 524 1058 580 ﬁliis
1086 524 1303 591 vestris,
1335 531 1391 579 et
1411 523 1661 580 omnibus
1690 523 1782 595 qui
1818 524 1977 595 longe
2003 531 2153 590 sunt,
2183 523 2236 583 Α
2261 517 2544 589 excepisti,
2579 531 2643 572 ac
2682 516 2911 571 libenter
2956 513 3193 581 audiisti,
3251 513 3387 571 nihil
3434 529 3499 571 ex
3529 515 3608 570 eis
3636 528 3840 573 emetu-

573 633 923 692 quoscunque
966 617 1307 671 advocaverit
1352 617 1613 674 Dominus
1657 618 1799 673 Deus
1839 625 2039 673 noster.
2073 617 2152 671 En

567 711 730 781 igitur
777 710 894 777 ipse
942 706 1328 762 misericordias
1378 723 1494 763 sua:
1538 708 1753 765 divitias
1782 711 1835 764 in
1864 719 1916 764 te
1943 707 2150 774 effudit,

569 812 729 873 teque
751 801 841 871 qui
872 802 1055 855 animo
1082 814 1146 854 ac
1174 799 1450 856 voluntate
1479 802 1662 871 procul
1704 802 1772 857 ab
1822 816 1887 856 eo
1933 800 2154 857 dissitus

571 904 715 963 era‘s,
750 903 805 949 et
831 893 1041 960 alienis,
1069 908 1176 947 non
1198 891 1372 947 dicam
1397 892 1524 957 diis,
1545 892 1636 947 sed
1667 893 1936 962 pestiferis
1956 892 2156 947 dmtno-

571 986 751 1049 nibus,
779 994 833 1039 et
861 985 1037 1040 surdis
1066 998 1130 1038 ac
1156 998 1349 1039 sensus
1403 984 1710 1052 expertibus
1739 985 1929 1039 statuis
1954 984 2154 1039 cultum

570 1076 893 1142 adhibebas,
925 1076 1139 1130 accivit.
1172 1075 1437 1142 Quocirca
1466 1086 1591 1130 ante
1621 1076 1799 1130 omnia
1826 1076 1891 1130 ad
1923 1090 2043 1130 eum
2067 1075 2156 1145 qui

576 1179 629 1226 te
649 1170 861 1224 vocavit
884 1169 1107 1233 accede,
1138 1184 1168 1222 a
1195 1184 1301 1239 quo
1328 1184 1510 1225 veram
1544 1178 1651 1224 tam
1685 1185 1870 1225 eorum
1894 1185 2011 1237 ante
2037 1186 2157 1225 ocu-

478 1306 483 1310 .
573 1261 638 1316 lis
660 1271 972 1326 cernuntur,
1017 1277 1179 1329 quam
1206 1276 1327 1331 quas
1354 1262 1424 1316 ab
1449 1262 1730 1316 oculorum
1757 1277 1919 1318 sensu
1948 1270 2156 1318 remota

575 1363 721 1420 sunt,
752 1354 1113 1424 cognitionem
1141 1357 1511 1425 consequeris.
1541 1356 1692 1424 Quod
1724 1356 1769 1410 si
1809 1367 2156 1427 posteaquam

576 1459 799 1501 vocatus
827 1462 885 1501 es
915 1448 1175 1503 accedere
1204 1463 1448 1516 recusas,
1481 1460 1572 1504 aut
1602 1464 1782 1505 moras
1806 1449 1996 1515 nectis,
2011 1450 2158 1519 justo

576 1537 668 1593 Dei
693 1537 901 1607 judicio
920 1538 1165 1594 exhaeres
1195 1542 1327 1605 eris,
1368 1556 1433 1596 ac
1462 1542 1852 1611 repudiaberis,
1898 1543 2019 1610 quia
2042 1542 2159 1612 ipse

576 1632 895 1702 repudiasti.
926 1633 1005 1686 Ad
1033 1633 1171 1688 hunc
1197 1636 1337 1689 enim
1385 1636 1600 1691 modum
1629 1636 1757 1706 'ipse
1786 1651 1996 1706 quoque
2027 1651 2158 1706 apo-

575 1724 742 1778 stolus
774 1726 965 1780 Petrus
992 1725 1059 1779 ad
1092 1728 1377 1793 quemdam
1408 1728 1732 1796 discipulum
1788 1729 1922 1784 dixit
1952 1746 1965 1783 :
1997 1730 2018 1750 '
2047 1730 2159 1802 Ego

574 1827 750 1873 autem
778 1819 942 1873 credo
973 1820 1114 1886 quod
1147 1829 1199 1875 et
1228 1821 1510 1876 obedivisti
1542 1822 1833 1891 vocatioui,
1883 1831 1937 1878 et
1981 1824 2159 1878 adhuc

2255 612 2421 668 menti
2447 619 2768 668 consecutus
2800 623 2880 665 es.
2912 608 3184 667 Admonui
3213 611 3359 666 enim
3391 620 3465 675 te,
3499 626 3568 666 ne
3615 610 3685 665 ob
3729 628 3840 669 rem

2256 704 2580 773 praeteritam
2640 702 2950 771 poenitentia
3000 701 3306 769 ducereris;
3359 711 3415 759 et
3452 717 3579 759 ecce
3610 719 3842 761 interere

2255 796 2607 852 conturbatus
2639 811 2718 862 es,
2754 802 3037 865 propterea
3067 795 3209 865 quod
3239 810 3271 852 e
3291 796 3541 852 manibus
3586 797 3693 852 tuis
3724 798 3843 869 fuga

2255 905 2341 945 me
2361 889 2734 955 subduxerim,
2765 888 3079 956 paenitentia
3107 889 3359 945 videlicet
3383 889 3456 945 ob
3495 904 3611 945 rem
3642 898 3840 959 przete-

2256 984 2412 1039 ritam
2445 982 2690 1038 aﬁ‘ectus.
2745 982 2981 1050 Praecepi
3030 982 3127 1038 tibi
3159 997 3228 1038 ne
3253 998 3315 1039 ea
3344 998 3461 1054 qua:
3492 984 3708 1052 assequi
3739 996 3843 1037 non

2257 1089 2445 1145 posses
2470 1073 2866 1144 aggredereris,
2896 1084 2951 1129 et
2981 1083 3159 1129 tamen
3207 1077 3447 1145 arripere
3498 1090 3587 1132 me
3609 1075 3843 1142 conaris,

2258 1183 2377 1223 cum
2408 1168 2510 1223 iter
2532 1182 2709 1222 meum
2742 1168 2954 1236 assequi
2984 1182 3239 1238 nequeas.
3260 1168 3340 1223 Ad
3372 1172 3488 1223 haec
3517 1168 3569 1223 id
3590 1167 3844 1238 quodque

2267 1259 2361 1313 tibi
2387 1257 2556 1324 edixi,
2591 1273 2659 1312 ne
2686 1258 2987 1313 incredibili
3018 1259 3254 1314 sermoni
3277 1259 3436 1315 ﬁdem
3461 1274 3763 1330 arrogares,
3792 1268 3847 1316 et

2261 1359 2441 1405 tamen
2461 1350 2513 1403 in
2538 1350 2837 1405 visceribus
2868 1350 3003 1405 meis
3030 1350 3281 1406 unionem
3311 1361 3529 1406 statum
3567 1365 3704 1406 mea:
3729 1364 3849 1406 uto-

2261 1441 2387 1498 dum
2437 1442 2788 1498 excedentem
2822 1442 2997 1497 inesse
3027 1443 3337 1508 credidisti;
3384 1457 3557 1512 neque
3583 1442 3848 1498 tantulum

2263 1535 2358 1593 tibi
2391 1534 2688 1603 prudentia:
2717 1534 2841 1599 fuit,
2866 1545 2925 1589 ut
2954 1535 3288 1606 intelligeres
3326 1550 3413 1591 me
3463 1546 3627 1590 totam
3667 1536 3736 1591 ad
3766 1535 3848 1592 ovi

2261 1626 2580 1681 struthionis
2606 1626 3032 1695 magnitudinem
3062 1626 3284 1681 minime
3312 1626 3591 1683 accedere.
3608 1628 3848 1696 Quonam

2270 1714 2453 1785 itaque
2484 1724 2635 1785 pacto
2666 1723 2870 1770 tantum
2905 1716 3159 1773 unionem
3186 1718 3563 1788 corpusculum
3587 1719 3731 1775 istud
3758 1734 3848 1776 ca-

2262 1814 2413 1875 peret
2432 1805 2456 1859 ‘l

571 1910 835 1965 sincerius
861 1911 1141 1978 obediens,
1194 1928 1413 1967 crucem
1447 1914 1623 1979 tolles,
1657 1915 1932 1983 Deumque
1962 1931 2025 1972 ac
2054 1916 2154 1971 Do-

2330 1897 2409 1951 Ad
2438 1896 2582 1953 hunc
2602 1897 2762 1967 igitur
2778 1899 2996 1957 modum
3019 1899 3095 1954 illi
3117 1914 3329 1971 quoque
3351 1900 3405 1956 in
3428 1916 3636 1958 summa
3668 1903 3846 1960 stulti-

576 2004 780 2059 minum
814 2012 865 2061 te
893 2016 1177 2061 vocantem
1202 2008 1466 2077 sequeris,
1514 2016 1605 2078 qui
1636 2020 1687 2064 te
1716 2024 1744 2063 a
1786 2019 1961 2065 morte
1992 2011 2055 2064 ad
2087 2014 2163 2065 vi-

577 2106 711 2162 tam,
735 2106 787 2153 et
817 2114 847 2152 a
879 2099 1118 2153 tenebris
1145 2100 1211 2153 ad
1274 2100 1444 2155 lucem
1487 2101 1695 2157 invitat.
1745 2101 1875 2156 Nam
1924 2103 2165 2172 profecto

581 2188 676 2243 Dei
706 2189 989 2260 ignoratio,
1021 2191 1216 2246 animae
1244 2180 1418 2262 caligo
1444 2209 1507 2247 ac
1534 2209 1681 2249 mors
1711 2206 1823 2262 est;
1868 2205 1920 2250 et
1945 2197 2166 2252 simula-

578 2295 667 2335 cra
716 2282 897 2336 colere
948 2282 1016 2335 ad
1071 2292 1275 2339 natura;
1329 2285 1573 2352 exitium,
1630 2290 1919 2344 amentiam
1947 2304 2161 2346 omnem

577 2372 807 2430 excedit.

646 2463 791 2531 Quos
819 2467 1033 2536 quidem
1065 2468 1311 2525 homines
1340 2471 1552 2526 cuinam
1585 2474 1664 2529 rei
1698 2475 1902 2530 similes
1927 2489 2047 2531 esse
2074 2475 2164 2530 di-

573 2557 728 2610 cam?
749 2566 806 2613 et
829 2574 1058 2629 quanam
1092 2562 1328 2631 imagine
1350 2577 1537 2620 eorum
1560 2566 1912 2621 stoliditatem
1963 2567 2055 2623 tibi
2094 2567 2166 2623 ob

570 2648 759 2703 oculos
784 2653 1013 2719 ponam?
1042 2652 1147 2707 Sed
1180 2662 1359 2709 tamen
1407 2657 1717 2724 exemplum
1770 2656 2040 2727 quoddam
2070 2659 2165 2715 tibi

572 2752 887 2809 proponam,
921 2744 1060 2813 quod
1094 2746 1223 2799 mihi
1252 2761 1281 2800 a
1313 2746 1427 2801 viro
1451 2749 1680 2817 quodam
1705 2764 1914 2805 summa
1945 2752 2154 2821 sapien-

578 2832 651 2886 tia
680 2834 908 2902 prtedito
938 2849 1415 2894 commemoratum
1437 2850 1540 2895 est.
1572 2842 1763 2897 Aiebat
1794 2844 1961 2913 enim,
1996 2847 2166 2902 simu-

586 2924 853 2981 lacrorum
877 2929 1115 2986 cultores
1143 2934 1335 3003 aucupi
1358 2935 1563 2989 similes
1587 2949 1729 3005 esse,
1757 2938 1845 3006 qui
1867 2954 1987 2993 cum
2006 2940 2167 2995 lusci-

582 3018 751 3083 niam,
786 3023 1128 3092 perexiguam
1178 3026 1463 3091 aviculam,
1525 3033 1781 3097 cepisset,
1827 3031 2167 3103 gladiumque

582 3110 897 3179 arripuisset
920 3122 980 3167 ut
1008 3130 1125 3169 eam
1155 3115 1426 3186 jugularet
1456 3133 1519 3173 ac
1566 3121 1896 3189 comederet,
1927 3140 2008 3191 ea,
2038 3140 2169 3181 con-

583 3215 731 3258 cessa
760 3204 860 3259 sibi
913 3207 1190 3262 articulata
1222 3223 1373 3274 voce,
1401 3211 1465 3264 ad
1498 3226 1759 3281 aucupem
1790 3215 1925 3269 dixit
1959 3233 1970 3268 :
2002 3216 2166 3285 Quid-

2270 1988 2339 2045 tia
2368 1999 2669 2057 versantur,
2714 1992 2805 2060 qui
2855 1991 2911 2046 in
2957 1992 3264 2047 simulacris
3296 1993 3599 2049 conﬁdunt.
3629 1994 3761 2049 Nam
3789 2010 3849 2052 ea

2268 2084 2514 2140 manibus
2539 2084 2651 2139 suis
2683 2084 3001 2151 eﬁ‘ecerunt,
3031 2093 3085 2141 et
3126 2100 3287 2156 opera
3318 2087 3610 2159 digitorum
3637 2103 3850 2147 suorum

2264 2178 2511 2242 adorant,
2569 2177 2846 2233 dicentes:
2880 2177 2945 2232 Hi
2991 2178 3216 2247 opiﬁces
3266 2180 3436 2234 nostri
3482 2189 3626 2237 sunt.
3655 2182 3768 2251 ,Qui
3800 2183 3851 2237 ﬁt

2266 2267 2426 2335 igitur
2446 2274 2505 2321 ut
2525 2281 2621 2323 eos
2648 2281 2787 2338 quos
2807 2267 3105 2322 eﬁ'ecerunt
3131 2277 3184 2323 et
3213 2269 3591 2336 condiderunt,
3637 2271 3851 2341 opiﬁces

2266 2372 2391 2412 suos
2420 2370 2541 2412 esse
2570 2357 2859 2412 censeant?
2889 2358 3027 2425 Quin
3053 2358 3213 2413 etiam
3260 2373 3380 2414 cum
3407 2374 3467 2415 ea
3498 2374 3695 2431 magno
3742 2372 3851 2419 stu-

2266 2449 2356 2503 dio
2376 2447 2703 2515 custodiant,
2729 2464 2797 2503 ne
2817 2464 2847 2502 a
2879 2447 3088 2505 furibus
3121 2450 3509 2519 subripiantur,
3558 2464 3739 2509 tamen
3766 2468 3853 2509 sa-

2267 2542 2393 2598 lutis
2423 2558 2535 2597 suae
2563 2543 2817 2597 custodes
2840 2552 3185 2612 nuncupant.
3220 2546 3402 2615 Atqui,
3436 2562 3552 2617 quae
3581 2548 3697 2603 haec
3723 2549 3851 2605 stul-

2271 2634 2384 2688 titia
2405 2644 2510 2699 est,
2543 2634 2675 2688 illud
2708 2649 2812 2687 non
2845 2633 3144 2705 intelligere
3175 2635 3288 2691 ﬁeri
3319 2650 3428 2691 non
3458 2651 3635 2707 posse,
3684 2648 3743 2693 ut
3770 2640 3852 2709 qui

2268 2724 2371 2779 sibi
2406 2725 2538 2794 ipsis
2558 2740 2713 2793 opem
2741 2726 2879 2779 ferre
2905 2740 2968 2781 ac
2986 2740 3045 2781 se
3077 2727 3212 2781 tueri
3236 2737 3535 2797 nequeunt,
3563 2729 3697 2784 alios
3719 2731 3853 2786 tueri

2269 2828 2332 2869 ac
2356 2829 2571 2871 servare
2596 2816 2840 2886 possint?
2865 2817 2940 2871 Ac
2971 2826 3230 2887 praeterea
3253 2834 3384 2887 opes
3407 2835 3532 2875 suas
3554 2820 3850 2887 effundunt,

2270 2908 2397 2963 dum
2412 2916 2619 2963 statuas
2644 2921 2697 2962 et
2713 2908 3000 2964 simulacra
3021 2909 3356 2967 daemonibus
3372 2914 3630 2974 excitant,
3659 2928 3855 2981 eosque

2269 3003 2533 3059 bonorum
2579 3002 2797 3058 datores
2848 3018 2968 3059 esse
2995 3014 3281 3075 nugantur,
3326 3011 3394 3062 ab
3422 3008 3485 3062 iis
3513 3022 3575 3063 ea
3603 3007 3709 3063 sibi
3738 3009 3855 3064 dari

2271 3113 2390 3166 quae
2419 3112 2521 3152 nec
2548 3097 2653 3167 ipsi
2684 3113 2918 3167 unquam
2945 3098 3265 3166 habuerunt,
3301 3114 3401 3155 nec
3448 3116 3681 3171 unquam
3713 3102 3856 3157 habi-

2272 3191 2374 3245 turi
2404 3200 2549 3245 sunt.
2580 3189 2765 3261 quue
2792 3191 3009 3247 nomine
3063 3193 3320 3261 scriptum
3351 3202 3435 3248 est
3469 3210 3481 3246 :
3512 3192 3729 3250 Similes
3758 3193 3856 3250 illis

582 3309 727 3362 naut,
762 3310 795 3349 ο
821 3296 1005 3363 homo,
1035 3314 1098 3354 ex
1131 3315 1248 3355 mea
1278 3316 1410 3358 nece
1431 3304 1496 3357 ad
1522 3313 1576 3360 te
1602 3280 1845 3361 utilitatis
1872 3280 2164 3365 rediturum
2192 3280 2242 3347 ο
2272 3281 2423 3346 “amt
2453 3281 2544 3351 q"i
2575 3281 2777 3337 “Cium
2805 3297 2888 3350 ea'
2924 3291 2979 3339 ⁸⁸
3000 3298 3188 3339 omnes
3217 3285 3307 3355 qui
3353 3284 3635 3341 ⁰⁰¹¹θδ⁰⁰⁸
3678 3287 3733 3343 in
3780 3286 3856 3343 eis

580 3389 695 3442 est?
724 3403 895 3460 neque
921 3392 1063 3447 enim
1090 3409 1185 3463 per
1211 3412 1297 3450 me
1326 3408 1570 3454 ventrem
1610 3410 1756 3456 tuum
1806 3403 2025 3472 explere
2073 3422 2166 3473 po.

582 3482 733 3536 teris.
763 3485 832 3538 At
857 3487 902 3538 si
924 3499 1010 3539 me
1037 3488 1267 3542 vinculis
1294 3488 1635 3558 liberaveris,
1654 3493 1755 3548 tria
1780 3504 2043 3563 pmcepta
2067 3497 2165 3552 tibi

578 3573 785 3627 tradam
818 3592 831 3628 :
859 3576 1051 3645 quibus
1099 3579 1144 3633 si
1175 3581 1440 3649 parueris,
1471 3584 1677 3653 magnis
1722 3599 1816 3654 per
1844 3600 2057 3642 omnem
2087 3587 2167 3641 vi-

584 3676 690 3723 tam
715 3675 1011 3729 commodis
1038 3675 1314 3733 afﬁcieris.
1330 3679 1421 3736 llle
1437 3691 1615 3737 autem
1639 3698 1702 3738 ex
1727 3683 1892 3753 ipsius
1917 3702 2165 3744 sermone

578 3762 935 3822 admiratione
958 3778 1281 3837 commotus,
1314 3787 1434 3830 sese
1482 3773 1744 3832 facturum
1770 3780 1999 3849 recepit,
2033 3788 2091 3835 ut
2119 3780 2165 3836 si

578 3870 771 3911 novum
827 3859 1025 3929 aliquid
1083 3863 1150 3917 ab
1200 3878 1262 3919 ea
1301 3866 1534 3933 audiret,
1560 3871 1742 3924 statim
1773 3886 1890 3925 eam
1920 3874 2167 3929 libertate

580 3946 826 4016 donaret,
851 3967 913 4006 ac
936 3953 1153 4015 missam
1176 3955 1683 4015 iaceret.Conversa
1710 3964 1891 4032 itaque
1913 3963 2161 4032 luscinia,

580 4038 782 4094 homini
815 4043 927 4096 ait:
962 4043 1241 4115 Nunquam
1275 4064 1389 4105 rem
1437 4066 1596 4121 quam
1641 4056 1896 4125 consequi
1929 4071 2166 4127 nequeas

578 4134 886 4201 aggredere.
915 4136 1196 4208 Nunquam
1230 4143 1309 4195 rei
1340 4147 1630 4210 praeterita!
1672 4156 1723 4201 te
1755 4150 2035 4217 paeniteat.
2068 4151 2166 4209 Rei

582 4221 881 4280 incredibili
906 4243 1174 4298 nunquam
1201 4231 1358 4286 ﬁdem
1389 4234 1604 4292 adhibe.
1633 4236 1759 4294 Haec
1789 4240 1888 4295 tria
1914 4244 2165 4301 mandata

575 4330 748 4382 serva,
779 4319 940 4392 264
968 4330 1023 4377 et
1053 4325 1309 4391 praeclare
1350 4338 1522 4383 tecum
1576 4339 1782 4401 agetur.
1834 4334 1931 4391 Ille
1984 4349 2166 4394 autem

578 4410 768 4468 horum
797 4417 1081 4472 verborum
1106 4422 1447 4490 sagacitatem
1473 4441 1537 4481 ac
1560 4428 1897 4496 prudentiam
1930 4434 2165 4489 admira-

583 4510 687 4567 tus,
712 4522 828 4559 eam
862 4510 1087 4565 vinculis
1109 4514 1337 4569 solutam
1373 4517 1423 4571 in
1454 4533 1633 4574 aerem
1667 4524 1867 4579 emisit.
1912 4525 2163 4583 Luscinia

580 4593 758 4661 itaque
789 4600 1082 4665 periculum
1115 4602 1295 4660 facere
1339 4608 1561 4677 cupiens
1605 4627 1671 4666 an
1726 4614 1820 4670 ille
1870 4619 2162 4674 verborum

577 4699 760 4739 eorum
790 4704 908 4758 quae
939 4694 1182 4749 audierat
1211 4698 1318 4751 vim
1347 4701 1901 4778 intellexisset,atque
1929 4711 2163 4771 aliquam

583 4793 644 4833 ex
679 4780 809 4849 ipsis
839 4784 1123 4842 utilitatem
1171 4796 1521 4863 percepisset,
1559 4813 1653 4866 per
1682 4816 1862 4857 aerem
1910 4806 2162 4875 volitans,

575 4870 640 4963 ait
668 4887 787 4927 eum
818 4874 952 4929 dixit
981 4892 995 4931 ς
1028 4877 1200 4935 Proh!
1236 4900 1393 4952 quam
1426 4888 1555 4943 nihil
1594 4902 1677 4946 est
1710 4893 1763 4946 in
1789 4902 1841 4949 te
1867 4896 2092 4963 consilii,
2131 4870 2165 4952 (ᾧ

577 4960 773 5058 homo!
806 4967 1018 5034 qualem
1045 4971 1353 5029 thesaurum
1388 4976 1546 5034 hodie
1578 4983 1840 5037 amisisti!
1875 4986 1965 5040 Est
1994 4960 2165 5058 siqui-

571 5050 694 5107 dem
725 5052 780 5109 in
801 5057 933 5113 meis
962 5060 1259 5120 visceribus
1288 5070 1434 5133 uitio,
1489 5073 1807 5131 struthionis
1848 5092 2008 5133 ovum
2048 5050 2165 5135 tita-

573 5143 851 5210 gnitudiue
904 5151 1195 5209 excedens.
1246 5158 1375 5222 Quae
1407 5168 1465 5213 ut
1527 5161 1613 5216 ille
1651 5164 1875 5231 audivit,
1927 5184 2160 5227 maerore

576 5236 927 5293 conturbatus
957 5251 1058 5309 est,
1088 5259 1324 5315 eumque
1352 5250 1599 5317 paenituit
1645 5255 1788 5323 quod
1847 5258 2065 5314 luscinia
2094 5276 2161 5317 ex

576 5325 747 5395 ipsius
792 5334 1041 5391 manibus
1092 5338 1387 5407 eﬁugisset.
1431 5345 1603 5413 Atque
1633 5361 1749 5402 eam
1781 5365 1997 5406 rursum
2027 5356 2163 5410 arri-

574 5434 705 5488 pere
757 5434 990 5492 tentans,
1040 5428 1175 5483 dixit
1227 5448 1241 5485 :
1289 5430 1442 5497 Veni,
1474 5451 1671 5504 quaeso,
1716 5439 1767 5495 in
1800 5442 1946 5499 ardes
1976 5462 2157 5515 meas;

572 5524 734 5587 atque
764 5520 851 5576 ubi
887 5525 1143 5593 praeclare
1172 5536 1225 5580 et
1255 5527 1559 5585 humaniter
1587 5548 1615 5585 ιι
1648 5549 1736 5590 me
1780 5553 1997 5609 accepta
2049 5545 2162 5599 fue-

576 5616 669 5680 ris,
695 5616 984 5673 honorilice
1009 5626 1059 5673 te
1075 5619 1623 5680 dimittam.Luscinia
1646 5639 1824 5686 autem
1856 5633 1953 5704 ipsi
1982 5637 2119 5692 dixit
2144 5654 2158 5691 :

573 5703 722 5761 Nunc
746 5709 903 5777 plane
928 5721 979 5766 te
1009 5710 1260 5769 stolidum
1290 5729 1353 5771 ac
1396 5719 1679 5777 vecordem
1710 5740 1830 5782 esse
1861 5730 1993 5785 scio.
2025 5730 2161 5788 Nam

576 5811 929 5872 posteaquam
956 5819 1019 5860 ea
1049 5820 1171 5877 quae
1192 5807 1257 5862 ad
1291 5817 1344 5864 te
1368 5811 1508 5868 dicta
1550 5827 1675 5874 sunt
1706 5831 1953 5891 prompto
1981 5826 2161 5881 animo

2268 3374 2448 3443 (Psal.
2476 3374 2656 3446 cxiii).
2683 3375 2780 3440 Qui
2804 3376 3018 3444 quidem
3041 3377 3269 3432 auriﬁce
3308 3378 3560 3434 mercede
3599 3382 3857 3436 conducto

2269 3468 2626 3523 simulacrum
2658 3482 2818 3523 manu
2836 3469 3153 3535 effecerunt,
3174 3486 3239 3528 ac
3256 3487 3424 3543 prono
3442 3488 3666 3544 corpore
3690 3478 3859 3543 ipsum

2268 3558 2580 3614 adorarunt.
2615 3559 2868 3616 Hutueris
2898 3562 3029 3618 illud
3060 3564 3254 3619 tollunt
3301 3579 3365 3621 ac
3412 3567 3855 3636 proﬁciscuntur;

2267 3653 2311 3708 si
2338 3662 2515 3708 autem
2540 3654 2714 3723 ipsum
2748 3656 2957 3725 uspiam
2987 3660 3323 3727 collocarint,
3367 3662 3476 3717 illic
3522 3674 3731 3729 manet,
3766 3677 3858 3719 nec

2275 3748 2481 3802 moveri
2506 3757 2700 3816 potest.
2732 3748 2802 3804 Et
2824 3752 3218 3820 quantumlibet
3243 3754 3363 3823 quis
3392 3753 3494 3824 ipsi
3523 3756 3855 3822 clamaverit,

2268 3853 2376 3893 non
2421 3841 2695 3909 exaudiet,
2752 3857 2850 3897 nec
2906 3858 2973 3898 ex
3019 3845 3417 3901 calamitatibus
3467 3862 3591 3903 eum
3645 3850 3853 3919 eripiet.

2270 3933 2634 3999 Quamobrem
2658 3932 3062 3991 confundantur
3090 3938 3177 4007 qui
3224 3939 3278 3992 in
3323 3939 3659 4010 sculptilibus
3701 3943 3860 3996 conli-

2268 4027 2402 4083 dunt
2434 4045 2448 4083 :
2479 4039 2533 4083 et
2559 4028 2651 4099 qui
2679 4029 2866 4084 dicunt
2916 4032 2980 4085 iis
3028 4046 3147 4101 quas
3188 4032 3417 4088 conﬂata
3448 4044 3573 4088 sunt
3606 4051 3621 4089 :
3660 4034 3767 4091 Vos
3790 4035 3859 4091 dii

2273 4121 2446 4176 nostri
2467 4122 2618 4177 estis.
2648 4120 3069 4178 lmmolaverunt
3113 4124 3257 4179 enim
3310 4123 3614 4194 daemoniis,
3666 4136 3720 4182 et
3759 4142 3859 4183 non

2270 4216 2401 4280 Deo,
2451 4215 2554 4269 diis
2596 4230 2730 4285 quo.
2780 4217 3116 4286 ignorabant.
3150 4217 3283 4273 Novi
3314 4229 3670 4290 recentesque
3696 4236 3858 4277 vene-

2269 4321 2414 4377 runt,
2439 4326 2576 4379 quos
2606 4320 2712 4366 non
2738 4316 3021 4372 coluerunt
3066 4324 3249 4384 patres
3305 4332 3513 4372 eorum.
3574 4315 3858 4372 Geueratio

2266 4402 2410 4458 enim
2442 4418 2694 4474 perversa
2719 4414 2821 4474 est,
2876 4421 2975 4461 nec
3009 4406 3120 4477 jam
3161 4407 3294 4464 ﬁdes
3340 4408 3471 4478 ipsis
3500 4408 3644 4465 inest
3671 4406 3848 4463 (Deut.

2269 4495 2470 4567 χχιιι).

2343 4613 2418 4667 Ex
2452 4614 2552 4668 hac
2596 4612 2755 4685 igitur
2809 4630 3060 4684 perversa
3085 4623 3140 4672 et
3185 4615 3461 4673 incredula
3508 4615 3852 4687 generatione

2193 4672 2247 4735 Β
2270 4702 2531 4758 Domiutts
2582 4672 2644 4758 te
2676 4713 2853 4771 vocat,
2888 4706 2970 4761 his
3002 4708 3185 4763 verbis
3213 4718 3369 4763 utens
3391 4711 3425 4777 ξε
3458 4708 3559 4763 Exi
3588 4709 3657 4763 de
3687 4710 3856 4763 medio

2270 4812 2483 4863 eorum,
2509 4811 2571 4851 ac
2603 4812 2878 4867 separare,
2902 4808 2957 4854 et
2985 4801 3318 4856 immundum
3362 4803 3469 4857 noli
3501 4811 3740 4869 tangere,
3770 4817 3854 4856 ve-

2269 4905 2386 4944 rum
2422 4906 2450 4944 a
2478 4889 2829 4960 generatione
2856 4893 2955 4947 hac
2985 4908 3232 4963 perversa
3266 4904 3319 4950 te
3340 4894 3489 4965 eripe
3511 4894 3699 4966 (Num.
3727 4893 3850 4965 xvi).

2272 4983 2443 5054 Surge
2470 4994 2523 5037 et
2552 4986 2791 5048 ambulo,
2822 4988 2945 5055 quia
2966 5002 3071 5041 n0n
3097 4989 3261 5044 habes
3293 4989 3380 5044 hic
3402 4992 3642 5060 requiem
3668 4991 3849 5062 (Misit.

2271 5075 2353 5147 tt).
2382 5078 2589 5131 Etenim
2616 5078 2895 5148 multiplex
2928 5081 3171 5147 deorum,
3202 5082 3293 5153 qui
3342 5097 3372 5135 a
3400 5083 3553 5139 vobis
3584 5084 3850 5152 coluntur,

2273 5168 2597 5239 principatus
2630 5181 2998 5241 praepesterus
3025 5185 3128 5238 est,
3150 5184 3203 5229 et
3224 5189 3345 5230 cum
3379 5174 3606 5231 dissidio
3637 5176 3854 5248 conjun-

2269 5271 2407 5330 ctus,
2460 5272 2619 5334 atque
2664 5264 2952 5335 ejusmodi,
3003 5268 3094 5336 qui
3148 5268 3296 5323 nullo
3354 5268 3514 5324 modo
3564 5271 3854 5326 consistere

2269 5365 2448 5424 queat.
2477 5359 2634 5427 Apud
2666 5374 2764 5414 nos
2791 5370 2971 5414 autem
3005 5375 3110 5414 non
3156 5370 3288 5415 sunt
3314 5350 3387 5416 dii
3430 5362 3605 5429 multi,
3633 5378 3732 5419 nec
3763 5364 3852 5415 lio-

2278 5450 2404 5505 mini
2439 5453 2614 5520 multi,
2645 5468 2827 5509 verum
2860 5470 2996 5507 unus
3029 5454 3169 5509 Deus
3215 5454 3391 5518 Pater,
3427 5470 3490 5510 ex
3522 5471 3630 5526 quo
3659 5457 3852 5519 omnia,

2270 5551 2324 5597 et
2354 5560 2451 5598 nos
2482 5545 2536 5598 in
2582 5545 2788 5614 ipsum;
2815 5558 2869 5601 et
2899 5562 3037 5601 unus
3070 5548 3329 5603 Dominus
3377 5548 3536 5605 Jesus
3590 5551 3853 5614 Christus,

2269 5651 2366 5706 per
2395 5652 2555 5706 quem
2585 5639 2788 5707 omnia,
2822 5650 2875 5695 et
2904 5654 3003 5695 nos
3032 5656 3124 5710 per
3156 5640 3329 5710 ipsum
3364 5640 3408 5714 (Ι
3440 5642 3562 5699 Cor.
3588 5645 3725 5715 vni),
3771 5644 3857 5711 qui

2267 5740 2349 5785 eet
2394 5731 2571 5801 imago
2601 5729 2697 5787 Dei
2748 5732 3047 5798 invisibilis,
3080 5738 3462 5805 primogenitus
3495 5735 3675 5793 omnis
3700 5751 3853 5793 crea-

2270 5831 2425 5889 turae,
2456 5832 2512 5879 et
2536 5824 2776 5880 omnium
2799 5826 3145 5895 saeculorum,
3162 5826 3419 5896 quoniam
3445 5828 3501 5887 in
3531 5830 3653 5901 ipso
3676 5836 3851 5887 creata

643 5912 662 5941 ‘
709 5914 833 5973 Haec
872 5932 939 5974 ex
984 5920 1121 5979 libro
1163 5920 1394 5991 quodam
1446 5931 1752 6000 apocrypho
1806 5946 2015 6004 sumpta
2072 5936 2337 5998 videntur.
