4158 6354
312 451 414 510 481

761 446 921 502 γιτΑ
959 439 1380 504 SANCTORUM
1421 443 1745 500 BARLAAM
1788 441 1904 498 ER!

2007 442 2120 499 ΤᾹΞ
2162 444 2247 499 ΕΤ
2286 444 2638 502 JOSAPHAT
2679 443 2894 500 INDIE
2932 445 3146 503 REGIS.

3479 450 3587 506 482

313 574 439 622 sunt
466 563 669 628 omnia,
702 571 807 616 tam
831 576 950 630 quae
982 561 1035 614 in
1085 561 1235 616 coelis
1275 575 1430 630 quam
1482 575 1599 629 quae
1632 559 1683 614 in
1730 567 1892 624 terra,
1922 555 1974 616 A
1999 566 2053 612 et
2093 557 2338 626 gemitus.
2369 558 2517 613 Tunc
2544 568 2788 624 erumpet
2815 559 2964 627 quasi
2997 573 3154 614 mane
3197 559 3375 613 lumen
3411 567 3581 628 tuum,

313 671 423 718 tam
452 659 684 716 visibilis
713 672 872 727 quam
895 655 1203 719 invisibilia,
1232 656 1344 710 sive
1371 655 1573 718 throni,
1602 653 1710 708 sive
1728 653 1900 707 domi-

312 754 588 818 nationes,
617 753 729 807 sive
757 751 1109 822 principatus,
1137 749 1250 804 sive
1279 757 1565 814 potestates
1587 746 1808 818 (Colass.
1835 746 1896 831 r).

312 848 506 903 Omnia
540 862 634 916 per
663 847 837 916 ipsum
868 845 1004 900 facta
1032 853 1179 909 sunt,
1207 852 1262 897 et
1290 843 1405 896 sine
1451 841 1568 909 ipso
1598 839 1795 893 factum
1818 846 1904 894 est

311 942 445 997 nihil
468 941 608 1009 quod
641 939 834 994 factum
859 946 942 993 est
961 936 1139 1006 (Joan.
1168 936 1238 1007 l);
1270 945 1323 991 et
1351 949 1487 990 unus
1515 933 1750 1000 Spiritus
1775 949 1901 988 san-

311 1042 452 1095 ctus,
485 1033 538 1087 in
565 1045 671 1101 quo
699 1032 901 1093 omnia,
925 1032 1011 1099 qui
1041 1029 1297 1083 Dominus
1318 1035 1422 1094 est,
1449 1036 1502 1082 et
1532 1027 1784 1092 viviﬁcat,
1809 1026 1899 1096 qui

321 1123 466 1177 Deus
493 1130 597 1190 est,
633 1133 686 1177 et
715 1121 1049 1176 divinitatem
1079 1120 1255 1185 affert,
1297 1120 1529 1190 Spiritus
1553 1119 1744 1181 bonus.
1776 1121 1901 1188 Spi-

317 1215 456 1271 ritus
486 1225 688 1279 rectus,
722 1215 954 1278 Spiritus
977 1215 1286 1282 paraclitus,
1339 1214 1569 1280 Spiritus
1597 1214 1902 1282 adOptionis

317 1308 574 1362 ﬁliorum.
606 1310 803 1363 Horum
832 1308 1192 1374 unusquisque
1234 1307 1375 1361 Deus
1402 1316 1503 1370 est,
1537 1306 1583 1360 si
1613 1307 1899 1375 separatim

316 1399 688 1455 consideretur
722 1416 734 1452 :
764 1409 820 1451 ut
842 1397 1020 1462 Pater,
1051 1398 1128 1452 sic
1157 1397 1350 1461 Filius;
1377 1407 1436 1450 ut
1462 1397 1653 1464 Filius,
1681 1398 1760 1451 sic
1782 1398 1902 1466 Spi-

314 1494 454 1547 ritus
501 1501 738 1546 sanctus.
785 1491 934 1546 Unus
962 1499 1138 1546 autem
1187 1491 1328 1545 Deus
1354 1491 1406 1544 in
1438 1492 1606 1545 tribus
1632 1493 1899 1557 personis.

327 1601 432 1639 una
462 1597 668 1648 natura.
700 1600 858 1638 unum
892 1600 1138 1654 regnum,
1164 1600 1267 1639 una
1294 1595 1550 1654 potentia,
1583 1601 1684 1639 una
1707 1587 1898 1656 gloria,

317 1691 424 1730 una
456 1677 754 1731 substantia
790 1694 804 1731 :
836 1694 953 1747 quae
1001 1692 1346 1746 personarum
1377 1689 1582 1733 ratione
1625 1678 1898 1748 dividitur,

317 1766 420 1822 sed
455 1767 674 1822 Deitatis
701 1777 947 1837 respectu
979 1783 1080 1822 una
1109 1778 1212 1823 est.
1261 1767 1410 1823 Unus
1436 1769 1578 1822 enim
1607 1779 1692 1823 est
1722 1769 1898 1837 Pater,

321 1860 410 1912 cui
444 1859 716 1927 proprium
763 1869 845 1913 est
871 1860 1107 1928 genitum
1143 1875 1247 1914 non
1274 1875 1415 1915 esse.
1450 1859 1597 1914 Unus
1629 1861 1752 1915 item
1783 1855 1902 1915 uni-

2003 660 2056 705 et
2083 652 2281 706 sanitas
2309 660 2397 706 tua
2423 652 2581 706 citius
2621 653 2845 707 orietur.
2877 652 2944 706 Et
2970 653 3192 707 anteibit
3219 652 3410 708 faciem
3441 663 3583 707 tuam

1997 742 2206 812 jusutia
2237 753 2349 811 tua,
2383 754 2437 799 et
2465 744 2630 812 gloria
2663 743 2870 798 Domini
2899 745 3113 814 colliget
3147 753 3216 799 te.
3261 743 3408 798 Tunc
3439 745 3591 798 invo-

2002 834 2171 898 cabis,
2197 846 2249 888 et
2275 835 2526 888 Dominus
2547 835 2798 890 exaudiet
2823 851 2838 888 :
2862 835 3138 898 clamabis,
3167 843 3220 889 et
3244 833 3382 888 dis-et
3409 854 3418 884 :
3447 832 3589 888 Ecce

2004 927 2189 981 adsum
2218 924 2353 996 (Isa.
2389 925 2559 998 Lvm).
2591 927 2701 996 Ego
2729 929 2871 981 enim
2908 943 3046 992 sum,
3079 925 3167 996 qui
3197 927 3354 981 deleo
3391 924 3591 995 iniqui-

2005 1027 2142 1073 tates
2170 1029 2304 1082 tuas,
2328 1030 2381 1072 et
2409 1035 2515 1075 non
2547 1023 2905 1076 memorabor.
2957 1023 3037 1076 Tu
3066 1037 3193 1077 vero
3218 1037 3423 1076 memor
3449 1032 3587 1085 esto,

2004 1110 2395 1180 etjudicemur.
2447 1113 2542 1166 Dic
2587 1124 2641 1167 tu
2690 1100 3000 1183 iniquitates
3033 1125 3172 1180 tuas,
3203 1125 3258 1168 ut
3278 1115 3589 1182 justiﬁceris

2005 1203 2138 1271 (Isa.
2187 1207 2361 1272 mn).
2428 1205 2483 1261 Si
2534 1206 2733 1262 fuerint
2784 1219 2999 1277 peccata
3051 1219 3137 1262 tua
3187 1218 3246 1263 ut
3291 1211 3587 1274 coccinum,

2005 1299 2154 1367 quasi
2203 1302 2292 1353 nix
2333 1301 2742 1357 dealbabuntur.
2787 1304 2853 1357 Et
2889 1306 2934 1358 si
2990 1305 3187 1360 fuerint
3235 1306 3392 1359 rubra
3435 1306 3590 1374 quasi
3665 1335 3674 1345 ι

2005 1393 2359 1462 vermiculus,
2395 1397 2541 1450 velut
2571 1397 2686 1451 lana
2717 1397 2839 1453 alba
2880 1408 3058 1454 erunt.
3099 1399 3171 1454 Os
3209 1399 3348 1453 enim
3382 1399 3590 1454 Domini

2005 1487 2240 1542 locutum
2269 1499 2350 1543 est
2378 1489 2513 1558 (Isa.
2547 1490 2609 1560 ι).

2076 1577 2204 1633 Car.
2249 1579 2337 1634 XI.
2363 1612 2433 1621 —
2455 1582 2544 1637 Ait
2571 1584 2635 1637 ad
2664 1597 2784 1637 eum
2803 1584 3061 1655 Josaphat
3100 1603 3111 1637 :
3157 1583 3287 1640 Haec
3315 1593 3400 1639 tua
3432 1585 3590 1640 verba

2005 1673 2260 1741 prmclara
2285 1684 2339 1728 et
2364 1673 2672 1729 admiranda
2699 1685 2852 1742 sunt;
2883 1693 3052 1746 eaque
3074 1678 3298 1742 credidi,
3330 1688 3383 1732 et
3405 1678 3587 1744 credo,

2005 1780 2325 1836 omnemque
2357 1768 2621 1822 idolorum
2660 1771 2861 1824 cultum
2900 1786 2966 1824 ex
3007 1771 3186 1824 animo
3217 1770 3303 1824 odi
3343 1786 3407 1824 ac
3444 1770 3590 1824 dete-

2004 1868 2138 1913 διον.
2173 1858 2383 1914 Etenim
2436 1859 2582 1927 prius
2625 1863 2785 1915 etiam
2836 1877 2993 1929 quam
3044 1863 3111 1915 ad
3152 1878 3236 1917 me
3283 1863 3590 1929 accederes,

313 1951 528 2020 genitus
555 1951 745 2018 Filius,
781 1954 865 2006 cui
897 1953 1172 2024 proprium
1202 1962 1287 2008 est
1305 1954 1542 2024 genitum
1574 1969 1713 2010 esse.
1752 1955 1897 2010 Unus
1926 1941 1974 2002 Β
2001 1949 2213 2018 oblique
2239 1950 2633 2020 quodammodo
2659 1967 2722 2007 ac
2739 1953 3049 2009 dubitanter
3077 1969 3204 2024 erga
3233 1970 3293 2009 ea
3316 1954 3591 2008 afﬁcieba-

323 2044 554 2115 denique
597 2045 828 2114 Spiritus
872 2054 1110 2111 sanctus,
1159 2047 1245 2101 cui
1277 2048 1548 2116 proprium
1580 2057 1663 2102 est
1689 2063 1905 2116 proces-

319 2139 480 2193 sisse.
509 2138 598 2193 Sic
623 2139 763 2192 enim
795 2154 893 2193 nos
924 2155 990 2193 ex
1022 2139 1244 2204 lumine,
1273 2138 1376 2194 hoc
1407 2149 1487 2196 est
1517 2155 1580 2195 ex
1615 2141 1793 2208 Patre,
1825 2142 1907 2195 lu-

315 2249 464 2299 men,
488 2234 539 2288 id
562 2244 644 2288 est
675 2234 885 2300 Filium,
920 2236 972 2288 in
1020 2233 1224 2292 lumine
1255 2236 1428 2308 (Psal.
1473 2241 1663 2307 xxxv),
1694 2243 1796 2294 hoc
1824 2248 1908 2294 est

317 2325 524 2393 Spiritu
574 2336 780 2394 sancto,
832 2339 1135 2397 cernentes,
1170 2329 1222 2383 in
1258 2329 1426 2383 tribus
1458 2332 1700 2399 personis
1746 2347 1904 2386 unam

318 2418 656 2474 divinitatem
689 2419 843 2474 laude
869 2434 931 2474 ac
957 2422 1125 2489 gloria
1157 2421 1442 2475 allicimus.
1479 2423 1648 2492 Atque
1673 2425 1787 2492 ipse
1818 2439 1907 2480 ve-

320 2527 413 2564 rus
459 2526 522 2566 ac
573 2513 718 2568 solus
750 2513 890 2568 Deus
917 2522 1019 2582 est,
1053 2514 1141 2584 qui
1176 2514 1226 2567 in
1271 2515 1535 2570 Triuitate
1566 2517 1900 2587 agnoscitur;

319 2600 576 2670 quoniam
606 2617 669 2657 ex
699 2603 835 2673 ipso,
867 2614 919 2658 et
950 2619 1046 2673 per
1068 2606 1331 2674 ipsum,et
1351 2607 1402 2661 in
1435 2605 1553 2676 ipso
1583 2608 1760 2662 omnia
1783 2616 1907 2662 sunt

316 2693 499 2761 (Rom.
524 2694 625 2764 ιι).

391 2786 564 2856 Hujus
591 2789 850 2844 beneﬁcio
881 2801 935 2845 et
963 2793 1131 2860 gratia
1164 2794 1278 2862 ipse
1308 2809 1540 2864 quoque,
1575 2811 1694 2850 cum
1727 2797 1792 2853 de
1816 2805 1905 2854 tuo

317 2888 461 2935 statu
483 2883 682 2936 certior
713 2883 882 2940 factus
911 2897 1074 2955 esset,
1110 2889 1304 2943 missus
1325 2904 1464 2958 sum,
1495 2890 1657 2962 265
1683 2900 1742 2945 ut
1769 2907 1828 2946 ea
1855 2901 1906 2947 te

322 2973 576 3029 docerem
626 2991 742 3046 qua
787 2978 970 3042 didici,
1001 2991 1158 3049 atque
1186 2982 1252 3034 ab
1282 2983 1501 3038 ineunte
1551 2995 1708 3037 aetate
1736 3000 1906 3054 usque

320 3065 390 3117 ad
425 3065 564 3120 hanc
584 3068 834 3122 canitiem
864 3073 1094 3125 servavi.
1133 3073 1392 3140 Quocirca
1434 3077 1479 3129 si
1506 3076 1818 3142 credideris,
1853 3088 1908 3134 et

315 3157 620 3226 baptizatus
649 3159 834 3229 fueris,
864 3163 1045 3217 salvus
1073 3165 1211 3231 eris;
1243 3166 1285 3220 si
1314 3177 1489 3222 autem
1525 3183 1628 3222 non
1660 3170 1906 3225 credide—

317 3252 418 3320 ris,
445 3254 894 3310 condemnaberis
919 3254 1111 3326 (Marc.
1141 3259 1280 3329 xvi).
1310 3260 1439 3314 Nam
1464 3275 1526 3315 ea
1551 3278 1666 3329 quae
1693 3262 1905 3316 hodier-

2013 2054 2097 2097 tur
2125 2043 2333 2099 animus
2375 2059 2546 2100 meus.
2598 2045 2750 2100 Nunc
2798 2057 2976 2102 autem
3023 2057 3362 2116 posteaquam
3406 2063 3591 2103 eorum

2009 2138 2324 2203 vanitatem,
2360 2138 2745 2208 hominumque
2773 2140 2863 2208 qui
2893 2154 2954 2195 ea
2987 2141 3171 2194 colunt
3213 2141 3492 2195 stultitiam
3524 2157 3590 2195 ex

2011 2240 2062 2286 te
2100 2231 2370 2296 intellexi,
2405 2232 2643 2299 perfecto
2681 2233 2808 2287 odio
2846 2248 2906 2287 ea
2953 2235 3202 2298 insector,
3237 2250 3300 2287 ac
3324 2235 3433 2288 Deo
3465 2248 3592 2288 vero

2010 2339 2097 2380 me
2139 2324 2191 2378 in
2233 2325 2545 2378 servitutem
2587 2326 2837 2381 addicere
2883 2328 3085 2394 gestio,
3118 2327 3276 2380 modo
3322 2343 3408 2382 me
3455 2328 3588 2396 ipse,

2012 2418 2281 2471 hominem
2312 2418 2608 2488 indignum,
2633 2421 2702 2472 ob
2725 2419 3038 2488 iniquitates
3064 2434 3211 2473 mets
3234 2418 3450 2474 minime
3471 2421 3592 2475 sub-

2008 2519 2242 2577 moveat,
2275 2525 2457 2564 verum
2505 2526 2601 2580 pro
2631 2525 2750 2576 sua,
2800 2522 2856 2566 ut
2879 2512 3060 2576 doces,
3094 2512 3418 2582 benignitate
3459 2514 3588 2567 mihi

2009 2604 2184 2657 omnia
2215 2605 2502 2674 condonet,
2531 2620 2720 2674 meque
2750 2619 2961 2659 servum
2991 2606 3090 2658 sibi
3118 2609 3380 2660 asciscere
3408 2607 3591 2674 digne-

2009 2702 2117 2750 tur.
2146 2693 2261 2749 Jam
2294 2697 2472 2766 itaque
2499 2697 2761 2765 baptisma
2794 2699 3069 2765 suscipere
3094 2712 3306 2765 paratus
3334 2715 3471 2762 sum,
3507 2711 3592 2753 at—

2008 2803 2109 2858 que
2138 2789 2316 2844 omnia
2351 2805 2471 2860 quae
2508 2790 2904 2860 praescripseris
2936 2805 3170 2846 servare.
3203 2792 3464 2858 Quidnam
3497 2807 3592 2845 au-

2010 2889 2114 2936 tem
2145 2882 2272 2935 mihi
2297 2894 2419 2952 post
2444 2883 2763 2952 baptismum
2794 2884 3093 2939 faciendum
3125 2885 3239 2939 est?
3271 2885 3484 2940 Satisne
3511 2894 3594 2940 est

2007 2972 2073 3026 ad
2103 2976 2328 3028 salutem
2354 2976 2574 3029 credere
2622 2990 2685 3031 ac
2714 2976 3008 3044 baptizari?
3038 2991 3108 3030 an
3128 2979 3290 3031 etiam
3317 2977 3418 3031 alia
3448 2993 3593 3046 qua:-

2008 3065 2129 3120 dam
2158 3067 2453 3137 adjungere
2484 3083 2703 3123 necesse
2733 3068 2855 3122 est?

2078 3159 2222 3214 Dixit
2251 3170 2426 3216 autem
2457 3160 2524 3214 ad
2561 3175 2685 3215 eum
2719 3160 2960 3215 Barlaam
2990 3179 3000 3212 :
3029 3161 3163 3216 Audi
3191 3163 3319 3232 quid
3351 3163 3444 3218 tibi
3474 3171 3594 3231 post

2007 3251 2329 3321 baptismum
2373 3250 2678 3306 faciendum
2723 3252 2793 3306 sit
2837 3269 2851 3305 :
2892 3267 3084 3320 nempe
3113 3262 3170 3306 ut
3200 3255 3266 3307 ab
3295 3255 3440 3308 omni
3471 3269 3594 3323 pec-

317 3357 388 3396 no
415 3341 501 3398 die
526 3343 724 3409 cernis,
753 3354 808 3400 et
831 3347 1021 3416 quibus
1046 3348 1314 3418 gloriaris,
1350 3352 1449 3405 hoc
1491 3361 1594 3416 est,
1624 3351 1813 3421 gloria,
1843 3361 1899 3407 et
1927 3339 1973 3404 C
2005 3353 2146 3410 cato,
2191 3355 2246 3400 et
2283 3347 2349 3400 ab
2378 3346 2524 3400 omni
2556 3347 2748 3401 vitiosa
2784 3346 3066 3400 affectione
3100 3345 3390 3416 absﬁneas,
3432 3356 3594 3417 atque

318 3434 548 3501 deliciae,
580 3445 634 3490 et
656 3450 807 3505 opes,
859 3447 912 3493 et
959 3441 1134 3494 omnis
1184 3441 1407 3510 hujusce
1438 3442 1558 3495 vitae
1587 3444 1898 3514 impostura,

316 3525 428 3596 jam
451 3526 669 3597 jamque
693 3530 1060 3599 praeteribunt,
1087 3540 1242 3602 teque
1282 3532 1504 3588 invitum
1535 3538 1694 3590 etiam
1736 3550 1797 3590 ac
1821 3551 1903 3591 re-

317 3629 645 3689 pugnantem
664 3622 786 3676 hinc
805 3623 1042 3692 ejicient.

391 3713 471 3766 Ac
492 3727 684 3781 corpus
719 3713 931 3784 quidem
971 3717 1258 3787 perexiguo
1289 3719 1535 3787 sepulcro
1580 3722 1901 3789 includetur,

319 3803 496 3860 solum
522 3805 788 3874 relictum,
813 3819 970 3877 atque
991 3812 1135 3864 omni
1160 3811 1452 3866 amicorum
1478 3824 1530 3866 et
1557 3823 1903 3883 cegnatorum

319 3908 466 3953 coetu
495 3897 832 3954 destitutum.
865 3901 1150 3956 Facessent
1179 3913 1356 3957 autem
1388 3905 1572 3957 mundi
1597 3907 1904 3972 jucundita-

320 3999 428 4056 tes,
469 3999 627 4060 atque
666 3991 853 4061 ingens
881 3994 1125 4062 quaedam
1158 3995 1447 4049 insuavitas
1493 4011 1555 4050 ac
1583 3998 1744 4051 fetida
1788 4013 1906 4051 cor-

318 4084 500 4150 ruptio
549 4086 829 4153 praesentis
880 4086 1292 4156 pulchritudinis
1337 4097 1392 4142 et
1437 4089 1742 4157 ﬂagrantiae
1788 4091 1906 4146 loco

319 4176 415 4231 tibi
453 4177 684 4247 undique
715 4179 1034 4240 aﬂ‘undetur.
1069 4180 1262 4234 Anima
1293 4197 1421 4236 vero
1453 4191 1539 4236 tua
1569 4181 1780 4237 inferno
1810 4185 1908 4238 ad-

319 4271 485 4335 dicta,
518 4272 572 4325 in
602 4273 880 4328 inferiores
907 4283 1061 4328 terrae
1089 4287 1266 4343 partes
1292 4289 1459 4344 usque
1484 4276 1550 4330 ad
1581 4289 1906 4346 postremam

318 4364 772 4419 resurrectionem
820 4366 1154 4434 conjicietur.
1215 4368 1332 4433 Quo
1393 4369 1595 4423 scilicet
1666 4379 1909 4438 tempore

319 4454 501 4509 anima
544 4465 763 4525 recepto
794 4471 1021 4524 corpore
1048 4473 1146 4512 suo
1176 4475 1203 4511 a
1231 4459 1442 4513 Domini
1490 4459 1624 4514 facie
1652 4463 1907 4532 projicie-

321 4554 447 4615 tur,
503 4562 566 4602 ac
607 4550 901 4617 gehennae,
957 4551 1108 4618 cujus
1157 4551 1369 4605 ﬂamma
1421 4553 1745 4619 sempiterna
1800 4565 1903 4619 est,

319 4641 733 4709 mancipabitur.
783 4641 907 4696 llazc
936 4643 1050 4708 tibi,
1085 4654 1244 4711 atque
1276 4643 1434 4698 etiam
1480 4645 1638 4712 longe
1665 4644 1748 4699 his
1789 4661 1909 4715 gra-

317 4735 469 4787 viora
500 4734 831 4802 contingent,
862 4735 907 4788 si
941 4735 994 4788 in
1027 4733 1337 4789 inﬁdelitate
1365 4735 1685 4804 perstiteris.

391 4824 448 4880 Si
500 4838 675 4880 autem
723 4826 768 4880 ei
817 4825 907 4895 qui
958 4835 1007 4880 te
1057 4827 1118 4878 ad
1151 4826 1373 4881 salutem
1421 4826 1629 4894 invitat,
1660 4838 1908 4898 prompto

318 4922 499 4977 animo
529 4923 791 4993 parueris,
824 4932 982 4992 atque
1017 4923 1080 4977 ad
1112 4940 1232 4979 eum
1264 4924 1458 4994 cupido
1485 4933 1538 4978 et
1569 4926 1694 4977 lano
1729 4925 1910 4981 animo

319 5029 626 5083 accurrens,
667 5015 833 5085 ipsius
883 5015 1080 5072 lumine
1119 5017 1360 5088 signatus
1406 5017 1568 5072 fueris
1605 5015 1777 5086 (Psat.
1807 5019 1906 5088 tv),

317 5124 548 5178 cumque
581 5110 648 5163 ita
693 5111 966 5180 sequaris,
1011 5119 1066 5164 ut
1107 5125 1136 5164 a
1167 5122 1314 5180 tergo
1346 5111 1562 5165 minime
1611 5122 1906 5179 resrectes,

319 5211 499 5270 atque,
550 5201 793 5256 omnibus
842 5206 1002 5258 rebus
1052 5203 1276 5274 abjectis
1321 5215 1373 5259 et
1418 5205 1758 5273 contemptis,
1806 5205 1905 5273 ipsi

317 5295 416 5348 soli
463 5292 763 5362 adhzereas,
809 5306 1062 5364 quautam
1090 5283 1229 5351 inde
1272 5297 1518 5353 ﬁduciam
1564 5313 1626 5353 ac
1665 5298 1904 5353 laetitiam

318 5386 688 5456 consequeris,
725 5387 845 5441 audi
881 5404 892 5439 :
928 5388 981 5443 Si
1015 5389 1242 5456 sederis,
1268 5405 1489 5445 securus
1515 5392 1654 5456 eris;
1699 5392 1744 5445 si
1781 5391 1908 5446 dor-

318 5479 520 5544 mieris,
560 5479 795 5549 jucunde
841 5483 1222 5550 conquiesces:
1256 5499 1352 5538 nec
1395 5484 1605 5539 timebis
1643 5495 1902 5540 terrorem

320 5574 814 5642 supervenientem,
848 5591 946 5631 nec
993 5577 1274 5645 impiorum
1323 5578 1624 5632 daemonum
1677 5581 1906 5643 impetus

322 5667 504 5736 (Prov.
542 5668 640 5739 tu),
674 5685 854 5724 verum
887 5669 1215 5725 conﬁdenter
1261 5680 1319 5724 ut
1360 5671 1443 5726 leo
1477 5673 1691 5727 incedes
1718 5671 1906 5740 (Prov.

321 5760 539 5831 xxvtn),
591 5776 652 5814 ac
694 5777 812 5817 cum
862 5763 1043 5817 laetitia
1085 5774 1139 5818 et
1178 5765 1500 5832 sempiterna
1550 5766 1908 5819 exsultatione

321 5852 485 5906 vives.
535 5854 743 5906 Lteuim
777 5869 937 5922 snpcr
965 5865 1125 5922 caput
1157 5864 1301 5910 tuum
1333 5857 1589 5912 exultatio
1629 5867 1680 5910 et
1711 5859 1824 5910 laus
1855 5867 1908 5910 ct

321 5945 505 6002 latitia
550 5955 600 6001 te
635 5947 1074 6016 comprehendet.
1111 5949 1336 6020 Elfugiet
1371 5950 1542 6016 dolor,
1585 5957 1637 6006 ct
1681 5964 1903 6018 mwror,

2007 3439 2320 3495 orthodoxae
2338 3439 2461 3493 ﬁdei
2491 3438 2838 3494 fundamento
2862 3439 3115 3493 virtutum
3145 3439 3378 3493 studium
3407 3454 3595 3509 super-

2007 3542 2205 3588 struas.
2237 3533 2499 3600 Quoniam
2528 3533 2660 3589 ﬁdes
2688 3533 2805 3587 sine
2834 3532 3084 3600 operibus
3113 3541 3318 3586 mortua
3344 3542 3426 3588 est
3450 3531 3594 3604 (Jac.

2009 3626 2072 3693 ι),
2098 3628 2548 3695 quemadmodum
2573 3625 2734 3681 etiam
2759 3640 2919 3693 opera
2947 3637 3151 3680 remota
3180 3623 3304 3679 ﬁde.
3337 3624 3424 3678 Ait
3451 3626 3593 3679 enim

1963 3759 1966 3762 «
2011 3721 2304 3790 Apostolus
2332 3719 2476 3791 (Gal.
2509 3720 2565 3788 v)
2613 3737 2625 3773 :
2670 3719 2870 3788 Spiritu
2922 3718 3212 3779 ambulate,
3244 3727 3299 3771 et
3328 3718 3592 3773 desideria

2009 3816 2184 3872 carnis
2233 3833 2300 3871 ne
2339 3817 2646 3885 perﬁciatis.
2692 3815 2971 3870 Manifesta
3019 3813 3352 3883 sunt'opera
3393 3813 3592 3876 carnis,

2011 3927 2131 3982 qua
2156 3919 2282 3966 sunt
2306 3910 2656 3974 adulterittm,
2705 3906 3010 3973 foruicatio,
3041 3906 3398 3971 immunditia,
3443 3903 3594 3957 luxu-

2011 4004 2110 4071 ria,
2140 4002 2404 4058 idolorum
2433 4001 2685 4068 servitus,
2718 3999 2998 4067 veneﬁcia,
3037 3997 3349 4061 inimicitia),
3377 4007 3596 4050 conten-

2013 4095 2209 4159 tiones,
2242 4094 2638 4160 aemulationes,
2668 4092 2781 4157 iraa,
2811 4093 2964 4157 rixae,
2996 4089 3379 4154 dissensiones,
3411 4099 3595 4150 sectae,

2011 4187 2242 4253 invidiae,
2272 4186 2576 4250 homicidia,
2602 4183 2839 4250 avaritia,
2869 4183 3293 4247 maledictiones,
3318 4197 3472 4235 amor
3499 4197 3594 4236 vo-

2017 4281 2301 4348 luptatum,
2343 4281 2651 4344 ebrietates,
2697 4278 3137 4344 comessationes,
3175 4284 3230 4331 et
3274 4275 3354 4330 his
3372 4275 3592 4342 similia,

2012 4387 2130 4441 quae
2175 4371 2405 4440 praadico
2428 4371 2596 4435 vobis,
2620 4371 2758 4425 sicut
2781 4370 3025 4438 praedixi,
3066 4367 3316 4438 quoniam
3341 4367 3430 4437 qui
3471 4367 3596 4422 talia

2011 4472 2175 4533 agunt
2203 4478 2424 4532 regnum
2449 4461 2543 4516 Dei
2578 4478 2683 4516 non
2710 4469 3123 4529 consequentur.
3161 4459 3388 4512 Fructus
3417 4466 3595 4511 autem

2010 4554 2240 4622 Spiritus
2266 4563 2369 4620 est,
2402 4553 2657 4620 charitas,
2702 4551 2975 4622 gaudium,
3019 4564 3151 4618 pax,
3194 4548 3592 4618 longanimitas,

2013 4647 2334 4716 benignitas,
2365 4645 2600 4708 bonitas,
2633 4643 2789 4711 fides,
2833 4640 3213 4704 mansuetudo,
3245 4640 3593 4708 continentia,

1930 4737 1984 4798 D
2010 4741 2358 4795 sanctiﬁcatio
2402 4738 2593 4792 animae
2631 4748 2685 4793 et
2727 4736 2985 4806 corporis,
3030 4737 3208 4791 cordis
3228 4735 3504 4792 afflictatio
3545 4744 3598 4792 et

2014 4833 2286 4898 contritio,
2305 4831 2666 4900 eleemosyna,
2687 4828 2998 4899 injuriarum
3024 4829 3244 4895 oblivio,
3270 4828 3593 4893 humanitas,

2014 4926 2214 4994 vigilia,
2255 4926 2470 4981 sincera
2510 4924 2578 4979 de
2611 4924 2860 4978 omnibus
2903 4922 3326 4994 pratcedentibus
3366 4918 3599 4988 peccatis

2016 5021 2348 5091 paenitentia,
2380 5017 2812 5088 compunctionis
2842 5017 3114 5087 lacrymte,
3143 5015 3318 5068 luctus
3347 5020 3457 5065 tum
3502 5025 3599 5079 pro

2014 5106 2148 5180 suis',
2179 5122 2289 5168 tum
2322 5127 2418 5182 pro
2447 5111 2668 5166 aliorutn
2700 5111 2950 5180 peccatis,
2982 5109 3191 5178 aliaque
3227 5105 3466 5174 ejusdem
3501 5119 3596 5172 ge-

2015 5209 2162 5262 neris
2205 5225 2217 5260 :
2259 5222 2380 5275 quae
2407 5203 2623 5275 quidem
2667 5213 2916 5273 tauquam
2946 5200 3140 5271 gradus
3176 5209 3229 5250 et
3258 5199 3415 5250 scalae
3457 5194 3598 5250 inter

2013 5315 2072 5356 se
2109 5299 2463 5363 cohaerentes,
2492 5307 2650 5367 atque
2684 5295 2803 5349 alia:
2833 5295 2900 5348 ab
2929 5291 3045 5346 aliis
3079 5288 3325 5350 suffultze,
3359 5288 3596 5342 animum

2013 5394 2066 5448 in
2097 5392 2292 5448 cmlum
2335 5390 2662 5446 subvehunt.
2684 5389 2758 5441 Eu
2788 5386 2900 5440 hac
2929 5391 3053 5438 sunt
3091 5397 3207 5450 qure
3253 5390 3371 5449 post
3399 5381 3573 5448 baptts

2014 5503 2160 5543 mum
2217 5484 2463 5554 amplecti
2491 5483 2758 5552 juhcmur,
2788 5491 2945 5548 atque
2981 5475 3048 5529 ab
3077 5474 3196 5529 aliis
3218 5489 3339 5544 quae
3367 5491 3486 5528 cum
3514 5474 3600 5528 his

2015 5588 2252 5648 pugnant
2279 5579 2568 5630 abstinere.

2086 5673 2240 5741 Quod
2312 5671 2357 5725 si
2422 5677 2539 5737 post
2596 5673 2866 5731 acceptam
2935 5661 3172 5716 veritatis
3238 5661 3598 5730 cognitionem

2014 5770 2190 5838 priora
2242 5770 2448 5816 mortua
2501 5772 2660 5826 opera
2707 5771 2915 5809 rursum
2963 5756 3301 5823 arripiaums,
3349 5767 3411 5805 ac
3449 5753 3599 5804 canis

2015 5862 2183 5913 instar
2227 5855 2293 5909 ad
2323 5861 2566 5908 nostrum
2594 5853 2850 5906 vomitum
2891 5861 3218 5905 revertamur
3252 5844 3336 5914 (11
3365 5844 3481 5898 Pet.
3514 5844 3597 5911 tt),

2013 5949 2168 6031 illud_
2187 5944 2344 6028 nobis
2373 5959 2472 6023 usu
2523 5945 2735 6016 veniet,
2780 5944 2922 6016 quod
2967 5960 2995 6000 a
3028 5940 3254 6001 Domino
3282 5939 3483 6019 dictum
3513 5942 3601 6019 est
