4158 6354
562 341 670 408 ita

1595 345 1684 402 DE
1731 344 1910 403 VITIS
1950 341 2236 401 PATRUM
2278 336 2479 398 LIBER
2521 337 2802 397 PRIMUS.

3734 339 3839 402 481

562 459 743 539 (Lacte
773 465 896 536 XI):
948 465 1082 520 Cum
1123 461 1295 529 enim,
1328 462 1514 531 inquit,
1565 461 1790 517 exiverit
1839 459 2144 517 itnmundus
2169 459 2223 524 Α
2249 461 2422 530 cans).
2457 457 2534 514 Ad
2564 458 2698 525 haec,
2743 471 2862 512 cum
2895 455 2980 512 lex
3008 455 3302 527 perjurium
3347 458 3643 527 prohibeat,
3677 457 3839 516 Cirris

563 565 784 632 spiritus
830 562 900 616 ab
943 557 1160 614 homine
1201 560 1325 628 (per
1354 557 1602 626 baptismi
1644 557 1848 611 scilicet
1891 555 2144 627 gratiam)

560 654 802 707 auibulat
827 666 920 720 per
946 652 1056 706 loca
1087 652 1364 719 insquosa,
1392 663 1637 716 quarens
1664 649 1926 718 requiem,
1958 657 2010 703 et
2037 663 2142 703 non

562 744 789 799 invenit.
822 743 1152 797 Pertuoleste
1187 753 1364 795 autem
1400 743 1576 796 iet-ens
1612 757 1671 795 se
1698 741 1898 795 diutius
1927 741 2050 796 tecti
2081 753 2146 796 ac

559 837 689 891 laris
709 845 980 906 expertem
1021 850 1162 902 esse,
1188 837 1351 906 266
1380 839 1455 890 ait
1497 853 1510 887 :
1555 836 1814 890 Revertar
1844 837 1897 890 in
1925 835 2142 891 domum

560 944 736 985 meam
779 929 918 983 unde
958 929 1116 984 exivi.
1171 930 1231 982 Et
1280 928 1504 982 veniens
1555 929 1756 983 invenit
1803 942 1921 982 eam
1968 929 2146 997 scopis

559 1023 868 1078 mandatam
912 1031 966 1076 et
1008 1029 1283 1087 Ornatam,
1311 1028 1566 1076 caeterum
1619 1023 1828 1076 inanem
1860 1033 1923 1074 ac
1950 1035 2146 1076 vacan-

561 1125 689 1184 tem,
732 1123 791 1170 ut
827 1129 950 1185 quat
977 1117 1166 1185 gratiae
1198 1114 1401 1169 cultum
1441 1125 1601 1185 atque
1635 1117 1998 1184 operationem
2044 1116 2144 1171 mi-

558 1211 703 1266 nime
743 1211 1063 1280 susceperit,
1091 1221 1189 1264 nee
1220 1221 1277 1264 se
1320 1211 1489 1279 ipsam
1516 1211 1772 1264 virtutum
1813 1211 2003 1280 Opilius
2045 1225 2142 1266 cna-

559 1304 794 1358 ntaiaviti
827 1303 978 1358 Tunc
1018 1304 1181 1371 vadit,
1212 1312 1268 1357 et
1313 1303 1538 1357 assumit
1564 1317 1746 1358 secum
1778 1309 1980 1373 septem
2011 1305 2145 1361 alios

558 1397 775 1466 spiritus
804 1396 1087 1462 nequiores
1124 1411 1218 1460 se,
1260 1406 1308 1450 et
1353 1399 1627 1466 ingressus
1671 1397 1873 1450 habitat
1903 1395 2032 1453 illic.
2078 1396 2146 1453 Et

558 1487 995 1542 ﬁuutnovissima
1018 1487 1248 1542 hominis
1273 1487 1412 1541 illius
1441 1487 1620 1556 pejora
1648 1487 1932 1557 prioribus.
1965 1488 2148 1558 Siqui-

557 1581 679 1636 dem
701 1581 1000 1650 baptismus
1027 1582 1262 1649 priorum
1293 1579 1506 1648 quidem
1535 1579 1774 1633 omnium
1805 1587 2144 1649 peccatorum

557 1679 888 1748 syngraphas
932 1690 1068 1748 aqua
1097 1677 1295 1742 obruit,
1335 1691 1396 1731 ac
1421 1692 1637 1746 prorsus
1662 1677 1804 1732 delet
1847 1685 1902 1732 et
1933 1677 2149 1732 oblitte-

557 1780 661 1838 rat,
705 1779 865 1838 atque
909 1770 959 1823 in
987 1779 1256 1836 posterum
1282 1770 1619 1823 ﬁrmissimus
1646 1772 1802 1824 nobis
1841 1776 2028 1824 lituras
2058 1775 2145 1823 est

2249 561 2364 606 stus
2389 552 2573 620 iurare
2613 553 2836 606 omnino
2880 559 3045 616 vetat,
3078 565 3178 606 nec
3206 551 3498 622 quidquam
3542 551 3688 606 aliud
3722 561 3843 622 per-

2245 643 2429 711 mittit,
2453 659 2634 714 quam,
2659 644 2773 708 Est,
2799 653 2914 711 est;
2948 643 3086 709 Non,
3119 657 3249 700 non.
3278 645 3502 700 Oculum
3533 659 3634 715 pro
3657 646 3838 714 Oculo,

2246 746 2302 794 et
2333 739 2548 794 dentem
2592 753 2690 808 pro
2727 741 2909 806 dente,
2954 739 3095 804 lilio;
3141 739 3226 794 hic
3271 747 3450 795 autem
3481 753 3494 792 :
3523 740 3840 810 Quicunque

2247 834 2574 903 percusserit
2604 842 2658 887 te
2683 832 2735 886 in
2767 831 3050 887 dexteram
3079 832 3370 897 manilium,
3398 831 3579 902 prtebe‘
3599 834 3651 888 ei
3679 841 3738 887 et
3761 832 3840 888 aia

2248 932 2437 980 teram.
2455 924 2523 978 Et
2535 925 2624 994 qui
2653 935 2823 979 Iecutn
2839 924 2951 979 vult
2961 924 3164 994 iudieio
3175 925 3519 988 contendere.
3538 934 3593 980 et
3608 927 3840 982 tunica

2247 1029 2388 1076 tuam
2417 1021 2622 1086 tollere,
2657 1020 2872 1077 dimitte
2908 1023 2958 1076 ei
3003 1029 3057 1076 et
3085 1021 3326 1091 pallium.
3359 1022 3752 1092 thuicnnque
3789 1028 3844 1078 ιο

2245 1117 2606 1186 angariaverit
2658 1116 2804 1170 mille
2850 1121 3059 1185 passus,
3089 1115 3225 1171 vade
3253 1129 3375 1171 eum
3423 1114 3522 1170 illo
3565 1116 3668 1170 alia
3711 1114 3838 1172 duo.

2247 1209 2345 1276 Qui
2377 1208 2511 1278 petit
2539 1223 2569 1264 a
2600 1216 2675 1276 te,
2713 1207 2780 1265 da
2818 1209 2890 1265 ei.
2935 1208 3004 1264 Et
3040 1209 3308 1265 volentem
3347 1217 3376 1264 ε
3407 1216 3460 1265 te
3501 1206 3736 1264 mutuari
3772 1211 3841 1265 uti

2249 1308 2484 1358 avertas.

2323 1393 2562 1448 Audistis
2585 1393 2711 1463 quia
2737 1393 2936 1448 dictum
2967 1401 3048 1449 est
3073 1408 3088 1446 :
3111 1392 3316 1462 Diliges
3333 1393 3638 1462 proximum
3666 1395 3838 1457 tuum,

2249 1495 2303 1542 et
2325 1487 2450 1542 odio
2469 1487 2689 1542 habebis
2706 1487 2982 1543 inimicum
3006 1497 3174 1544 tuum.
3194 1487 3306 1557 Ego
3319 1495 3501 1541 autem
3521 1485 3642 1540 died
3658 1485 3839 1541 vobis:I

2251 1581 2466 1650 Diligite
2497 1579 2743 1637 inimicos
2766 1589 2995 1646 vestros,
3024 1581 3321 1637 benefaeite
3360 1578 3443 1634 bis
3475 1579 3568 1650 qui
3613 1577 3843 1634 oderunt

2249 1683 2366 1743 vos,
2386 1682 2441 1729 et
2457 1684 2608 1729 orate
2623 1689 2721 1742 pro
2735 1675 3177 1746 persequentibus
3190 1677 3246 1730 et
3258 1670 3707 1729 calumniantibus
3723 1685 3840 1738 vos,

2250 1774 2305 1819 ut
2337 1765 2454 1820 sitis
2503 1765 2597 1820 lilii
2621 1764 2797 1823 Patris
2825 1769 2988 1823 vestri
3017 1767 3106 1838 qui
3157 1766 3211 1823 in
3238 1767 3393 1824 caelis
3419 1777 3523 1833 est,
3553 1765 3642 1835 qui
3676 1764 3844 1820 solem

558 1876 621 1916 ac
650 1863 833 1927 turris,
861 1871 917 1916 et
944 1861 1080 1916 forte
1111 1863 1273 1916 telam
1305 1862 1368 1915 ad
1399 1862 1638 1930 praelium
1668 1873 1790 1917 cum
1816 1862 1970 1916 hoste
2011 1873 2145 1915 con-
2177 1860 2225 1921 B
2252 1871 2405 1912 suum
2436 1854 2563 1913 facit
2591 1859 2723 1912 oriri
2751 1873 2914 1929 super
2936 1858 3109 1914 bonos
3133 1867 3187 1914 et
3215 1859 3404 1927 malos,
3436 1867 3490 1914 et
3512 1854 3649 1928 ptuit
3678 1863 3842 1924 super

558 1953 864 2009 serendum.
881 1953 997 2008 Non
1027 1962 1202 2009 tamen
1231 1955 1439 2009 arbitrii
1465 1955 1764 2010 libertatem
1790 1955 1949 2020 tollit,
1975 1970 2148 2025 neque

561 2053 776 2115 peccata
807 2060 868 2100 ea
899 2060 1018 2116 quae
1051 2056 1168 2116 post
1199 2048 1518 2117 baptismum
1547 2049 1936 2104 contrahuntur
1963 2051 2149 2105 retnit-s

561 2137 644 2205 tit,
675 2153 774 2194 nec
805 2138 1091 2194 secundam
1143 2140 1195 2195 in
1226 2141 1482 2209 piscinam
1535 2143 1930 2198 immersionem
1979 2143 2149 2198 contia

560 2241 666 2287 net.
711 2231 884 2287 Unum
931 2235 1077 2288 enim
1118 2236 1383 2302 baptisma
1427 2237 1774 2302 confitemur;
1825 2243 1889 2292 ac
1927 2236 2151 2306 proinde

559 2335 765 2377 summa
810 2325 1080 2392 diligentia
1126 2337 1318 2380 cavere
1347 2325 1606 2380 debemus
1657 2341 1724 2382 ne
1754 2326 1807 2382 in
1837 2329 2002 2383 novas
2034 2343 2154 2383 sora

559 2415 655 2470 des
706 2415 1023 2483 incidamus,
1067 2427 1250 2471 verum
1273 2414 1483 2472 Domini
1509 2418 1760 2474 mandata
1781 2431 2146 2489 cnpessamus.

559 2506 690 2562 Nam
712 2522 833 2562 cum
861 2509 976 2578 ipse
999 2509 1256 2578 apostolis
1276 2510 1500 2566 dixisset
1529 2528 1540 2563 :
1569 2513 1643 2566 Ite
1674 2518 1730 2567 et
1749 2512 1939 2568 docete
1963 2525 2150 2569 omnes

560 2611 766 2672 gentes,
796 2603 1130 2672 baptizautes
1160 2618 1255 2660 eos
1287 2605 1341 2658 in
1371 2607 1586 2660 nomine
1615 2605 1814 2675 Patris,
1841 2611 1896 2661 et.
1917 2606 2063 2675 Filii,
2096 2613 2153 2662 et

561 2693 794 2763 Spiritus
817 2697 1010 2762 sancti,
1042 2712 1149 2751 non
1178 2697 1263 2752 hic
1288 2700 1550 2765 constitit,
1583 2713 1768 2752 verum
1800 2699 2016 2768 adjecit,
2050 2700 2153 2752 Do-

562 2795 749 2841 oeutes
793 2801 860 2842 eo
907 2803 1126 2845 servare
1172 2790 1352 2844 omnia
1382 2803 1712 2861 quiscunque
1745 2790 1973 2862 praecepi
2001 2791 2152 2846 vobis

563 2878 758 2950 (Marc.
781 2883 914 2949 xvt).

589 3004 592 3006 η
640 2973 910 3028 Mandavit
935 2987 1094 3043 porro
1122 2983 1179 3028 ut
1207 2975 1398 3044 spiritu
1427 2989 1685 3044 pauperes
1732 2977 1900 3030 simus
1933 2974 2150 3046 (Matth.

563 3066 620 3139 v)
655 3068 812 3137 (tales
841 3069 981 3123 enim
1019 3070 1224 3135 beatos,
1259 3072 1572 3140 cteiestiqu‘e
1615 3085 1780 3142 regno
1808 3073 2000 3141 dignos
2033 3084 2156 3125 esse

563 3163 922 3232 pronuntiat).
973 3164 1178 3220 Deinde
1220 3173 1280 3219 ut
1325 3166 1376 3220 in
1428 3167 1679 3236 praesenti
1722 3179 1838 3222 aevo
1879 3165 2154 3235 lugeamus

2246 1951 2421 2018 justos
2448 1959 2501 2005 et
2541 1951 2771 2021 lnjustos
2815 1951 2966 2021 (Lac.
2995 1950 3096 2022 vi).
3141 1950 3317 2007 Nolite
3340 1950 3603 2021 judicare,
3649 1953 3712 2003 ut
3740 1960 3844 2002 non

2246 2041 2583 2112 judicemini.
2613 2043 2894 2108 Dimittite,
2926 2049 2982 2099 et
3007 2044 3307 2099 dimittetur
3329 2041 3501 2098 vobis.
3528 2040 3708 2096 Nolite
3735 2039 3843 2094 the-

2251 2136 2521 2189 saurizare
2542 2134 2696 2190 vobis
2720 2137 2999 2190 thesauros
3031 2137 3084 2190 in
3108 2143 3271 2200 terra,
3297 2135 3387 2190 ubi
3410 2147 3589 2204 aerugo
3616 2143 3671 2187 et
3701 2135 3842 2186 tinea

2251 2224 2561 2294 demolitur,
2585 2234 2640 2283 et
2660 2227 2804 2282 uires
2823 2227 3086 2282 effodiunt
3104 2238 3158 2283 et
3181 2227 3441 2282 furantur.
3465 2213 3847 2280 Thesauriaute

2253 2334 2433 2379 autem
2457 2325 2610 2379 vobis
2631 2324 2913 2380 thesauros
2935 2325 2990 2380 in
3011 2326 3172 2390 caelo,
3204 2323 3294 2379 ubi
3323 2325 3497 2393 neque
3524 2331 3727 2390 aerugo,
3757 2331 3847 2373 ne-

2254 2429 2358 2484 que
2385 2417 2531 2472 tinea
2571 2416 2892 2484 demolitur,
2937 2427 2993 2472 et
3031 2417 3118 2471 ubi
3149 2414 3296 2470 iures
3326 2423 3433 2470 non
3457 2411 3724 2469 eﬂodiunt
3749 2415 3846 2464 nec

2254 2510 2521 2566 furantur.
2572 2511 2673 2568 Ubi
2710 2513 2852 2568 enim
2885 2517 2969 2568 est
3017 2513 3302 2567 thesaurus
3344 2512 3488 2578 tuus,
3537 2507 3608 2562 ibi
3655 2507 3715 2561 et
3755 2511 3846 2560 eor

2255 2610 2428 2657 tuum.
2473 2603 2552 2657 Ne
2574 2604 2794 2658 solliciti
2820 2605 2936 2660 sitis
2965 2604 3158 2658 animae
3181 2599 3378 2658 vestra:
3401 2597 3529 2671 quid
3557 2598 3846 2655 manduce-

2255 2698 2348 2765 tis,
2381 2713 2556 2768 neque
2583 2700 2795 2767 corpori
2829 2707 3009 2753 vestro
3035 2697 3163 2769 quid
3192 2695 3525 2761 induamini;
3553 2695 3659 2750 scit
3703 2692 3846 2748 enim

2257 2789 2418 2844 Pater
2442 2798 2621 2845 vester
2645 2791 2881 2845 omlestis
2903 2791 3157 2858 quoniam
3186 2789 3270 2845 his
3295 2788 3546 2844 omnibus
3572 2786 3843 2859 indigetis.

2257 2883 2436 2947 ραι-θ
2476 2881 2566 2950 qui
2608 2885 2840 2938 animam
2885 2891 2942 2938 et
2985 2896 3181 2952 corpus
3218 2881 3389 2948 dedit,
3421 2891 3644 2951 prorsus
3686 2877 3847 2932 etiam

2258 2974 2436 3030 cibum
2463 2982 2519 3030 et
2549 2975 2921 3031 indumentum
2954 2975 3135 3042 dabit;
3181 2975 3291 3044 ille,
3324 2975 3562 3044 inquam,
3605 2971 3696 3040 qui
3727 2969 3847 3027 cteli

2259 3077 2388 3119 aves
2433 3067 2632 3128 nutrit,
2678 3077 2732 3122 et
2760 3068 2873 3137 agri
2905 3067 3017 3123 lilia
3070 3077 3210 3122 tanta
3244 3063 3642 3136 pulchritudine
3670 3071 3845 3118 ornat.

2263 3157 2497 3224 Quaerite
2521 3168 2698 3215 autem
2725 3161 2956 3230 primum
2979 3171 3198 3230 regnum
3224 3158 3318 3214 Dei
3339 3163 3392 3214 et
3415 3157 3679 3228 justitiam
3710 3156 3847 3227 ejus,

565 3265 764 3322 monet,
805 3271 914 3328 quo
938 3259 1187 3314 viden“.
1229 3261 1282 3314 in
1327 3260 1507 3315 ῐυιιηο
1547 3261 1914 3316 consolatione
1957 3259 2156 3314 amota-
2182 3247 2228 3309 C
2260 3259 2317 3304 et
2356 3251 2469 3306 haec
2503 3253 2684 3306 omnia
2717 3253 3042 3324 adjicientur
3073 3253 3242 3308 vobis.
3279 3251 3456 3307 Nolite
3491 3250 3706 3306 solliciti
3734 3259 3854 3307 esse

565 3366 706 3410 mur.
736 3357 856 3409 Mox
886 3365 945 3410 ut
973 3357 1127 3411 mites
1152 3356 1339 3422 simus,
1371 3373 1432 3411 ac
1454 3358 1674 3426 institue
1707 3358 1846 3413 fame
1875 3365 1929 3413 et
1950 3357 2036 3412 siti
2070 3365 2149 3411 te-

565 3465 810 3506 neamur.
843 3451 978 3505 Tum
1009 3461 1066 3505 ut
1109 3453 1485 3508 misericordes
1513 3465 1567 3508 et
1597 3453 1866 3515 liberales,
1899 3462 2058 3523 atque
2085 3452 2152 3507 ad

566 3547 1084 3599 commiserationem
1109 3548 1355 3614 propensi
1401 3548 1590 3600 simus.
1618 3547 1809 3602 Cordis
1849 3549 1976 3602 item
2011 3549 2154 3617 puri-

566 3645 672 3693 tate
700 3638 928 3709 praediti,
962 3649 1120 3708 atque
1149 3639 1215 3694 ab
1244 3641 1386 3693 omni
1437 3641 1841 3709 inquinamento
1885 3641 2064 3695 carnis
2092 3650 2145 3695 et

565 3732 786 3802 Spiritus
834 3732 1185 3787 abstinentes.
1234 3732 1445 3788 Pacilici
1477 3735 1636 3788 etiam
1684 3745 1791 3789 tttm
1825 3749 1948 3805 erga
1995 3736 2152 3801 alios,

565 3830 675 3879 tum
709 3825 809 3894 ipsi
840 3837 960 3878 cum
991 3825 1184 3879 animis
1217 3827 1446 3891 nostris;
1500 3827 1748 3880 nimirum
1794 3825 1844 3881 id
1884 3829 2026 3897 quod
2057 3827 2155 3883 de-

565 3916 734 3971 terius
760 3927 843 3970 est
866 3917 1224 3985 praestantiori
1255 3917 1622 3986 subjicientes,
1652 3929 1812 3989 atque
1842 3919 2155 3975 intestinum

565 4021 630 4064 ac
671 4020 985 4078 perpetuum
1029 4009 1228 4065 bellum
1281 4021 1427 4067 recto
1468 4012 1671 4081 judicio
1717 4015 2152 4083 comprimentes.

565 4100 874 4167 Postremo,
915 4111 974 4156 ut
1007 4117 1222 4157 omnem
1256 4109 1685 4172 persecutionem
1730 4116 1783 4161 et
1814 4105 2157 4162 alﬂictionem

566 4199 620 4246 et
648 4190 902 4260 probrum
948 4192 1170 4262 iustitiae
1217 4206 1374 4247 causa
1408 4207 1504 4264 pro
1538 4195 1706 4265 ipsius
1753 4201 1965 4253 nomine
2005 4197 2158 4253 nobis

567 4283 772 4340 illatum
820 4285 1214 4351 sustineamus,
1261 4299 1365 4356 quo
1394 4289 1779 4357 sempiternum
1825 4291 2072 4359 gaudiutn
2105 4292 2154 4345 in

567 4379 824 4448 praeclara
869 4377 962 4433 illa
1008 4378 1271 4435 donorum
1323 4380 1698 4436 distributione
1741 4399 2152 4455 consequamur.

568 4468 889 4535 Quinetiam
915 4481 1036 4525 cum
1059 4471 1233 4526 adhuc
1253 4471 1303 4526 in
1332 4473 1529 4526 mundo
1560 4487 1889 4542 versaretur,
1919 4476 1986 4530 ad
2018 4475 2160 4530 hunc

568 4562 784 4616 modum
829 4578 955 4618 suos
1005 4565 1320 4621 hortabatur
1351 4581 1364 4619 :
1399 4565 1599 4621 Luceat
1629 4568 1715 4622 lux
1749 4581 1923 4622 vestra
1975 4581 2155 4623 coram

2262 3342 2330 3396 de
2363 3344 2620 3409 crastino,
2661 3359 2783 3398 nam
2813 3346 3079 3402 crastinus
3121 3344 3242 3399 dies
3286 3339 3388 3398 sibi
3437 3340 3539 3411 ipsi
3589 3339 3853 3397 sollicitus

2260 3433 2363 3490 erit
2393 3435 2610 3509 (Matth.
2645 3437 2743 3509 vi).

2336 3550 2526 3604 Omnia
2557 3564 2892 3621 quaecunque
2924 3550 3087 3604 vultis
3109 3559 3167 3605 ut
3191 3545 3388 3604 iaciant
3410 3547 3562 3603 vobis
3583 3545 3849 3610 homines,

2263 3641 2449 3696 eadem
2500 3652 2553 3696 et
2590 3656 2688 3695 vos
2736 3641 2896 3696 facite
2937 3641 3045 3696 illis
3101 3640 3256 3713 (Luc.
3294 3641 3469 3711 xvm).
3513 3639 3713 3694 intrate
3762 3647 3854 3708 per

2263 3742 2539 3803 angustam
2566 3743 2798 3804 portam,
2823 3736 2946 3805 quia
2970 3734 3074 3789 lata
3099 3744 3184 3789 est
3207 3745 3379 3803 porta,
3403 3743 3459 3789 et
3484 3735 3717 3802 spatiosa
3747 3733 3850 3798 via,

2263 3841 2382 3898 qum
2422 3826 2567 3882 ducit
2596 3827 2660 3882 ad
2696 3839 2944 3897 mortem,
2989 3838 3043 3884 et
3072 3829 3223 3883 multi
3252 3838 3376 3883 sunt
3403 3829 3492 3899 qui
3533 3827 3738 3882 intrant
3764 3841 3856 3897 per

2263 3936 2404 3975 eam.
2444 3922 2703 3988 Quoniam
2737 3931 2962 3992 angusta
2985 3931 3066 3976 est
3107 3933 3276 3992 porta,
3307 3933 3358 3977 et
3381 3921 3564 3976 stricta
3597 3919 3700 3986 via,
3733 3935 3854 3991 qua:

2265 4015 2412 4068 ducit
2455 4014 2522 4068 ad
2562 4015 2763 4082 vitam,
2815 4025 2868 4070 et
2918 4015 3070 4085 pauci
3112 4024 3238 4070 sunt
3284 4016 3374 4086 qui
3427 4013 3705 4070 inveniant
3740 4029 3857 4070 eam

2266 4104 2479 4174 (Matth.
2515 4121 2621 4171 vn;
2656 4105 2786 4160 Luc.
2822 4106 2962 4177 xm).
3025 4105 3138 4163 Non
3190 4109 3365 4162 Omnis
3413 4107 3501 4178 qui
3550 4108 3681 4163 dicit
3730 4103 3859 4164 mihi

2265 4197 2510 4264 Domine,
2548 4196 2798 4265 Domine,
2842 4199 3064 4255 intrabit
3108 4199 3159 4254 in
3193 4214 3413 4270 regnum
3445 4197 3733 4266 caelorum,
3766 4196 3856 4252 sed

2264 4291 2356 4362 qui
2403 4291 2528 4345 facit
2573 4292 2901 4347 voluntatem
2949 4289 3123 4346 Patn‘s
3173 4292 3300 4361 mei,
3345 4289 3438 4363 qui
3485 4291 3536 4346 in
3583 4291 3739 4345 caelis
3780 4297 3860 4345 est

2266 4383 2484 4457 (Matth.
2507 4386 2624 4456 vit).
2649 4386 2749 4453 Qui
2774 4387 2944 4457 diligit
2967 4396 3171 4457 patrem
3192 4396 3286 4441 aut
3308 4396 3537 4441 matrem
3561 4383 3678 4455 plus
3701 4399 3860 4456 quam

2265 4483 2375 4546 me,
2406 4495 2512 4534 non
2539 4489 2617 4535 est
2638 4498 2721 4536 me
2743 4481 2956 4552 dignus.
2982 4481 3149 4550 thui
3180 4481 3350 4551 diligit
3384 4481 3551 4537 lilium
3582 4489 3676 4535 aut
3703 4479 3861 4536 ﬁliam

2270 4572 2388 4641 plus
2442 4590 2598 4643 quam
2648 4591 2762 4639 me,
2814 4590 2918 4630 non
2966 4586 3048 4630 est
3092 4592 3176 4630 me
3223 4577 3434 4647 dignus.
3514 4575 3580 4631 Et
3621 4575 3714 4644 qui
3757 4589 3862 4631 nou

569 4653 909 4718 hominibus,
953 4665 1006 4708 ut
1050 4656 1263 4711 videant
1303 4671 1465 4726 opera
1508 4671 1685 4714 vestra
1729 4657 1867 4714 bona
1893 4703 1906 4728 ,
1952 4669 2006 4716 et
2046 4642 2243 4734 glo-D
2272 4667 2428 4740 267
2460 4668 2653 4739 accipit
2680 4685 2894 4726 crucem
2933 4686 3107 4738 suam,
3140 4680 3194 4726 et
3223 4642 3464 4743 seqtiitur
3505 4686 3610 4734 me.
3641 4642 3754 4726 non
3785 4677 3864 4726 est

568 4743 776 4798 rillcent
804 4745 1014 4801 Patrem
1045 4756 1283 4803 vestrum
1314 4752 1402 4818 qui
1431 4752 1480 4806 in
1505 4752 1656 4808 ctelis
1682 4763 1764 4808 est
1788 4752 2006 4824 (Matth.
2041 4755 2121 4826 v).

642 4837 850 4892 Etenim
875 4839 1072 4912 Moysis
1095 4841 1305 4909 quidem
1333 4842 1416 4898 lex
1447 4846 1736 4914 antiquitus
1765 4845 2014 4902 Israelitis
2037 4847 2163 4904 data

569 4928 821 4986 dicebat:
858 4931 971 4987 Non
1003 4935 1237 5001 occides,
1271 4937 1383 4990 Non
1416 4938 1793 5007 inmchaberis,
1820 4939 1934 4995 Non
1965 4939 2162 4997 furtum

570 5022 751 5088 facies,
778 5023 893 5078 Non
939 5023 1132 5078 falsum
1177 5029 1540 5083 teetimnniuni
1580 5030 1746 5085 dices.
1776 5030 2020 5087 Christus
2067 5049 2163 5088 au-

571 5124 678 5172 tem
721 5123 796 5173 ait
840 5135 854 5172 :
896 5119 1084 5176 Omnis
1114 5125 1202 5194 qui
1236 5127 1483 5182 irascitur
1512 5129 1659 5184 fratri
1691 5145 1790 5184 suo
1820 5126 1936 5187 sine
1978 5147 2161 5194 causa,

569 5226 693 5266 reus
719 5213 1063 5284 eritiudicio.
1094 5219 1191 5286 Qui
1221 5231 1398 5275 autem
1431 5224 1644 5287 dixerit,
1676 5224 1841 5280 Fatue
1870 5242 1882 5278 :
1909 5239 2031 5280 retis
2059 5225 2170 5281 erit

569 5305 826 5372 gehenna:
862 5309 1016 5376 ignis.
1049 5313 1127 5366 Ac
1152 5328 1364 5367 rursum
1393 5330 1405 5366 :
1439 5316 1493 5369 Si
1518 5317 1679 5371 ollers
1702 5334 1893 5372 munus
1921 5328 2067 5373 tuum
2096 5317 2165 5375 ad

570 5397 761 5462 altare,
791 5410 843 5454 et
881 5400 934 5456 ili
960 5418 989 5456 c
1019 5407 1327 5460 recordatus
1363 5406 1524 5463 luetis
1553 5411 1692 5478 quod
1724 5411 1884 5464 [mter
1913 5419 2034 5465 tuus
2066 5415 2159 5465 ιιει‹

570 5487 665 5542 lict
705 5490 900 5560 aliquid
933 5496 1215 5551 adversum
1251 5507 1322 5563 te,
1354 5499 1596 5568 relinque
1637 5501 1743 5554 illic
1788 5519 1978 5556 munus
2017 5515 2165 5560 tuum

571 5589 698 5634 ante
724 5581 915 5653 altare,
945 5595 1000 5642 et
1032 5589 1165 5643 vade
1199 5591 1346 5660 prius
1371 5595 1706 5648 reconciliari
1759 5595 1904 5649 irati
1941 5606 2047 5652 tuo.
2101 5597 2171 5654 Et

571 5676 875 5748 quicunque
901 5681 1094 5737 viderit
1120 5683 1398 5740 mulierem
1426 5685 1490 5740 ad
1516 5687 1994 5756 concupisrcmlnm
2022 5705 2164 5758 eam,

567 5767 678 5840 jam
711 5773 1008 5831 mmcltatus
1037 5786 1119 5833 est
1144 5791 1264 5832 eam
1313 5779 1365 5834 in
1395 5782 1557 5837 corde
1589 5797 1686 5837 suo
1719 5783 2045 5853 (spurcitiem
2079 5787 2166 5840 ni-

567 5862 770 5926 mirum
796 5870 1012 5938 aniae,
1038 5888 1101 5929 ac
1127 5875 1363 5933 libidinis
1392 5893 1695 5946 assensum,
1728 5881 2047 5938 adulterium
2074 5899 2138 5939 vo

2272 4777 2358 4816 me
2387 4761 2576 4831 dignus
2606 4761 2785 4837 (Matt.
2817 4763 2894 4833 ι).
2930 4765 3007 4818 En
3048 4765 3160 4820 haec
3207 4767 3405 4832 omnia,
3438 4773 3492 4820 et
3534 4763 3616 4818 bis
3646 4764 3863 4830 similia,

2274 4853 2524 4910 Salvator
2561 4855 2820 4923 apostolis
2865 4855 3168 4926 mandavit,
3203 4866 3260 4911 ut
3291 4857 3396 4912 ﬁde
3427 4857 3681 4927 praeditos
3709 4856 3867 4911 doce-

2273 4955 2413 5002 rent.
2466 4948 2642 5018 Atque
2681 4948 2795 5002 hmc
2841 4951 3022 5002 omnia
3065 4948 3220 5003 nobis
3259 4949 3591 5004 observanda
3640 4959 3786 5014 sunt,
3825 4945 3866 5004 si

2276 5042 2490 5110 quidem
2523 5041 2675 5096 nobis
2713 5042 2862 5098 cordi
2907 5043 2976 5096 sit
3007 5044 3388 5112 perfectionem
3417 5041 3665 5111 adipisci,
3699 5051 3754 5097 et
3779 5043 3866 5112 ju-

2276 5135 2437 5190 stitias
2464 5150 2693 5190 coronas
2723 5137 2789 5190 ab
2811 5138 2956 5191 omni
2980 5137 3324 5207 corruptione
3353 5139 3557 5193 alienas
3587 5137 3864 5206 censequi,

2277 5243 2410 5299 quas
2434 5228 2626 5284 reddet
2651 5231 2906 5285 Dominus
2932 5229 3093 5285 indie
3125 5232 3207 5284 illa
3233 5231 3587 5300 justusjudex
3620 5231 3868 5286 omnibus

2277 5322 2360 5378 his
2393 5324 2483 5393 qui
2517 5323 2686 5391 ipsius
2716 5325 3004 5379 adventum
3036 5323 3327 5378 dilexeriut
3357 5320 3447 5396 (II
3476 5322 3610 5378 Tim.
3637 5327 3730 5394 tv).

2352 5419 2494 5473 Dixit
2522 5428 2697 5473 autem
2727 5418 2790 5471 ad
2817 5433 2938 5472 eum
2966 5417 3216 5484 Josaphat
3251 5435 3264 5470 :
3298 5416 3436 5486 Ergo
3459 5432 3583 5471 cum
3612 5425 3720 5471 tam
3748 5431 3869 5485 per-

2280 5515 2414 5570 fecta
2438 5515 2680 5569 doctrina
2698 5514 3034 5584 purissimam
3049 5515 3208 5568 vitam
3232 5513 3522 5577 desideret,
3541 5511 3870 5582 dic,qu.'eso,

2279 5608 2325 5661 si
2360 5606 2490 5660 mihi
2523 5605 2592 5660 ab
2621 5622 2725 5660 uno
2752 5605 2835 5661 vel
2868 5607 3075 5661 duobus
3103 5603 3367 5660 mandatis
3412 5607 3670 5660 aberrare
3695 5603 3873 5660 conti-

2277 5700 2434 5771 gerit,
2463 5714 2529 5752 an
2558 5707 2840 5770 propterea
2867 5708 2976 5754 toto
2997 5713 3162 5770 scopo
3185 5698 3476 5764 aberrabo,
3503 5712 3738 5770 spesque
3757 5710 3874 5753 mea

2278 5790 2453 5848 omnis
2481 5792 2652 5847 inanis
2680 5789 2854 5846 futura
2881 5792 3000 5848 est?

2353 5885 2649 5958 Respondit
2676 5885 2921 5946 Barlaam
2957 5906 2971 5944 :
3003 5886 3120 5946 Non
3145 5894 3228 5946 est
3255 5887 3398 5960 quod
3441 5888 3514 5946 ita
3559 5888 3871 5955 existimes;

2203 5992 2264 6001 ’—
