4104 6356
251 358 361 415 485

698 353 856 411 VITA
899 354 1312 413 SANC'l’URUM
1342 354 1672 413 BABLAAM
1710 356 1816 415 ER!

1922 358 2044 416 iTAt.
2081 357 2170 416 ET
2207 359 2555 419 JOSAPHAT
2598 361 2801 420 INDle
2839 362 3065 423 REGIS.

3413 368 3519 427 486

247 488 373 532 nam
400 472 541 528 Deus
574 471 827 537 Verbum,
859 472 946 540 qui
973 474 1159 527 salutis
1185 482 1376 527 nostra:
1401 486 1561 526 causa
1590 472 1832 526 hnmani-
1860 478 1913 537 Α
1936 474 2070 527 adeo
2098 490 2311 543 gravem
2344 477 2685 545 ignominiam
2715 492 3038 548 agnoscens,
3074 478 3339 545 vitamque
3367 493 3517 537 suam

246 577 410 625 tatem
436 565 626 630 induit,
658 563 928 634 ingentem
958 578 1160 619 natura:
1187 574 1382 619 nostrae
1413 565 1831 620 imbecillitatem

242 668 295 713 et
325 672 620 711 wrumnam
652 657 981 724 exploratam
1014 657 1236 723 habt-ns,
1266 673 1331 711 ne
1372 659 1422 711 in
1470 659 1568 711 hac
1617 657 1830 727 quidem

240 759 394 821 parte
420 765 518 804 nos
543 749 824 804 incurabili
850 751 1037 804 morbo
1061 750 1302 803 laborare
1324 751 1594 818 permisit;
1621 765 1828 817 verum,

240 854 301 901 ut
331 846 757 916 sapientissimus
795 845 1055 909 medicus,
1084 845 1300 899 lubricae
1352 855 1549 899 nostrae
1599 859 1660 898 ac
1703 859 1827 912 pec-

236 939 398 993 candi
439 938 649 1005 cupidae
698 938 955 991 voluntati
1009 937 1334 1001 ptenitentim
1384 936 1828 990 medicamentum

234 1030 546 1097 admiscuit,
578 1044 696 1084 eam
723 1029 971 1084 videlicet
1003 1030 1069 1083 ad
1091 1040 1432 1100 peccatorum
1458 1029 1825 1083 remissionem

234 1122 559 1193 praedicans.
614 1123 964 1189 Posteaquam
1011 1123 1153 1176 enim
1207 1123 1442 1177 veritatis
1501 1121 1827 1190 agnitionem

232 1214 594 1282 suscepimus,
632 1228 694 1267 ac
718 1211 833 1284 (per
874 1229 1064 1283 aquam
1096 1223 1149 1268 et
1188 1214 1440 1282 Spiritum
1484 1213 1823 1280 sanctiticati,

229 1315 395 1374 atque
422 1308 491 1359 ab
521 1305 667 1359 omni
697 1316 915 1374 peccato
965 1317 1019 1361 et
1045 1307 1300 1375 spurcitie
1330 1306 1445 1360 sine
1486 1308 1595 1361 ullo
1644 1308 1827 1362 labore

230 1395 449 1466 purgati
472 1410 680 1460 sumus,
706 1396 752 1449 si
785 1396 937 1449 nobis
967 1397 1016 1450 in
1041 1397 1219 1464 aliqua
1251 1406 1466 1465 peccata
1495 1397 1601 1450 labi
1647 1397 1821 1451 conti-

228 1468 392 1558 gerit,
423 1502 527 1542 nou
554 1487 768 1558 quidem
795 1498 1038 1557 superest
1050 1488 1161 1557 jam
1188 1490 1352 1542 altera
1380 1504 1473 1557 per
1498 1489 1821 1558 baptismum

227 1579 568 1648 regeneratio
592 1578 778 1643 (Hebr.
811 1579 908 1648 vi),
938 1596 1055 1650 qua:
1088 1583 1139 1636 in
1173 1582 1390 1648 piscina:
1418 1597 1553 1652 aqua
1585 1596 1677 1649 per
1705 1582 1825 1651 Spi-

225 1672 394 1729 ritum
416 1684 853 1743 comparatur,ac
879 1677 1111 1743 perfecte
1135 1690 1231 1727 nos
1252 1678 1511 1727 instaurat
1533 1673 1654 1745 (hoc
1677 1674 1821 1727 enim

225 1763 551 1823 beneﬁcium
594 1768 760 1821 semel
802 1766 1056 1822 duntaxat
1102 1766 1459 1836 conceditur),
1494 1782 1678 1820 verum
1728 1782 1822 1835 per

1935 565 2141 633 lugens,
2175 564 2382 620 dicebat
2417 586 2429 620 :
2466 568 2654 635 Quanti
2703 569 3012 623 mercenarii
3050 570 3101 622 in
3146 568 3305 623 domo
3356 573 3519 637 patris

1932 660 2035 710 mei
2066 656 2337 712 abundant
2370 660 2613 725 panibus.
2647 675 2745 729 ego
2775 672 2950 715 autem
2984 660 3120 715 fame
3161 676 3339 729 pereo.
3388 663 3517 717 Sur-

1930 762 2075 818 gam,
2105 760 2159 804 et
2201 749 2287 803 ibo
2314 751 2379 805 ad
2410 762 2612 820 patrem
2661 768 2872 817 meum,
2904 762 2957 806 et
2983 754 3155 807 dicant
3198 753 3248 807 ei
3281 770 3295 806 :
3328 752 3519 831 Pater,

1932 844 2146 913 peccavi
2177 847 2227 896 in
2258 846 2452 899 cadum
2483 855 2537 899 et
2564 862 2743 899 coram
2777 858 2847 911 te,
2875 862 2982 915 iam
3028 862 3132 900 non
3163 861 3278 899 sum
3326 846 3517 916 digutts

1898 988 1904 995 ,
1934 932 2112 987 vocari
2142 934 2278 988 ﬁlius
2311 946 2429 988 tuus
2449 975 2462 999 ,
2496 934 2580 989 fac
2611 952 2695 989 me
2720 937 2857 989 sicut
2882 951 3045 990 unum
3077 934 3144 992 de
3174 936 3517 992 mercenariis

1932 1027 2057 1078 tuis.
2091 1027 2156 1078 Et
2185 1041 2409 1096 surgens
2440 1028 2582 1081 venit
2609 1028 2671 1081 ad
2716 1039 2918 1097 patrem
2965 1043 3137 1083 suum.
3171 1025 3303 1083 Cum
3334 1038 3513 1083 autem

1929 1117 2103 1171 adhuc
2135 1117 2292 1184 longe
2320 1131 2479 1184 esset,
2514 1121 2642 1173 vidit
2670 1121 2815 1174 illum
2849 1131 2997 1190 pater
3022 1134 3173 1186 suus,
3204 1128 3263 1175 et
3308 1119 3515 1176 iniseri-

1928 1212 2106 1265 ciirdia
2135 1219 2312 1264 motus
2342 1221 2443 1278 est,
2476 1226 2539 1266 ac
2582 1228 2839 1268 accurens
2865 1212 3057 1270 cecidit
3105 1229 3273 1285 super
3314 1216 3510 1272 collum

1928 1304 2067 1370 ejus,
2096 1313 2148 1357 et
2177 1303 2443 1359 osculatus
2473 1316 2554 1359 εει
2580 1320 2734 1372 eum,
2766 1314 2924 1372 atque
2954 1310 3003 1360 iit
3037 1306 3240 1376 pristini
3293 1307 3511 1366 nonoris

1928 1392 2103 1447 lucum
2132 1396 2386 1462 restituit,
2414 1407 2466 1451 et
2496 1396 2565 1452 ob
2594 1397 2762 1465 ipsius
2790 1398 3147 1455 inventionem
3179 1399 3509 1456 latissimum

1926 1482 2119 1539 festum
2148 1486 2477 1554 celebravit,
2511 1490 2689 1543 occiso
2728 1489 2891 1542 vitulo
2940 1491 3199 1559 saginato.
3246 1484 3324 1544 En
3376 1492 3510 1547 hanc

1927 1576 2233 1643 parabolam
2263 1577 2330 1631 de
2358 1578 2422 1631 iis
2459 1578 2550 1649 qui
2589 1594 2619 1633 a
2668 1582 2897 1649 peccatis
2945 1582 3207 1647 resiliunt,
3252 1591 3411 1652 atque
3441 1580 3510 1638 ad

1926 1668 2291 1735 paenitentiam
2316 1680 2623 1740 accurrunt,
2649 1677 2801 1730 nobis
2820 1677 3277 1731 commemoravit.
3306 1677 3509 1744 Quine-

1926 1757 2050 1813 tiam
2079 1760 2277 1814 bonuin
2308 1763 2591 1832 quemdam
2622 1775 2887 1833 pastorem
2916 1781 3097 1821 rursus
3126 1767 3325 1821 inducit
3351 1765 3502 1835 (Luc.

222 1871 480 1928 aSperam
511 1860 897 1928 ptenitentiain,
929 1872 981 1915 et
1008 1861 1245 1917 calentes
1274 1862 1561 1931 lacrymas,
1587 1870 1641 1915 et
1671 1859 1820 1915 labo-
1848 1854 1899 1915 Β
1924 1850 2045 1921 XV).
2078 1853 2312 1923 quicum
2342 1864 2555 1909 centum
2582 1871 2709 1911 Oves
2739 1856 2981 1926 haberel.
3012 1868 3170 1927 atque
3200 1870 3353 1911 Ullam
3376 1856 3508 1912 3mi-

221 1963 317 2005 res
341 1965 405 2005 ac
434 1950 681 2018 sudores,
712 1961 933 2020 propter
957 1953 1158 2007 viscera
1182 1952 1568 2009 misericordiae
1597 1953 1692 2010 Dei
1720 1969 1819 2019 no-g

220 2040 347 2106 stri,
373 2041 744 2111 purgationem
769 2057 832 2096 ac
854 2052 1195 2114 peccatorum
1224 2045 1593 2099 remissionem
1619 2059 1817 2100 conse-

220 2129 465 2207 quimur.
512 2131 721 2187 Etenim
766 2149 861 2203 per
913 2134 1122 2189 Domini
1179 2137 1401 2208 gratiam
1459 2139 1816 2208 lacrymarum

219 2221 347 2279 fons
376 2223 672 2293 baptismus
702 2227 1024 2295 appellatur,
1062 2230 1272 2283 tametsi
1301 2229 1498 2300 alioqui
1527 2230 1711 2286 labore
1755 2246 1818 2288 ac

221 2312 473 2384 tempore
498 2331 634 2385 Opus
654 2317 867 2373 habent.
895 2318 972 2373 Ac
999 2321 1300 2391 complures
1328 2339 1357 2376 e
1382 2323 1564 2379 multis
1586 2326 1819 2393 peccatis

219 2405 445 2477 eripuit,
477 2409 726 2478 quoniam
760 2410 958 2464 nullum
987 2425 1262 2481 peccatum
1294 2424 1378 2468 est
1419 2417 1558 2485 quod
1587 2416 1678 2471 Dei
1718 2417 1815 2472 be-

217 2499 537 2568 nignitatem
568 2501 764 2567 vincat,
797 2504 841 2554 si
880 2502 1093 2571 quidem
1126 2506 1272 2573 prius
1319 2507 1726 2576 resipuerimus,
1756 2524 1817 2564 ac

216 2590 541 2646 delictorum
593 2595 829 2648 maculas
882 2594 1135 2665 lacryniis
1185 2598 1449 2663 eluamus,
1495 2610 1563 2653 ire
1619 2600 1816 2669 alioiiui

217 2697 376 2737 mors
402 2693 764 2750 antevertens,
796 2701 891 2739 nos
938 2692 1199 2741 sce.‘erum
1249 2690 1469 2744 maculis
1511 2691 1817 2761 inquinatos

216 2772 352 2829 hinc
382 2774 579 2844 ejiciat.
609 2775 723 2830 Non
754 2777 893 2831 enim
924 2790 1003 2832 est
1046 2778 1099 2832 ιιι
1128 2780 1336 2835 inferno
1372 2784 1688 2851 poenitentia
1716 2799 1818 2840 nec

215 2868 490 2923 Confessio
518 2867 690 2940 (Paul.
725 2870 819 2941 vi).
850 2870 1090 2936 Quandiu
1115 2881 1293 2927 autent
1318 2877 1439 2929 vitae
1484 2888 1641 2931 uSura
1689 2878 1815 2931 frui-

215 2975 366 3026 mur,
386 2961 677 3016 dummodo
692 2966 1005 3017 orthodoxa:
1026 2964 1147 3019 ﬁdei
1171 2967 1575 3022 fundamentum
1601 2972 1812 3024 ﬁrmum

216 3066 455 3119 maneat,
482 3057 930 3110 etiaitisitrabium
952 3059 1149 3127 aliquid
1174 3071 1264 3114 aut
1288 3062 1415 3115 recti
1442 3061 1812 3127 labelactetur,

216 3150 365 3217 quod
396 3165 489 3217 per
520 3164 738 3219 peccata
780 3164 1087 3221 corruptum
1136 3166 1237 3219 est,
1288 3157 1613 3224 pcenitentite
1658 3159 1813 3225 adju-

1922 1946 2101 2016 sisset,
2134 1950 2335 2003 relictis
2384 1951 2669 2020 nonaginta
2713 1966 2927 2016 novem,
2978 1950 3043 2004 ad
3088 1949 3505 2020 conquirendam

1920 2054 2036 2096 eain
2070 2056 2189 2111 quae
2218 2044 2500 2098 aberrabat
2529 2042 2794 2113 profectus
2839 2052 2945 2113 est,
2974 2045 3144 2101 donec
3190 2060 3309 2100 eam
3358 2044 3507 2100 inve-

1920 2132 2111 2202 nisset,
2144 2144 2304 2205 atque
2331 2137 2565 2191 humeris
2590 2136 2877 2204 sublatam,
2910 2152 3030 2191 cum
3054 2138 3120 2191 iis
3140 2144 3261 2206 qua:
3286 2137 3506 2192 minime

1919 2224 2305 2284 aberraverunt
2351 2230 2736 2300 coniunxisset.
2779 2232 2880 2298 Qui
2924 2232 3084 2287 etiam
3137 2231 3239 2286 hoc
3291 2233 3505 2286 nomine

1918 2321 2118 2374 amicos
2148 2334 2211 2374 ac
2240 2321 2441 2375 vicinos
2470 2321 2535 2375 ad
2565 2323 2867 2376 convivium
2898 2323 2967 2376 ob
2992 2337 3108 2376 eam
3130 2323 3393 2376 inventam
3414 2335 3502 2376 ce-

1923 2409 2235 2466 lebrandum
2275 2410 2536 2466 invitavit.
2584 2410 2684 2479 ita,
2730 2411 2901 2484 inquit
2946 2408 3210 2479 Salvator,
3254 2412 3503 2483 gaudium

1918 2500 2023 2556 erit
2051 2502 2103 2554 in
2126 2503 2261 2557 cmlo
2281 2518 2440 2574 super
2463 2518 2566 2557 uno
2596 2513 2875 2574 peccatore
2900 2504 3265 2574 paenitentiam
3290 2510 3500 2575 agente,

1921 2608 2077 2661 quam
2103 2609 2264 2662 super
2291 2598 2575 2662 nonaginta
2607 2614 2798 2653 novem
2815 2598 2994 2669 justis,
3024 2594 3115 2669 qui
3136 2614 3242 2654 non
3266 2597 3505 2668 indigent

1920 2684 2234 2751 poenitentia

1994 2779 2158 2849 268
2188 2782 2361 2847 Atque
2391 2777 2524 2833 adeo
2571 2777 2950 2847 discipulorum
2980 2780 3247 2849 'princeps
3294 2779 3504 2847 Petrus,

1919 2870 2005 2924 illa
2038 2872 2250 2939 inquam
2277 2872 2396 2925 fidei
2430 2882 2597 2940 petra,
2624 2874 2740 2941 ipso
2766 2872 3052 2927 salutiferae
3076 2874 3337 2942 passionis
3364 2883 3502 2928 tem-

1920 2979 2049 3033 pore
2079 2975 2228 3019 certo
2258 2966 2488 3034 quodam
2530 2967 2754 3021 consilio
2783 2966 3166 3037 aliquantisper
3195 2985 3224 3022 a
3275 2966 3384 3023 Deo
3415 2967 3505 3024 de~

1920 3066 2096 3109 sertns
2129 3056 2346 3127 (nempe
2379 3068 2431 3109 ut
2473 3067 2720 3111 humana:
2752 3057 3129 3113 imbecillitatis
3161 3059 3413 3113 vilitatem
3445 3072 3507 3115 ac

1921 3144 2191 3199 iniseriam
2238 3158 2568 3216 perspectam
2606 3148 2868 3217 haberet),
2904 3163 2967 3202 eo
2998 3149 3195 3216 peccati
3232 3153 3507 3218 prolapsus

213 3252 407 3296 mento
435 3243 637 3296 sarcire
657 3259 721 3297 ac
744 3259 1005 3299 renovare
1033 3246 1176 3300 licet.
1204 3246 1391 3317 Neque
1414 3249 1555 3303 enim
1589 3264 1813 3305 misera-

1922 3246 2021 3298 est.
2057 3246 2115 3290 ut
2164 3239 2441 3292 Dominum
2475 3241 2746 3307 abjuraret
2778 3239 2925 3309 (Luc.
2962 3241 3114 3304 χχιι).
3164 3240 3286 3295 Post
3329 3251 3506 3299 autem

218 3330 431 3386 tiunum
465 3333 556 3388 Dei
600 3336 884 3391 multitudo
917 3342 1184 3393 numerari
1216 3353 1423 3409 potest,
1457 3358 1558 3398 nec
1603 3347 1819 3400 miseri-

216 3427 424 3480 cordiae
456 3428 622 3494 ipsius
648 3432 957 3500 magnitudo
998 3434 1047 3486 in
1102 3450 1409 3493 mensuram
1456 3440 1597 3493 cadit
1643 3440 1815 3512 (Psal.

218 3533 425 3593 cxuv).
452 3523 670 3579 Peccata
702 3537 906 3594 contra,
938 3544 1267 3599 quaecunque
1314 3533 1524 3588 tandem
1570 3536 1658 3589 illa
1701 3536 1818 3593 fue-

219 3616 357 3681 rint,
386 3632 650 3672 mcnsura:
675 3635 735 3672 ac
761 3636 981 3676 numero
1010 3623 1387 3693 subjiciuntur.
1418 3628 1533 3695 Quo
1560 3630 1619 3683 ﬁt
1643 3639 1699 3686 ut
1728 3646 1814 3700 ea,

220 3723 348 3764 cum
395 3710 449 3764 in
492 3726 798 3766 mensuram
837 3730 899 3767 ac
942 3731 1219 3771 numerum
1250 3722 1467 3786 cadant,
1500 3724 1817 3780 immensam

226 3799 330 3855 Dei
358 3801 776 3858 misericordiam
808 3814 965 3875 atque
999 3810 1415 3865 innumerabiles
1447 3815 1818 3871 miserationes

220 3897 441 3951 vincere
465 3908 732 3968 nequeant

301 3994 376 4046 Ac
403 3993 625 4061 proinde
652 3994 721 4049 ob
749 4002 1087 4064 peccatorum
1132 3998 1527 4055 multitudinem
1578 4002 1813 4058 animum

222 4082 564 4151 deSpondere
635 4086 853 4142 minime
891 4088 1172 4159 jubemur,
1222 4090 1317 4146 sed
1378 4092 1470 4146 Dei
1516 4092 1814 4150 bonitatem

226 4190 544 4247 agnoscere,
575 4192 638 4235 ac
676 4188 895 4249 peccata
940 4196 1121 4239 nosua
1167 4186 1557 4255 condemnare,
1586 4206 1814 4259 quorum

222 4274 474 4330 remissio
502 4288 721 4344 propter
747 4277 947 4331 Christi
990 4278 1368 4349 benignitatem
1400 4285 1670 4351 preposita
1698 4295 1814 4354 est,

219 4370 317 4439 qui
351 4384 445 4438 pro
474 4371 634 4425 scelei
651 4371 767 4426 ibus
796 4373 994 4427 nostris
1039 4377 1351 4443 sanguinem
1404 4391 1557 4430 suum
1608 4376 1814 4432 effudit.

221 4461 399 4518 Porro
422 4478 543 4518 cum
572 4478 636 4520 ex
668 4466 849 4519 multis
879 4465 1169 4535 Scripturae
1195 4469 1323 4521 locis
1349 4471 1677 4536 pmnitentiae
1706 4471 1813 4526 vim

220 4554 604 4623 addiscaiuus,
637 4567 745 4611 tum
776 4559 1109 4627 potissimum
1140 4576 1205 4614 ex
1252 4560 1458 4616 Domini
1491 4565 1656 4617 nostri
1688 4564 1814 4620 Jesu

1922 3330 2227 3396 confeStim,
2256 3332 2445 3399 inquit,
2468 3332 2747 3385 verborum
2775 3331 2980 3385 Domini
3003 3331 3333 3397 recordatus,
3365 3333 3506 3388 foras

1922 3424 2109 3487 exivit,
2142 3433 2196 3476 et
2225 3424 2370 3478 flevit
2400 3436 2604 3489 amare,
2630 3437 2692 3477 ac
2724 3438 2817 3491 per
2839 3424 3072 3479 calentes
3099 3426 3216 3479 illas
3244 3426 3507 3494 lacryiuas

1920 3528 2198 3588 acceptum
2225 3519 2602 3575 detrimentum
2630 3524 2865 3588 sarcivit,
2890 3524 3272 3592 victoriamque
3295 3525 3345 3579 in
3377 3526 3507 3580 alte-

1921 3626 2033 3664 ram
2065 3621 2270 3679 partem
2306 3614 2526 3668 inflexit.
2559 3613 2689 3669 Nam
2719 3630 2840 3670 cum
2891 3616 2970 3671 rei
3017 3617 3259 3673 militaris
3308 3604 3525 3686 peritus

1919 3714 2083 3766 esset,
2115 3705 2324 3759 etiamsi
2351 3710 2581 3776 cecidit;
2611 3724 2712 3762 non
2744 3719 2921 3766 tamen
2953 3711 3131 3764 animo
3169 3709 3368 3765 fractus
3396 3720 3494 3777 est,

1920 3812 2019 3851 nec
2048 3799 2234 3849 salutis
2261 3812 2370 3849 sua:
2399 3813 2545 3867 spem
2577 3801 2804 3867 abjecit;
2838 3817 3017 3854 verum
3050 3801 3314 3867 resiliens,
3347 3816 3502 3857 acer-

1920 3891 2168 3946 bissimas
2197 3906 2263 3947 ex
2295 3908 2553 3959 Oppresso
2584 3905 2796 3961 pectore
2849 3893 3112 3965 lacrymas
3159 3891 3411 3962 profudit,
3440 3906 3504 3951 ac

1920 3985 2097 4038 statim
2129 3992 2187 4038 ut
2214 4000 2304 4039 eas
2325 3985 2491 4040 h0stis
2512 3987 2809 4055 conspexit,
2837 4003 2939 4041 non
2968 4003 3123 4042 secus
3149 3997 3307 4058 atque
3337 3986 3502 4043 vehe-

1920 4077 2266 4133 mentissima:
2288 4077 2564 4148 cujusdam
2590 4078 2817 4132 ﬂammae
2832 4081 3021 4134 ardore
3037 4080 3295 4135 ambustis
3311 4081 3503 4148 oculis,

1921 4172 2107 4239 pedem
2153 4173 2358 4236 retulit,
2393 4172 2576 4238 procul
2610 4173 2835 4242 fugiens,
2866 4182 3024 4243 atque
3077 4174 3401 4229 horrendum
3449 4190 3503 4231 in

1918 4264 2136 4317 modum
2168 4263 2396 4331 ejulans.
2425 4264 2620 4317 Contra
2641 4270 2818 4318 autem
2853 4262 2944 4318 ille
2973 4264 3260 4334 principem
3290 4280 3503 4325 rursum

1919 4354 2090 4407 locum
2124 4353 2322 4417 tenuit;
2356 4354 2805 4423 quemadmodum
2856 4363 3016 4408 totius
3062 4355 3205 4409 orbis
3250 4357 3504 4426 magister

1919 4447 2193 4501 institutus
2215 4444 2383 4500 fuerat
2403 4486 2417 4509 ,
2449 4448 2519 4499 ita
2549 4452 2706 4499 etiam
2735 4448 3056 4515 paenitentia:
3076 4449 3346 4516 exemplar
3372 4450 3502 4503 eire-

1921 4550 2057 4594 ctus.
2092 4540 2215 4593 Post
2246 4539 2688 4592 resurrectionem
2721 4548 2896 4591 autem
2919 4581 2933 4603 ,
2969 4553 3089 4591 cum
3119 4536 3360 4593 Christus
3392 4550 3502 4595 ter-

221 4647 429 4704 Cliristi
455 4650 750 4706 actionibus
778 4625 852 4708 ac
891 4654 1184 4722 parabolis.
1228 4656 1301 4708 Ex
1354 4664 1476 4710 tunc
1522 4658 1683 4723 enim,
1715 4662 1807 4727 ait,
1844 4625 1892 4684 θ
1920 4630 1993 4727 Ei"
2024 4630 2088 4727 af]
2136 4643 2257 4683 em“
2287 4628 2531 4727 dixisseF’
2562 4628 2752 4692 Pelw’
2780 4644 2926 4727 an)“
2957 4630 3372 4727 ¹¹¹θητί⁹¹¹¹⁰²ἶῖ¹ἶ
3410 4628 3502 4685 δι”

223 4742 396 4810 οωυὶι
421 4741 577 4799 .lesus
616 4746 829 4811 docere,
876 4754 933 4800 et
973 4746 1193 4801 dicere:
1226 4746 1600 4802 Ptenitentiam
1646 4752 1807 4819 agite,

222 4838 676 4907 appropinquavit
722 4840 864 4892 enim
910 4854 1129 4908 regnum
1173 4842 1429 4893 caelorum
1462 4840 1677 4911 (Matth.
1703 4842 1810 4910 ιιι).

222 4928 368 4995 Quin
405 4931 565 4984 etiam
612 4930 665 4984 iit
716 4930 967 4996 parabola
1017 4932 1183 4984 ﬁlium
1233 4932 1515 4996 quemdam
1567 4932 1808 4995 inducit,

224 5023 383 5095 (Luc.
414 5024 526 5094 xv),
554 5026 643 5093 qui
683 5040 805 5079 cum
848 5026 1081 5093 acceptis
1112 5026 1346 5094 paternis
1377 5026 1564 5092 opibus
1603 5024 1655 5077 in
1698 5024 1813 5078 Ion-

221 5119 478 5187 ginquam
503 5120 774 5185 regionem
807 5118 1074 5186 profectus
1104 5118 1308 5179 fuisset,
1336 5132 1536 5186 easque
1565 5122 1617 5170 in
1663 5120 1808 5173 omni

221 5210 393 5265 luxus
440 5222 599 5279 atque
651 5211 1317 5281 intemperantiaegeuere
1368 5212 1808 5279 consumpsisset,

222 5313 435 5374 postea,
480 5304 694 5372 regione
725 5305 809 5359 illa
838 5308 973 5358 fame
1019 5304 1295 5359 laborante
1318 5306 1469 5370 abiit,
1501 5314 1556 5360 et
1586 5306 1815 5361 adhaesit

230 5395 533 5451 unicivium
547 5398 781 5468 regionis
807 5398 968 5453 illius.
984 5399 1253 5464 Quietiam
1270 5399 1418 5452 illum
1444 5402 1496 5451 in
1515 5413 1725 5467 agrum,
1755 5405 1813 5453 ut

228 5506 447 5563 posces,
476 5493 579 5547 hoe
606 5502 686 5548 est
712 5495 1067 5561 asperrimum
1096 5503 1150 5545 et
1187 5492 1569 5546 exsecrandum
1624 5506 1813 5560 pecca-

227 5593 366 5650 tum,
401 5595 661 5654 pasceret,
693 5584 857 5638 misit.
903 5584 1035 5638 Cum
1079 5584 1254 5653 itaque
1283 5584 1463 5636 multis
1490 5581 1810 5636 calamitati-

226 5676 332 5733 bus
360 5676 584 5733 allectus
608 5677 816 5743 fuisset,
845 5686 1002 5746 atque
1030 5676 1081 5730 in
1106 5685 1302 5730 tantam
1336 5675 1605 5730 miseriam
1636 5674 1813 5729 venis-

222 5779 341 5835 set,
376 5780 434 5826 ut
480 5788 546 5826 ne
593 5786 873 5841 parcorum
919 5770 1130 5827 quidem
1172 5771 1377 5840 siliquis
1425 5769 1523 5837 ipsi
1572 5778 1810 5823 ventrem

225 5879 383 5920 auum
411 5863 638 5934 implere
672 5866 871 5929 liceret,
907 5863 1115 5919 tandem
1165 5863 1448 5931 aliquando
1477 5863 1610 5915 hanc
1639 5875 1807 5930 usque

1916 4720 2237 4787 jurationem
2298 4722 2573 4784 correxit,
2626 4720 2960 4789 respondens
3006 4722 3247 4789 scilicet,
3293 4723 3501 4795 Etiam,

1921 4810 2166 4880 Domine,
2202 4823 2253 4865 tn
2284 4812 2388 4866 scis
2411 4812 2528 4880 quia
2558 4828 2678 4865 amo
2711 4823 2777 4867 te.

1994 4928 2069 4981 Ex
2113 4927 2194 4981 bis
2224 4927 2381 4996 igitur
2425 4926 2691 4995 omnibus,
2715 4928 2940 4996 aliisque
2968 4927 3392 4997 quampluriinis,
3420 4934 3501 4981 at-

1920 5036 2022 5092 que
2051 5021 2187 5074 adeo
2232 5034 2510 5073 numerum
2542 5036 2754 5074 omnem
2800 5021 3172 5088 superantibus
3218 5016 3501 5085 exemplis,

1923 5114 2276 5184 larryniariim
2306 5128 2367 5165 ac
2399 5116 2722 5181 pmnitentite
2753 5114 2853 5167 vim
2878 5113 3239 5180 intelligimus.
3274 5111 3499 5165 'l‘antum

1922 5222 2084 5278 opera
2111 5207 2287 5269 detur,
2320 5216 2377 5260 ut
2404 5210 2536 5276 ipsa,
2568 5207 3011 5276 quemadmodum
3044 5205 3233 5258 rationi
3265 5216 3497 5257 consen-

1922 5313 2135 5359 taneum
2163 5312 2264 5368 est,
2300 5300 2412 5367 ﬁat,
2440 5302 2540 5355 hoc
2566 5313 2740 5355 estex
2790 5297 2980 5352 atl‘ectu
3026 5305 3300 5366 peccatum
3347 5309 3500 5351 exse-

1922 5405 2124 5457 crante,
2158 5395 2436 5463 ipsumque
2462 5391 2585 5444 odio
2614 5393 2923 5450 insectante,
2954 5397 3110 5453 atque
3133 5387 3501 5457 condemnati:

1926 5502 1996 5555 te,
2023 5504 2083 5544 ac
2129 5490 2390 5558 lacrymas
2435 5488 2729 5545 emittente,
2761 5481 3211 5550 quemadmodum
3257 5482 3333 5534 ait
3379 5497 3498 5550 pro-

1920 5582 2077 5652 pheta
2110 5578 2274 5633 David
2310 5596 2324 5633 :
2366 5578 2625 5631 Laboravi
2657 5578 2706 5627 in
2734 5574 2934 5643 gemitu
2987 5589 3106 5628 meo
3128 5612 3143 5635 ,
3174 5571 3361 5625 lavabo
3410 5585 3501 5638 per

1919 5673 2157 5741 singulas
2187 5681 2371 5724 noctes
2403 5670 2596 5723 lectum
2621 5682 2817 5729 meum,
2850 5667 3098 5736 lacrymis
3121 5665 3253 5719 meis
3274 5673 3500 5741 Stratum

1923 5779 2098 5819 meum
2131 5761 2311 5831 rigabo
2333 5759 2504 5829 (Psal.
2534 5759 2629 5829 Vt).
2666 5761 2737 5812 Ac
2762 5768 2870 5812 tum
2900 5769 3234 5828 peccatorum
3261 5754 3501 5824 purgatio

1925 5873 2017 5927 per
2048 5855 2242 5907 Clit-isti
2276 5868 2517 5908 cruorem
2555 5854 2604 5906 in
2640 5853 3013 5910 misericordec
3040 5850 3201 5920 ipsius
3235 5848 3499 5918 magnitu-
