  <div class='ocr_page' id='page_1' title='image "/cluster/home/n/w/nwhite01/storage/ocr_20150623/73/hvd.32044011474434/249.png"; bbox 0 0 4158 6354; ppageno 0'>
   <div class='ocr_carea' id='block_1_1' title="bbox 520 356 700 433">
    <p class='ocr_par' dir='ltr' id='par_1_1' title="bbox 520 356 700 433">
     <span class='ocr_line' id='line_1_1' title="bbox 520 356 700 433; baseline 0.006 -2"><span class='ocrx_word' id='word_1_1' title='bbox 520 356 533 365; x_wconf 73' lang='grc'>”</span> <span class='ocrx_word' id='word_1_2' title='bbox 596 373 700 433; x_wconf 72' lang='grc'><strong>487</strong></span> 
     </span>
    </p>
   </div>
   <div class='ocr_carea' id='block_1_2' title="bbox 1636 365 2833 426">
    <p class='ocr_par' dir='ltr' id='par_1_2' title="bbox 1636 365 2833 426">
     <span class='ocr_line' id='line_1_2' title="bbox 1636 365 2833 426; baseline -0.003 -3"><span class='ocrx_word' id='word_1_3' title='bbox 1636 368 1727 423; x_wconf 87' lang='lat' dir='ltr'><strong>DE</strong></span> <span class='ocrx_word' id='word_1_4' title='bbox 1770 366 1947 424; x_wconf 70' lang='lat' dir='ltr'><strong>VITIS</strong></span> <span class='ocrx_word' id='word_1_5' title='bbox 1986 367 2273 426; x_wconf 70' lang='lat' dir='ltr'><strong>PATRUM</strong></span> <span class='ocrx_word' id='word_1_6' title='bbox 2311 366 2515 423; x_wconf 83' lang='lat' dir='ltr'><strong>LIBER</strong></span> <span class='ocrx_word' id='word_1_7' title='bbox 2554 365 2833 423; x_wconf 77' lang='lat' dir='ltr'><strong>PRIMUS.</strong></span> 
     </span>
    </p>
   </div>
   <div class='ocr_carea' id='block_1_3' title="bbox 3770 367 3875 426">
    <p class='ocr_par' dir='ltr' id='par_1_3' title="bbox 3770 367 3875 426">
     <span class='ocr_line' id='line_1_3' title="bbox 3770 367 3875 426; baseline 0.057 -6"><span class='ocrx_word' id='word_1_8' title='bbox 3770 367 3875 426; x_wconf 70' lang='lat' dir='ltr'><strong>I88</strong></span> 
     </span>
    </p>
   </div>
   <div class='ocr_carea' id='block_1_4' title="bbox 596 478 3874 556">
    <p class='ocr_par' dir='ltr' id='par_1_4' title="bbox 596 478 3874 556">
     <span class='ocr_line' id='line_1_4' title="bbox 596 478 3874 556; baseline -0.002 -10"><span class='ocrx_word' id='word_1_9' title='bbox 596 492 722 547; x_wconf 91' lang='lat' dir='ltr'><strong>dine</strong></span> <span class='ocrx_word' id='word_1_10' title='bbox 762 504 826 545; x_wconf 89' lang='lat' dir='ltr'><strong>ac</strong></span> <span class='ocrx_word' id='word_1_11' title='bbox 869 488 1268 544; x_wconf 88' lang='lat' dir='ltr'><strong>miserationum</strong></span> <span class='ocrx_word' id='word_1_12' title='bbox 1309 485 1649 541; x_wconf 73' lang='lat' dir='ltr'><strong>multitudine</strong></span> <span class='ocrx_word' id='word_1_13' title='bbox 1691 486 1981 555; x_wconf 75' lang='lat' dir='ltr'><strong>continget.</strong></span> <span class='ocrx_word' id='word_1_14' title='bbox 2014 484 2183 556; x_wconf 94' lang='lat' dir='ltr'><strong>Ipsius</strong></span> <span class='ocrx_word' id='word_1_15' title='bbox 2214 490 2267 550; x_wconf 78' lang='grc' dir='ltr'><strong>Α</strong></span> <span class='ocrx_word' id='word_1_16' title='bbox 2290 484 2430 554; x_wconf 88' lang='lat' dir='ltr'><strong>quod</strong></span> <span class='ocrx_word' id='word_1_17' title='bbox 2480 499 2574 551; x_wconf 90' lang='lat' dir='ltr'><strong>per</strong></span> <span class='ocrx_word' id='word_1_18' title='bbox 2601 484 2794 537; x_wconf 90' lang='lat' dir='ltr'><strong>multas</strong></span> <span class='ocrx_word' id='word_1_19' title='bbox 2826 478 3196 534; x_wconf 85' lang='lat' dir='ltr'><strong>tribulationes</strong></span> <span class='ocrx_word' id='word_1_20' title='bbox 3228 488 3438 549; x_wconf 76' lang='lat' dir='ltr'><strong>oportet</strong></span> <span class='ocrx_word' id='word_1_21' title='bbox 3466 494 3559 535; x_wconf 78' lang='lat' dir='ltr'><strong>nos</strong></span> <span class='ocrx_word' id='word_1_22' title='bbox 3595 481 3795 538; x_wconf 87' lang='lat' dir='ltr'><strong>intrare</strong></span> <span class='ocrx_word' id='word_1_23' title='bbox 3824 483 3874 539; x_wconf 87' lang='lat' dir='ltr'><strong>in</strong></span> 
     </span>
    </p>
   </div>
   <div class='ocr_carea' id='block_1_5' title="bbox 600 580 2188 649">
    <p class='ocr_par' dir='ltr' id='par_1_5' title="bbox 600 580 2188 649">
     <span class='ocr_line' id='line_1_5' title="bbox 600 580 2188 649; baseline -0.006 -8"><span class='ocrx_word' id='word_1_24' title='bbox 600 602 741 642; x_wconf 90' lang='lat' dir='ltr'><strong>cntm</strong></span> <span class='ocrx_word' id='word_1_25' title='bbox 773 596 887 641; x_wconf 73' lang='lat' dir='ltr'><strong>uaco</strong></span> <span class='ocrx_word' id='word_1_26' title='bbox 914 597 1076 639; x_wconf 87' lang='lat' dir='ltr'><strong>verna</strong></span> <span class='ocrx_word' id='word_1_27' title='bbox 1106 592 1232 637; x_wconf 87' lang='lat' dir='ltr'><strong>sunt</strong></span> <span class='ocrx_word' id='word_1_28' title='bbox 1262 599 1273 635; x_wconf 91' lang='lat'>:</span> <span class='ocrx_word' id='word_1_29' title='bbox 1302 582 1356 637; x_wconf 92' lang='lat' dir='ltr'><strong>Si</strong></span> <span class='ocrx_word' id='word_1_30' title='bbox 1388 580 1581 634; x_wconf 90' lang='lat' dir='ltr'><strong>fuerint</strong></span> <span class='ocrx_word' id='word_1_31' title='bbox 1606 588 1820 649; x_wconf 87' lang='lat' dir='ltr'><strong>peccata</strong></span> <span class='ocrx_word' id='word_1_32' title='bbox 1846 587 2021 632; x_wconf 74' lang='lat' dir='ltr'><strong>ve~tra</strong></span> <span class='ocrx_word' id='word_1_33' title='bbox 2048 580 2188 631; x_wconf 85' lang='lat' dir='ltr'><strong>sicut</strong></span> 
     </span>
    </p>
   </div>
   <div class='ocr_carea' id='block_1_6' title="bbox 600 672 2186 745">
    <p class='ocr_par' dir='ltr' id='par_1_6' title="bbox 600 672 2186 745">
     <span class='ocr_line' id='line_1_6' title="bbox 600 672 2186 745; baseline -0.005 -14"><span class='ocrx_word' id='word_1_34' title='bbox 600 677 878 731; x_wconf 87' lang='lat' dir='ltr'><strong>coccinum</strong></span> <span class='ocrx_word' id='word_1_35' title='bbox 898 719 913 744; x_wconf 92' lang='lat'><strong>,</strong></span> <span class='ocrx_word' id='word_1_36' title='bbox 946 676 1094 745; x_wconf 91' lang='lat' dir='ltr'><strong>quasi</strong></span> <span class='ocrx_word' id='word_1_37' title='bbox 1125 674 1215 728; x_wconf 85' lang='lat' dir='ltr'><strong>nix</strong></span> <span class='ocrx_word' id='word_1_38' title='bbox 1246 672 1669 739; x_wconf 84' lang='lat' dir='ltr'><strong>dealbabuntur;</strong></span> <span class='ocrx_word' id='word_1_39' title='bbox 1698 672 1743 726; x_wconf 88' lang='lat' dir='ltr'><strong>si</strong></span> <span class='ocrx_word' id='word_1_40' title='bbox 1774 680 1950 725; x_wconf 88' lang='lat' dir='ltr'><strong>autem</strong></span> <span class='ocrx_word' id='word_1_41' title='bbox 1981 680 2038 724; x_wconf 89' lang='grc' dir='ltr'><strong>ιιι</strong></span> <span class='ocrx_word' id='word_1_42' title='bbox 2066 684 2186 724; x_wconf 87' lang='lat' dir='ltr'><strong>ver-</strong></span> 
     </span>
    </p>
   </div>
   <div class='ocr_carea' id='block_1_7' title="bbox 600 769 1537 841">
    <p class='ocr_par' dir='ltr' id='par_1_7' title="bbox 600 769 1537 841">
     <span class='ocr_line' id='line_1_7' title="bbox 600 769 1537 841; baseline -0.007 -13"><span class='ocrx_word' id='word_1_43' title='bbox 600 773 847 838; x_wconf 88' lang='lat' dir='ltr'><strong>miculus,</strong></span> <span class='ocrx_word' id='word_1_44' title='bbox 878 771 1031 841; x_wconf 79' lang='lat' dir='ltr'><strong>quasi</strong></span> <span class='ocrx_word' id='word_1_45' title='bbox 1063 770 1185 824; x_wconf 84' lang='lat' dir='ltr'><strong>lana</strong></span> <span class='ocrx_word' id='word_1_46' title='bbox 1211 769 1329 824; x_wconf 89' lang='lat' dir='ltr'><strong>alba</strong></span> <span class='ocrx_word' id='word_1_47' title='bbox 1362 778 1537 823; x_wconf 90' lang='lat' dir='ltr'><strong>erunt.</strong></span> 
     </span>
    </p>
   </div>
   <div class='ocr_carea' id='block_1_8' title="bbox 670 856 2187 934">
    <p class='ocr_par' dir='ltr' id='par_1_8' title="bbox 670 856 2187 934">
     <span class='ocr_line' id='line_1_8' title="bbox 670 856 2187 934; baseline -0.007 -14"><span class='ocrx_word' id='word_1_48' title='bbox 670 864 859 934; x_wconf 64' lang='lat' dir='ltr'><strong>Operae</strong></span> <span class='ocrx_word' id='word_1_49' title='bbox 888 864 1112 932; x_wconf 83' lang='lat' dir='ltr'><strong>pretium</strong></span> <span class='ocrx_word' id='word_1_50' title='bbox 1144 871 1228 918; x_wconf 88' lang='lat' dir='ltr'><strong>est</strong></span> <span class='ocrx_word' id='word_1_51' title='bbox 1266 863 1444 932; x_wconf 92' lang='lat' dir='ltr'><strong>itaque</strong></span> <span class='ocrx_word' id='word_1_52' title='bbox 1472 870 1529 915; x_wconf 88' lang='lat' dir='ltr'><strong>ut</strong></span> <span class='ocrx_word' id='word_1_53' title='bbox 1561 868 1903 929; x_wconf 81' lang='lat' dir='ltr'><strong>posteaquam</strong></span> <span class='ocrx_word' id='word_1_54' title='bbox 1943 856 2187 912; x_wconf 83' lang='lat' dir='ltr'><strong>veritatis</strong></span> 
     </span>
    </p>
   </div>
   <div class='ocr_carea' id='block_1_9' title="bbox 599 947 2189 1027">
    <p class='ocr_par' dir='ltr' id='par_1_9' title="bbox 599 947 2189 1027">
     <span class='ocr_line' id='line_1_9' title="bbox 599 947 2189 1027; baseline -0.009 -13"><span class='ocrx_word' id='word_1_55' title='bbox 599 957 954 1027; x_wconf 79' lang='lat' dir='ltr'><strong>cognitionem</strong></span> <span class='ocrx_word' id='word_1_56' title='bbox 986 956 1318 1025; x_wconf 85' lang='lat' dir='ltr'><strong>accepimus,</strong></span> <span class='ocrx_word' id='word_1_57' title='bbox 1348 964 1508 1021; x_wconf 89' lang='lat' dir='ltr'><strong>atque</strong></span> <span class='ocrx_word' id='word_1_58' title='bbox 1553 951 2014 1022; x_wconf 77' lang='lat' dir='ltr'><strong>regenerationem</strong></span> <span class='ocrx_word' id='word_1_59' title='bbox 2045 958 2098 1001; x_wconf 92' lang='lat' dir='ltr'><strong>et</strong></span> <span class='ocrx_word' id='word_1_60' title='bbox 2128 947 2189 1000; x_wconf 84' lang='lat' dir='ltr'><strong>ll-</strong></span> 
     </span>
    </p>
   </div>
   <div class='ocr_carea' id='block_1_10' title="bbox 600 1042 2190 1118">
    <p class='ocr_par' dir='ltr' id='par_1_10' title="bbox 600 1042 2190 1118">
     <span class='ocr_line' id='line_1_10' title="bbox 600 1042 2190 1118; baseline -0.01 -12"><span class='ocrx_word' id='word_1_61' title='bbox 600 1051 792 1107; x_wconf 89' lang='lat' dir='ltr'><strong>liorum</strong></span> <span class='ocrx_word' id='word_1_62' title='bbox 824 1048 1166 1118; x_wconf 80' lang='lat' dir='ltr'><strong>adoptionem</strong></span> <span class='ocrx_word' id='word_1_63' title='bbox 1218 1047 1493 1102; x_wconf 88' lang='lat' dir='ltr'><strong>consecuti</strong></span> <span class='ocrx_word' id='word_1_64' title='bbox 1524 1059 1731 1107; x_wconf 89' lang='lat' dir='ltr'><strong>sumus,</strong></span> <span class='ocrx_word' id='word_1_65' title='bbox 1762 1042 2048 1109; x_wconf 83' lang='lat' dir='ltr'><strong>divinaque</strong></span> <span class='ocrx_word' id='word_1_66' title='bbox 2076 1053 2190 1108; x_wconf 87' lang='lat' dir='ltr'><strong>my—</strong></span> 
     </span>
    </p>
   </div>
   <div class='ocr_carea' id='block_1_11' title="bbox 600 1130 2188 1209">
    <p class='ocr_par' dir='ltr' id='par_1_11' title="bbox 600 1130 2188 1209">
     <span class='ocr_line' id='line_1_11' title="bbox 600 1130 2188 1209; baseline -0.009 -12"><span class='ocrx_word' id='word_1_67' title='bbox 600 1141 761 1198; x_wconf 87' lang='lat' dir='ltr'><strong>steria</strong></span> <span class='ocrx_word' id='word_1_68' title='bbox 790 1140 1141 1209; x_wconf 87' lang='lat' dir='ltr'><strong>percepimus,</strong></span> <span class='ocrx_word' id='word_1_69' title='bbox 1177 1140 1321 1193; x_wconf 92' lang='lat' dir='ltr'><strong>omni</strong></span> <span class='ocrx_word' id='word_1_70' title='bbox 1352 1138 1531 1192; x_wconf 87' lang='lat' dir='ltr'><strong>studio</strong></span> <span class='ocrx_word' id='word_1_71' title='bbox 1577 1151 1642 1190; x_wconf 91' lang='lat' dir='ltr'><strong>ac</strong></span> <span class='ocrx_word' id='word_1_72' title='bbox 1688 1133 1958 1202; x_wconf 81' lang='lat' dir='ltr'><strong>diligentia</strong></span> <span class='ocrx_word' id='word_1_73' title='bbox 2012 1130 2188 1200; x_wconf 87' lang='lat' dir='ltr'><strong>provi-</strong></span> 
     </span>
    </p>
   </div>
   <div class='ocr_carea' id='block_1_12' title="bbox 600 1225 2188 1299">
    <p class='ocr_par' dir='ltr' id='par_1_12' title="bbox 600 1225 2188 1299">
     <span class='ocr_line' id='line_1_12' title="bbox 600 1225 2188 1299; baseline -0.009 -10"><span class='ocrx_word' id='word_1_74' title='bbox 600 1229 847 1297; x_wconf 89' lang='lat' dir='ltr'><strong>deamus,</strong></span> <span class='ocrx_word' id='word_1_75' title='bbox 879 1246 948 1287; x_wconf 89' lang='lat' dir='ltr'><strong>ne</strong></span> <span class='ocrx_word' id='word_1_76' title='bbox 970 1244 1308 1287; x_wconf 84' lang='lat' dir='ltr'><strong>corruamus.</strong></span> <span class='ocrx_word' id='word_1_77' title='bbox 1340 1230 1524 1299; x_wconf 83' lang='lat' dir='ltr'><strong>Neque</strong></span> <span class='ocrx_word' id='word_1_78' title='bbox 1552 1228 1694 1283; x_wconf 91' lang='lat' dir='ltr'><strong>enim</strong></span> <span class='ocrx_word' id='word_1_79' title='bbox 1723 1226 1915 1281; x_wconf 85' lang='lat' dir='ltr'><strong>cadere</strong></span> <span class='ocrx_word' id='word_1_80' title='bbox 1935 1225 2188 1277; x_wconf 79' lang='lat' dir='ltr'><strong>athletam</strong></span> 
     </span>
    </p>
   </div>
   <div class='ocr_carea' id='block_1_13' title="bbox 599 1320 2191 1395">
    <p class='ocr_par' dir='ltr' id='par_1_13' title="bbox 599 1320 2191 1395">
     <span class='ocr_line' id='line_1_13' title="bbox 599 1320 2191 1395; baseline -0.006 -15"><span class='ocrx_word' id='word_1_81' title='bbox 599 1322 776 1389; x_wconf 89' lang='lat' dir='ltr'><strong>decet,</strong></span> <span class='ocrx_word' id='word_1_82' title='bbox 808 1323 1238 1395; x_wconf 79' lang='lat' dir='ltr'><strong>quandoquidem</strong></span> <span class='ocrx_word' id='word_1_83' title='bbox 1273 1321 1461 1389; x_wconf 81' lang='lat' dir='ltr'><strong>multi,</strong></span> <span class='ocrx_word' id='word_1_84' title='bbox 1508 1336 1630 1377; x_wconf 91' lang='lat' dir='ltr'><strong>cum</strong></span> <span class='ocrx_word' id='word_1_85' title='bbox 1681 1320 2020 1385; x_wconf 84' lang='lat' dir='ltr'><strong>cecidissent,</strong></span> <span class='ocrx_word' id='word_1_86' title='bbox 2072 1330 2191 1371; x_wconf 81' lang='lat' dir='ltr'><strong>sese</strong></span> 
     </span>
    </p>
   </div>
   <div class='ocr_carea' id='block_1_14' title="bbox 598 1410 2192 1488">
    <p class='ocr_par' dir='ltr' id='par_1_14' title="bbox 598 1410 2192 1488">
     <span class='ocr_line' id='line_1_14' title="bbox 598 1410 2192 1488; baseline -0.008 -14"><span class='ocrx_word' id='word_1_87' title='bbox 598 1418 806 1488; x_wconf 84' lang='lat' dir='ltr'><strong>erigere</strong></span> <span class='ocrx_word' id='word_1_88' title='bbox 836 1417 1056 1471; x_wconf 88' lang='lat' dir='ltr'><strong>minime</strong></span> <span class='ocrx_word' id='word_1_89' title='bbox 1098 1426 1400 1487; x_wconf 88' lang='lat' dir='ltr'><strong>potuerunt.</strong></span> <span class='ocrx_word' id='word_1_90' title='bbox 1450 1416 1655 1469; x_wconf 84' lang='lat' dir='ltr'><strong>Etenim</strong></span> <span class='ocrx_word' id='word_1_91' title='bbox 1690 1414 1797 1479; x_wconf 67' lang='lat' dir='ltr'><strong>alii,</strong></span> <span class='ocrx_word' id='word_1_92' title='bbox 1848 1428 1965 1467; x_wconf 90' lang='lat' dir='ltr'><strong>cum</strong></span> <span class='ocrx_word' id='word_1_93' title='bbox 2002 1410 2192 1480; x_wconf 85' lang='lat' dir='ltr'><strong>januas</strong></span> 
     </span>
    </p>
   </div>
   <div class='ocr_carea' id='block_1_15' title="bbox 599 1506 2191 1578">
    <p class='ocr_par' dir='ltr' id='par_1_15' title="bbox 599 1506 2191 1578">
     <span class='ocr_line' id='line_1_15' title="bbox 599 1506 2191 1578; baseline -0.004 -13"><span class='ocrx_word' id='word_1_94' title='bbox 599 1511 804 1565; x_wconf 80' lang='lat' dir='ltr'><strong>vitiosis</strong></span> <span class='ocrx_word' id='word_1_95' title='bbox 849 1509 1220 1566; x_wconf 78' lang='lat' dir='ltr'><strong>all&#39;eCtionibus</strong></span> <span class='ocrx_word' id='word_1_96' title='bbox 1269 1510 1641 1578; x_wconf 87' lang='lat' dir='ltr'><strong>aperuissent,</strong></span> <span class='ocrx_word' id='word_1_97' title='bbox 1687 1515 1847 1575; x_wconf 88' lang='lat' dir='ltr'><strong>atque</strong></span> <span class='ocrx_word' id='word_1_98' title='bbox 1891 1506 2191 1559; x_wconf 89' lang='lat' dir='ltr'><strong>arctissimo</strong></span> 
     </span>
    </p>
   </div>
   <div class='ocr_carea' id='block_1_16' title="bbox 603 1598 2193 1669">
    <p class='ocr_par' dir='ltr' id='par_1_16' title="bbox 603 1598 2193 1669">
     <span class='ocr_line' id='line_1_16' title="bbox 603 1598 2193 1669; baseline -0.004 -13"><span class='ocrx_word' id='word_1_99' title='bbox 603 1615 746 1656; x_wconf 87' lang='lat' dir='ltr'><strong>nexu</strong></span> <span class='ocrx_word' id='word_1_100' title='bbox 773 1600 905 1669; x_wconf 76' lang='lat' dir='ltr'><strong>lpSlS</strong></span> <span class='ocrx_word' id='word_1_101' title='bbox 939 1600 1240 1666; x_wconf 79' lang='lat' dir='ltr'><strong>haesissent,</strong></span> <span class='ocrx_word' id='word_1_102' title='bbox 1274 1615 1378 1655; x_wconf 80' lang='lat' dir='ltr'><strong>nan</strong></span> <span class='ocrx_word' id='word_1_103' title='bbox 1408 1601 1515 1669; x_wconf 88' lang='lat' dir='ltr'><strong>jam</strong></span> <span class='ocrx_word' id='word_1_104' title='bbox 1548 1600 1611 1653; x_wconf 88' lang='lat' dir='ltr'><strong>ad</strong></span> <span class='ocrx_word' id='word_1_105' title='bbox 1658 1598 2027 1669; x_wconf 65' lang='lat' dir='ltr'><strong>paenitentiam</strong></span> <span class='ocrx_word' id='word_1_106' title='bbox 2073 1610 2193 1651; x_wconf 87' lang='lat' dir='ltr'><strong>sese</strong></span> 
     </span>
    </p>
   </div>
   <div class='ocr_carea' id='block_1_17' title="bbox 598 1688 2189 1763">
    <p class='ocr_par' dir='ltr' id='par_1_17' title="bbox 598 1688 2189 1763">
     <span class='ocr_line' id='line_1_17' title="bbox 598 1688 2189 1763; baseline -0.004 -15"><span class='ocrx_word' id='word_1_107' title='bbox 598 1703 912 1749; x_wconf 85' lang='lat' dir='ltr'><strong>convertere</strong></span> <span class='ocrx_word' id='word_1_108' title='bbox 941 1701 1244 1763; x_wconf 90' lang='lat' dir='ltr'><strong>potuerunt.</strong></span> <span class='ocrx_word' id='word_1_109' title='bbox 1278 1692 1376 1746; x_wconf 82' lang='lat' dir='ltr'><strong>Alii</strong></span> <span class='ocrx_word' id='word_1_110' title='bbox 1405 1703 1583 1745; x_wconf 87' lang='lat' dir='ltr'><strong>autem</strong></span> <span class='ocrx_word' id='word_1_111' title='bbox 1626 1699 1796 1745; x_wconf 89' lang='lat' dir='ltr'><strong>morte</strong></span> <span class='ocrx_word' id='word_1_112' title='bbox 1821 1691 1964 1759; x_wconf 88' lang='lat' dir='ltr'><strong>prius</strong></span> <span class='ocrx_word' id='word_1_113' title='bbox 1986 1688 2189 1753; x_wconf 85' lang='lat' dir='ltr'><strong>abrepti</strong></span> 
     </span>
    </p>
   </div>
   <div class='ocr_carea' id='block_1_18' title="bbox 598 1782 2189 1856">
    <p class='ocr_par' dir='ltr' id='par_1_18' title="bbox 598 1782 2189 1856">
     <span class='ocr_line' id='line_1_18' title="bbox 598 1782 2189 1856; baseline -0.003 -19"><span class='ocrx_word' id='word_1_114' title='bbox 598 1800 757 1856; x_wconf 87' lang='lat' dir='ltr'><strong>quam</strong></span> <span class='ocrx_word' id='word_1_115' title='bbox 787 1795 1088 1842; x_wconf 90' lang='lat' dir='ltr'><strong>contractas</strong></span> <span class='ocrx_word' id='word_1_116' title='bbox 1132 1786 1378 1839; x_wconf 87' lang='lat' dir='ltr'><strong>vitiorum</strong></span> <span class='ocrx_word' id='word_1_117' title='bbox 1433 1784 1618 1839; x_wconf 87' lang='lat' dir='ltr'><strong>sordes</strong></span> <span class='ocrx_word' id='word_1_118' title='bbox 1680 1799 1775 1852; x_wconf 90' lang='lat' dir='ltr'><strong>per</strong></span> <span class='ocrx_word' id='word_1_119' title='bbox 1825 1782 2189 1851; x_wconf 79' lang='lat' dir='ltr'><strong>paenitentiam</strong></span> 
     </span>
    </p>
   </div>
   <div class='ocr_carea' id='block_1_19' title="bbox 2290 572 3876 646">
    <p class='ocr_par' dir='ltr' id='par_1_19' title="bbox 2290 572 3876 646">
     <span class='ocr_line' id='line_1_19' title="bbox 2290 572 3876 646; baseline -0.002 -14"><span class='ocrx_word' id='word_1_120' title='bbox 2290 591 2514 643; x_wconf 77' lang='lat' dir='ltr'><strong>regnum</strong></span> <span class='ocrx_word' id='word_1_121' title='bbox 2542 576 2799 630; x_wconf 71' lang='lat' dir='ltr'><strong>cmlorum</strong></span> <span class='ocrx_word' id='word_1_122' title='bbox 2826 572 2963 646; x_wconf 83' lang='lat' dir='ltr'><strong>(Act.</strong></span> <span class='ocrx_word' id='word_1_123' title='bbox 2998 572 3129 641; x_wconf 79' lang='lat' dir='ltr'><strong>xtv),</strong></span> <span class='ocrx_word' id='word_1_124' title='bbox 3163 573 3214 626; x_wconf 90' lang='lat' dir='ltr'><strong>iu</strong></span> <span class='ocrx_word' id='word_1_125' title='bbox 3250 573 3297 624; x_wconf 90' lang='lat' dir='ltr'><strong>id</strong></span> <span class='ocrx_word' id='word_1_126' title='bbox 3342 572 3487 626; x_wconf 89' lang='lat' dir='ltr'><strong>omni</strong></span> <span class='ocrx_word' id='word_1_127' title='bbox 3531 575 3694 626; x_wconf 86' lang='lat' dir='ltr'><strong>anlmi</strong></span> <span class='ocrx_word' id='word_1_128' title='bbox 3744 589 3876 629; x_wconf 81' lang='lat' dir='ltr'><strong>con-</strong></span> 
     </span>
    </p>
   </div>
   <div class='ocr_carea' id='block_1_20' title="bbox 2292 666 3880 733">
    <p class='ocr_par' dir='ltr' id='par_1_20' title="bbox 2292 666 3880 733">
     <span class='ocr_line' id='line_1_20' title="bbox 2292 666 3880 733; baseline -0.001 -10"><span class='ocrx_word' id='word_1_129' title='bbox 2292 670 2527 723; x_wconf 88' lang='lat' dir='ltr'><strong>teutione</strong></span> <span class='ocrx_word' id='word_1_130' title='bbox 2559 668 2939 733; x_wconf 87' lang='lat' dir='ltr'><strong>incubuerunt,</strong></span> <span class='ocrx_word' id='word_1_131' title='bbox 2971 673 3032 718; x_wconf 93' lang='lat' dir='ltr'><strong>ut</strong></span> <span class='ocrx_word' id='word_1_132' title='bbox 3063 676 3181 733; x_wconf 78' lang='lat' dir='ltr'><strong>post</strong></span> <span class='ocrx_word' id='word_1_133' title='bbox 3227 666 3569 733; x_wconf 80' lang='lat' dir='ltr'><strong>baptismum,</strong></span> <span class='ocrx_word' id='word_1_134' title='bbox 3623 670 3880 721; x_wconf 81' lang='lat' dir='ltr'><strong>immacu-</strong></span> 
     </span>
    </p>
   </div>
   <div class='ocr_carea' id='block_1_21' title="bbox 2293 758 3881 829">
    <p class='ocr_par' dir='ltr' id='par_1_21' title="bbox 2293 758 3881 829">
     <span class='ocr_line' id='line_1_21' title="bbox 2293 758 3881 829; baseline -0.002 -12"><span class='ocrx_word' id='word_1_135' title='bbox 2293 763 2456 817; x_wconf 88' lang='lat' dir='ltr'><strong>latutu</strong></span> <span class='ocrx_word' id='word_1_136' title='bbox 2485 776 2548 817; x_wconf 90' lang='lat' dir='ltr'><strong>ac</strong></span> <span class='ocrx_word' id='word_1_137' title='bbox 2577 762 2711 816; x_wconf 86' lang='lat' dir='ltr'><strong>labis</strong></span> <span class='ocrx_word' id='word_1_138' title='bbox 2734 761 2912 816; x_wconf 88' lang='lat' dir='ltr'><strong>omnis</strong></span> <span class='ocrx_word' id='word_1_139' title='bbox 2937 772 3128 829; x_wconf 78' lang='lat' dir='ltr'><strong>expers</strong></span> <span class='ocrx_word' id='word_1_140' title='bbox 3153 758 3570 829; x_wconf 90' lang='lat' dir='ltr'><strong>incorruptionis</strong></span> <span class='ocrx_word' id='word_1_141' title='bbox 3594 758 3881 815; x_wconf 86' lang='lat' dir='ltr'><strong>indumen-</strong></span> 
     </span>
    </p>
   </div>
   <div class='ocr_carea' id='block_1_22' title="bbox 2293 848 3958 923">
    <p class='ocr_par' dir='ltr' id='par_1_22' title="bbox 2293 848 3958 923">
     <span class='ocr_line' id='line_1_22' title="bbox 2293 848 3958 923; baseline -0.001 -16"><span class='ocrx_word' id='word_1_142' title='bbox 2293 862 2406 908; x_wconf 90' lang='lat' dir='ltr'><strong>tum</strong></span> <span class='ocrx_word' id='word_1_143' title='bbox 2428 860 2832 910; x_wconf 89' lang='lat' dir='ltr'><strong>conservarent.</strong></span> <span class='ocrx_word' id='word_1_144' title='bbox 2859 854 2935 904; x_wconf 83' lang='lat' dir='ltr'><strong>Ac</strong></span> <span class='ocrx_word' id='word_1_145' title='bbox 2961 848 3183 919; x_wconf 89' lang='lat' dir='ltr'><strong>proinde</strong></span> <span class='ocrx_word' id='word_1_146' title='bbox 3204 849 3419 919; x_wconf 89' lang='lat' dir='ltr'><strong>quidam</strong></span> <span class='ocrx_word' id='word_1_147' title='bbox 3441 864 3627 904; x_wconf 88' lang='lat' dir='ltr'><strong>eorum</strong></span> <span class='ocrx_word' id='word_1_148' title='bbox 3650 850 3880 905; x_wconf 87' lang='lat' dir='ltr'><strong>alterum</strong></span> <span class='ocrx_word' id='word_1_149' title='bbox 3946 911 3958 923; x_wconf 57' lang='grc'><em>,</em></span> 
     </span>
    </p>
   </div>
   <div class='ocr_carea' id='block_1_23' title="bbox 2291 935 3882 1013">
    <p class='ocr_par' dir='ltr' id='par_1_23' title="bbox 2291 935 3882 1013">
     <span class='ocr_line' id='line_1_23' title="bbox 2291 935 3882 1013; baseline -0.003 -11"><span class='ocrx_word' id='word_1_150' title='bbox 2291 948 2450 1002; x_wconf 89' lang='lat' dir='ltr'><strong>etiam</strong></span> <span class='ocrx_word' id='word_1_151' title='bbox 2473 948 2793 1013; x_wconf 82' lang='lat' dir='ltr'><strong>baptismum</strong></span> <span class='ocrx_word' id='word_1_152' title='bbox 2817 945 3033 1013; x_wconf 88' lang='lat' dir='ltr'><strong>insuper</strong></span> <span class='ocrx_word' id='word_1_153' title='bbox 3052 935 3603 1010; x_wconf 61' lang='lat' dir='ltr'><strong>assumpseruutﬂtoc</strong></span> <span class='ocrx_word' id='word_1_154' title='bbox 3626 951 3727 1007; x_wconf 83' lang='lat' dir='ltr'><strong>est,</strong></span> <span class='ocrx_word' id='word_1_155' title='bbox 3758 958 3882 998; x_wconf 87' lang='lat' dir='ltr'><strong>eum</strong></span> 
     </span>
    </p>
   </div>
   <div class='ocr_carea' id='block_1_24' title="bbox 2294 1035 3886 1111">
    <p class='ocr_par' dir='ltr' id='par_1_24' title="bbox 2294 1035 3886 1111">
     <span class='ocr_line' id='line_1_24' title="bbox 2294 1035 3886 1111; baseline -0.002 -17"><span class='ocrx_word' id='word_1_156' title='bbox 2294 1039 2382 1110; x_wconf 91' lang='lat' dir='ltr'><strong>qui</strong></span> <span class='ocrx_word' id='word_1_157' title='bbox 2414 1040 2464 1094; x_wconf 92' lang='lat' dir='ltr'><strong>in</strong></span> <span class='ocrx_word' id='word_1_158' title='bbox 2496 1040 2659 1111; x_wconf 74' lang='lat'><strong>269</strong></span> <span class='ocrx_word' id='word_1_159' title='bbox 2685 1037 2958 1108; x_wconf 88' lang='lat' dir='ltr'><strong>sanguinis</strong></span> <span class='ocrx_word' id='word_1_160' title='bbox 2988 1035 3329 1107; x_wconf 53' lang='lat' dir='ltr'><strong>profusione;</strong></span> <span class='ocrx_word' id='word_1_161' title='bbox 3363 1050 3425 1090; x_wconf 91' lang='lat' dir='ltr'><strong>ac</strong></span> <span class='ocrx_word' id='word_1_162' title='bbox 3450 1039 3708 1107; x_wconf 88' lang='lat' dir='ltr'><strong>martyrio</strong></span> <span class='ocrx_word' id='word_1_163' title='bbox 3752 1037 3886 1092; x_wconf 85' lang='lat' dir='ltr'><strong>situs</strong></span> 
     </span>
    </p>
   </div>
   <div class='ocr_carea' id='block_1_25' title="bbox 2294 1130 3887 1204">
    <p class='ocr_par' dir='ltr' id='par_1_25' title="bbox 2294 1130 3887 1204">
     <span class='ocr_line' id='line_1_25' title="bbox 2294 1130 3887 1204; baseline -0.003 -19"><span class='ocrx_word' id='word_1_164' title='bbox 2294 1140 2395 1186; x_wconf 88' lang='lat' dir='ltr'><strong>est.</strong></span> <span class='ocrx_word' id='word_1_165' title='bbox 2424 1132 2725 1199; x_wconf 76' lang='lat' dir='ltr'><strong>Baptismus</strong></span> <span class='ocrx_word' id='word_1_166' title='bbox 2770 1131 2912 1186; x_wconf 90' lang='lat' dir='ltr'><strong>enim</strong></span> <span class='ocrx_word' id='word_1_167' title='bbox 2960 1131 3045 1186; x_wconf 83' lang='lat' dir='ltr'><strong>hic</strong></span> <span class='ocrx_word' id='word_1_168' title='bbox 3089 1148 3302 1204; x_wconf 91' lang='lat' dir='ltr'><strong>quoque</strong></span> <span class='ocrx_word' id='word_1_169' title='bbox 3350 1130 3646 1201; x_wconf 77' lang='lat' dir='ltr'><strong>appellatus</strong></span> <span class='ocrx_word' id='word_1_170' title='bbox 3698 1138 3807 1195; x_wconf 61' lang='lat' dir='ltr'><strong>est,</strong></span> <span class='ocrx_word' id='word_1_171' title='bbox 3834 1136 3887 1182; x_wconf 89' lang='lat' dir='ltr'><strong>et</strong></span> 
     </span>
    </p>
   </div>
   <div class='ocr_carea' id='block_1_26' title="bbox 2297 1221 3888 1292">
    <p class='ocr_par' dir='ltr' id='par_1_26' title="bbox 2297 1221 3888 1292">
     <span class='ocr_line' id='line_1_26' title="bbox 2297 1221 3888 1292; baseline 0 -18"><span class='ocrx_word' id='word_1_172' title='bbox 2297 1222 2509 1291; x_wconf 85' lang='lat' dir='ltr'><strong>quidem</strong></span> <span class='ocrx_word' id='word_1_173' title='bbox 2545 1221 3039 1292; x_wconf 63' lang='lat' dir='ltr'><strong>praestantissimus,</strong></span> <span class='ocrx_word' id='word_1_174' title='bbox 3073 1238 3137 1277; x_wconf 90' lang='lat' dir='ltr'><strong>ac</strong></span> <span class='ocrx_word' id='word_1_175' title='bbox 3164 1240 3373 1278; x_wconf 89' lang='lat' dir='ltr'><strong>summa</strong></span> <span class='ocrx_word' id='word_1_176' title='bbox 3417 1222 3768 1277; x_wconf 87' lang='lat' dir='ltr'><strong>veneratione</strong></span> <span class='ocrx_word' id='word_1_177' title='bbox 3808 1221 3888 1274; x_wconf 82' lang='lat' dir='ltr'><strong>di-</strong></span> 
     </span>
    </p>
   </div>
   <div class='ocr_carea' id='block_1_27' title="bbox 2296 1315 3887 1386">
    <p class='ocr_par' dir='ltr' id='par_1_27' title="bbox 2296 1315 3887 1386">
     <span class='ocr_line' id='line_1_27' title="bbox 2296 1315 3887 1386; baseline 0.001 -18"><span class='ocrx_word' id='word_1_178' title='bbox 2296 1328 2454 1383; x_wconf 80' lang='lat' dir='ltr'><strong>gnus,</strong></span> <span class='ocrx_word' id='word_1_179' title='bbox 2486 1329 2658 1384; x_wconf 88' lang='lat' dir='ltr'><strong>neque</strong></span> <span class='ocrx_word' id='word_1_180' title='bbox 2685 1316 2828 1369; x_wconf 88' lang='lat' dir='ltr'><strong>enim</strong></span> <span class='ocrx_word' id='word_1_181' title='bbox 2872 1316 3254 1384; x_wconf 84' lang='lat' dir='ltr'><strong>posterioribus</strong></span> <span class='ocrx_word' id='word_1_182' title='bbox 3283 1317 3484 1386; x_wconf 87' lang='lat' dir='ltr'><strong>peccati</strong></span> <span class='ocrx_word' id='word_1_183' title='bbox 3526 1315 3780 1370; x_wconf 83' lang='lat' dir='ltr'><strong>sordibus</strong></span> <span class='ocrx_word' id='word_1_184' title='bbox 3809 1315 3887 1369; x_wconf 86' lang='lat' dir='ltr'><strong>in-</strong></span> 
     </span>
    </p>
   </div>
   <div class='ocr_carea' id='block_1_28' title="bbox 2298 1407 3881 1478">
    <p class='ocr_par' dir='ltr' id='par_1_28' title="bbox 2298 1407 3881 1478">
     <span class='ocr_line' id='line_1_28' title="bbox 2298 1407 3881 1478; baseline 0.002 -20"><span class='ocrx_word' id='word_1_185' title='bbox 2298 1407 2569 1473; x_wconf 87' lang='lat' dir='ltr'><strong>quinatur.</strong></span> <span class='ocrx_word' id='word_1_186' title='bbox 2622 1407 2789 1474; x_wconf 86' lang='lat' dir='ltr'><strong>Quem</strong></span> <span class='ocrx_word' id='word_1_187' title='bbox 2846 1407 3005 1461; x_wconf 90' lang='lat' dir='ltr'><strong>etiam</strong></span> <span class='ocrx_word' id='word_1_188' title='bbox 3059 1408 3319 1463; x_wconf 89' lang='lat' dir='ltr'><strong>Dominus</strong></span> <span class='ocrx_word' id='word_1_189' title='bbox 3372 1424 3521 1464; x_wconf 90' lang='lat' dir='ltr'><strong>meus</strong></span> <span class='ocrx_word' id='word_1_190' title='bbox 3570 1409 3881 1478; x_wconf 88' lang='lat' dir='ltr'><strong>accipiens,</strong></span> 
     </span>
    </p>
   </div>
   <div class='ocr_carea' id='block_1_29' title="bbox 2298 1497 3885 1572">
    <p class='ocr_par' dir='ltr' id='par_1_29' title="bbox 2298 1497 3885 1572">
     <span class='ocr_line' id='line_1_29' title="bbox 2298 1497 3885 1572; baseline 0.002 -20"><span class='ocrx_word' id='word_1_191' title='bbox 2298 1497 2617 1567; x_wconf 75' lang='lat' dir='ltr'><strong>baptismum</strong></span> <span class='ocrx_word' id='word_1_192' title='bbox 2650 1500 2842 1554; x_wconf 89' lang='lat' dir='ltr'><strong>merito</strong></span> <span class='ocrx_word' id='word_1_193' title='bbox 2875 1502 3216 1569; x_wconf 90' lang='lat' dir='ltr'><strong>nuncupavit.</strong></span> <span class='ocrx_word' id='word_1_194' title='bbox 3252 1502 3451 1557; x_wconf 85' lang='lat' dir='ltr'><strong>Deinde</strong></span> <span class='ocrx_word' id='word_1_195' title='bbox 3487 1503 3657 1572; x_wconf 79' lang='lat' dir='ltr'><strong>ipsius</strong></span> <span class='ocrx_word' id='word_1_196' title='bbox 3701 1502 3885 1556; x_wconf 87' lang='lat' dir='ltr'><strong>imita-</strong></span> 
     </span>
    </p>
   </div>
   <div class='ocr_carea' id='block_1_30' title="bbox 2302 1593 3888 1665">
    <p class='ocr_par' dir='ltr' id='par_1_30' title="bbox 2302 1593 3888 1665">
     <span class='ocr_line' id='line_1_30' title="bbox 2302 1593 3888 1665; baseline 0.003 -20"><span class='ocrx_word' id='word_1_197' title='bbox 2302 1600 2444 1647; x_wconf 87' lang='lat' dir='ltr'><strong>tores</strong></span> <span class='ocrx_word' id='word_1_198' title='bbox 2477 1593 2675 1658; x_wconf 79' lang='lat' dir='ltr'><strong>elIecti,</strong></span> <span class='ocrx_word' id='word_1_199' title='bbox 2722 1596 2947 1663; x_wconf 89' lang='lat' dir='ltr'><strong>primum</strong></span> <span class='ocrx_word' id='word_1_200' title='bbox 2981 1595 3195 1665; x_wconf 82' lang='lat' dir='ltr'><strong>quidem</strong></span> <span class='ocrx_word' id='word_1_201' title='bbox 3238 1596 3402 1665; x_wconf 89' lang='lat' dir='ltr'><strong>ipsius</strong></span> <span class='ocrx_word' id='word_1_202' title='bbox 3445 1606 3804 1663; x_wconf 73' lang='lat' dir='ltr'><strong>spectatores,</strong></span> <span class='ocrx_word' id='word_1_203' title='bbox 3835 1603 3888 1649; x_wconf 90' lang='lat' dir='ltr'><strong>et</strong></span> 
     </span>
    </p>
   </div>
   <div class='ocr_carea' id='block_1_31' title="bbox 2300 1687 3888 1761">
    <p class='ocr_par' dir='ltr' id='par_1_31' title="bbox 2300 1687 3888 1761">
     <span class='ocr_line' id='line_1_31' title="bbox 2300 1687 3888 1761; baseline 0.001 -18"><span class='ocrx_word' id='word_1_204' title='bbox 2300 1687 2573 1758; x_wconf 87' lang='lat' dir='ltr'><strong>discipuli,</strong></span> <span class='ocrx_word' id='word_1_205' title='bbox 2607 1700 2765 1761; x_wconf 90' lang='lat' dir='ltr'><strong>atque</strong></span> <span class='ocrx_word' id='word_1_206' title='bbox 2794 1690 3045 1759; x_wconf 86' lang='lat' dir='ltr'><strong>apostoli,</strong></span> <span class='ocrx_word' id='word_1_207' title='bbox 3074 1691 3325 1761; x_wconf 83' lang='lat' dir='ltr'><strong>deinceps</strong></span> <span class='ocrx_word' id='word_1_208' title='bbox 3376 1699 3552 1746; x_wconf 73' lang='lat' dir='ltr'><strong>autem</strong></span> <span class='ocrx_word' id='word_1_209' title='bbox 3604 1691 3888 1745; x_wconf 87' lang='lat' dir='ltr'><strong>universus</strong></span> 
     </span>
    </p>
   </div>
   <div class='ocr_carea' id='block_1_32' title="bbox 2301 1783 3884 1854">
    <p class='ocr_par' dir='ltr' id='par_1_32' title="bbox 2301 1783 3884 1854">
     <span class='ocr_line' id='line_1_32' title="bbox 2301 1783 3884 1854; baseline 0.001 -19"><span class='ocrx_word' id='word_1_210' title='bbox 2301 1791 2609 1837; x_wconf 85' lang='lat' dir='ltr'><strong>sanctorqu</strong></span> <span class='ocrx_word' id='word_1_211' title='bbox 2651 1795 2942 1854; x_wconf 87' lang='lat' dir='ltr'><strong>martyrutu</strong></span> <span class='ocrx_word' id='word_1_212' title='bbox 2990 1785 3206 1852; x_wconf 88' lang='lat' dir='ltr'><strong>chorus,</strong></span> <span class='ocrx_word' id='word_1_213' title='bbox 3258 1783 3519 1839; x_wconf 55' lang='lat' dir='ltr'><strong>idolorum</strong></span> <span class='ocrx_word' id='word_1_214' title='bbox 3566 1783 3884 1848; x_wconf 68' lang='lat' dir='ltr'><strong>cultoribus,</strong></span> 
     </span>
    </p>
   </div>
   <div class='ocr_carea' id='block_1_33' title="bbox 604 1875 3883 1948">
    <p class='ocr_par' dir='ltr' id='par_1_33' title="bbox 604 1875 3883 1948">
     <span class='ocr_line' id='line_1_33' title="bbox 604 1875 3883 1948; baseline 0 -19"><span class='ocrx_word' id='word_1_215' title='bbox 604 1875 997 1941; x_wconf 83' lang='lat' dir='ltr'><strong>abstersissem,</strong></span> <span class='ocrx_word' id='word_1_216' title='bbox 1031 1878 1369 1931; x_wconf 84' lang='lat' dir='ltr'><strong>condemnati</strong></span> <span class='ocrx_word' id='word_1_217' title='bbox 1411 1886 1553 1931; x_wconf 91' lang='lat' dir='ltr'><strong>sunt.</strong></span> <span class='ocrx_word' id='word_1_218' title='bbox 1602 1876 1885 1944; x_wconf 84' lang='lat' dir='ltr'><strong>Propterea</strong></span> <span class='ocrx_word' id='word_1_219' title='bbox 1932 1875 2192 1945; x_wconf 84' lang='lat' dir='ltr'><strong>periculo-</strong></span> <span class='ocrx_word' id='word_1_220' title='bbox 2225 1888 2270 1948; x_wconf 78' lang='grc' dir='ltr'><strong>Β</strong></span> <span class='ocrx_word' id='word_1_221' title='bbox 2301 1877 2512 1946; x_wconf 89' lang='lat' dir='ltr'><strong>regibus</strong></span> <span class='ocrx_word' id='word_1_222' title='bbox 2541 1892 2602 1932; x_wconf 90' lang='lat' dir='ltr'><strong>ac</strong></span> <span class='ocrx_word' id='word_1_223' title='bbox 2635 1880 2873 1948; x_wconf 82' lang='lat' dir='ltr'><strong>tyrannis</strong></span> <span class='ocrx_word' id='word_1_224' title='bbox 2904 1879 3109 1948; x_wconf 75' lang='lat' dir='ltr'><strong>scipsos</strong></span> <span class='ocrx_word' id='word_1_225' title='bbox 3137 1893 3232 1947; x_wconf 93' lang='lat' dir='ltr'><strong>pro</strong></span> <span class='ocrx_word' id='word_1_226' title='bbox 3259 1878 3455 1932; x_wconf 76' lang='lat' dir='ltr'><strong>Christi</strong></span> <span class='ocrx_word' id='word_1_227' title='bbox 3489 1879 3707 1932; x_wconf 88' lang='lat' dir='ltr'><strong>nomine</strong></span> <span class='ocrx_word' id='word_1_228' title='bbox 3748 1876 3883 1945; x_wconf 86' lang='lat' dir='ltr'><strong>obji-</strong></span> 
     </span>
    </p>
   </div>
   <div class='ocr_carea' id='block_1_34' title="bbox 598 1966 2186 2038">
    <p class='ocr_par' dir='ltr' id='par_1_34' title="bbox 598 1966 2186 2038">
     <span class='ocr_line' id='line_1_34' title="bbox 598 1966 2186 2038; baseline -0.003 -14"><span class='ocrx_word' id='word_1_229' title='bbox 598 1983 723 2027; x_wconf 86' lang='lat' dir='ltr'><strong>smn</strong></span> <span class='ocrx_word' id='word_1_230' title='bbox 739 1978 822 2023; x_wconf 89' lang='lat' dir='ltr'><strong>est</strong></span> <span class='ocrx_word' id='word_1_231' title='bbox 848 1970 900 2023; x_wconf 92' lang='lat' dir='ltr'><strong>in</strong></span> <span class='ocrx_word' id='word_1_232' title='bbox 924 1970 1135 2035; x_wconf 90' lang='lat' dir='ltr'><strong>vitium,</strong></span> <span class='ocrx_word' id='word_1_233' title='bbox 1160 1970 1514 2038; x_wconf 76' lang='lat' dir='ltr'><strong>quodcunque</strong></span> <span class='ocrx_word' id='word_1_234' title='bbox 1538 1968 1753 2024; x_wconf 86' lang='lat' dir='ltr'><strong>tandem</strong></span> <span class='ocrx_word' id='word_1_235' title='bbox 1783 1968 1913 2022; x_wconf 92' lang='lat' dir='ltr'><strong>illud</strong></span> <span class='ocrx_word' id='word_1_236' title='bbox 1944 1967 2033 2032; x_wconf 89' lang='lat' dir='ltr'><strong>sit,</strong></span> <span class='ocrx_word' id='word_1_237' title='bbox 2058 1966 2186 2021; x_wconf 87' lang='lat' dir='ltr'><strong>labi.</strong></span> 
     </span>
    </p>
   </div>
   <div class='ocr_carea' id='block_1_35' title="bbox 599 2058 2193 2131">
    <p class='ocr_par' dir='ltr' id='par_1_35' title="bbox 599 2058 2193 2131">
     <span class='ocr_line' id='line_1_35' title="bbox 599 2058 2193 2131; baseline -0.003 -16"><span class='ocrx_word' id='word_1_238' title='bbox 599 2059 889 2127; x_wconf 68' lang='lat' dir='ltr'><strong>Cancrum,</strong></span> <span class='ocrx_word' id='word_1_239' title='bbox 941 2062 986 2117; x_wconf 92' lang='lat' dir='ltr'><strong>si</strong></span> <span class='ocrx_word' id='word_1_240' title='bbox 1031 2061 1136 2115; x_wconf 83' lang='lat' dir='ltr'><strong>labi</strong></span> <span class='ocrx_word' id='word_1_241' title='bbox 1174 2062 1495 2131; x_wconf 69' lang='lat' dir='ltr'><strong>contigerit,</strong></span> <span class='ocrx_word' id='word_1_242' title='bbox 1546 2061 1724 2115; x_wconf 87' lang='lat' dir='ltr'><strong>statim</strong></span> <span class='ocrx_word' id='word_1_243' title='bbox 1767 2058 2073 2114; x_wconf 89' lang='lat' dir='ltr'><strong>enitendum</strong></span> <span class='ocrx_word' id='word_1_244' title='bbox 2108 2063 2193 2112; x_wconf 90' lang='lat' dir='ltr'><strong>est</strong></span> 
     </span>
    </p>
   </div>
   <div class='ocr_carea' id='block_1_36' title="bbox 599 2152 2190 2225">
    <p class='ocr_par' dir='ltr' id='par_1_36' title="bbox 599 2152 2190 2225">
     <span class='ocr_line' id='line_1_36' title="bbox 599 2152 2190 2225; baseline -0.003 -17"><span class='ocrx_word' id='word_1_245' title='bbox 599 2162 657 2208; x_wconf 92' lang='lat' dir='ltr'><strong>ut</strong></span> <span class='ocrx_word' id='word_1_246' title='bbox 698 2155 1020 2223; x_wconf 86' lang='lat' dir='ltr'><strong>resiliamus,</strong></span> <span class='ocrx_word' id='word_1_247' title='bbox 1074 2170 1396 2225; x_wconf 89' lang='lat' dir='ltr'><strong>rursumque</strong></span> <span class='ocrx_word' id='word_1_248' title='bbox 1442 2155 1507 2208; x_wconf 90' lang='lat' dir='ltr'><strong>ad</strong></span> <span class='ocrx_word' id='word_1_249' title='bbox 1552 2152 1867 2223; x_wconf 56' lang='lat' dir='ltr'><strong>praclarum</strong></span> <span class='ocrx_word' id='word_1_250' title='bbox 1915 2159 2190 2206; x_wconf 85' lang='lat' dir='ltr'><strong>certamen</strong></span> 
     </span>
    </p>
   </div>
   <div class='ocr_carea' id='block_1_37' title="bbox 598 2243 2191 2315">
    <p class='ocr_par' dir='ltr' id='par_1_37' title="bbox 598 2243 2191 2315">
     <span class='ocr_line' id='line_1_37' title="bbox 598 2243 2191 2315; baseline -0.003 -16"><span class='ocrx_word' id='word_1_251' title='bbox 598 2243 905 2301; x_wconf 84' lang='lat' dir='ltr'><strong>obeundum</strong></span> <span class='ocrx_word' id='word_1_252' title='bbox 934 2255 1159 2301; x_wconf 88' lang='lat' dir='ltr'><strong>stemus.</strong></span> <span class='ocrx_word' id='word_1_253' title='bbox 1193 2247 1259 2300; x_wconf 88' lang='lat' dir='ltr'><strong>Et</strong></span> <span class='ocrx_word' id='word_1_254' title='bbox 1304 2245 1518 2315; x_wconf 90' lang='lat' dir='ltr'><strong>quoties</strong></span> <span class='ocrx_word' id='word_1_255' title='bbox 1546 2244 1740 2298; x_wconf 90' lang='lat' dir='ltr'><strong>cadere</strong></span> <span class='ocrx_word' id='word_1_256' title='bbox 1768 2243 2071 2312; x_wconf 83' lang='lat' dir='ltr'><strong>contigerit,</strong></span> <span class='ocrx_word' id='word_1_257' title='bbox 2106 2250 2191 2295; x_wconf 83' lang='lat' dir='ltr'><strong>to-</strong></span> 
     </span>
    </p>
   </div>
   <div class='ocr_carea' id='block_1_38' title="bbox 596 2334 2190 2405">
    <p class='ocr_par' dir='ltr' id='par_1_38' title="bbox 596 2334 2190 2405">
     <span class='ocr_line' id='line_1_38' title="bbox 596 2334 2190 2405; baseline -0.003 -15"><span class='ocrx_word' id='word_1_258' title='bbox 596 2338 696 2392; x_wconf 91' lang='lat' dir='ltr'><strong>ties</strong></span> <span class='ocrx_word' id='word_1_259' title='bbox 722 2338 883 2393; x_wconf 90' lang='lat' dir='ltr'><strong>etiam</strong></span> <span class='ocrx_word' id='word_1_260' title='bbox 911 2338 1091 2392; x_wconf 90' lang='lat' dir='ltr'><strong>statim</strong></span> <span class='ocrx_word' id='word_1_261' title='bbox 1122 2352 1289 2405; x_wconf 90' lang='lat' dir='ltr'><strong>usque</strong></span> <span class='ocrx_word' id='word_1_262' title='bbox 1319 2337 1385 2391; x_wconf 89' lang='lat' dir='ltr'><strong>ad</strong></span> <span class='ocrx_word' id='word_1_263' title='bbox 1415 2344 1714 2391; x_wconf 87' lang='lat' dir='ltr'><strong>extremum</strong></span> <span class='ocrx_word' id='word_1_264' title='bbox 1758 2336 1879 2389; x_wconf 75' lang='lat' dir='ltr'><strong>vita:</strong></span> <span class='ocrx_word' id='word_1_265' title='bbox 1908 2334 2050 2389; x_wconf 89' lang='lat' dir='ltr'><strong>diem</strong></span> <span class='ocrx_word' id='word_1_266' title='bbox 2098 2347 2190 2387; x_wconf 85' lang='lat' dir='ltr'><strong>cu-</strong></span> 
     </span>
    </p>
   </div>
   <div class='ocr_carea' id='block_1_39' title="bbox 595 2429 2191 2501">
    <p class='ocr_par' dir='ltr' id='par_1_39' title="bbox 595 2429 2191 2501">
     <span class='ocr_line' id='line_1_39' title="bbox 595 2429 2191 2501; baseline -0.005 -14"><span class='ocrx_word' id='word_1_267' title='bbox 595 2431 818 2487; x_wconf 82' lang='lat' dir='ltr'><strong>randum</strong></span> <span class='ocrx_word' id='word_1_268' title='bbox 850 2441 954 2499; x_wconf 91' lang='lat' dir='ltr'><strong>est,</strong></span> <span class='ocrx_word' id='word_1_269' title='bbox 988 2441 1047 2486; x_wconf 91' lang='lat' dir='ltr'><strong>ut</strong></span> <span class='ocrx_word' id='word_1_270' title='bbox 1073 2446 1437 2500; x_wconf 86' lang='lat' dir='ltr'><strong>resurgamus,</strong></span> <span class='ocrx_word' id='word_1_271' title='bbox 1467 2438 1627 2501; x_wconf 91' lang='lat' dir='ltr'><strong>atque</strong></span> <span class='ocrx_word' id='word_1_272' title='bbox 1657 2430 1711 2483; x_wconf 91' lang='lat' dir='ltr'><strong>in</strong></span> <span class='ocrx_word' id='word_1_273' title='bbox 1758 2429 2032 2497; x_wconf 89' lang='lat' dir='ltr'><strong>procinctu</strong></span> <span class='ocrx_word' id='word_1_274' title='bbox 2083 2434 2191 2480; x_wconf 90' lang='lat' dir='ltr'><strong>ste-</strong></span> 
     </span>
    </p>
   </div>
   <div class='ocr_carea' id='block_1_40' title="bbox 594 2519 2189 2591">
    <p class='ocr_par' dir='ltr' id='par_1_40' title="bbox 594 2519 2189 2591">
     <span class='ocr_line' id='line_1_40' title="bbox 594 2519 2189 2591; baseline -0.006 -12"><span class='ocrx_word' id='word_1_275' title='bbox 594 2535 734 2579; x_wconf 85' lang='lat' dir='ltr'><strong>mus.</strong></span> <span class='ocrx_word' id='word_1_276' title='bbox 766 2522 1149 2579; x_wconf 90' lang='lat' dir='ltr'><strong>Convertimini</strong></span> <span class='ocrx_word' id='word_1_277' title='bbox 1180 2524 1321 2577; x_wconf 92' lang='lat' dir='ltr'><strong>enim</strong></span> <span class='ocrx_word' id='word_1_278' title='bbox 1347 2523 1413 2578; x_wconf 89' lang='lat' dir='ltr'><strong>ad</strong></span> <span class='ocrx_word' id='word_1_279' title='bbox 1446 2538 1553 2590; x_wconf 91' lang='lat' dir='ltr'><strong>me,</strong></span> <span class='ocrx_word' id='word_1_280' title='bbox 1583 2530 1637 2576; x_wconf 90' lang='lat' dir='ltr'><strong>et</strong></span> <span class='ocrx_word' id='word_1_281' title='bbox 1666 2535 1768 2591; x_wconf 85' lang='lat' dir='ltr'><strong>ego</strong></span> <span class='ocrx_word' id='word_1_282' title='bbox 1796 2526 2082 2575; x_wconf 84' lang='lat' dir='ltr'><strong>convertar</strong></span> <span class='ocrx_word' id='word_1_283' title='bbox 2119 2519 2189 2569; x_wconf 88' lang='lat' dir='ltr'><strong>ad</strong></span> 
     </span>
    </p>
   </div>
   <div class='ocr_carea' id='block_1_41' title="bbox 595 2614 1469 2687">
    <p class='ocr_par' dir='ltr' id='par_1_41' title="bbox 595 2614 1469 2687">
     <span class='ocr_line' id='line_1_41' title="bbox 595 2614 1469 2687; baseline -0.005 -16"><span class='ocrx_word' id='word_1_284' title='bbox 595 2628 709 2687; x_wconf 86' lang='lat' dir='ltr'><strong>vos,</strong></span> <span class='ocrx_word' id='word_1_285' title='bbox 740 2616 812 2670; x_wconf 89' lang='lat' dir='ltr'><strong>ait</strong></span> <span class='ocrx_word' id='word_1_286' title='bbox 841 2614 1101 2672; x_wconf 88' lang='lat' dir='ltr'><strong>Dominus</strong></span> <span class='ocrx_word' id='word_1_287' title='bbox 1121 2615 1371 2685; x_wconf 81' lang='lat' dir='ltr'><strong>(Zacltar.</strong></span> <span class='ocrx_word' id='word_1_288' title='bbox 1406 2614 1469 2686; x_wconf 88' lang='grc' dir='ltr'>ι).</span> 
     </span>
    </p>
   </div>
   <div class='ocr_carea' id='block_1_42' title="bbox 667 2706 2187 2776">
    <p class='ocr_par' dir='ltr' id='par_1_42' title="bbox 667 2706 2187 2776">
     <span class='ocr_line' id='line_1_42' title="bbox 667 2706 2187 2776; baseline -0.003 -13"><span class='ocrx_word' id='word_1_289' title='bbox 667 2707 797 2763; x_wconf 64' lang='lat' dir='ltr'><strong>Cu».</strong></span> <span class='ocrx_word' id='word_1_290' title='bbox 835 2708 947 2763; x_wconf 80' lang='lat' dir='ltr'><strong>XII.</strong></span> <span class='ocrx_word' id='word_1_291' title='bbox 971 2738 1044 2749; x_wconf 93' lang='lat'><strong><em>—</em></strong></span> <span class='ocrx_word' id='word_1_292' title='bbox 1064 2709 1144 2761; x_wconf 80' lang='lat' dir='ltr'><strong>Ad</strong></span> <span class='ocrx_word' id='word_1_293' title='bbox 1180 2708 1297 2764; x_wconf 62' lang='lat' dir='ltr'><strong>haec</strong></span> <span class='ocrx_word' id='word_1_294' title='bbox 1325 2718 1501 2761; x_wconf 89' lang='lat' dir='ltr'><strong>autem</strong></span> <span class='ocrx_word' id='word_1_295' title='bbox 1529 2706 1790 2776; x_wconf 85' lang='lat' dir='ltr'><strong>Josaphat</strong></span> <span class='ocrx_word' id='word_1_296' title='bbox 1836 2706 1967 2761; x_wconf 80' lang='lat' dir='ltr'><strong>dixit</strong></span> <span class='ocrx_word' id='word_1_297' title='bbox 1994 2724 2008 2762; x_wconf 87' lang='lat'><strong>:</strong></span> <span class='ocrx_word' id='word_1_298' title='bbox 2042 2706 2187 2773; x_wconf 84' lang='lat' dir='ltr'><strong>Qua-</strong></span> 
     </span>
    </p>
   </div>
   <div class='ocr_carea' id='block_1_43' title="bbox 600 2799 2187 2869">
    <p class='ocr_par' dir='ltr' id='par_1_43' title="bbox 600 2799 2187 2869">
     <span class='ocr_line' id='line_1_43' title="bbox 600 2799 2187 2869; baseline 0 -17"><span class='ocrx_word' id='word_1_299' title='bbox 600 2814 724 2853; x_wconf 89' lang='lat' dir='ltr'><strong>nam</strong></span> <span class='ocrx_word' id='word_1_300' title='bbox 752 2800 913 2867; x_wconf 83' lang='lat' dir='ltr'><strong>igitur</strong></span> <span class='ocrx_word' id='word_1_301' title='bbox 936 2800 1144 2855; x_wconf 90' lang='lat' dir='ltr'><strong>ratione</strong></span> <span class='ocrx_word' id='word_1_302' title='bbox 1166 2802 1400 2869; x_wconf 69' lang='lat' dir='ltr'><strong>seipsunt</strong></span> <span class='ocrx_word' id='word_1_303' title='bbox 1433 2799 1693 2869; x_wconf 87' lang='lat' dir='ltr'><strong>quispiam</strong></span> <span class='ocrx_word' id='word_1_304' title='bbox 1725 2807 1844 2867; x_wconf 83' lang='lat' dir='ltr'><strong>post</strong></span> <span class='ocrx_word' id='word_1_305' title='bbox 1868 2799 2187 2866; x_wconf 90' lang='lat' dir='ltr'><strong>baptismum</strong></span> 
     </span>
    </p>
   </div>
   <div class='ocr_carea' id='block_1_44' title="bbox 598 2890 2189 2961">
    <p class='ocr_par' dir='ltr' id='par_1_44' title="bbox 598 2890 2189 2961">
     <span class='ocr_line' id='line_1_44' title="bbox 598 2890 2189 2961; baseline 0.001 -16"><span class='ocrx_word' id='word_1_306' title='bbox 598 2890 667 2945; x_wconf 90' lang='lat' dir='ltr'><strong>ab</strong></span> <span class='ocrx_word' id='word_1_307' title='bbox 697 2891 841 2945; x_wconf 91' lang='lat' dir='ltr'><strong>omni</strong></span> <span class='ocrx_word' id='word_1_308' title='bbox 873 2893 1074 2961; x_wconf 88' lang='lat' dir='ltr'><strong>peccati</strong></span> <span class='ocrx_word' id='word_1_309' title='bbox 1107 2893 1228 2947; x_wconf 86' lang='lat' dir='ltr'><strong>labe</strong></span> <span class='ocrx_word' id='word_1_310' title='bbox 1259 2907 1447 2961; x_wconf 86' lang='lat' dir='ltr'><strong>purum</strong></span> <span class='ocrx_word' id='word_1_311' title='bbox 1476 2892 1742 2947; x_wconf 80' lang='lat' dir='ltr'><strong>servabit?</strong></span> <span class='ocrx_word' id='word_1_312' title='bbox 1769 2891 1899 2945; x_wconf 89' lang='lat' dir='ltr'><strong>Nam</strong></span> <span class='ocrx_word' id='word_1_313' title='bbox 1938 2892 2038 2946; x_wconf 89' lang='lat' dir='ltr'><strong>etsi</strong></span> <span class='ocrx_word' id='word_1_314' title='bbox 2066 2906 2189 2961; x_wconf 85' lang='lat' dir='ltr'><strong>pec-</strong></span> 
     </span>
    </p>
   </div>
   <div class='ocr_carea' id='block_1_45' title="bbox 596 2985 2189 3057">
    <p class='ocr_par' dir='ltr' id='par_1_45' title="bbox 596 2985 2189 3057">
     <span class='ocr_line' id='line_1_45' title="bbox 596 2985 2189 3057; baseline 0.001 -15"><span class='ocrx_word' id='word_1_315' title='bbox 596 2986 859 3054; x_wconf 91' lang='lat' dir='ltr'><strong>cantibus,</strong></span> <span class='ocrx_word' id='word_1_316' title='bbox 892 2996 951 3040; x_wconf 92' lang='lat' dir='ltr'><strong>ut</strong></span> <span class='ocrx_word' id='word_1_317' title='bbox 983 2989 1096 3057; x_wconf 91' lang='lat' dir='ltr'><strong>ipse</strong></span> <span class='ocrx_word' id='word_1_318' title='bbox 1123 2985 1222 3054; x_wconf 86' lang='lat' dir='ltr'><strong>ais,</strong></span> <span class='ocrx_word' id='word_1_319' title='bbox 1256 2988 1569 3057; x_wconf 66' lang='lat' dir='ltr'><strong>paenitentia</strong></span> <span class='ocrx_word' id='word_1_320' title='bbox 1593 2998 1756 3057; x_wconf 89' lang='lat' dir='ltr'><strong>patet,</strong></span> <span class='ocrx_word' id='word_1_321' title='bbox 1793 2997 1971 3042; x_wconf 87' lang='lat' dir='ltr'><strong>tamen</strong></span> <span class='ocrx_word' id='word_1_322' title='bbox 2004 2988 2189 3044; x_wconf 89' lang='lat' dir='ltr'><strong>labore</strong></span> 
     </span>
    </p>
   </div>
   <div class='ocr_carea' id='block_1_46' title="bbox 596 3079 2184 3149">
    <p class='ocr_par' dir='ltr' id='par_1_46' title="bbox 596 3079 2184 3149">
     <span class='ocr_line' id='line_1_46' title="bbox 596 3079 2184 3149; baseline -0.001 -14"><span class='ocrx_word' id='word_1_323' title='bbox 596 3088 651 3135; x_wconf 90' lang='lat' dir='ltr'><strong>et</strong></span> <span class='ocrx_word' id='word_1_324' title='bbox 678 3080 1013 3149; x_wconf 77' lang='lat' dir='ltr'><strong>fatigatione,</strong></span> <span class='ocrx_word' id='word_1_325' title='bbox 1050 3094 1113 3135; x_wconf 91' lang='lat' dir='ltr'><strong>ac</strong></span> <span class='ocrx_word' id='word_1_326' title='bbox 1141 3080 1267 3135; x_wconf 88' lang='lat' dir='ltr'><strong>fletu</strong></span> <span class='ocrx_word' id='word_1_327' title='bbox 1295 3088 1351 3135; x_wconf 92' lang='lat' dir='ltr'><strong>et</strong></span> <span class='ocrx_word' id='word_1_328' title='bbox 1378 3080 1523 3135; x_wconf 82' lang='lat' dir='ltr'><strong>luctu</strong></span> <span class='ocrx_word' id='word_1_329' title='bbox 1555 3094 1688 3148; x_wconf 90' lang='lat' dir='ltr'><strong>opus</strong></span> <span class='ocrx_word' id='word_1_330' title='bbox 1737 3090 1817 3133; x_wconf 89' lang='lat' dir='ltr'><strong>est</strong></span> <span class='ocrx_word' id='word_1_331' title='bbox 1856 3096 1869 3133; x_wconf 89' lang='lat'><strong>:</strong></span> <span class='ocrx_word' id='word_1_332' title='bbox 1902 3094 2023 3147; x_wconf 64' lang='lat' dir='ltr'><strong>quae</strong></span> <span class='ocrx_word' id='word_1_333' title='bbox 2069 3079 2184 3147; x_wconf 82' lang='lat' dir='ltr'><strong>qui-</strong></span> 
     </span>
    </p>
   </div>
   <div class='ocr_carea' id='block_1_47' title="bbox 597 3170 2188 3243">
    <p class='ocr_par' dir='ltr' id='par_1_47' title="bbox 597 3170 2188 3243">
     <span class='ocr_line' id='line_1_47' title="bbox 597 3170 2188 3243; baseline -0.002 -16"><span class='ocrx_word' id='word_1_334' title='bbox 597 3170 719 3227; x_wconf 89' lang='lat' dir='ltr'><strong>dem</strong></span> <span class='ocrx_word' id='word_1_335' title='bbox 750 3171 1015 3243; x_wconf 88' lang='lat' dir='ltr'><strong>ejusmodi</strong></span> <span class='ocrx_word' id='word_1_336' title='bbox 1048 3172 1176 3227; x_wconf 90' lang='lat' dir='ltr'><strong>mihi</strong></span> <span class='ocrx_word' id='word_1_337' title='bbox 1207 3188 1327 3229; x_wconf 90' lang='lat' dir='ltr'><strong>esse</strong></span> <span class='ocrx_word' id='word_1_338' title='bbox 1374 3173 1644 3240; x_wconf 89' lang='lat' dir='ltr'><strong>videntur,</strong></span> <span class='ocrx_word' id='word_1_339' title='bbox 1679 3181 1735 3226; x_wconf 91' lang='lat' dir='ltr'><strong>ut</strong></span> <span class='ocrx_word' id='word_1_340' title='bbox 1782 3187 1887 3226; x_wconf 91' lang='lat' dir='ltr'><strong>non</strong></span> <span class='ocrx_word' id='word_1_341' title='bbox 1929 3186 1992 3227; x_wconf 92' lang='lat' dir='ltr'><strong>ea</strong></span> <span class='ocrx_word' id='word_1_342' title='bbox 2036 3170 2188 3226; x_wconf 91' lang='lat' dir='ltr'><strong>multi</strong></span> 
     </span>
    </p>
   </div>
   <div class='ocr_carea' id='block_1_48' title="bbox 596 3263 2189 3336">
    <p class='ocr_par' dir='ltr' id='par_1_48' title="bbox 596 3263 2189 3336">
     <span class='ocr_line' id='line_1_48' title="bbox 596 3263 2189 3336; baseline -0.001 -18"><span class='ocrx_word' id='word_1_343' title='bbox 596 3264 753 3320; x_wconf 80' lang='lat' dir='ltr'><strong>facile</strong></span> <span class='ocrx_word' id='word_1_344' title='bbox 780 3264 1035 3332; x_wconf 89' lang='lat' dir='ltr'><strong>consequi</strong></span> <span class='ocrx_word' id='word_1_345' title='bbox 1065 3267 1294 3336; x_wconf 89' lang='lat' dir='ltr'><strong>possint.</strong></span> <span class='ocrx_word' id='word_1_346' title='bbox 1328 3266 1589 3332; x_wconf 86' lang='lat' dir='ltr'><strong>Quocirca</strong></span> <span class='ocrx_word' id='word_1_347' title='bbox 1618 3265 1760 3318; x_wconf 89' lang='lat' dir='ltr'><strong>viam</strong></span> <span class='ocrx_word' id='word_1_348' title='bbox 1801 3264 1977 3333; x_wconf 89' lang='lat' dir='ltr'><strong>potius</strong></span> <span class='ocrx_word' id='word_1_349' title='bbox 2005 3263 2189 3317; x_wconf 91' lang='lat' dir='ltr'><strong>nanci-</strong></span> 
     </span>
    </p>
   </div>
   <div class='ocr_carea' id='block_1_49' title="bbox 596 3355 2191 3428">
    <p class='ocr_par' dir='ltr' id='par_1_49' title="bbox 596 3355 2191 3428">
     <span class='ocr_line' id='line_1_49' title="bbox 596 3355 2191 3428; baseline -0.004 -14"><span class='ocrx_word' id='word_1_350' title='bbox 596 3361 672 3414; x_wconf 78' lang='lat' dir='ltr'><strong>sci</strong></span> <span class='ocrx_word' id='word_1_351' title='bbox 704 3373 979 3428; x_wconf 88' lang='lat' dir='ltr'><strong>cuperem,</strong></span> <span class='ocrx_word' id='word_1_352' title='bbox 1006 3372 1110 3428; x_wconf 86' lang='lat' dir='ltr'><strong>qua</strong></span> <span class='ocrx_word' id='word_1_353' title='bbox 1136 3357 1348 3413; x_wconf 88' lang='lat' dir='ltr'><strong>sincere</strong></span> <span class='ocrx_word' id='word_1_354' title='bbox 1394 3366 1553 3426; x_wconf 88' lang='lat' dir='ltr'><strong>atque</strong></span> <span class='ocrx_word' id='word_1_355' title='bbox 1582 3365 1770 3411; x_wconf 79' lang='lat' dir='ltr'><strong>exacte</strong></span> <span class='ocrx_word' id='word_1_356' title='bbox 1797 3355 1893 3411; x_wconf 89' lang='lat' dir='ltr'><strong>Dei</strong></span> <span class='ocrx_word' id='word_1_357' title='bbox 1927 3364 2191 3424; x_wconf 66' lang='lat' dir='ltr'><strong>prmcepta</strong></span> 
     </span>
    </p>
   </div>
   <div class='ocr_carea' id='block_1_50' title="bbox 597 3450 2189 3521">
    <p class='ocr_par' dir='ltr' id='par_1_50' title="bbox 597 3450 2189 3521">
     <span class='ocr_line' id='line_1_50' title="bbox 597 3450 2189 3521; baseline -0.003 -16"><span class='ocrx_word' id='word_1_358' title='bbox 597 3465 890 3521; x_wconf 88' lang='lat' dir='ltr'><strong>servarem,</strong></span> <span class='ocrx_word' id='word_1_359' title='bbox 925 3466 1027 3508; x_wconf 90' lang='lat' dir='ltr'><strong>nec</strong></span> <span class='ocrx_word' id='word_1_360' title='bbox 1049 3452 1119 3506; x_wconf 91' lang='lat' dir='ltr'><strong>ab</strong></span> <span class='ocrx_word' id='word_1_361' title='bbox 1161 3452 1225 3507; x_wconf 91' lang='lat' dir='ltr'><strong>iis</strong></span> <span class='ocrx_word' id='word_1_362' title='bbox 1254 3450 1621 3517; x_wconf 83' lang='lat' dir='ltr'><strong>deflecterem,</strong></span> <span class='ocrx_word' id='word_1_363' title='bbox 1650 3464 1750 3504; x_wconf 89' lang='lat' dir='ltr'><strong>nec</strong></span> <span class='ocrx_word' id='word_1_364' title='bbox 1780 3457 1902 3518; x_wconf 91' lang='lat' dir='ltr'><strong>post</strong></span> <span class='ocrx_word' id='word_1_365' title='bbox 1952 3450 2189 3515; x_wconf 90' lang='lat' dir='ltr'><strong>priorum</strong></span> 
     </span>
    </p>
   </div>
   <div class='ocr_carea' id='block_1_51' title="bbox 601 3542 2189 3615">
    <p class='ocr_par' dir='ltr' id='par_1_51' title="bbox 601 3542 2189 3615">
     <span class='ocr_line' id='line_1_51' title="bbox 601 3542 2189 3615; baseline -0.002 -14"><span class='ocrx_word' id='word_1_366' title='bbox 601 3557 945 3615; x_wconf 83' lang='lat' dir='ltr'><strong>peccatorum</strong></span> <span class='ocrx_word' id='word_1_367' title='bbox 995 3546 1207 3600; x_wconf 83' lang='lat' dir='ltr'><strong>veniam</strong></span> <span class='ocrx_word' id='word_1_368' title='bbox 1239 3544 1601 3613; x_wconf 89' lang='lat' dir='ltr'><strong>impetratam,</strong></span> <span class='ocrx_word' id='word_1_369' title='bbox 1632 3542 2009 3597; x_wconf 90' lang='lat' dir='ltr'><strong>suavissimum</strong></span> <span class='ocrx_word' id='word_1_370' title='bbox 2039 3543 2189 3599; x_wconf 87' lang='lat' dir='ltr'><strong>illum</strong></span> 
     </span>
    </p>
   </div>
   <div class='ocr_carea' id='block_1_52' title="bbox 598 3634 2042 3703">
    <p class='ocr_par' dir='ltr' id='par_1_52' title="bbox 598 3634 2042 3703">
     <span class='ocr_line' id='line_1_52' title="bbox 598 3634 2042 3703; baseline -0.001 -12"><span class='ocrx_word' id='word_1_371' title='bbox 598 3635 882 3693; x_wconf 89' lang='lat' dir='ltr'><strong>Dominum</strong></span> <span class='ocrx_word' id='word_1_372' title='bbox 908 3652 973 3693; x_wconf 89' lang='lat' dir='ltr'><strong>ac</strong></span> <span class='ocrx_word' id='word_1_373' title='bbox 1012 3636 1180 3692; x_wconf 92' lang='lat' dir='ltr'><strong>Deum</strong></span> <span class='ocrx_word' id='word_1_374' title='bbox 1208 3636 1278 3689; x_wconf 91' lang='lat' dir='ltr'><strong>ad</strong></span> <span class='ocrx_word' id='word_1_375' title='bbox 1308 3634 1639 3690; x_wconf 89' lang='lat' dir='ltr'><strong>iracundiam</strong></span> <span class='ocrx_word' id='word_1_376' title='bbox 1671 3650 2042 3703; x_wconf 89' lang='lat' dir='ltr'><strong>provocaretn.</strong></span> 
     </span>
    </p>
   </div>
   <div class='ocr_carea' id='block_1_53' title="bbox 670 3715 2191 3798">
    <p class='ocr_par' dir='ltr' id='par_1_53' title="bbox 670 3715 2191 3798">
     <span class='ocr_line' id='line_1_53' title="bbox 670 3715 2191 3798; baseline -0.002 -15"><span class='ocrx_word' id='word_1_377' title='bbox 670 3726 965 3798; x_wconf 82' lang='lat' dir='ltr'><strong>Respondit</strong></span> <span class='ocrx_word' id='word_1_378' title='bbox 992 3737 1170 3782; x_wconf 91' lang='lat' dir='ltr'><strong>autem</strong></span> <span class='ocrx_word' id='word_1_379' title='bbox 1202 3715 1446 3781; x_wconf 87' lang='lat' dir='ltr'><strong>Barlaam</strong></span> <span class='ocrx_word' id='word_1_380' title='bbox 1474 3743 1488 3779; x_wconf 92' lang='lat'><strong>:</strong></span> <span class='ocrx_word' id='word_1_381' title='bbox 1512 3725 1677 3782; x_wconf 79' lang='lat' dir='ltr'><strong>Recte</strong></span> <span class='ocrx_word' id='word_1_382' title='bbox 1706 3725 1823 3781; x_wconf 77' lang='lat' dir='ltr'><strong>haec</strong></span> <span class='ocrx_word' id='word_1_383' title='bbox 1853 3726 2061 3794; x_wconf 82' lang='lat' dir='ltr'><strong>dixisti,</strong></span> <span class='ocrx_word' id='word_1_384' title='bbox 2095 3726 2191 3780; x_wconf 87' lang='lat' dir='ltr'><strong>do-</strong></span> 
     </span>
    </p>
   </div>
   <div class='ocr_carea' id='block_1_54' title="bbox 598 3818 2192 3889">
    <p class='ocr_par' dir='ltr' id='par_1_54' title="bbox 598 3818 2192 3889">
     <span class='ocr_line' id='line_1_54' title="bbox 598 3818 2192 3889; baseline -0.003 -12"><span class='ocrx_word' id='word_1_385' title='bbox 598 3821 742 3878; x_wconf 90' lang='lat' dir='ltr'><strong>mine</strong></span> <span class='ocrx_word' id='word_1_386' title='bbox 768 3822 842 3876; x_wconf 91' lang='lat' dir='ltr'><strong>mi</strong></span> <span class='ocrx_word' id='word_1_387' title='bbox 871 3834 934 3875; x_wconf 87' lang='lat' dir='ltr'><strong>ac</strong></span> <span class='ocrx_word' id='word_1_388' title='bbox 962 3835 1078 3886; x_wconf 79' lang='lat' dir='ltr'><strong>rex,</strong></span> <span class='ocrx_word' id='word_1_389' title='bbox 1109 3828 1271 3888; x_wconf 89' lang='lat' dir='ltr'><strong>atque</strong></span> <span class='ocrx_word' id='word_1_390' title='bbox 1296 3818 1401 3872; x_wconf 89' lang='lat' dir='ltr'><strong>hoc</strong></span> <span class='ocrx_word' id='word_1_391' title='bbox 1448 3819 1579 3873; x_wconf 91' lang='lat' dir='ltr'><strong>mi&#39;ni</strong></span> <span class='ocrx_word' id='word_1_392' title='bbox 1614 3829 1915 3889; x_wconf 88' lang='lat' dir='ltr'><strong>pergratum</strong></span> <span class='ocrx_word' id='word_1_393' title='bbox 1945 3832 2023 3874; x_wconf 74' lang='grc' dir='ltr'><strong>εει</strong></span> <span class='ocrx_word' id='word_1_394' title='bbox 2051 3836 2065 3879; x_wconf 89' lang='lat'><strong>;</strong></span> <span class='ocrx_word' id='word_1_395' title='bbox 2098 3834 2192 3873; x_wconf 88' lang='lat' dir='ltr'><strong>ve-</strong></span> 
     </span>
    </p>
   </div>
   <div class='ocr_carea' id='block_1_55' title="bbox 598 3912 2188 3983">
    <p class='ocr_par' dir='ltr' id='par_1_55' title="bbox 598 3912 2188 3983">
     <span class='ocr_line' id='line_1_55' title="bbox 598 3912 2188 3983; baseline -0.001 -14"><span class='ocrx_word' id='word_1_396' title='bbox 598 3930 719 3969; x_wconf 89' lang='lat' dir='ltr'><strong>rum</strong></span> <span class='ocrx_word' id='word_1_397' title='bbox 741 3914 964 3969; x_wconf 90' lang='lat' dir='ltr'><strong>arduum</strong></span> <span class='ocrx_word' id='word_1_398' title='bbox 990 3920 1091 3978; x_wconf 90' lang='lat' dir='ltr'><strong>est,</strong></span> <span class='ocrx_word' id='word_1_399' title='bbox 1123 3927 1191 3967; x_wconf 92' lang='lat' dir='ltr'><strong>ne</strong></span> <span class='ocrx_word' id='word_1_400' title='bbox 1229 3912 1401 3967; x_wconf 87' lang='lat' dir='ltr'><strong>dicam</strong></span> <span class='ocrx_word' id='word_1_401' title='bbox 1430 3912 1782 3980; x_wconf 56' lang='lat' dir='ltr'><strong>impossibile,</strong></span> <span class='ocrx_word' id='word_1_402' title='bbox 1818 3922 1875 3967; x_wconf 92' lang='lat' dir='ltr'><strong>ut</strong></span> <span class='ocrx_word' id='word_1_403' title='bbox 1922 3913 2188 3983; x_wconf 85' lang='lat' dir='ltr'><strong>quispiam</strong></span> 
     </span>
    </p>
   </div>
   <div class='ocr_carea' id='block_1_56' title="bbox 598 4004 2186 4074">
    <p class='ocr_par' dir='ltr' id='par_1_56' title="bbox 598 4004 2186 4074">
     <span class='ocr_line' id='line_1_56' title="bbox 598 4004 2186 4074; baseline 0 -14"><span class='ocrx_word' id='word_1_404' title='bbox 598 4006 653 4061; x_wconf 92' lang='lat' dir='ltr'><strong>in</strong></span> <span class='ocrx_word' id='word_1_405' title='bbox 680 4010 803 4074; x_wconf 85' lang='lat' dir='ltr'><strong>igne</strong></span> <span class='ocrx_word' id='word_1_406' title='bbox 832 4014 1102 4068; x_wconf 87' lang='lat' dir='ltr'><strong>versetur,</strong></span> <span class='ocrx_word' id='word_1_407' title='bbox 1130 4018 1229 4058; x_wconf 90' lang='lat' dir='ltr'><strong>nec</strong></span> <span class='ocrx_word' id='word_1_408' title='bbox 1251 4013 1427 4058; x_wconf 87' lang='lat' dir='ltr'><strong>tamen</strong></span> <span class='ocrx_word' id='word_1_409' title='bbox 1456 4004 1605 4057; x_wconf 90' lang='lat' dir='ltr'><strong>fumo</strong></span> <span class='ocrx_word' id='word_1_410' title='bbox 1630 4004 1957 4059; x_wconf 77' lang='lat' dir='ltr'><strong>offundatur.</strong></span> <span class='ocrx_word' id='word_1_411' title='bbox 1986 4006 2186 4060; x_wconf 85' lang='lat' dir='ltr'><strong>Eodem</strong></span> 
     </span>
    </p>
   </div>
   <div class='ocr_carea' id='block_1_57' title="bbox 598 4094 2189 4166">
    <p class='ocr_par' dir='ltr' id='par_1_57' title="bbox 598 4094 2189 4166">
     <span class='ocr_line' id='line_1_57' title="bbox 598 4094 2189 4166; baseline 0.001 -17"><span class='ocrx_word' id='word_1_412' title='bbox 598 4094 725 4151; x_wconf 88' lang='lat' dir='ltr'><strong>item</strong></span> <span class='ocrx_word' id='word_1_413' title='bbox 773 4097 933 4150; x_wconf 91' lang='lat' dir='ltr'><strong>modo</strong></span> <span class='ocrx_word' id='word_1_414' title='bbox 962 4094 1186 4149; x_wconf 88' lang='lat' dir='ltr'><strong>arduum</strong></span> <span class='ocrx_word' id='word_1_415' title='bbox 1220 4106 1302 4151; x_wconf 91' lang='lat' dir='ltr'><strong>est</strong></span> <span class='ocrx_word' id='word_1_416' title='bbox 1330 4110 1391 4150; x_wconf 88' lang='lat' dir='ltr'><strong>ac</strong></span> <span class='ocrx_word' id='word_1_417' title='bbox 1436 4110 1687 4165; x_wconf 88' lang='lat' dir='ltr'><strong>perquam</strong></span> <span class='ocrx_word' id='word_1_418' title='bbox 1732 4096 1949 4150; x_wconf 84' lang='lat' dir='ltr'><strong>difficile</strong></span> <span class='ocrx_word' id='word_1_419' title='bbox 1994 4106 2053 4151; x_wconf 93' lang='lat' dir='ltr'><strong>ut</strong></span> <span class='ocrx_word' id='word_1_420' title='bbox 2099 4097 2189 4166; x_wconf 89' lang='lat' dir='ltr'><strong>qui</strong></span> 
     </span>
    </p>
   </div>
   <div class='ocr_carea' id='block_1_58' title="bbox 601 4187 2188 4259">
    <p class='ocr_par' dir='ltr' id='par_1_58' title="bbox 601 4187 2188 4259">
     <span class='ocr_line' id='line_1_58' title="bbox 601 4187 2188 4259; baseline -0.001 -15"><span class='ocrx_word' id='word_1_421' title='bbox 601 4187 824 4258; x_wconf 84' lang='lat' dir='ltr'><strong>hujusce</strong></span> <span class='ocrx_word' id='word_1_422' title='bbox 863 4189 985 4243; x_wconf 76' lang='lat' dir='ltr'><strong>vita:</strong></span> <span class='ocrx_word' id='word_1_423' title='bbox 1031 4188 1257 4259; x_wconf 81' lang='lat' dir='ltr'><strong>negetiis</strong></span> <span class='ocrx_word' id='word_1_424' title='bbox 1301 4198 1546 4257; x_wconf 88' lang='lat' dir='ltr'><strong>tanquam</strong></span> <span class='ocrx_word' id='word_1_425' title='bbox 1596 4188 1824 4243; x_wconf 90' lang='lat' dir='ltr'><strong>vinculis</strong></span> <span class='ocrx_word' id='word_1_426' title='bbox 1871 4188 2188 4257; x_wconf 85' lang='lat' dir='ltr'><strong>quibusdam</strong></span> 
     </span>
    </p>
   </div>
   <div class='ocr_carea' id='block_1_59' title="bbox 600 4281 2185 4351">
    <p class='ocr_par' dir='ltr' id='par_1_59' title="bbox 600 4281 2185 4351">
     <span class='ocr_line' id='line_1_59' title="bbox 600 4281 2185 4351; baseline 0 -16"><span class='ocrx_word' id='word_1_427' title='bbox 600 4282 849 4338; x_wconf 89' lang='lat' dir='ltr'><strong>astrictus</strong></span> <span class='ocrx_word' id='word_1_428' title='bbox 878 4289 1111 4344; x_wconf 86' lang='lat' dir='ltr'><strong>tenetur,</strong></span> <span class='ocrx_word' id='word_1_429' title='bbox 1143 4283 1366 4351; x_wconf 91' lang='lat' dir='ltr'><strong>ejusque</strong></span> <span class='ocrx_word' id='word_1_430' title='bbox 1397 4283 1543 4336; x_wconf 91' lang='lat' dir='ltr'><strong>curis</strong></span> <span class='ocrx_word' id='word_1_431' title='bbox 1572 4296 1633 4335; x_wconf 91' lang='lat' dir='ltr'><strong>ac</strong></span> <span class='ocrx_word' id='word_1_432' title='bbox 1664 4281 1980 4337; x_wconf 89' lang='lat' dir='ltr'><strong>tumultibus</strong></span> <span class='ocrx_word' id='word_1_433' title='bbox 2029 4282 2185 4336; x_wconf 90' lang='lat' dir='ltr'><strong>disti-</strong></span> 
     </span>
    </p>
   </div>
   <div class='ocr_carea' id='block_1_60' title="bbox 598 4371 2187 4442">
    <p class='ocr_par' dir='ltr' id='par_1_60' title="bbox 598 4371 2187 4442">
     <span class='ocr_line' id='line_1_60' title="bbox 598 4371 2187 4442; baseline 0 -15"><span class='ocrx_word' id='word_1_434' title='bbox 598 4380 777 4439; x_wconf 91' lang='lat' dir='ltr'><strong>netur,</strong></span> <span class='ocrx_word' id='word_1_435' title='bbox 810 4379 970 4441; x_wconf 88' lang='lat' dir='ltr'><strong>atque</strong></span> <span class='ocrx_word' id='word_1_436' title='bbox 1000 4372 1052 4426; x_wconf 90' lang='lat' dir='ltr'><strong>in</strong></span> <span class='ocrx_word' id='word_1_437' title='bbox 1079 4371 1270 4442; x_wconf 91' lang='lat' dir='ltr'><strong>opibus</strong></span> <span class='ocrx_word' id='word_1_438' title='bbox 1297 4386 1359 4425; x_wconf 91' lang='lat' dir='ltr'><strong>ac</strong></span> <span class='ocrx_word' id='word_1_439' title='bbox 1386 4371 1594 4427; x_wconf 90' lang='lat' dir='ltr'><strong>deliciis</strong></span> <span class='ocrx_word' id='word_1_440' title='bbox 1623 4374 1768 4440; x_wconf 90' lang='lat' dir='ltr'><strong>vivit,</strong></span> <span class='ocrx_word' id='word_1_441' title='bbox 1800 4372 1918 4428; x_wconf 91' lang='lat' dir='ltr'><strong>sine</strong></span> <span class='ocrx_word' id='word_1_442' title='bbox 1950 4373 2055 4427; x_wconf 87' lang='lat' dir='ltr'><strong>ulla</strong></span> <span class='ocrx_word' id='word_1_443' title='bbox 2105 4374 2187 4427; x_wconf 84' lang='lat' dir='ltr'><strong>in-</strong></span> 
     </span>
    </p>
   </div>
   <div class='ocr_carea' id='block_1_61' title="bbox 600 4462 2187 4536">
    <p class='ocr_par' dir='ltr' id='par_1_61' title="bbox 600 4462 2187 4536">
     <span class='ocr_line' id='line_1_61' title="bbox 600 4462 2187 4536; baseline 0.003 -19"><span class='ocrx_word' id='word_1_444' title='bbox 600 4462 827 4519; x_wconf 78' lang='lat' dir='ltr'><strong>ﬂexione</strong></span> <span class='ocrx_word' id='word_1_445' title='bbox 855 4463 1228 4519; x_wconf 86' lang='lat' dir='ltr'><strong>mandatorum</strong></span> <span class='ocrx_word' id='word_1_446' title='bbox 1264 4462 1354 4517; x_wconf 91' lang='lat' dir='ltr'><strong>Dei</strong></span> <span class='ocrx_word' id='word_1_447' title='bbox 1396 4465 1535 4518; x_wconf 89' lang='lat' dir='ltr'><strong>viam</strong></span> <span class='ocrx_word' id='word_1_448' title='bbox 1571 4476 1835 4536; x_wconf 87' lang='lat' dir='ltr'><strong>peragret,</strong></span> <span class='ocrx_word' id='word_1_449' title='bbox 1887 4482 2187 4536; x_wconf 89' lang='lat' dir='ltr'><strong>purumque</strong></span> 
     </span>
    </p>
   </div>
   <div class='ocr_carea' id='block_1_62' title="bbox 594 4554 2186 4625">
    <p class='ocr_par' dir='ltr' id='par_1_62' title="bbox 594 4554 2186 4625">
     <span class='ocr_line' id='line_1_62' title="bbox 594 4554 2186 4625; baseline 0.003 -13"><span class='ocrx_word' id='word_1_450' title='bbox 594 4554 832 4625; x_wconf 85' lang='lat' dir='ltr'><strong>seipsum</strong></span> <span class='ocrx_word' id='word_1_451' title='bbox 873 4565 1033 4625; x_wconf 91' lang='lat' dir='ltr'><strong>atque</strong></span> <span class='ocrx_word' id='word_1_452' title='bbox 1078 4556 1405 4611; x_wconf 88' lang='lat' dir='ltr'><strong>incolumem</strong></span> <span class='ocrx_word' id='word_1_453' title='bbox 1437 4557 1505 4610; x_wconf 91' lang='lat' dir='ltr'><strong>ab</strong></span> <span class='ocrx_word' id='word_1_454' title='bbox 1549 4557 1614 4612; x_wconf 91' lang='lat' dir='ltr'><strong>iis</strong></span> <span class='ocrx_word' id='word_1_455' title='bbox 1663 4570 1861 4614; x_wconf 90' lang='lat' dir='ltr'><strong>servet.</strong></span> <span class='ocrx_word' id='word_1_456' title='bbox 1908 4562 1997 4614; x_wconf 86' lang='lat' dir='ltr'><strong>Ait</strong></span> <span class='ocrx_word' id='word_1_457' title='bbox 2044 4561 2186 4615; x_wconf 91' lang='lat' dir='ltr'><strong>enim</strong></span> 
     </span>
    </p>
   </div>
   <div class='ocr_carea' id='block_1_63' title="bbox 2298 1968 3887 2039">
    <p class='ocr_par' dir='ltr' id='par_1_63' title="bbox 2298 1968 3887 2039">
     <span class='ocr_line' id='line_1_63' title="bbox 2298 1968 3887 2039; baseline -0.001 -18"><span class='ocrx_word' id='word_1_458' title='bbox 2298 1968 2541 2034; x_wconf 87' lang='lat' dir='ltr'><strong>cientes,</strong></span> <span class='ocrx_word' id='word_1_459' title='bbox 2592 1970 2770 2023; x_wconf 87' lang='lat' dir='ltr'><strong>omnia</strong></span> <span class='ocrx_word' id='word_1_460' title='bbox 2820 1969 3201 2037; x_wconf 87' lang='lat' dir='ltr'><strong>suppliciorum</strong></span> <span class='ocrx_word' id='word_1_461' title='bbox 3256 1982 3453 2039; x_wconf 84' lang='lat' dir='ltr'><strong>genera</strong></span> <span class='ocrx_word' id='word_1_462' title='bbox 3498 1969 3887 2033; x_wconf 82' lang='lat' dir='ltr'><strong>sustinuerunt,</strong></span> 
     </span>
    </p>
   </div>
   <div class='ocr_carea' id='block_1_64' title="bbox 2296 2057 3887 2131">
    <p class='ocr_par' dir='ltr' id='par_1_64' title="bbox 2296 2057 3887 2131">
     <span class='ocr_line' id='line_1_64' title="bbox 2296 2057 3887 2131; baseline 0.001 -19"><span class='ocrx_word' id='word_1_463' title='bbox 2296 2057 2427 2116; x_wconf 88' lang='lat' dir='ltr'><strong>feris</strong></span> <span class='ocrx_word' id='word_1_464' title='bbox 2469 2060 2723 2118; x_wconf 88' lang='lat' dir='ltr'><strong>videlicet</strong></span> <span class='ocrx_word' id='word_1_465' title='bbox 2748 2061 2963 2131; x_wconf 80' lang='lat' dir='ltr'><strong>objecti,</strong></span> <span class='ocrx_word' id='word_1_466' title='bbox 3009 2071 3168 2129; x_wconf 91' lang='lat' dir='ltr'><strong>atque</strong></span> <span class='ocrx_word' id='word_1_467' title='bbox 3197 2061 3317 2131; x_wconf 84' lang='lat' dir='ltr'><strong>igne</strong></span> <span class='ocrx_word' id='word_1_468' title='bbox 3344 2061 3586 2126; x_wconf 77' lang='lat' dir='ltr'><strong>cremati,</strong></span> <span class='ocrx_word' id='word_1_469' title='bbox 3619 2070 3673 2114; x_wconf 91' lang='lat' dir='ltr'><strong>et</strong></span> <span class='ocrx_word' id='word_1_470' title='bbox 3703 2060 3887 2130; x_wconf 79' lang='lat' dir='ltr'><strong>gladiis</strong></span> 
     </span>
    </p>
   </div>
   <div class='ocr_carea' id='block_1_65' title="bbox 2296 2154 3887 2225">
    <p class='ocr_par' dir='ltr' id='par_1_65' title="bbox 2296 2154 3887 2225">
     <span class='ocr_line' id='line_1_65' title="bbox 2296 2154 3887 2225; baseline -0.001 -16"><span class='ocrx_word' id='word_1_471' title='bbox 2296 2154 2619 2209; x_wconf 86' lang='lat' dir='ltr'><strong>obtruncati.</strong></span> <span class='ocrx_word' id='word_1_472' title='bbox 2646 2155 2888 2224; x_wconf 85' lang='lat' dir='ltr'><strong>Cumque</strong></span> <span class='ocrx_word' id='word_1_473' title='bbox 2910 2157 3223 2225; x_wconf 62' lang='lat' dir='ltr'><strong>praeclaram</strong></span> <span class='ocrx_word' id='word_1_474' title='bbox 3266 2155 3661 2209; x_wconf 78' lang='lat' dir='ltr'><strong>confessionem</strong></span> <span class='ocrx_word' id='word_1_475' title='bbox 3693 2154 3887 2208; x_wconf 87' lang='lat' dir='ltr'><strong>edidis-</strong></span> 
     </span>
    </p>
   </div>
   <div class='ocr_carea' id='block_1_66' title="bbox 2296 2247 3887 2315">
    <p class='ocr_par' dir='ltr' id='par_1_66' title="bbox 2296 2247 3887 2315">
     <span class='ocr_line' id='line_1_66' title="bbox 2296 2247 3887 2315; baseline -0.001 -15"><span class='ocrx_word' id='word_1_476' title='bbox 2296 2257 2436 2315; x_wconf 86' lang='lat' dir='ltr'><strong>sent,</strong></span> <span class='ocrx_word' id='word_1_477' title='bbox 2461 2256 2513 2302; x_wconf 89' lang='lat' dir='ltr'><strong>et</strong></span> <span class='ocrx_word' id='word_1_478' title='bbox 2536 2262 2753 2301; x_wconf 89' lang='lat' dir='ltr'><strong>cursum</strong></span> <span class='ocrx_word' id='word_1_479' title='bbox 2776 2257 3261 2315; x_wconf 88' lang='lat' dir='ltr'><strong>consummassent,</strong></span> <span class='ocrx_word' id='word_1_480' title='bbox 3290 2263 3350 2299; x_wconf 78' lang='lat' dir='ltr'><strong>ar</strong></span> <span class='ocrx_word' id='word_1_481' title='bbox 3374 2247 3531 2301; x_wconf 77' lang='lat' dir='ltr'><strong>fidem</strong></span> <span class='ocrx_word' id='word_1_482' title='bbox 3558 2254 3887 2311; x_wconf 64' lang='lat' dir='ltr'><strong>serviissent,</strong></span> 
     </span>
    </p>
   </div>
   <div class='ocr_carea' id='block_1_67' title="bbox 2293 2337 3889 2408">
    <p class='ocr_par' dir='ltr' id='par_1_67' title="bbox 2293 2337 3889 2408">
     <span class='ocr_line' id='line_1_67' title="bbox 2293 2337 3889 2408; baseline 0.001 -17"><span class='ocrx_word' id='word_1_483' title='bbox 2293 2337 2516 2407; x_wconf 69' lang='lat' dir='ltr'><strong>justitite</strong></span> <span class='ocrx_word' id='word_1_484' title='bbox 2562 2340 2789 2406; x_wconf 86' lang='lat' dir='ltr'><strong>palmam</strong></span> <span class='ocrx_word' id='word_1_485' title='bbox 2839 2340 3110 2393; x_wconf 82' lang='lat' dir='ltr'><strong>consecuti</strong></span> <span class='ocrx_word' id='word_1_486' title='bbox 3160 2348 3304 2405; x_wconf 89' lang='lat' dir='ltr'><strong>sunt,</strong></span> <span class='ocrx_word' id='word_1_487' title='bbox 3336 2341 3644 2408; x_wconf 71' lang='lat' dir='ltr'><strong>angelorum</strong></span> <span class='ocrx_word' id='word_1_488' title='bbox 3701 2347 3889 2394; x_wconf 87' lang='lat' dir='ltr'><strong>contu-</strong></span> 
     </span>
    </p>
   </div>
   <div class='ocr_carea' id='block_1_68' title="bbox 2298 2434 3889 2502">
    <p class='ocr_par' dir='ltr' id='par_1_68' title="bbox 2298 2434 3889 2502">
     <span class='ocr_line' id='line_1_68' title="bbox 2298 2434 3889 2502; baseline 0.002 -14"><span class='ocrx_word' id='word_1_489' title='bbox 2298 2438 2564 2502; x_wconf 68' lang='lat' dir='ltr'><strong>bernales,</strong></span> <span class='ocrx_word' id='word_1_490' title='bbox 2591 2442 2644 2487; x_wconf 88' lang='lat' dir='ltr'><strong>et</strong></span> <span class='ocrx_word' id='word_1_491' title='bbox 2679 2434 2875 2488; x_wconf 86' lang='lat' dir='ltr'><strong>Christi</strong></span> <span class='ocrx_word' id='word_1_492' title='bbox 2898 2434 3206 2488; x_wconf 70' lang='lat' dir='ltr'><strong>colueredes</strong></span> <span class='ocrx_word' id='word_1_493' title='bbox 3229 2434 3423 2489; x_wconf 79' lang='lat' dir='ltr'><strong>effecti.</strong></span> <span class='ocrx_word' id='word_1_494' title='bbox 3456 2434 3697 2501; x_wconf 90' lang='lat' dir='ltr'><strong>Quorum</strong></span> <span class='ocrx_word' id='word_1_495' title='bbox 3721 2435 3889 2491; x_wconf 84' lang='lat' dir='ltr'><strong>virtus</strong></span> 
     </span>
    </p>
   </div>
   <div class='ocr_carea' id='block_1_69' title="bbox 2296 2526 3889 2629">
    <p class='ocr_par' dir='ltr' id='par_1_69' title="bbox 2296 2526 3889 2629">
     <span class='ocr_line' id='line_1_69' title="bbox 2296 2526 3889 2629; baseline -0.001 -47"><span class='ocrx_word' id='word_1_496' title='bbox 2296 2542 2463 2598; x_wconf 88' lang='lat' dir='ltr'><strong>usque</strong></span> <span class='ocrx_word' id='word_1_497' title='bbox 2490 2527 2624 2629; x_wconf 50' lang='lat' dir='ltr'><strong>adat)</strong></span> <span class='ocrx_word' id='word_1_498' title='bbox 2653 2528 2906 2592; x_wconf 88' lang='lat' dir='ltr'><strong>emicuit,</strong></span> <span class='ocrx_word' id='word_1_499' title='bbox 2945 2538 3000 2580; x_wconf 92' lang='lat' dir='ltr'><strong>ut</strong></span> <span class='ocrx_word' id='word_1_500' title='bbox 3030 2526 3080 2579; x_wconf 92' lang='lat' dir='ltr'><strong>in</strong></span> <span class='ocrx_word' id='word_1_501' title='bbox 3114 2542 3325 2581; x_wconf 89' lang='lat' dir='ltr'><strong>omnem</strong></span> <span class='ocrx_word' id='word_1_502' title='bbox 3360 2534 3557 2582; x_wconf 85' lang='lat' dir='ltr'><strong>terram</strong></span> <span class='ocrx_word' id='word_1_503' title='bbox 3587 2541 3773 2581; x_wconf 91' lang='lat' dir='ltr'><strong>eorum</strong></span> <span class='ocrx_word' id='word_1_504' title='bbox 3800 2542 3889 2580; x_wconf 87' lang='lat' dir='ltr'><strong>so-</strong></span> 
     </span>
    </p>
   </div>
   <div class='ocr_carea' id='block_1_70' title="bbox 2295 2618 3888 2687">
    <p class='ocr_par' dir='ltr' id='par_1_70' title="bbox 2295 2618 3888 2687">
     <span class='ocr_line' id='line_1_70' title="bbox 2295 2618 3888 2687; baseline -0.001 -14"><span class='ocrx_word' id='word_1_505' title='bbox 2295 2634 2397 2673; x_wconf 84' lang='lat' dir='ltr'><strong>nus</strong></span> <span class='ocrx_word' id='word_1_506' title='bbox 2440 2618 2657 2686; x_wconf 76' lang='lat' dir='ltr'><strong>exiei-it,</strong></span> <span class='ocrx_word' id='word_1_507' title='bbox 2694 2629 2745 2673; x_wconf 90' lang='lat' dir='ltr'><strong>et</strong></span> <span class='ocrx_word' id='word_1_508' title='bbox 2795 2620 2846 2672; x_wconf 90' lang='lat' dir='ltr'><strong>in</strong></span> <span class='ocrx_word' id='word_1_509' title='bbox 2901 2618 3034 2673; x_wconf 75' lang='lat' dir='ltr'><strong>lines</strong></span> <span class='ocrx_word' id='word_1_510' title='bbox 3084 2619 3229 2673; x_wconf 88' lang='lat' dir='ltr'><strong>orbis</strong></span> <span class='ocrx_word' id='word_1_511' title='bbox 3278 2628 3437 2673; x_wconf 73' lang='lat' dir='ltr'><strong>terra:</strong></span> <span class='ocrx_word' id='word_1_512' title='bbox 3487 2619 3657 2687; x_wconf 86' lang='lat' dir='ltr'><strong>fulgor</strong></span> <span class='ocrx_word' id='word_1_513' title='bbox 3700 2633 3888 2673; x_wconf 90' lang='lat' dir='ltr'><strong>eorum</strong></span> 
     </span>
    </p>
   </div>
   <div class='ocr_carea' id='block_1_71' title="bbox 2296 2708 3891 2781">
    <p class='ocr_par' dir='ltr' id='par_1_71' title="bbox 2296 2708 3891 2781">
     <span class='ocr_line' id='line_1_71' title="bbox 2296 2708 3891 2781; baseline 0.001 -20"><span class='ocrx_word' id='word_1_514' title='bbox 2296 2708 2466 2779; x_wconf 79' lang='lat' dir='ltr'><strong>(Psal.</strong></span> <span class='ocrx_word' id='word_1_515' title='bbox 2501 2714 2673 2777; x_wconf 83' lang='lat' dir='ltr'><strong>xvtn),</strong></span> <span class='ocrx_word' id='word_1_516' title='bbox 2706 2726 2824 2779; x_wconf 67' lang='lat' dir='ltr'><strong>qua:</strong></span> <span class='ocrx_word' id='word_1_517' title='bbox 2869 2725 3013 2764; x_wconf 73' lang='lat' dir='ltr'><strong>nete</strong></span> <span class='ocrx_word' id='word_1_518' title='bbox 3051 2724 3170 2764; x_wconf 89' lang='lat' dir='ltr'><strong>cum</strong></span> <span class='ocrx_word' id='word_1_519' title='bbox 3200 2710 3394 2764; x_wconf 88' lang='lat' dir='ltr'><strong>virtute</strong></span> <span class='ocrx_word' id='word_1_520' title='bbox 3424 2722 3723 2781; x_wconf 79' lang='lat' dir='ltr'><strong>gesserunt,</strong></span> <span class='ocrx_word' id='word_1_521' title='bbox 3759 2710 3891 2763; x_wconf 84' lang='lat' dir='ltr'><strong>ruti-</strong></span> 
     </span>
    </p>
   </div>
   <div class='ocr_carea' id='block_1_72' title="bbox 2296 2802 3888 2873">
    <p class='ocr_par' dir='ltr' id='par_1_72' title="bbox 2296 2802 3888 2873">
     <span class='ocr_line' id='line_1_72' title="bbox 2296 2802 3888 2873; baseline 0.003 -18"><span class='ocrx_word' id='word_1_522' title='bbox 2296 2802 2439 2856; x_wconf 82' lang='lat' dir='ltr'><strong>larit.</strong></span> <span class='ocrx_word' id='word_1_523' title='bbox 2484 2802 2684 2856; x_wconf 90' lang='lat' dir='ltr'><strong>Horum</strong></span> <span class='ocrx_word' id='word_1_524' title='bbox 2713 2818 2816 2856; x_wconf 91' lang='lat' dir='ltr'><strong>non</strong></span> <span class='ocrx_word' id='word_1_525' title='bbox 2843 2819 3000 2857; x_wconf 67' lang='lat' dir='ltr'><strong>verm</strong></span> <span class='ocrx_word' id='word_1_526' title='bbox 3034 2803 3291 2857; x_wconf 74' lang='lat' dir='ltr'><strong>duntaxat</strong></span> <span class='ocrx_word' id='word_1_527' title='bbox 3318 2814 3371 2858; x_wconf 92' lang='lat' dir='ltr'><strong>et</strong></span> <span class='ocrx_word' id='word_1_528' title='bbox 3414 2819 3600 2873; x_wconf 82' lang='lat' dir='ltr'><strong>Opera,</strong></span> <span class='ocrx_word' id='word_1_529' title='bbox 3630 2804 3725 2858; x_wconf 84' lang='lat' dir='ltr'><strong>sed</strong></span> <span class='ocrx_word' id='word_1_530' title='bbox 3770 2804 3888 2870; x_wconf 80' lang='lat' dir='ltr'><strong>ipse</strong></span> 
     </span>
    </p>
   </div>
   <div class='ocr_carea' id='block_1_73' title="bbox 2296 2894 3885 2964">
    <p class='ocr_par' dir='ltr' id='par_1_73' title="bbox 2296 2894 3885 2964">
     <span class='ocr_line' id='line_1_73' title="bbox 2296 2894 3885 2964; baseline 0.002 -19"><span class='ocrx_word' id='word_1_531' title='bbox 2296 2909 2505 2963; x_wconf 87' lang='lat' dir='ltr'><strong>quoque</strong></span> <span class='ocrx_word' id='word_1_532' title='bbox 2555 2908 2713 2948; x_wconf 86' lang='lat' dir='ltr'><strong>cruor</strong></span> <span class='ocrx_word' id='word_1_533' title='bbox 2758 2902 2812 2949; x_wconf 91' lang='lat' dir='ltr'><strong>et</strong></span> <span class='ocrx_word' id='word_1_534' title='bbox 2858 2910 3000 2959; x_wconf 85' lang='lat' dir='ltr'><strong>ossa,</strong></span> <span class='ocrx_word' id='word_1_535' title='bbox 3031 2897 3172 2947; x_wconf 88' lang='lat' dir='ltr'><strong>oumi</strong></span> <span class='ocrx_word' id='word_1_536' title='bbox 3220 2896 3502 2950; x_wconf 89' lang='lat' dir='ltr'><strong>sanctitate</strong></span> <span class='ocrx_word' id='word_1_537' title='bbox 3549 2894 3707 2964; x_wconf 86' lang='lat' dir='ltr'><strong>plena</strong></span> <span class='ocrx_word' id='word_1_538' title='bbox 3738 2904 3885 2949; x_wconf 93' lang='lat' dir='ltr'><strong>sunt.</strong></span> 
     </span>
    </p>
   </div>
   <div class='ocr_carea' id='block_1_74' title="bbox 2297 2984 3886 3057">
    <p class='ocr_par' dir='ltr' id='par_1_74' title="bbox 2297 2984 3886 3057">
     <span class='ocr_line' id='line_1_74' title="bbox 2297 2984 3886 3057; baseline 0.002 -18"><span class='ocrx_word' id='word_1_539' title='bbox 2297 2984 2578 3041; x_wconf 69' lang='lat' dir='ltr'><strong>Dazmones</strong></span> <span class='ocrx_word' id='word_1_540' title='bbox 2610 3002 2839 3056; x_wconf 89' lang='lat' dir='ltr'><strong>namque</strong></span> <span class='ocrx_word' id='word_1_541' title='bbox 2871 3002 2964 3055; x_wconf 90' lang='lat' dir='ltr'><strong>per</strong></span> <span class='ocrx_word' id='word_1_542' title='bbox 3010 2988 3117 3040; x_wconf 90' lang='lat' dir='ltr'><strong>vim</strong></span> <span class='ocrx_word' id='word_1_543' title='bbox 3149 2988 3200 3040; x_wconf 84' lang='lat' dir='ltr'><strong>in</strong></span> <span class='ocrx_word' id='word_1_544' title='bbox 3235 2987 3409 3056; x_wconf 88' lang='lat' dir='ltr'><strong>fugam</strong></span> <span class='ocrx_word' id='word_1_545' title='bbox 3442 2996 3678 3051; x_wconf 89' lang='lat' dir='ltr'><strong>vertunt;</strong></span> <span class='ocrx_word' id='word_1_546' title='bbox 3721 2998 3886 3057; x_wconf 85' lang='lat' dir='ltr'><strong>atque</strong></span> 
     </span>
    </p>
   </div>
   <div class='ocr_carea' id='block_1_75' title="bbox 2296 3078 3889 3149">
    <p class='ocr_par' dir='ltr' id='par_1_75' title="bbox 2296 3078 3889 3149">
     <span class='ocr_line' id='line_1_75' title="bbox 2296 3078 3889 3149; baseline 0.003 -19"><span class='ocrx_word' id='word_1_547' title='bbox 2296 3078 2359 3133; x_wconf 89' lang='lat' dir='ltr'><strong>iis</strong></span> <span class='ocrx_word' id='word_1_548' title='bbox 2386 3079 2473 3147; x_wconf 88' lang='lat' dir='ltr'><strong>qui</strong></span> <span class='ocrx_word' id='word_1_549' title='bbox 2498 3094 2616 3134; x_wconf 85' lang='lat' dir='ltr'><strong>cunt</strong></span> <span class='ocrx_word' id='word_1_550' title='bbox 2652 3080 2753 3133; x_wconf 82' lang='lat' dir='ltr'><strong>fide</strong></span> <span class='ocrx_word' id='word_1_551' title='bbox 2779 3078 3062 3143; x_wconf 81' lang='lat' dir='ltr'><strong>accedunt,</strong></span> <span class='ocrx_word' id='word_1_552' title='bbox 3092 3079 3412 3135; x_wconf 82' lang='lat' dir='ltr'><strong>incurables</strong></span> <span class='ocrx_word' id='word_1_553' title='bbox 3441 3080 3638 3149; x_wconf 82' lang='lat' dir='ltr'><strong>alioqui</strong></span> <span class='ocrx_word' id='word_1_554' title='bbox 3670 3082 3834 3135; x_wconf 59' lang='lat' dir='ltr'><strong>morbi</strong></span> <span class='ocrx_word' id='word_1_555' title='bbox 3861 3095 3889 3135; x_wconf 90' lang='lat' dir='ltr'><strong>s</strong></span> 
     </span>
    </p>
   </div>
   <div class='ocr_carea' id='block_1_76' title="bbox 2298 3171 3887 3242">
    <p class='ocr_par' dir='ltr' id='par_1_76' title="bbox 2298 3171 3887 3242">
     <span class='ocr_line' id='line_1_76' title="bbox 2298 3171 3887 3242; baseline 0.004 -21"><span class='ocrx_word' id='word_1_556' title='bbox 2298 3172 2597 3241; x_wconf 87' lang='lat' dir='ltr'><strong>proﬂigant.</strong></span> <span class='ocrx_word' id='word_1_557' title='bbox 2629 3171 2767 3237; x_wconf 84' lang='lat' dir='ltr'><strong>Quin</strong></span> <span class='ocrx_word' id='word_1_558' title='bbox 2797 3179 2974 3226; x_wconf 90' lang='lat' dir='ltr'><strong>vestes</strong></span> <span class='ocrx_word' id='word_1_559' title='bbox 3003 3186 3213 3241; x_wconf 87' lang='lat' dir='ltr'><strong>quoque</strong></span> <span class='ocrx_word' id='word_1_560' title='bbox 3252 3172 3379 3241; x_wconf 76' lang='lat' dir='ltr'><strong>ipsa:</strong></span> <span class='ocrx_word' id='word_1_561' title='bbox 3430 3183 3482 3226; x_wconf 89' lang='lat' dir='ltr'><strong>et</strong></span> <span class='ocrx_word' id='word_1_562' title='bbox 3504 3173 3549 3227; x_wconf 90' lang='lat' dir='ltr'><strong>si</strong></span> <span class='ocrx_word' id='word_1_563' title='bbox 3576 3172 3702 3242; x_wconf 91' lang='lat' dir='ltr'><strong>quid</strong></span> <span class='ocrx_word' id='word_1_564' title='bbox 3740 3172 3887 3227; x_wconf 91' lang='lat' dir='ltr'><strong>aliud</strong></span> 
     </span>
    </p>
   </div>
   <div class='ocr_carea' id='block_1_77' title="bbox 2220 3263 3888 3338">
    <p class='ocr_par' dir='ltr' id='par_1_77' title="bbox 2220 3263 3888 3338">
     <span class='ocr_line' id='line_1_77' title="bbox 2220 3263 3888 3338; baseline 0.004 -24"><span class='ocrx_word' id='word_1_565' title='bbox 2220 3273 2265 3338; x_wconf 71' lang='grc' dir='ltr'><strong>ρ</strong></span> <span class='ocrx_word' id='word_1_566' title='bbox 2300 3265 2362 3315; x_wconf 87' lang='lat' dir='ltr'><strong>ad</strong></span> <span class='ocrx_word' id='word_1_567' title='bbox 2391 3264 2627 3331; x_wconf 88' lang='lat' dir='ltr'><strong>pretiosa</strong></span> <span class='ocrx_word' id='word_1_568' title='bbox 2650 3279 2834 3319; x_wconf 89' lang='lat' dir='ltr'><strong>eorum</strong></span> <span class='ocrx_word' id='word_1_569' title='bbox 2865 3276 3090 3331; x_wconf 89' lang='lat' dir='ltr'><strong>corpora</strong></span> <span class='ocrx_word' id='word_1_570' title='bbox 3119 3263 3339 3334; x_wconf 91' lang='lat' dir='ltr'><strong>propius</strong></span> <span class='ocrx_word' id='word_1_571' title='bbox 3362 3264 3607 3331; x_wconf 89' lang='lat' dir='ltr'><strong>accessit,</strong></span> <span class='ocrx_word' id='word_1_572' title='bbox 3632 3266 3888 3320; x_wconf 79' lang='lat' dir='ltr'><strong>erunibus</strong></span> 
     </span>
    </p>
   </div>
   <div class='ocr_carea' id='block_1_78' title="bbox 2302 3358 2801 3411">
    <p class='ocr_par' dir='ltr' id='par_1_78' title="bbox 2302 3358 2801 3411">
     <span class='ocr_line' id='line_1_78' title="bbox 2302 3358 2801 3411; baseline 0.002 -2"><span class='ocrx_word' id='word_1_573' title='bbox 2302 3358 2633 3411; x_wconf 84' lang='lat' dir='ltr'><strong>venerationi</strong></span> <span class='ocrx_word' id='word_1_574' title='bbox 2661 3366 2801 3410; x_wconf 90' lang='lat' dir='ltr'><strong>sunt.</strong></span> 
     </span>
    </p>
   </div>
   <div class='ocr_carea' id='block_1_79' title="bbox 2370 3449 3873 3522">
    <p class='ocr_par' dir='ltr' id='par_1_79' title="bbox 2370 3449 3873 3522">
     <span class='ocr_line' id='line_1_79' title="bbox 2370 3449 3873 3522; baseline 0.003 -19"><span class='ocrx_word' id='word_1_575' title='bbox 2370 3450 2445 3504; x_wconf 90' lang='lat' dir='ltr'><strong>De</strong></span> <span class='ocrx_word' id='word_1_576' title='bbox 2472 3453 2666 3519; x_wconf 83' lang='lat' dir='ltr'><strong>quibus</strong></span> <span class='ocrx_word' id='word_1_577' title='bbox 2698 3450 2855 3521; x_wconf 86' lang='lat' dir='ltr'><strong>longa</strong></span> <span class='ocrx_word' id='word_1_578' title='bbox 2874 3449 3120 3506; x_wconf 90' lang='lat' dir='ltr'><strong>oratione</strong></span> <span class='ocrx_word' id='word_1_579' title='bbox 3150 3450 3277 3505; x_wconf 90' lang='lat' dir='ltr'><strong>mihi</strong></span> <span class='ocrx_word' id='word_1_580' title='bbox 3300 3465 3434 3521; x_wconf 88' lang='lat' dir='ltr'><strong>opus</strong></span> <span class='ocrx_word' id='word_1_581' title='bbox 3461 3462 3623 3519; x_wconf 89' lang='lat' dir='ltr'><strong>esset,</strong></span> <span class='ocrx_word' id='word_1_582' title='bbox 3658 3455 3700 3507; x_wconf 90' lang='lat' dir='ltr'><strong>si</strong></span> <span class='ocrx_word' id='word_1_583' title='bbox 3730 3469 3873 3522; x_wconf 77' lang='lat' dir='ltr'><strong>pra:~</strong></span> 
     </span>
    </p>
   </div>
   <div class='ocr_carea' id='block_1_80' title="bbox 2294 3541 3884 3613">
    <p class='ocr_par' dir='ltr' id='par_1_80' title="bbox 2294 3541 3884 3613">
     <span class='ocr_line' id='line_1_80' title="bbox 2294 3541 3884 3613; baseline 0.002 -17"><span class='ocrx_word' id='word_1_584' title='bbox 2294 3541 2438 3596; x_wconf 88' lang='lat' dir='ltr'><strong>clara</strong></span> <span class='ocrx_word' id='word_1_585' title='bbox 2495 3556 2680 3596; x_wconf 91' lang='lat' dir='ltr'><strong>eorum</strong></span> <span class='ocrx_word' id='word_1_586' title='bbox 2735 3541 2969 3596; x_wconf 90' lang='lat' dir='ltr'><strong>facinora</strong></span> <span class='ocrx_word' id='word_1_587' title='bbox 3018 3543 3289 3613; x_wconf 88' lang='lat' dir='ltr'><strong>sigillatim</strong></span> <span class='ocrx_word' id='word_1_588' title='bbox 3343 3558 3613 3613; x_wconf 77' lang='lat' dir='ltr'><strong>exponere</strong></span> <span class='ocrx_word' id='word_1_589' title='bbox 3665 3544 3884 3600; x_wconf 87' lang='lat' dir='ltr'><strong>vellem.</strong></span> 
     </span>
    </p>
   </div>
   <div class='ocr_carea' id='block_1_81' title="bbox 2294 3632 3888 3707">
    <p class='ocr_par' dir='ltr' id='par_1_81' title="bbox 2294 3632 3888 3707">
     <span class='ocr_line' id='line_1_81' title="bbox 2294 3632 3888 3707; baseline 0.001 -20"><span class='ocrx_word' id='word_1_590' title='bbox 2294 3632 2652 3702; x_wconf 87' lang='lat' dir='ltr'><strong>Posteaquam</strong></span> <span class='ocrx_word' id='word_1_591' title='bbox 2684 3639 2861 3688; x_wconf 87' lang='lat' dir='ltr'><strong>autem</strong></span> <span class='ocrx_word' id='word_1_592' title='bbox 2894 3634 3137 3689; x_wconf 71' lang='lat' dir='ltr'><strong>crudeles</strong></span> <span class='ocrx_word' id='word_1_593' title='bbox 3177 3634 3254 3689; x_wconf 90' lang='lat' dir='ltr'><strong>illi</strong></span> <span class='ocrx_word' id='word_1_594' title='bbox 3295 3651 3359 3690; x_wconf 90' lang='lat' dir='ltr'><strong>ac</strong></span> <span class='ocrx_word' id='word_1_595' title='bbox 3399 3635 3617 3691; x_wconf 90' lang='lat' dir='ltr'><strong>belluini</strong></span> <span class='ocrx_word' id='word_1_596' title='bbox 3672 3638 3888 3707; x_wconf 85' lang='lat' dir='ltr'><strong>tyranni</strong></span> 
     </span>
    </p>
   </div>
   <div class='ocr_carea' id='block_1_82' title="bbox 2293 3724 3886 3795">
    <p class='ocr_par' dir='ltr' id='par_1_82' title="bbox 2293 3724 3886 3795">
     <span class='ocr_line' id='line_1_82' title="bbox 2293 3724 3886 3795; baseline 0.001 -16"><span class='ocrx_word' id='word_1_597' title='bbox 2293 3725 2510 3790; x_wconf 81' lang='lat' dir='ltr'><strong>misere,</strong></span> <span class='ocrx_word' id='word_1_598' title='bbox 2545 3734 2602 3779; x_wconf 91' lang='lat' dir='ltr'><strong>ut</strong></span> <span class='ocrx_word' id='word_1_599' title='bbox 2630 3738 2817 3779; x_wconf 89' lang='lat' dir='ltr'><strong>eorum</strong></span> <span class='ocrx_word' id='word_1_600' title='bbox 2866 3724 3182 3795; x_wconf 91' lang='lat' dir='ltr'><strong>improbitas</strong></span> <span class='ocrx_word' id='word_1_601' title='bbox 3225 3727 3552 3794; x_wconf 88' lang='lat' dir='ltr'><strong>merebatur,</strong></span> <span class='ocrx_word' id='word_1_602' title='bbox 3588 3727 3886 3795; x_wconf 82' lang='lat' dir='ltr'><strong>perierunt,</strong></span> 
     </span>
    </p>
   </div>
   <div class='ocr_carea' id='block_1_83' title="bbox 2293 3818 3889 3889">
    <p class='ocr_par' dir='ltr' id='par_1_83' title="bbox 2293 3818 3889 3889">
     <span class='ocr_line' id='line_1_83' title="bbox 2293 3818 3889 3889; baseline 0.004 -18"><span class='ocrx_word' id='word_1_603' title='bbox 2293 3819 2699 3887; x_wconf 87' lang='lat' dir='ltr'><strong>persecutioque</strong></span> <span class='ocrx_word' id='word_1_604' title='bbox 2732 3818 2890 3872; x_wconf 82' lang='lat' dir='ltr'><strong>ﬁnem</strong></span> <span class='ocrx_word' id='word_1_605' title='bbox 2943 3820 3168 3887; x_wconf 89' lang='lat' dir='ltr'><strong>accepit,</strong></span> <span class='ocrx_word' id='word_1_606' title='bbox 3205 3835 3267 3875; x_wconf 88' lang='lat' dir='ltr'><strong>ac</strong></span> <span class='ocrx_word' id='word_1_607' title='bbox 3315 3819 3385 3887; x_wconf 89' lang='lat' dir='ltr'><strong>pii</strong></span> <span class='ocrx_word' id='word_1_608' title='bbox 3417 3820 3767 3889; x_wconf 87' lang='lat' dir='ltr'><strong>imperatores</strong></span> <span class='ocrx_word' id='word_1_609' title='bbox 3805 3830 3889 3877; x_wconf 85' lang='lat' dir='ltr'><strong>to-</strong></span> 
     </span>
    </p>
   </div>
   <div class='ocr_carea' id='block_1_84' title="bbox 2293 3910 3887 3981">
    <p class='ocr_par' dir='ltr' id='par_1_84' title="bbox 2293 3910 3887 3981">
     <span class='ocr_line' id='line_1_84' title="bbox 2293 3910 3887 3981; baseline 0.003 -17"><span class='ocrx_word' id='word_1_610' title='bbox 2293 3912 2397 3965; x_wconf 92' lang='lat' dir='ltr'><strong>tius</strong></span> <span class='ocrx_word' id='word_1_611' title='bbox 2426 3910 2573 3966; x_wconf 84' lang='lat' dir='ltr'><strong>orbts</strong></span> <span class='ocrx_word' id='word_1_612' title='bbox 2595 3910 2817 3979; x_wconf 89' lang='lat' dir='ltr'><strong>imperio</strong></span> <span class='ocrx_word' id='word_1_613' title='bbox 2846 3910 2998 3980; x_wconf 86' lang='lat' dir='ltr'><strong>potiti</strong></span> <span class='ocrx_word' id='word_1_614' title='bbox 3019 3910 3162 3981; x_wconf 77' lang='lat' dir='ltr'><strong>sunt,</strong></span> <span class='ocrx_word' id='word_1_615' title='bbox 3187 3912 3537 3967; x_wconf 85' lang='lat' dir='ltr'><strong>succedentes</strong></span> <span class='ocrx_word' id='word_1_616' title='bbox 3558 3914 3679 3978; x_wconf 87' lang='lat' dir='ltr'><strong>alii,</strong></span> <span class='ocrx_word' id='word_1_617' title='bbox 3706 3929 3772 3968; x_wconf 90' lang='lat' dir='ltr'><strong>ac</strong></span> <span class='ocrx_word' id='word_1_618' title='bbox 3799 3929 3887 3969; x_wconf 85' lang='lat' dir='ltr'><strong>ze-</strong></span> 
     </span>
    </p>
   </div>
   <div class='ocr_carea' id='block_1_85' title="bbox 2294 4002 3886 4074">
    <p class='ocr_par' dir='ltr' id='par_1_85' title="bbox 2294 4002 3886 4074">
     <span class='ocr_line' id='line_1_85' title="bbox 2294 4002 3886 4074; baseline 0.006 -21"><span class='ocrx_word' id='word_1_619' title='bbox 2294 4006 2401 4055; x_wconf 91' lang='lat' dir='ltr'><strong>lum</strong></span> <span class='ocrx_word' id='word_1_620' title='bbox 2455 4002 2604 4056; x_wconf 90' lang='lat' dir='ltr'><strong>illutn</strong></span> <span class='ocrx_word' id='word_1_621' title='bbox 2643 4003 2983 4074; x_wconf 83' lang='lat' dir='ltr'><strong>divinamque</strong></span> <span class='ocrx_word' id='word_1_622' title='bbox 3024 4004 3372 4073; x_wconf 87' lang='lat' dir='ltr'><strong>cupiditatem</strong></span> <span class='ocrx_word' id='word_1_623' title='bbox 3424 4006 3524 4060; x_wconf 89' lang='lat' dir='ltr'><strong>sibi</strong></span> <span class='ocrx_word' id='word_1_624' title='bbox 3571 4007 3886 4063; x_wconf 80' lang='lat' dir='ltr'><strong>imitandam</strong></span> 
     </span>
    </p>
   </div>
   <div class='ocr_carea' id='block_1_86' title="bbox 2295 4096 3885 4165">
    <p class='ocr_par' dir='ltr' id='par_1_86' title="bbox 2295 4096 3885 4165">
     <span class='ocr_line' id='line_1_86' title="bbox 2295 4096 3885 4165; baseline 0.004 -20"><span class='ocrx_word' id='word_1_625' title='bbox 2295 4104 2678 4162; x_wconf 85' lang='lat' dir='ltr'><strong>proponeutes,</strong></span> <span class='ocrx_word' id='word_1_626' title='bbox 2706 4096 3002 4165; x_wconf 83' lang='lat' dir='ltr'><strong>eodemque</strong></span> <span class='ocrx_word' id='word_1_627' title='bbox 3033 4098 3225 4150; x_wconf 88' lang='lat' dir='ltr'><strong>timore</strong></span> <span class='ocrx_word' id='word_1_628' title='bbox 3252 4097 3487 4151; x_wconf 87' lang='lat' dir='ltr'><strong>sauciam</strong></span> <span class='ocrx_word' id='word_1_629' title='bbox 3519 4096 3753 4151; x_wconf 89' lang='lat' dir='ltr'><strong>animam</strong></span> <span class='ocrx_word' id='word_1_630' title='bbox 3782 4098 3885 4151; x_wconf 84' lang='lat' dir='ltr'><strong>ha-</strong></span> 
     </span>
    </p>
   </div>
   <div class='ocr_carea' id='block_1_87' title="bbox 2294 4186 3885 4261">
    <p class='ocr_par' dir='ltr' id='par_1_87' title="bbox 2294 4186 3885 4261">
     <span class='ocr_line' id='line_1_87' title="bbox 2294 4186 3885 4261; baseline 0.004 -22"><span class='ocrx_word' id='word_1_631' title='bbox 2294 4186 2501 4251; x_wconf 87' lang='lat' dir='ltr'><strong>bentes,</strong></span> <span class='ocrx_word' id='word_1_632' title='bbox 2530 4186 2660 4241; x_wconf 90' lang='lat' dir='ltr'><strong>illud</strong></span> <span class='ocrx_word' id='word_1_633' title='bbox 2688 4188 2891 4254; x_wconf 89' lang='lat' dir='ltr'><strong>optime</strong></span> <span class='ocrx_word' id='word_1_634' title='bbox 2920 4203 3104 4243; x_wconf 86' lang='lat' dir='ltr'><strong>secum</strong></span> <span class='ocrx_word' id='word_1_635' title='bbox 3133 4188 3549 4244; x_wconf 90' lang='lat' dir='ltr'><strong>considerabant</strong></span> <span class='ocrx_word' id='word_1_636' title='bbox 3571 4199 3729 4259; x_wconf 80' lang='lat' dir='ltr'><strong>atque</strong></span> <span class='ocrx_word' id='word_1_637' title='bbox 3760 4206 3885 4261; x_wconf 83' lang='lat' dir='ltr'><strong>spe-</strong></span> 
     </span>
    </p>
   </div>
   <div class='ocr_carea' id='block_1_88' title="bbox 2293 4279 3883 4353">
    <p class='ocr_par' dir='ltr' id='par_1_88' title="bbox 2293 4279 3883 4353">
     <span class='ocr_line' id='line_1_88' title="bbox 2293 4279 3883 4353; baseline 0.003 -20"><span class='ocrx_word' id='word_1_638' title='bbox 2293 4279 2527 4345; x_wconf 74' lang='lat' dir='ltr'><strong>etabant,</strong></span> <span class='ocrx_word' id='word_1_639' title='bbox 2554 4291 2608 4335; x_wconf 91' lang='lat' dir='ltr'><strong>ut</strong></span> <span class='ocrx_word' id='word_1_640' title='bbox 2637 4282 2705 4336; x_wconf 91' lang='lat' dir='ltr'><strong>ab</strong></span> <span class='ocrx_word' id='word_1_641' title='bbox 2727 4280 2871 4336; x_wconf 90' lang='lat' dir='ltr'><strong>omni</strong></span> <span class='ocrx_word' id='word_1_642' title='bbox 2893 4284 3147 4353; x_wconf 90' lang='lat' dir='ltr'><strong>spurcitie</strong></span> <span class='ocrx_word' id='word_1_643' title='bbox 3183 4299 3365 4353; x_wconf 89' lang='lat' dir='ltr'><strong>puratn</strong></span> <span class='ocrx_word' id='word_1_644' title='bbox 3394 4284 3626 4339; x_wconf 88' lang='lat' dir='ltr'><strong>animam</strong></span> <span class='ocrx_word' id='word_1_645' title='bbox 3657 4298 3719 4337; x_wconf 90' lang='lat' dir='ltr'><strong>ac</strong></span> <span class='ocrx_word' id='word_1_646' title='bbox 3758 4298 3883 4338; x_wconf 85' lang='lat' dir='ltr'><strong>cor-</strong></span> 
     </span>
    </p>
   </div>
   <div class='ocr_carea' id='block_1_89' title="bbox 2293 4376 3881 4447">
    <p class='ocr_par' dir='ltr' id='par_1_89' title="bbox 2293 4376 3881 4447">
     <span class='ocr_line' id='line_1_89' title="bbox 2293 4376 3881 4447; baseline 0.003 -18"><span class='ocrx_word' id='word_1_647' title='bbox 2293 4388 2394 4444; x_wconf 89' lang='lat' dir='ltr'><strong>pus</strong></span> <span class='ocrx_word' id='word_1_648' title='bbox 2427 4376 2536 4431; x_wconf 89' lang='lat' dir='ltr'><strong>Deo</strong></span> <span class='ocrx_word' id='word_1_649' title='bbox 2562 4376 2917 4432; x_wconf 76' lang='lat' dir='ltr'><strong>exhiberent:</strong></span> <span class='ocrx_word' id='word_1_650' title='bbox 2969 4378 3050 4433; x_wconf 90' lang='lat' dir='ltr'><strong>sic</strong></span> <span class='ocrx_word' id='word_1_651' title='bbox 3080 4377 3329 4433; x_wconf 88' lang='lat' dir='ltr'><strong>nimirum</strong></span> <span class='ocrx_word' id='word_1_652' title='bbox 3379 4394 3437 4433; x_wconf 90' lang='lat' dir='ltr'><strong>se</strong></span> <span class='ocrx_word' id='word_1_653' title='bbox 3481 4388 3881 4447; x_wconf 89' lang='lat' dir='ltr'><strong>comparantes,</strong></span> 
     </span>
    </p>
   </div>
   <div class='ocr_carea' id='block_1_90' title="bbox 2292 4469 3883 4539">
    <p class='ocr_par' dir='ltr' id='par_1_90' title="bbox 2292 4469 3883 4539">
     <span class='ocr_line' id='line_1_90' title="bbox 2292 4469 3883 4539; baseline 0.001 -17"><span class='ocrx_word' id='word_1_654' title='bbox 2292 4476 2351 4522; x_wconf 92' lang='lat' dir='ltr'><strong>ut</strong></span> <span class='ocrx_word' id='word_1_655' title='bbox 2380 4484 2569 4524; x_wconf 86' lang='lat' dir='ltr'><strong>omnes</strong></span> <span class='ocrx_word' id='word_1_656' title='bbox 2611 4470 2920 4525; x_wconf 89' lang='lat' dir='ltr'><strong>vitiosarum</strong></span> <span class='ocrx_word' id='word_1_657' title='bbox 2966 4469 3303 4527; x_wconf 87' lang='lat' dir='ltr'><strong>atl‘ectionum</strong></span> <span class='ocrx_word' id='word_1_658' title='bbox 3358 4473 3597 4525; x_wconf 84' lang='lat' dir='ltr'><strong>actiones</strong></span> <span class='ocrx_word' id='word_1_659' title='bbox 3643 4480 3883 4539; x_wconf 84' lang='lat' dir='ltr'><strong>amputa-</strong></span> 
     </span>
    </p>
   </div>
   <div class='ocr_carea' id='block_1_91' title="bbox 2292 4562 3877 4633">
    <p class='ocr_par' dir='ltr' id='par_1_91' title="bbox 2292 4562 3877 4633">
     <span class='ocr_line' id='line_1_91' title="bbox 2292 4562 3877 4633; baseline 0.001 -19"><span class='ocrx_word' id='word_1_660' title='bbox 2292 4571 2429 4629; x_wconf 89' lang='lat' dir='ltr'><strong>rent,</strong></span> <span class='ocrx_word' id='word_1_661' title='bbox 2464 4562 2777 4633; x_wconf 84' lang='lat' dir='ltr'><strong>seipsosque</strong></span> <span class='ocrx_word' id='word_1_662' title='bbox 2798 4564 2867 4617; x_wconf 91' lang='lat' dir='ltr'><strong>ab</strong></span> <span class='ocrx_word' id='word_1_663' title='bbox 2896 4564 3040 4617; x_wconf 90' lang='lat' dir='ltr'><strong>omni</strong></span> <span class='ocrx_word' id='word_1_664' title='bbox 3082 4564 3259 4618; x_wconf 89' lang='lat' dir='ltr'><strong>carnis</strong></span> <span class='ocrx_word' id='word_1_665' title='bbox 3287 4573 3343 4618; x_wconf 88' lang='lat' dir='ltr'><strong>et</strong></span> <span class='ocrx_word' id='word_1_666' title='bbox 3376 4562 3592 4633; x_wconf 81' lang='lat' dir='ltr'><strong>spiritus</strong></span> <span class='ocrx_word' id='word_1_667' title='bbox 3632 4562 3877 4631; x_wconf 47' lang='lat' dir='ltr'><strong>inquina‘</strong></span> 
     </span>
    </p>
   </div>
   <div class='ocr_carea' id='block_1_92' title="bbox 597 4647 3879 4724">
    <p class='ocr_par' dir='ltr' id='par_1_92' title="bbox 597 4647 3879 4724">
     <span class='ocr_line' id='line_1_92' title="bbox 597 4647 3879 4724; baseline 0.001 -22"><span class='ocrx_word' id='word_1_668' title='bbox 597 4647 853 4703; x_wconf 88' lang='lat' dir='ltr'><strong>Dominus</strong></span> <span class='ocrx_word' id='word_1_669' title='bbox 880 4647 1097 4719; x_wconf 79' lang='lat' dir='ltr'><strong>(Matth.</strong></span> <span class='ocrx_word' id='word_1_670' title='bbox 1128 4650 1200 4717; x_wconf 87' lang='lat' dir='ltr'><strong>vt)</strong></span> <span class='ocrx_word' id='word_1_671' title='bbox 1233 4666 1248 4704; x_wconf 91' lang='lat'><strong>:</strong></span> <span class='ocrx_word' id='word_1_672' title='bbox 1280 4648 1449 4704; x_wconf 83' lang='lat' dir='ltr'><strong>Nemo</strong></span> <span class='ocrx_word' id='word_1_673' title='bbox 1474 4662 1651 4720; x_wconf 90' lang='lat' dir='ltr'><strong>potest</strong></span> <span class='ocrx_word' id='word_1_674' title='bbox 1697 4651 1906 4707; x_wconf 85' lang='lat' dir='ltr'><strong>duobus</strong></span> <span class='ocrx_word' id='word_1_675' title='bbox 1951 4654 2188 4709; x_wconf 91' lang='lat' dir='ltr'><strong>dominis</strong></span> <span class='ocrx_word' id='word_1_676' title='bbox 2219 4656 2273 4716; x_wconf 88' lang='lat' dir='ltr'><strong>D</strong></span> <span class='ocrx_word' id='word_1_677' title='bbox 2296 4663 2476 4707; x_wconf 89' lang='lat' dir='ltr'><strong>mento</strong></span> <span class='ocrx_word' id='word_1_678' title='bbox 2508 4663 2876 4724; x_wconf 80' lang='lat' dir='ltr'><strong>repurgarent.</strong></span> <span class='ocrx_word' id='word_1_679' title='bbox 2908 4654 3168 4721; x_wconf 85' lang='lat' dir='ltr'><strong>Quoniam</strong></span> <span class='ocrx_word' id='word_1_680' title='bbox 3198 4662 3375 4708; x_wconf 89' lang='lat' dir='ltr'><strong>autem</strong></span> <span class='ocrx_word' id='word_1_681' title='bbox 3401 4654 3501 4708; x_wconf 91' lang='lat' dir='ltr'><strong>hoc</strong></span> <span class='ocrx_word' id='word_1_682' title='bbox 3523 4669 3627 4708; x_wconf 91' lang='lat' dir='ltr'><strong>non</strong></span> <span class='ocrx_word' id='word_1_683' title='bbox 3667 4653 3770 4706; x_wconf 85' lang='lat' dir='ltr'><strong>alia</strong></span> <span class='ocrx_word' id='word_1_684' title='bbox 3797 4667 3879 4707; x_wconf 86' lang='lat' dir='ltr'><strong>ra-</strong></span> 
     </span>
    </p>
   </div>
   <div class='ocr_carea' id='block_1_93' title="bbox 594 4738 2179 4805">
    <p class='ocr_par' dir='ltr' id='par_1_93' title="bbox 594 4738 2179 4805">
     <span class='ocr_line' id='line_1_93' title="bbox 594 4738 2179 4805; baseline 0.004 -10"><span class='ocrx_word' id='word_1_685' title='bbox 594 4738 821 4795; x_wconf 84' lang='lat' dir='ltr'><strong>servire.</strong></span> <span class='ocrx_word' id='word_1_686' title='bbox 857 4741 957 4794; x_wconf 74' lang='lat' dir='ltr'><strong>Aut</strong></span> <span class='ocrx_word' id='word_1_687' title='bbox 976 4741 1119 4795; x_wconf 86' lang='lat' dir='ltr'><strong>enim</strong></span> <span class='ocrx_word' id='word_1_688' title='bbox 1147 4756 1310 4794; x_wconf 88' lang='lat' dir='ltr'><strong>unum</strong></span> <span class='ocrx_word' id='word_1_689' title='bbox 1342 4742 1468 4793; x_wconf 85' lang='lat' dir='ltr'><strong>odio</strong></span> <span class='ocrx_word' id='word_1_690' title='bbox 1494 4742 1730 4805; x_wconf 88' lang='lat' dir='ltr'><strong>habebit.</strong></span> <span class='ocrx_word' id='word_1_691' title='bbox 1755 4754 1809 4799; x_wconf 83' lang='lat' dir='ltr'><strong>et</strong></span> <span class='ocrx_word' id='word_1_692' title='bbox 1838 4746 2064 4800; x_wconf 84' lang='lat' dir='ltr'><strong>alterum</strong></span> <span class='ocrx_word' id='word_1_693' title='bbox 2096 4748 2179 4801; x_wconf 90' lang='lat' dir='ltr'><strong>di-</strong></span> 
     </span>
    </p>
   </div>
   <div class='ocr_carea' id='block_1_94' title="bbox 595 4831 2179 4903">
    <p class='ocr_par' dir='ltr' id='par_1_94' title="bbox 595 4831 2179 4903">
     <span class='ocr_line' id='line_1_94' title="bbox 595 4831 2179 4903; baseline 0.004 -15"><span class='ocrx_word' id='word_1_694' title='bbox 595 4831 764 4903; x_wconf 88' lang='lat' dir='ltr'><strong>liget;</strong></span> <span class='ocrx_word' id='word_1_695' title='bbox 798 4841 890 4887; x_wconf 89' lang='lat' dir='ltr'><strong>aut</strong></span> <span class='ocrx_word' id='word_1_696' title='bbox 913 4834 1003 4887; x_wconf 92' lang='lat' dir='ltr'><strong>uni</strong></span> <span class='ocrx_word' id='word_1_697' title='bbox 1036 4833 1348 4901; x_wconf 68' lang='lat' dir='ltr'><strong>adhaerebit,</strong></span> <span class='ocrx_word' id='word_1_698' title='bbox 1375 4845 1429 4890; x_wconf 91' lang='lat' dir='ltr'><strong>et</strong></span> <span class='ocrx_word' id='word_1_699' title='bbox 1449 4837 1675 4890; x_wconf 91' lang='lat' dir='ltr'><strong>alterum</strong></span> <span class='ocrx_word' id='word_1_700' title='bbox 1704 4846 2031 4893; x_wconf 87' lang='lat' dir='ltr'><strong>contemnet.</strong></span> <span class='ocrx_word' id='word_1_701' title='bbox 2064 4841 2179 4897; x_wconf 92' lang='lat' dir='ltr'><strong>Non</strong></span> 
     </span>
    </p>
   </div>
   <div class='ocr_carea' id='block_1_95' title="bbox 594 4925 2183 4996">
    <p class='ocr_par' dir='ltr' id='par_1_95' title="bbox 594 4925 2183 4996">
     <span class='ocr_line' id='line_1_95' title="bbox 594 4925 2183 4996; baseline 0.004 -15"><span class='ocrx_word' id='word_1_702' title='bbox 594 4925 819 4996; x_wconf 83' lang='lat' dir='ltr'><strong>potestis</strong></span> <span class='ocrx_word' id='word_1_703' title='bbox 850 4925 957 4979; x_wconf 90' lang='lat' dir='ltr'><strong>Deo</strong></span> <span class='ocrx_word' id='word_1_704' title='bbox 985 4930 1188 4981; x_wconf 88' lang='lat' dir='ltr'><strong>servire</strong></span> <span class='ocrx_word' id='word_1_705' title='bbox 1218 4938 1270 4981; x_wconf 83' lang='lat' dir='ltr'><strong>et</strong></span> <span class='ocrx_word' id='word_1_706' title='bbox 1316 4942 1653 4983; x_wconf 71' lang='lat' dir='ltr'><strong>mammonae.</strong></span> <span class='ocrx_word' id='word_1_707' title='bbox 1686 4930 1821 4996; x_wconf 88' lang='lat' dir='ltr'><strong>Quin</strong></span> <span class='ocrx_word' id='word_1_708' title='bbox 1850 4934 2009 4986; x_wconf 85' lang='lat' dir='ltr'><strong>etiam</strong></span> <span class='ocrx_word' id='word_1_709' title='bbox 2052 4933 2183 4987; x_wconf 82' lang='lat' dir='ltr'><strong>cha-</strong></span> 
     </span>
    </p>
   </div>
   <div class='ocr_carea' id='block_1_96' title="bbox 592 5020 2181 5094">
    <p class='ocr_par' dir='ltr' id='par_1_96' title="bbox 592 5020 2181 5094">
     <span class='ocr_line' id='line_1_96' title="bbox 592 5020 2181 5094; baseline 0.004 -18"><span class='ocrx_word' id='word_1_710' title='bbox 592 5033 687 5077; x_wconf 84' lang='lat' dir='ltr'><strong>rus</strong></span> <span class='ocrx_word' id='word_1_711' title='bbox 718 5020 883 5088; x_wconf 89' lang='lat' dir='ltr'><strong>ipsius</strong></span> <span class='ocrx_word' id='word_1_712' title='bbox 927 5021 1218 5091; x_wconf 88' lang='lat' dir='ltr'><strong>discipulus</strong></span> <span class='ocrx_word' id='word_1_713' title='bbox 1243 5020 1477 5079; x_wconf 82' lang='lat' dir='ltr'><strong>Joannes</strong></span> <span class='ocrx_word' id='word_1_714' title='bbox 1506 5025 1831 5094; x_wconf 84' lang='lat' dir='ltr'><strong>evangelista</strong></span> <span class='ocrx_word' id='word_1_715' title='bbox 1858 5040 1907 5082; x_wconf 85' lang='lat' dir='ltr'><strong>et</strong></span> <span class='ocrx_word' id='word_1_716' title='bbox 1950 5027 2181 5083; x_wconf 84' lang='lat' dir='ltr'><strong>Theolo-</strong></span> 
     </span>
    </p>
   </div>
   <div class='ocr_carea' id='block_1_97' title="bbox 593 5112 2177 5187">
    <p class='ocr_par' dir='ltr' id='par_1_97' title="bbox 593 5112 2177 5187">
     <span class='ocr_line' id='line_1_97' title="bbox 593 5112 2177 5187; baseline 0.004 -20"><span class='ocrx_word' id='word_1_717' title='bbox 593 5126 691 5182; x_wconf 76' lang='lat' dir='ltr'><strong>gus</strong></span> <span class='ocrx_word' id='word_1_718' title='bbox 740 5112 793 5166; x_wconf 93' lang='lat' dir='ltr'><strong>in</strong></span> <span class='ocrx_word' id='word_1_719' title='bbox 838 5113 1059 5180; x_wconf 84' lang='lat' dir='ltr'><strong>epistola</strong></span> <span class='ocrx_word' id='word_1_720' title='bbox 1112 5129 1206 5166; x_wconf 91' lang='lat' dir='ltr'><strong>sua</strong></span> <span class='ocrx_word' id='word_1_721' title='bbox 1255 5113 1327 5166; x_wconf 90' lang='lat' dir='ltr'><strong>ait</strong></span> <span class='ocrx_word' id='word_1_722' title='bbox 1360 5130 1374 5166; x_wconf 91' lang='lat'><strong>:</strong></span> <span class='ocrx_word' id='word_1_723' title='bbox 1407 5114 1582 5170; x_wconf 84' lang='lat' dir='ltr'><strong>Nolite</strong></span> <span class='ocrx_word' id='word_1_724' title='bbox 1628 5116 1852 5181; x_wconf 77' lang='lat' dir='ltr'><strong>diligere</strong></span> <span class='ocrx_word' id='word_1_725' title='bbox 1899 5119 2177 5187; x_wconf 91' lang='lat' dir='ltr'><strong>mundum,</strong></span> 
     </span>
    </p>
   </div>
   <div class='ocr_carea' id='block_1_98' title="bbox 592 5206 2178 5281">
    <p class='ocr_par' dir='ltr' id='par_1_98' title="bbox 592 5206 2178 5281">
     <span class='ocr_line' id='line_1_98' title="bbox 592 5206 2178 5281; baseline 0.005 -22"><span class='ocrx_word' id='word_1_726' title='bbox 592 5218 769 5273; x_wconf 87' lang='lat' dir='ltr'><strong>neque</strong></span> <span class='ocrx_word' id='word_1_727' title='bbox 793 5220 855 5259; x_wconf 92' lang='lat' dir='ltr'><strong>ea</strong></span> <span class='ocrx_word' id='word_1_728' title='bbox 896 5220 1014 5273; x_wconf 61' lang='lat' dir='ltr'><strong>qua;</strong></span> <span class='ocrx_word' id='word_1_729' title='bbox 1045 5207 1095 5259; x_wconf 93' lang='lat' dir='ltr'><strong>in</strong></span> <span class='ocrx_word' id='word_1_730' title='bbox 1124 5206 1320 5259; x_wconf 91' lang='lat' dir='ltr'><strong>mundo</strong></span> <span class='ocrx_word' id='word_1_731' title='bbox 1348 5217 1490 5262; x_wconf 88' lang='lat' dir='ltr'><strong>sunt.</strong></span> <span class='ocrx_word' id='word_1_732' title='bbox 1523 5209 1783 5276; x_wconf 87' lang='lat' dir='ltr'><strong>Quoniam</strong></span> <span class='ocrx_word' id='word_1_733' title='bbox 1829 5224 1987 5265; x_wconf 85' lang='lat' dir='ltr'><strong>omne</strong></span> <span class='ocrx_word' id='word_1_734' title='bbox 2036 5211 2178 5281; x_wconf 91' lang='lat' dir='ltr'><strong>quod</strong></span> 
     </span>
    </p>
   </div>
   <div class='ocr_carea' id='block_1_99' title="bbox 594 5294 2181 5365">
    <p class='ocr_par' dir='ltr' id='par_1_99' title="bbox 594 5294 2181 5365">
     <span class='ocr_line' id='line_1_99' title="bbox 594 5294 2181 5365; baseline 0.005 -17"><span class='ocrx_word' id='word_1_735' title='bbox 594 5301 677 5348; x_wconf 88' lang='lat' dir='ltr'><strong>est</strong></span> <span class='ocrx_word' id='word_1_736' title='bbox 706 5294 756 5347; x_wconf 91' lang='lat' dir='ltr'><strong>in</strong></span> <span class='ocrx_word' id='word_1_737' title='bbox 787 5299 1006 5361; x_wconf 90' lang='lat' dir='ltr'><strong>mundo,</strong></span> <span class='ocrx_word' id='word_1_738' title='bbox 1031 5306 1122 5350; x_wconf 88' lang='lat' dir='ltr'><strong>aut</strong></span> <span class='ocrx_word' id='word_1_739' title='bbox 1154 5298 1586 5365; x_wconf 87' lang='lat' dir='ltr'><strong>concupiscentia</strong></span> <span class='ocrx_word' id='word_1_740' title='bbox 1612 5302 1787 5354; x_wconf 87' lang='lat' dir='ltr'><strong>carnis</strong></span> <span class='ocrx_word' id='word_1_741' title='bbox 1811 5311 1913 5364; x_wconf 89' lang='lat' dir='ltr'><strong>est,</strong></span> <span class='ocrx_word' id='word_1_742' title='bbox 1938 5312 2027 5355; x_wconf 92' lang='lat' dir='ltr'><strong>aut</strong></span> <span class='ocrx_word' id='word_1_743' title='bbox 2052 5318 2181 5357; x_wconf 92' lang='lat' dir='ltr'><strong>con-</strong></span> 
     </span>
    </p>
   </div>
   <div class='ocr_carea' id='block_1_100' title="bbox 592 5384 2175 5459">
    <p class='ocr_par' dir='ltr' id='par_1_100' title="bbox 592 5384 2175 5459">
     <span class='ocr_line' id='line_1_100' title="bbox 592 5384 2175 5459; baseline 0.005 -20"><span class='ocrx_word' id='word_1_744' title='bbox 592 5384 918 5453; x_wconf 90' lang='lat' dir='ltr'><strong>cupiscentia</strong></span> <span class='ocrx_word' id='word_1_745' title='bbox 945 5388 1248 5455; x_wconf 89' lang='lat' dir='ltr'><strong>oculorum,</strong></span> <span class='ocrx_word' id='word_1_746' title='bbox 1276 5398 1367 5443; x_wconf 90' lang='lat' dir='ltr'><strong>aut</strong></span> <span class='ocrx_word' id='word_1_747' title='bbox 1411 5390 1658 5459; x_wconf 86' lang='lat' dir='ltr'><strong>superbia</strong></span> <span class='ocrx_word' id='word_1_748' title='bbox 1704 5392 1845 5457; x_wconf 67' lang='lat' dir='ltr'><strong>vitae,</strong></span> <span class='ocrx_word' id='word_1_749' title='bbox 1898 5407 2020 5459; x_wconf 71' lang='lat' dir='ltr'><strong>qua:</strong></span> <span class='ocrx_word' id='word_1_750' title='bbox 2068 5410 2175 5447; x_wconf 57' lang='lat' dir='ltr'><strong>nun</strong></span> 
     </span>
    </p>
   </div>
   <div class='ocr_carea' id='block_1_101' title="bbox 592 5476 2179 5546">
    <p class='ocr_par' dir='ltr' id='par_1_101' title="bbox 592 5476 2179 5546">
     <span class='ocr_line' id='line_1_101' title="bbox 592 5476 2179 5546; baseline 0.007 -16"><span class='ocrx_word' id='word_1_751' title='bbox 592 5484 676 5531; x_wconf 83' lang='lat' dir='ltr'><strong>est</strong></span> <span class='ocrx_word' id='word_1_752' title='bbox 703 5490 770 5531; x_wconf 90' lang='lat' dir='ltr'><strong>ex</strong></span> <span class='ocrx_word' id='word_1_753' title='bbox 801 5476 979 5546; x_wconf 86' lang='lat' dir='ltr'><strong>Patre,</strong></span> <span class='ocrx_word' id='word_1_754' title='bbox 1008 5482 1102 5537; x_wconf 85' lang='lat' dir='ltr'><strong>sed</strong></span> <span class='ocrx_word' id='word_1_755' title='bbox 1133 5496 1200 5535; x_wconf 84' lang='lat' dir='ltr'><strong>ex</strong></span> <span class='ocrx_word' id='word_1_756' title='bbox 1235 5481 1437 5536; x_wconf 91' lang='lat' dir='ltr'><strong>mundo</strong></span> <span class='ocrx_word' id='word_1_757' title='bbox 1462 5492 1566 5536; x_wconf 89' lang='lat' dir='ltr'><strong>est.</strong></span> <span class='ocrx_word' id='word_1_758' title='bbox 1602 5483 1668 5537; x_wconf 89' lang='lat' dir='ltr'><strong>Et</strong></span> <span class='ocrx_word' id='word_1_759' title='bbox 1713 5484 1943 5539; x_wconf 88' lang='lat' dir='ltr'><strong>mundus</strong></span> <span class='ocrx_word' id='word_1_760' title='bbox 1992 5488 2179 5541; x_wconf 89' lang='lat' dir='ltr'><strong>transit</strong></span> 
     </span>
    </p>
   </div>
   <div class='ocr_carea' id='block_1_102' title="bbox 591 5572 2178 5641">
    <p class='ocr_par' dir='ltr' id='par_1_102' title="bbox 591 5572 2178 5641">
     <span class='ocr_line' id='line_1_102' title="bbox 591 5572 2178 5641; baseline 0.007 -18"><span class='ocrx_word' id='word_1_761' title='bbox 591 5578 648 5624; x_wconf 93' lang='lat' dir='ltr'><strong>et</strong></span> <span class='ocrx_word' id='word_1_762' title='bbox 683 5572 1112 5639; x_wconf 66' lang='lat' dir='ltr'><strong>concupiscentia</strong></span> <span class='ocrx_word' id='word_1_763' title='bbox 1144 5572 1280 5641; x_wconf 88' lang='lat' dir='ltr'><strong>ejus.</strong></span> <span class='ocrx_word' id='word_1_764' title='bbox 1331 5573 1431 5641; x_wconf 87' lang='lat' dir='ltr'><strong>Qui</strong></span> <span class='ocrx_word' id='word_1_765' title='bbox 1462 5585 1639 5629; x_wconf 90' lang='lat' dir='ltr'><strong>autem</strong></span> <span class='ocrx_word' id='word_1_766' title='bbox 1695 5576 1820 5630; x_wconf 82' lang='lat' dir='ltr'><strong>facit</strong></span> <span class='ocrx_word' id='word_1_767' title='bbox 1849 5576 2178 5634; x_wconf 88' lang='lat' dir='ltr'><strong>voluntatem</strong></span> 
     </span>
    </p>
   </div>
   <div class='ocr_carea' id='block_1_103' title="bbox 592 5660 1682 5739">
    <p class='ocr_par' dir='ltr' id='par_1_103' title="bbox 592 5660 1682 5739">
     <span class='ocr_line' id='line_1_103' title="bbox 592 5660 1682 5739; baseline 0.006 -23"><span class='ocrx_word' id='word_1_768' title='bbox 592 5660 711 5721; x_wconf 84' lang='lat' dir='ltr'><strong>Dei.</strong></span> <span class='ocrx_word' id='word_1_769' title='bbox 741 5672 920 5718; x_wconf 84' lang='lat' dir='ltr'><strong>manet</strong></span> <span class='ocrx_word' id='word_1_770' title='bbox 952 5666 1004 5718; x_wconf 88' lang='lat' dir='ltr'><strong>in</strong></span> <span class='ocrx_word' id='word_1_771' title='bbox 1035 5676 1293 5720; x_wconf 80' lang='lat' dir='ltr'><strong>a-teruutn</strong></span> <span class='ocrx_word' id='word_1_772' title='bbox 1324 5666 1372 5720; x_wconf 85' lang='lat' dir='ltr'><strong>tl</strong></span> <span class='ocrx_word' id='word_1_773' title='bbox 1407 5664 1561 5721; x_wconf 86' lang='lat' dir='ltr'><strong>Joan.</strong></span> <span class='ocrx_word' id='word_1_774' title='bbox 1597 5675 1682 5739; x_wconf 81' lang='lat' dir='ltr'><strong>tt).</strong></span> 
     </span>
    </p>
   </div>
   <div class='ocr_carea' id='block_1_104' title="bbox 666 5755 2180 5833">
    <p class='ocr_par' dir='ltr' id='par_1_104' title="bbox 666 5755 2180 5833">
     <span class='ocr_line' id='line_1_104' title="bbox 666 5755 2180 5833; baseline 0.008 -23"><span class='ocrx_word' id='word_1_775' title='bbox 666 5755 788 5811; x_wconf 74' lang='lat' dir='ltr'><strong>Haec</strong></span> <span class='ocrx_word' id='word_1_776' title='bbox 820 5758 975 5827; x_wconf 86' lang='lat' dir='ltr'><strong>igitur</strong></span> <span class='ocrx_word' id='word_1_777' title='bbox 1006 5772 1125 5812; x_wconf 90' lang='lat' dir='ltr'><strong>cum</strong></span> <span class='ocrx_word' id='word_1_778' title='bbox 1156 5758 1320 5813; x_wconf 84' lang='lat' dir='ltr'><strong>divini</strong></span> <span class='ocrx_word' id='word_1_779' title='bbox 1354 5774 1415 5813; x_wconf 84' lang='lat' dir='ltr'><strong>ae</strong></span> <span class='ocrx_word' id='word_1_780' title='bbox 1443 5761 1699 5819; x_wconf 90' lang='lat' dir='ltr'><strong>divinitus</strong></span> <span class='ocrx_word' id='word_1_781' title='bbox 1728 5764 1971 5833; x_wconf 89' lang='lat' dir='ltr'><strong>tnspirati</strong></span> <span class='ocrx_word' id='word_1_782' title='bbox 2003 5773 2180 5833; x_wconf 88' lang='lat' dir='ltr'><strong>patres</strong></span> 
     </span>
    </p>
   </div>
   <div class='ocr_carea' id='block_1_105' title="bbox 592 5849 2175 5926">
    <p class='ocr_par' dir='ltr' id='par_1_105' title="bbox 592 5849 2175 5926">
     <span class='ocr_line' id='line_1_105' title="bbox 592 5849 2175 5926; baseline 0.011 -27"><span class='ocrx_word' id='word_1_783' title='bbox 592 5849 756 5903; x_wconf 77' lang='lat' dir='ltr'><strong>nostri</strong></span> <span class='ocrx_word' id='word_1_784' title='bbox 777 5850 1295 5919; x_wconf 83' lang='lat' dir='ltr'><strong>animadvertissent,</strong></span> <span class='ocrx_word' id='word_1_785' title='bbox 1318 5862 1477 5922; x_wconf 88' lang='lat' dir='ltr'><strong>atque</strong></span> <span class='ocrx_word' id='word_1_786' title='bbox 1499 5854 1628 5913; x_wconf 91' lang='lat' dir='ltr'><strong>illud</strong></span> <span class='ocrx_word' id='word_1_787' title='bbox 1644 5858 2175 5926; x_wconf 85' lang='lat' dir='ltr'><strong>apostoliaudissent,</strong></span> 
     </span>
    </p>
   </div>
   <div class='ocr_carea' id='block_1_106' title="bbox 2295 4744 3881 4815">
    <p class='ocr_par' dir='ltr' id='par_1_106' title="bbox 2295 4744 3881 4815">
     <span class='ocr_line' id='line_1_106' title="bbox 2295 4744 3881 4815; baseline -0.001 -17"><span class='ocrx_word' id='word_1_788' title='bbox 2295 4746 2462 4812; x_wconf 90' lang='lat' dir='ltr'><strong>tione,</strong></span> <span class='ocrx_word' id='word_1_789' title='bbox 2496 4762 2652 4814; x_wconf 88' lang='lat' dir='ltr'><strong>quam</strong></span> <span class='ocrx_word' id='word_1_790' title='bbox 2684 4761 2780 4815; x_wconf 89' lang='lat' dir='ltr'><strong>per</strong></span> <span class='ocrx_word' id='word_1_791' title='bbox 2808 4750 3175 4801; x_wconf 87' lang='lat' dir='ltr'><strong>mandatorum</strong></span> <span class='ocrx_word' id='word_1_792' title='bbox 3197 4744 3397 4799; x_wconf 86' lang='lat' dir='ltr'><strong>Christi</strong></span> <span class='ocrx_word' id='word_1_793' title='bbox 3421 4745 3881 4812; x_wconf 71' lang='lat' dir='ltr'><strong>observationem,</strong></span> 
     </span>
    </p>
   </div>
   <div class='ocr_carea' id='block_1_107' title="bbox 2293 4839 3884 4908">
    <p class='ocr_par' dir='ltr' id='par_1_107' title="bbox 2293 4839 3884 4908">
     <span class='ocr_line' id='line_1_107' title="bbox 2293 4839 3884 4908; baseline 0.001 -17"><span class='ocrx_word' id='word_1_794' title='bbox 2293 4853 2323 4891; x_wconf 90' lang='lat' dir='ltr'><strong>a</strong></span> <span class='ocrx_word' id='word_1_795' title='bbox 2356 4854 2413 4892; x_wconf 92' lang='lat' dir='ltr'><strong>se</strong></span> <span class='ocrx_word' id='word_1_796' title='bbox 2446 4841 2685 4906; x_wconf 62' lang='lat' dir='ltr'><strong>praestari</strong></span> <span class='ocrx_word' id='word_1_797' title='bbox 2712 4853 2867 4907; x_wconf 91' lang='lat' dir='ltr'><strong>posse</strong></span> <span class='ocrx_word' id='word_1_798' title='bbox 2902 4839 3287 4908; x_wconf 76' lang='lat' dir='ltr'><strong>intelligebmt,</strong></span> <span class='ocrx_word' id='word_1_799' title='bbox 3320 4839 3692 4892; x_wconf 79' lang='lat' dir='ltr'><strong>mandatorum</strong></span> <span class='ocrx_word' id='word_1_800' title='bbox 3723 4852 3884 4906; x_wconf 86' lang='lat' dir='ltr'><strong>porro</strong></span> 
     </span>
    </p>
   </div>
   <div class='ocr_carea' id='block_1_108' title="bbox 2293 4928 3883 4986">
    <p class='ocr_par' dir='ltr' id='par_1_108' title="bbox 2293 4928 3883 4986">
     <span class='ocr_line' id='line_1_108' title="bbox 2293 4928 3883 4986; baseline -0.001 -1"><span class='ocrx_word' id='word_1_801' title='bbox 2293 4931 2722 4985; x_wconf 87' lang='lat' dir='ltr'><strong>observationem</strong></span> <span class='ocrx_word' id='word_1_802' title='bbox 2754 4946 2814 4984; x_wconf 84' lang='lat' dir='ltr'><strong>ac</strong></span> <span class='ocrx_word' id='word_1_803' title='bbox 2843 4931 3096 4986; x_wconf 89' lang='lat' dir='ltr'><strong>virtutum</strong></span> <span class='ocrx_word' id='word_1_804' title='bbox 3128 4931 3327 4984; x_wconf 85' lang='lat' dir='ltr'><strong>cultum</strong></span> <span class='ocrx_word' id='word_1_805' title='bbox 3361 4932 3409 4983; x_wconf 92' lang='lat' dir='ltr'><strong>in</strong></span> <span class='ocrx_word' id='word_1_806' title='bbox 3456 4928 3647 4985; x_wconf 78' lang='lat' dir='ltr'><strong>mediis</strong></span> <span class='ocrx_word' id='word_1_807' title='bbox 3698 4928 3883 4983; x_wconf 89' lang='lat' dir='ltr'><strong>mundi</strong></span> 
     </span>
    </p>
   </div>
   <div class='ocr_carea' id='block_1_109' title="bbox 2292 5024 3880 5095">
    <p class='ocr_par' dir='ltr' id='par_1_109' title="bbox 2292 5024 3880 5095">
     <span class='ocr_line' id='line_1_109' title="bbox 2292 5024 3880 5095; baseline -0.001 -16"><span class='ocrx_word' id='word_1_808' title='bbox 2292 5027 2608 5081; x_wconf 86' lang='lat' dir='ltr'><strong>tumultibus</strong></span> <span class='ocrx_word' id='word_1_809' title='bbox 2655 5040 2797 5095; x_wconf 62' lang='lat' dir='ltr'><strong>agre</strong></span> <span class='ocrx_word' id='word_1_810' title='bbox 2849 5025 3107 5095; x_wconf 90' lang='lat' dir='ltr'><strong>consequi</strong></span> <span class='ocrx_word' id='word_1_811' title='bbox 3157 5039 3216 5079; x_wconf 92' lang='lat' dir='ltr'><strong>se</strong></span> <span class='ocrx_word' id='word_1_812' title='bbox 3267 5039 3423 5090; x_wconf 84' lang='lat' dir='ltr'><strong>posse</strong></span> <span class='ocrx_word' id='word_1_813' title='bbox 3465 5024 3880 5092; x_wconf 71' lang='lat' dir='ltr'><strong>perspiciebant,</strong></span> 
     </span>
    </p>
   </div>
   <div class='ocr_carea' id='block_1_110' title="bbox 2292 5116 3883 5188">
    <p class='ocr_par' dir='ltr' id='par_1_110' title="bbox 2292 5116 3883 5188">
     <span class='ocr_line' id='line_1_110' title="bbox 2292 5116 3883 5188; baseline -0.001 -15"><span class='ocrx_word' id='word_1_814' title='bbox 2292 5133 2486 5173; x_wconf 89' lang='lat' dir='ltr'><strong>novum</strong></span> <span class='ocrx_word' id='word_1_815' title='bbox 2518 5118 2785 5188; x_wconf 89' lang='lat' dir='ltr'><strong>quoddam</strong></span> <span class='ocrx_word' id='word_1_816' title='bbox 2820 5128 2981 5188; x_wconf 85' lang='lat' dir='ltr'><strong>atque</strong></span> <span class='ocrx_word' id='word_1_817' title='bbox 3008 5118 3075 5171; x_wconf 85' lang='lat' dir='ltr'><strong>ab</strong></span> <span class='ocrx_word' id='word_1_818' title='bbox 3095 5118 3216 5172; x_wconf 85' lang='lat' dir='ltr'><strong>aliis</strong></span> <span class='ocrx_word' id='word_1_819' title='bbox 3244 5116 3514 5171; x_wconf 51' lang='lat' dir='ltr'><strong>diversum</strong></span> <span class='ocrx_word' id='word_1_820' title='bbox 3546 5118 3667 5170; x_wconf 76' lang='lat' dir='ltr'><strong>vita:</strong></span> <span class='ocrx_word' id='word_1_821' title='bbox 3710 5131 3883 5185; x_wconf 81' lang='lat' dir='ltr'><strong>genus</strong></span> 
     </span>
    </p>
   </div>
   <div class='ocr_carea' id='block_1_111' title="bbox 2289 5210 3884 5282">
    <p class='ocr_par' dir='ltr' id='par_1_111' title="bbox 2289 5210 3884 5282">
     <span class='ocr_line' id='line_1_111' title="bbox 2289 5210 3884 5282; baseline -0.001 -17"><span class='ocrx_word' id='word_1_822' title='bbox 2289 5211 2525 5280; x_wconf 89' lang='lat' dir='ltr'><strong>sibiipsis</strong></span> <span class='ocrx_word' id='word_1_823' title='bbox 2549 5213 2913 5274; x_wconf 87' lang='lat' dir='ltr'><strong>instituerunt,</strong></span> <span class='ocrx_word' id='word_1_824' title='bbox 2935 5226 2999 5265; x_wconf 91' lang='lat' dir='ltr'><strong>ac</strong></span> <span class='ocrx_word' id='word_1_825' title='bbox 3013 5213 3163 5282; x_wconf 89' lang='lat' dir='ltr'><strong>juxta</strong></span> <span class='ocrx_word' id='word_1_826' title='bbox 3190 5212 3419 5264; x_wconf 87' lang='lat' dir='ltr'><strong>divinam</strong></span> <span class='ocrx_word' id='word_1_827' title='bbox 3441 5224 3651 5275; x_wconf 83' lang='lat' dir='ltr'><strong>vocem,</strong></span> <span class='ocrx_word' id='word_1_828' title='bbox 3674 5210 3884 5264; x_wconf 79' lang='lat' dir='ltr'><strong>relictis</strong></span> 
     </span>
    </p>
   </div>
   <div class='ocr_carea' id='block_1_112' title="bbox 2289 5300 3882 5371">
    <p class='ocr_par' dir='ltr' id='par_1_112' title="bbox 2289 5300 3882 5371">
     <span class='ocr_line' id='line_1_112' title="bbox 2289 5300 3882 5371; baseline 0 -16"><span class='ocrx_word' id='word_1_829' title='bbox 2289 5302 2537 5357; x_wconf 52' lang='lat' dir='ltr'><strong>omnibus</strong></span> <span class='ocrx_word' id='word_1_830' title='bbox 2562 5304 2745 5369; x_wconf 74' lang='lat' dir='ltr'><strong>rebu~,</strong></span> <span class='ocrx_word' id='word_1_831' title='bbox 2770 5303 2873 5357; x_wconf 91' lang='lat' dir='ltr'><strong>hoc</strong></span> <span class='ocrx_word' id='word_1_832' title='bbox 2917 5312 2998 5356; x_wconf 78' lang='lat' dir='ltr'><strong>est</strong></span> <span class='ocrx_word' id='word_1_833' title='bbox 3040 5302 3371 5371; x_wconf 86' lang='lat' dir='ltr'><strong>patentibus,</strong></span> <span class='ocrx_word' id='word_1_834' title='bbox 3420 5300 3622 5365; x_wconf 83' lang='lat' dir='ltr'><strong>liberis,</strong></span> <span class='ocrx_word' id='word_1_835' title='bbox 3664 5301 3882 5369; x_wconf 85' lang='lat' dir='ltr'><strong>amicis,</strong></span> 
     </span>
    </p>
   </div>
   <div class='ocr_carea' id='block_1_113' title="bbox 2289 5393 3888 5465">
    <p class='ocr_par' dir='ltr' id='par_1_113' title="bbox 2289 5393 3888 5465">
     <span class='ocr_line' id='line_1_113' title="bbox 2289 5393 3888 5465; baseline 0 -17"><span class='ocrx_word' id='word_1_836' title='bbox 2289 5394 2546 5463; x_wconf 84' lang='lat' dir='ltr'><strong>cognatis,</strong></span> <span class='ocrx_word' id='word_1_837' title='bbox 2574 5398 2785 5465; x_wconf 83' lang='lat' dir='ltr'><strong>opibus,</strong></span> <span class='ocrx_word' id='word_1_838' title='bbox 2820 5394 3047 5461; x_wconf 86' lang='lat' dir='ltr'><strong>deliciis,</strong></span> <span class='ocrx_word' id='word_1_839' title='bbox 3079 5395 3393 5465; x_wconf 90' lang='lat' dir='ltr'><strong>cunctisque</strong></span> <span class='ocrx_word' id='word_1_840' title='bbox 3421 5393 3605 5448; x_wconf 81' lang='lat' dir='ltr'><strong>mundi</strong></span> <span class='ocrx_word' id='word_1_841' title='bbox 3636 5407 3888 5448; x_wconf 81' lang='lat' dir='ltr'><strong>commo-</strong></span> 
     </span>
    </p>
   </div>
   <div class='ocr_carea' id='block_1_114' title="bbox 2291 5485 3886 5557">
    <p class='ocr_par' dir='ltr' id='par_1_114' title="bbox 2291 5485 3886 5557">
     <span class='ocr_line' id='line_1_114' title="bbox 2291 5485 3886 5557; baseline 0 -16"><span class='ocrx_word' id='word_1_842' title='bbox 2291 5486 2374 5542; x_wconf 90' lang='lat' dir='ltr'><strong>dis</strong></span> <span class='ocrx_word' id='word_1_843' title='bbox 2396 5490 2739 5557; x_wconf 84' lang='lat' dir='ltr'><strong>contemptis,</strong></span> <span class='ocrx_word' id='word_1_844' title='bbox 2775 5487 2827 5542; x_wconf 91' lang='lat' dir='ltr'><strong>in</strong></span> <span class='ocrx_word' id='word_1_845' title='bbox 2856 5486 3194 5552; x_wconf 81' lang='lat' dir='ltr'><strong>solitudines,</strong></span> <span class='ocrx_word' id='word_1_846' title='bbox 3229 5497 3477 5557; x_wconf 89' lang='lat' dir='ltr'><strong>tanquam</strong></span> <span class='ocrx_word' id='word_1_847' title='bbox 3509 5488 3723 5541; x_wconf 84' lang='lat' dir='ltr'><strong>exsules</strong></span> <span class='ocrx_word' id='word_1_848' title='bbox 3754 5485 3886 5557; x_wconf 83' lang='lat' dir='ltr'><strong>qui-</strong></span> 
     </span>
    </p>
   </div>
   <div class='ocr_carea' id='block_1_115' title="bbox 2288 5578 3884 5649">
    <p class='ocr_par' dir='ltr' id='par_1_115' title="bbox 2288 5578 3884 5649">
     <span class='ocr_line' id='line_1_115' title="bbox 2288 5578 3884 5649; baseline -0.001 -14"><span class='ocrx_word' id='word_1_849' title='bbox 2288 5581 2434 5647; x_wconf 89' lang='lat' dir='ltr'><strong>dam,</strong></span> <span class='ocrx_word' id='word_1_850' title='bbox 2465 5594 2585 5635; x_wconf 89' lang='lat' dir='ltr'><strong>sese</strong></span> <span class='ocrx_word' id='word_1_851' title='bbox 2612 5582 2976 5644; x_wconf 86' lang='lat' dir='ltr'><strong>contulerunt,</strong></span> <span class='ocrx_word' id='word_1_852' title='bbox 3022 5588 3267 5649; x_wconf 78' lang='lat' dir='ltr'><strong>egentes,</strong></span> <span class='ocrx_word' id='word_1_853' title='bbox 3317 5578 3625 5649; x_wconf 81' lang='lat' dir='ltr'><strong>angustiati,</strong></span> <span class='ocrx_word' id='word_1_854' title='bbox 3666 5580 3884 5644; x_wconf 83' lang='lat' dir='ltr'><strong>afﬂicti,</strong></span> 
     </span>
    </p>
   </div>
   <div class='ocr_carea' id='block_1_116' title="bbox 2286 5671 3885 5742">
    <p class='ocr_par' dir='ltr' id='par_1_116' title="bbox 2286 5671 3885 5742">
     <span class='ocr_line' id='line_1_116' title="bbox 2286 5671 3885 5742; baseline 0.001 -16"><span class='ocrx_word' id='word_1_855' title='bbox 2286 5674 2481 5740; x_wconf 87' lang='lat' dir='ltr'><strong>quibus</strong></span> <span class='ocrx_word' id='word_1_856' title='bbox 2511 5672 2703 5742; x_wconf 90' lang='lat' dir='ltr'><strong>dignus</strong></span> <span class='ocrx_word' id='word_1_857' title='bbox 2726 5689 2829 5726; x_wconf 92' lang='lat' dir='ltr'><strong>non</strong></span> <span class='ocrx_word' id='word_1_858' title='bbox 2863 5680 2979 5728; x_wconf 91' lang='lat' dir='ltr'><strong>erat</strong></span> <span class='ocrx_word' id='word_1_859' title='bbox 3018 5672 3248 5727; x_wconf 89' lang='lat' dir='ltr'><strong>mundus</strong></span> <span class='ocrx_word' id='word_1_860' title='bbox 3277 5671 3465 5740; x_wconf 83' lang='lat' dir='ltr'><strong>(Hebr.</strong></span> <span class='ocrx_word' id='word_1_861' title='bbox 3497 5672 3573 5741; x_wconf 89' lang='lat' dir='ltr'><strong>xt)</strong></span> <span class='ocrx_word' id='word_1_862' title='bbox 3607 5687 3623 5725; x_wconf 94' lang='lat'><strong>:</strong></span> <span class='ocrx_word' id='word_1_863' title='bbox 3654 5671 3707 5725; x_wconf 93' lang='lat' dir='ltr'><strong>in</strong></span> <span class='ocrx_word' id='word_1_864' title='bbox 3738 5672 3885 5727; x_wconf 88' lang='lat' dir='ltr'><strong>soli-</strong></span> 
     </span>
    </p>
   </div>
   <div class='ocr_carea' id='block_1_117' title="bbox 2286 5763 3888 5834">
    <p class='ocr_par' dir='ltr' id='par_1_117' title="bbox 2286 5763 3888 5834">
     <span class='ocr_line' id='line_1_117' title="bbox 2286 5763 3888 5834; baseline 0.004 -17"><span class='ocrx_word' id='word_1_865' title='bbox 2286 5763 2558 5819; x_wconf 84' lang='lat' dir='ltr'><strong>tudinibns</strong></span> <span class='ocrx_word' id='word_1_866' title='bbox 2583 5774 2848 5829; x_wconf 89' lang='lat' dir='ltr'><strong>errantes,</strong></span> <span class='ocrx_word' id='word_1_867' title='bbox 2893 5767 2943 5819; x_wconf 92' lang='lat' dir='ltr'><strong>in</strong></span> <span class='ocrx_word' id='word_1_868' title='bbox 2989 5764 3282 5831; x_wconf 89' lang='lat' dir='ltr'><strong>tnoutibus,</strong></span> <span class='ocrx_word' id='word_1_869' title='bbox 3314 5772 3369 5819; x_wconf 91' lang='lat' dir='ltr'><strong>et</strong></span> <span class='ocrx_word' id='word_1_870' title='bbox 3394 5763 3700 5834; x_wconf 85' lang='lat' dir='ltr'><strong>speluncis.</strong></span> <span class='ocrx_word' id='word_1_871' title='bbox 3736 5776 3795 5820; x_wconf 89' lang='lat' dir='ltr'><strong>et</strong></span> <span class='ocrx_word' id='word_1_872' title='bbox 3827 5766 3888 5823; x_wconf 83' lang='lat' dir='ltr'><strong>in</strong></span> 
     </span>
    </p>
   </div>
   <div class='ocr_carea' id='block_1_118' title="bbox 2283 5856 3888 5929">
    <p class='ocr_par' dir='ltr' id='par_1_118' title="bbox 2283 5856 3888 5929">
     <span class='ocr_line' id='line_1_118' title="bbox 2283 5856 3888 5929; baseline 0.001 -16"><span class='ocrx_word' id='word_1_873' title='bbox 2283 5858 2530 5913; x_wconf 89' lang='lat' dir='ltr'><strong>cavernis</strong></span> <span class='ocrx_word' id='word_1_874' title='bbox 2551 5866 2729 5922; x_wconf 67' lang='lat' dir='ltr'><strong>terrae,</strong></span> <span class='ocrx_word' id='word_1_875' title='bbox 2761 5871 2823 5913; x_wconf 88' lang='lat' dir='ltr'><strong>ac</strong></span> <span class='ocrx_word' id='word_1_876' title='bbox 2843 5858 3051 5928; x_wconf 88' lang='lat' dir='ltr'><strong>seipsos</strong></span> <span class='ocrx_word' id='word_1_877' title='bbox 3072 5856 3410 5914; x_wconf 77' lang='lat' dir='ltr'><strong>ab‘omnibus</strong></span> <span class='ocrx_word' id='word_1_878' title='bbox 3435 5857 3665 5916; x_wconf 80' lang='lat' dir='ltr'><strong>terrenis</strong></span> <span class='ocrx_word' id='word_1_879' title='bbox 3680 5856 3888 5929; x_wconf 78' lang='lat' dir='ltr'><strong>jucun-</strong></span> 
     </span>
    </p>
   </div>
  </div>
