4158 6354
253 371 354 430 480

681 371 846 431 VITA
890 373 1306 434 SANCTORUM
1349 375 1680 434 BARLAAM
1723 322 2060 434 CREMle
2105 378 2192 435 ET
2231 377 2583 436 JOSAPIIAT
2634 375 2840 436 INDle
2881 376 3106 439 REGIS.

3433 379 3536 438 490

245 485 501 544 ditatibns
548 495 604 542 et
646 486 1004 557 voluptatibus
1035 491 1217 558 procul
1260 501 1620 558 removentes,
1680 502 1838 562 atque
1863 493 1919 555 Α
1944 490 2102 546 modo
2133 491 2346 555 fecisse,
2398 506 2516 562 quae
2546 492 2673 562 ipsis
2721 507 2752 548 a
2785 493 2895 549 Deo
2924 500 3190 564 praecepta
3216 507 3416 559 essent,
3449 511 3542 551 ve-

245 579 382 634 adeo
412 578 563 648 panis
586 577 826 636 etiam'et
851 570 1470 652 vestimentorumgravi
1506 582 1722 654 penuria
1757 584 1838 639 la-

243 671 519 730 borantes.

315 771 470 840 Quod
519 780 575 828 ttt
607 772 867 839 facerent,
921 773 1116 850 duplex
1147 788 1242 830 eos
1283 787 1443 828 causa
1484 773 1836 841 impellebat:

247 866 445 933 altera,
490 875 548 921 ut
597 865 910 922 vitiosarum
942 867 1286 923 alicctionutn
1319 866 1572 920 materias
1622 864 1842 920 minime

238 969 556 1024 cernentes,
581 974 766 1016 earum
795 960 1116 1030 cupiditates
1147 961 1400 1016 radicitus
1425 975 1490 1014 ex
1521 958 1714 1013 animis
1731 958 1843 1011 suis

239 1056 562 1122 evellerent,
591 1071 881 1126 earumque
906 1055 1220 1111 memoriam
1252 1053 1645 1119 oblitterarent,
1673 1067 1736 1106 ac
1762 1053 1844 1108 di-

239 1149 488 1204 vinarum
518 1155 574 1203 et
601 1149 900 1205 ctelestium
931 1164 1110 1205 rerum
1138 1164 1378 1204 amorem
1419 1158 1474 1204 et
1517 1146 1842 1202 desiderium

239 1241 294 1300 In
349 1240 544 1310 seipsis
596 1242 936 1307 insererent;
992 1243 1191 1308 altera,
1244 1251 1305 1298 ut
1352 1240 1446 1313 per
1495 1239 1844 1295 afﬂictionem

239 1348 445 1406 corpus
474 1336 825 1403 conﬁcerent,
857 1338 1144 1409 animoque
1189 1350 1251 1394 ac
1280 1337 1554 1392 voluntate
1579 1343 1846 1405 martyres

238 1428 536 1495 cﬂ’ecti,ea
583 1430 772 1500 gloria,
806 1446 963 1502 quam
1016 1431 1050 1485 ii
1095 1431 1186 1501 qui
1254 1429 1512 1501 martyrio
1579 1426 1846 1498 perfuncti

242 1532 396 1586 sunt,
428 1522 692 1589 obtinent,
723 1524 941 1581 minime
987 1533 1268 1591 carerent;
1327 1538 1515 1579 verum
1567 1536 1690 1576 cum
1740 1519 1844 1590 ipsi

241 1632 477 1689 quoque,
507 1626 762 1688 quantum
799 1619 850 1672 in
879 1633 938 1674 se
981 1627 1145 1685 esset,
1186 1615 1385 1672 Christi
1417 1615 1724 1686 passionem
1753 1628 1842 1667 ex-

239 1709 588 1781 pressissent,
645 1709 813 1779 ipsius
839 1725 1055 1782 quoque
1112 1713 1264 1780 regni
1308 1708 1595 1780 participes
1639 1714 1840 1762 essent.

239 1804 328 1860 Ad
363 1804 506 1859 hunc
527 1805 686 1874 igitur
716 1804 935 1859 modum
981 1804 1181 1875 optima
1229 1802 1662 1859 consideratione
1692 1799 1844 1854 adhi-

1942 600 2060 640 rum
2095 587 2262 640 multo
2290 587 2440 654 plura
2467 602 2588 642 esse
2614 603 2733 658 quae
2762 589 2861 644 sibi
2893 589 3161 655 deessent,
3215 603 3374 659 quam
3417 605 3539 659 qua:

1939 679 2048 749 jam
2080 679 2476 749 prmstitissent.
2509 681 2737 736 Rursum
2771 683 2813 736 is
2839 682 2927 751 qui
2977 683 3024 735 in
3050 682 3297 752 religiosa
3327 684 3539 737 exerci-

1946 773 2170 840 tatione,
2205 773 2275 828 ob
2296 775 2537 843 corporis
2583 773 2810 828 fortasse
2856 773 3270 830 imbecillitatem
3323 776 3542 832 inferior

1945 875 2081 934 erat,
2108 866 2348 934 seipsum
2393 867 2545 922 nihili
2588 868 2877 939 pendebat,
2905 883 2967 923 ac
2999 870 3252 924 miserum
3307 870 3543 937 dicebat,

1945 960 2114 1014 animi
2139 959 2341 1014 scilicet
2391 961 2638 1030 ignaviae,
2697 976 2759 1016 ac
2789 976 2894 1017 non
2944 972 3148 1018 natura:
3191 961 3542 1018 imbecillitati

1946 1049 2215 1107 defectum
2247 1068 2398 1108 suum
2427 1056 2729 1124 assignans.
2758 1055 2834 1109 lta
2864 1056 2951 1109 alii
2995 1054 3136 1121 aliis,
3162 1065 3322 1126 atque
3352 1071 3542 1112 omnes

1947 1144 2195 1200 omnibus
2228 1146 2578 1203 modestiores
2607 1162 2667 1202 sc
2691 1147 3018 1217 praebebant.
3052 1149 3225 1202 Inanis
3251 1163 3411 1218 porro
3431 1148 3545 1218 glo-

1949 1237 2046 1291 ria:
2074 1237 2321 1304 allectus,
2355 1249 2448 1294 aut
2497 1240 2803 1296 hominibus
2835 1240 3078 1309 placendi
3115 1241 3372 1307 studium,
3411 1255 3547 1311 quo-

1950 1345 2073 1385 nam
2106 1331 2320 1387 tondent
2355 1343 2509 1400 pacto
2538 1333 2589 1386 in
2624 1333 2726 1387 illis
2757 1332 2979 1400 inesset,
3000 1334 3199 1403 quippe
3229 1333 3320 1404 qui
3350 1333 3447 1387 hac
3477 1332 3545 1388 de

1950 1437 2110 1498 causa
2141 1426 2326 1480 orbem
2362 1424 2480 1496 fuga
2515 1426 2869 1495 reliquerant,
2905 1427 3142 1496 atquein
3173 1427 3401 1482 desertis
3430 1440 3546 1482 mo-

1950 1520 2228 1585 rabantur,
2278 1530 2334 1574 ut
2364 1521 2583 1576 virtutes
2610 1537 2736 1576 suas
2766 1537 2873 1578 non
2906 1522 3233 1591 hominibus,
3264 1524 3358 1579 sed
3408 1523 3541 1589 Deo,

1950 1627 1979 1666 a
2010 1627 2115 1681 quo
2156 1613 2410 1667 virtutum
2459 1630 2672 1684 quoque
2721 1615 2937 1683 praemia
2969 1616 3278 1686 sperabant,
3318 1616 3546 1674 demon-

1950 1715 2205 1762 SIrarent.
2240 1708 2374 1762 Illud
2403 1709 2600 1779 quippe
2631 1711 2796 1777 probe
2842 1721 3056 1780 norant,
3105 1711 3355 1783 religiosa
3395 1727 3549 1768 exer-

1950 1800 2100 1860 citia.
2154 1816 2273 1871 quae
2323 1801 2500 1855 inanis
2543 1802 2726 1870 gloria:
2775 1817 2935 1858 causa
2978 1803 3265 1871 obeuntur,
3301 1806 3550 1862 mercede

237 1894 390 1964 bita,
449 1897 794 1953 monasticam
847 1912 910 1954 ac
957 1897 1252 1954 solitariam
1303 1897 1467 1952 vitam
1541 1893 1841 1952 consectati
1877 1883 1921 1944 Β
1949 1906 2162 1958 carere,
2192 1905 2250 1948 ut
2293 1910 2413 1965 quae
2446 1909 2552 1950 non
2600 1894 2719 1962 Dei,
2754 1896 2845 1950 sed
2886 1897 3132 1952 humana:
3176 1897 3343 1953 laudis
3395 1913 3552 1953 causa

239 1997 390 2045 sunt.

313 2082 492 2152 Atque
521 2081 610 2136 alii
638 2080 852 2152 quidem
882 2083 980 2138 sub
1006 2082 1093 2137 dio
1119 2081 1397 2151 durantes,
1426 2081 1557 2137 solis
1578 2090 1733 2146 testu,
1765 2088 1846 2134 at-

244 2191 352 2244 que
389 2176 702 2244 asperrimis
750 2175 1042 2244 frigoribus
1093 2190 1156 2230 ac
1197 2175 1411 2245 pluviis,
1460 2183 1514 2229 et
1563 2181 1844 2228 ventorum

251 2269 564 2324 turbinibus
593 2267 1006 2326 afflictabantur.
1059 2269 1162 2324 Alii
1220 2270 1543 2325 constructis
1596 2265 1843 2337 tuguriis,

252 2371 349 2417 aut
376 2363 428 2416 in
453 2362 725 2433 speluncis
747 2372 802 2418 et
828 2363 1000 2418 antris
1021 2376 1141 2418 sese
1160 2361 1511 2426 occultantes,
1541 2360 1702 2414 vitam
1725 2373 1850 2428 age-

245 2454 394 2510 bant.
418 2455 616 2523 Sicque
639 2455 888 2510 virtutem
910 2455 1168 2519 colentes,
1187 2468 1404 2516 omnem
1427 2455 1699 2508 carnalem
1728 2465 1852 2506 con-

247 2548 572 2604 solationem
602 2558 657 2604 et
680 2548 915 2621 quietem
944 2550 1012 2605 ad
1057 2561 1361 2605 extremum
1403 2562 1573 2618 usque
1600 2545 1852 2617 repudia-

247 2651 397 2709 runt,
427 2641 610 2698 crudis
641 2642 878 2699 oleribus
906 2652 961 2699 et
990 2643 1196 2711 herbis,
1227 2651 1320 2697 aut
1343 2642 1538 2713 pomis,
1571 2648 1664 2696 aut
1689 2640 1852 2696 etiam

247 2735 398 2791 sicco
427 2749 493 2790 ac
513 2735 801 2792 durissimo
833 2751 971 2806 pane
1000 2737 1166 2791 vitam
1213 2735 1534 2801 tolerantes;
1581 2748 1680 2789 nec
1725 2747 1854 2789 sua-

254 2828 406 2884 vium
429 2828 673 2884 ciborum
705 2828 948 2900 qualitati
989 2827 1250 2885 duntaxat
1299 2827 1541 2882 nttntium
1571 2827 1853 2882 remitten-

250 2930 356 2990 tes,
391 2921 485 2977 sed
519 2937 628 2991 prae
655 2920 978 2978 exuberanti
1001 2921 1232 2990 quadam
1283 2920 1616 2978 continentia
1648 2919 1857 2990 magni-

251 3014 496 3070 tudinem
526 3013 686 3070 animi
715 3015 799 3071 sui
822 3014 890 3070 ad
923 3015 1094 3084 ipsam
1121 3028 1335 3085 quoque
1361 3013 1714 3084 quantitatem
1757 3027 1856 3066 ex-

251 3107 562 3164 tendentes.
595 3105 886 3164 Tantulum
916 3107 1060 3164 enim
1091 3106 1372 3174 duntaxat,
1417 3105 1581 3162 etiam
1607 3119 1673 3161 ex
1724 3103 1856 3174 ipsis

253 3200 453 3257 vilibus
511 3200 851 3270 maximeque
897 3199 1218 3255 necessariis
1254 3198 1389 3254 cibis
1443 3196 1854 3268 percipiebant,

1954 1988 2102 2041 fiant.
2140 1987 2217 2042 Ae
2247 1988 2474 2057 proinde
2527 1987 2831 2058 hujusmodi
2864 1988 3112 2045 homines
3158 1989 3354 2060 duplici
3387 1991 3550 2046 detri-

1952 2088 2136 2135 mento
2162 2078 2494 2144 afﬁciuntur,
2522 2079 2648 2134 dum
2702 2079 2957 2136 nimirum
2989 2096 3182 2151 corpus
3237 2081 3549 2150 conficiunt,

1954 2189 2053 2230 nec
2087 2184 2264 2228 tamen
2300 2173 2603 2229 mercedem
2636 2174 2799 2229 ullam
2830 2174 3028 2230 ferunt.
3055 2174 3155 2242 Qui
3185 2185 3364 2232 autem
3392 2177 3553 2232 cmle-

1954 2268 2052 2323 stis
2077 2268 2260 2337 gloria:
2284 2267 2553 2324 desiderio
2607 2268 2852 2339 flagrant,
2907 2277 3067 2338 atque
3120 2268 3187 2322 ad
3237 2283 3354 2323 eam
3407 2270 3554 2324 omni

1955 2361 2236 2415 celeritate
2265 2359 2623 2428 contendunt,
2654 2369 2920 2416 terrenam
2942 2373 3159 2416 omnem
3183 2368 3237 2414 et
3263 2361 3553 2416 humanam

1957 2463 2334 2523 aspernantur.

2029 2545 2106 2599 Ex
2142 2544 2446 2614 hujusmodi
2488 2560 2649 2615 porro
2679 2545 2984 2602 hominibus
3010 2547 3098 2603 alii
3140 2547 3218 2602 sic
3241 2546 3464 2617 degunt,
3499 2557 3558 2602 ut

1959 2637 2013 2693 in
2044 2652 2264 2693 secessu
2289 2652 2352 2692 ac
2378 2637 2668 2693 solitudine
2699 2637 2914 2709 pietatis
2942 2648 3215 2695 certamen
3253 2641 3473 2706 obeant,
3505 2647 3559 2694 et

1958 2731 2028 2788 ab
2050 2731 2324 2787 hominum
2350 2731 2706 2787 contubernio
2738 2747 2834 2802 per
2861 2733 3173 2812 omnevitaa
3203 2742 3416 2803 tempus
3436 2744 3559 2787 sese

1961 2834 2300 2893 retnoveant,
2329 2835 2495 2896 atque
2527 2825 2593 2879 ad
2628 2825 2796 2882 Deum
2826 2825 3277 2898 appropinquent.
3313 2826 3420 2881 Alii
3441 2840 3560 2897 pro-

1959 2915 2048 2971 cul
2078 2914 2219 2972 inter
2237 2931 2297 2971 se
2327 2917 2654 2973 constructis
2698 2918 2963 2984 mdiculis,
3019 2918 3314 2974 Dominicis
3371 2918 3565 2975 diebus

1961 3010 2027 3065 ad
2061 3025 2219 3066 unam
2248 3020 2300 3066 et
2349 3012 2598 3067 eamdem
2645 3012 2931 3068 ecclesiam
2977 3023 3226 3083 pergunt,
3270 3027 3332 3070 ac
3386 3012 3565 3070 divina

1961 3102 2244 3174 mysteria,
2275 3102 2376 3158 hoc
2397 3111 2480 3158 est
2507 3104 2846 3159 incruentum
2891 3103 3012 3175 puri
3041 3106 3284 3176 corporis
3325 3120 3388 3160 ac
3442 3120 3566 3174 pre-

1963 3196 2086 3253 tiosi
2117 3197 2394 3267 sanguinis
2440 3198 2642 3254 Christi
2687 3198 3012 3255 sacrificium
3061 3200 3407 3270 percipiunt:
3442 3215 3563 3270 qua:

253 3304 513 3366 quantum
537 3295 604 3348 ad
634 3293 969 3350 tolerandam
1010 3291 1205 3347 famem
1254 3291 1385 3347 satis
1416 3297 1581 3346 esset.
1629 3288 1856 3357 Quidam
1886 3281 1934 3347 (Ξ
1965 3292 2180 3363 quidem
2213 3292 2469 3347 Dominus
2495 3293 2595 3362 piis
2626 3292 2678 3346 in
2704 3303 3045 3362 peccatorum
3075 3292 3476 3358 remissionem,
3500 3307 3566 3349 ac

250 3389 404 3445 enim
460 3403 647 3444 eorum
712 3388 974 3458 integram
1030 3383 1423 3440 hebdomadam
1474 3397 1570 3453 per
1623 3381 1856 3437 inediam

252 3481 643 3552 transigentes,
679 3479 959 3535 Dominico
999 3478 1216 3533 demum
1260 3475 1351 3532 die
1379 3474 1558 3532 cibum
1605 3473 1860 3530 admitte-

253 3573 410 3632 bant.
444 3573 670 3642 Quidam
713 3573 795 3628 bis
843 3580 1045 3626 tantum
1077 3568 1412 3625 hebdomada
1453 3581 1664 3639 quaque
1694 3564 1862 3636 ipsius

255 3670 650 3736 meminerant;
681 3668 773 3724 alii
796 3649 1018 3723 alternis
1053 3665 1243 3722 diebus
1271 3665 1371 3720 sub
1410 3678 1692 3735 vesperam
1736 3661 1862 3718 ede-

257 3765 417 3832 bant,
450 3764 538 3820 sic
581 3773 638 3819 ut
667 3763 846 3820 cibum
877 3761 1136 3818 duntaxat
1165 3758 1545 3830 degustarent;
1588 3755 1864 3828 precibus-

256 3875 368 3931 que
421 3872 484 3914 ac
531 3856 723 3929 vigiliis
783 3855 1170 3928 propemodum
1225 3869 1346 3910 cum
1400 3853 1602 3925 angelis
1653 3865 1865 3922 quoque

256 3953 561 4016 certantes,
585 3959 745 4019 atque
775 3948 888 4002 auri
918 3957 974 4002 et
1000 3945 1206 4017 argenti
1236 3945 1600 4017 possessione,
1633 3943 1866 4014 emptio-

258 4045 535 4115 nibusque
563 4054 618 4100 et
643 4042 1042 4100 venditionibus
1071 4056 1290 4111 prorsus
1318 4040 1494 4097 valere
1513 4039 1697 4112 jussis,
1727 4038 1868 4095 inter

261 4137 518 4194 homines
546 4136 766 4192 omnino
791 4151 850 4192 se
873 4149 995 4192 esse
1024 4134 1508 4190 obliviscebantur.

335 4228 566 4286 Invidiae
589 4237 768 4284 autem
801 4235 856 4284 et
897 4227 1058 4282 animi
1091 4226 1328 4294 elationi,
1384 4240 1502 4296 qua:
1535 4224 1870 4296 potissimum

264 4323 541 4380 bonorum
586 4336 810 4392 operum
855 4321 1081 4378 comites
1109 4333 1229 4376 esse
1281 4318 1476 4386 solent,
1530 4318 1681 4374 locus
1729 4319 1872 4375 inter

261 4429 363 4472 eos
395 4413 572 4469 nullus
601 4422 738 4469 erat.
771 4413 952 4484 Neque
981 4413 1123 4468 enim
1155 4413 1199 4468 is
1219 4411 1313 4483 qui
1355 4410 1408 4466 in
1454 4409 1574 4466 vitae
1608 4412 1868 4468 monasti-

259 4521 344 4562 cae
375 4504 858 4562 exercitationibus
886 4504 1190 4561 inferiorem
1218 4503 1394 4560 locum
1419 4504 1655 4572 tenebat,
1681 4505 1873 4561 adver-

259 4615 363 4658 sus
385 4616 509 4656 eum
535 4600 690 4670 cujus
718 4598 976 4656 illustrior
1011 4600 1182 4654 virtus
1209 4609 1349 4664 erat,
1381 4597 1565 4654 livoris
1588 4598 1869 4669 cogitatio-

1968 3396 2080 3442 tum
2107 3386 2274 3442 animi
2303 3395 2414 3442 tum
2443 3387 2685 3456 corporis
2715 3387 3162 3445 illuminationem
3190 3397 3245 3445 et
3267 3385 3568 3443 sanctiﬁca-

1965 3479 2166 3534 tionem
2193 3478 2438 3534 donavit.
2462 3481 2638 3546 Atque
2666 3478 2971 3535 divinorum
2995 3480 3336 3535 oraculorum
3358 3479 3568 3536 exerci-

1967 3573 2194 3639 tatione,
2221 3571 2666 3643 mirabilibusque
2712 3571 2956 3629 consiliis
3006 3583 3061 3630 et
3107 3575 3569 3631 cohortationibus

1969 3675 2157 3724 mutuo
2191 3682 2312 3724 sese
2342 3676 2644 3737 pascentes,
2676 3677 2734 3724 et
2755 3669 2964 3724 occulta
2999 3669 3234 3725 hostium
3267 3669 3401 3725 bella
3433 3679 3570 3739 pate-

1969 3762 2231 3820 facientes
2263 3766 2355 3834 (ne
2374 3765 2495 3834 quis
2529 3763 2781 3819 videlicet
2803 3762 3042 3819 luctandi
3072 3763 3248 3818 adhuc
3263 3763 3483 3833 ignarus
3502 3762 3570 3818 ab

1970 3856 2383 3929 iissuperetur),
2409 3856 2629 3912 domum
2658 3871 2844 3912 rursus
2865 3856 3057 3926 singuli
3087 3855 3336 3922 redeunt,
3354 3853 3570 3910 virtutis

1975 3950 2083 4006 mel
2107 3950 2162 4005 in
2189 3959 2464 4020 pectorum
2506 3963 2728 4004 suorum
2757 3946 2891 4003 favis
2919 3947 3161 4004 studiose
3192 3945 3571 4015 recondentes,

1972 4043 2461 4112 suavissimumque
2506 4041 2735 4096 fructum
2787 4054 2852 4096 ac
2899 4039 3108 4096 caelesti
3141 4053 3326 4095 mensa
3351 4038 3573 4109 dignum

1975 4135 2286 4193 excolentes
2322 4151 2338 4202 ;
2383 4133 2472 4189 alii
2522 4139 2703 4190 autem
2748 4131 3115 4190 cmnobiacam
3164 4131 3329 4186 vitam
3376 4142 3572 4186 conse-

1973 4239 2206 4287 ctantur.

2046 4349 2149 4418 Qui
2203 4347 2420 4419 quidem
2470 4345 2705 4402 maximo
2763 4359 2987 4408 numero
3037 4343 3090 4398 in
3142 4356 3306 4398 unum
3361 4342 3572 4407 coacti,

1975 4442 2136 4498 unius
2167 4441 2407 4512 praefecti
2437 4448 2598 4510 atque
2627 4439 2878 4495 antistitis
2929 4438 3044 4508 (qui
3095 4436 3342 4490 omnibus
3376 4435 3576 4490 virtute

1979 4537 2225 4605 prrestat)
2278 4533 2505 4603 imperio
2529 4547 2589 4588 se
2619 4533 2764 4602 ipsos
2819 4529 3096 4587 subdunt:
3152 4542 3217 4584 ac
3247 4528 3576 4584 voluntatem

1975 4641 2128 4682 suam
2158 4625 2476 4681 obedientia:
2507 4637 2762 4678 mucrone
2798 4636 3018 4691 prorsus
3053 4629 3386 4688 truncantes,
3413 4635 3579 4692 seque

259 4709 394 4752 "em
419 4696 473 4750 in
505 4695 744 4749 animum
777 4693 1131 4787 admiueba“
1161 4705 1263 4787 "fc
1286 4706 1474 4787 τυτεμε
1498 4705 1621 4747 eum
1649 4692 1740 4787 qui
1765 4691 1874 4746 νίν·
1901 4687 1952 4750 D
1977 4717 2127 4773 velut
2154 4717 2396 4787 emptitia
2452 4715 2713 4784 mancipia
2766 4687 2908 4769 ultro
2943 4723 3275 4786 reputantes,
3309 4731 3416 4773 non
3466 4687 3579 4786 jam

262 4790 473 4845 tutibus
505 4787 740 4858 pollebat
767 4785 1072 4856 arrogantia
1099 4785 1263 4857 270
1300 4793 1355 4840 et
1401 4786 1568 4841 fastus
1612 4785 1872 4841 adversus

261 4881 656 4939 imbecilliores
681 4880 971 4951 etIerebat,
1013 4888 1176 4952 atque
1207 4882 1259 4936 in
1296 4879 1433 4936 hanc
1478 4880 1722 4937 fraudem
1765 4881 1871 4937 im-

258 4975 505 5046 pellebat
535 4981 593 5028 ut
637 4974 942 5045 proximum
983 4972 1134 5029 nihili
1187 4973 1464 5044 penderet,
1497 4983 1591 5030 aut
1629 4975 1698 5031 de
1750 4973 1874 5031 reli-

261 5071 421 5139 giosa
469 5068 858 5125 exercitatione
906 5068 1251 5139 gloriaretur,
1281 5069 1353 5125 ob
1382 5084 1554 5140 eaque
1583 5085 1703 5141 quae
1749 5085 1872 5127 cum

264 5162 434 5218 laude
462 5161 825 5230 prastitisset,
857 5160 1137 5233 magnifice
1166 5171 1326 5232 atque
1371 5173 1687 5234 arroganter
1714 5163 1782 5220 de
1810 5177 1872 5219 se

257 5253 522 5312 sentiret.
555 5253 688 5310 Nam
741 5254 830 5324 qui
881 5255 1078 5311 virtute
1113 5254 1342 5312 alterum
1386 5256 1760 5324 antecellebat,
1818 5257 1872 5314 id

258 5354 444 5403 totum
473 5360 581 5402 non
604 5348 716 5403 suis
759 5345 1057 5415 laboribus,
1087 5348 1183 5404 sed
1235 5346 1329 5404 Dei
1357 5348 1541 5404 virtuti
1572 5349 1871 5416 ascribens,

255 5439 462 5496 humili
493 5447 673 5495 mente
701 5439 804 5509 hoc
847 5439 950 5495 sibi
990 5441 1368 5512 persuadebat,
1398 5457 1458 5498 se
1489 5442 1620 5498 nihil
1652 5446 1872 5501 omnino

254 5533 510 5602 efﬁcere,
536 5547 720 5590 verum
745 5533 915 5590 multo
935 5533 1087 5605 plura
1113 5535 1215 5592 sibi
1235 5537 1538 5606 praestanda
1559 5553 1698 5604 esse,
1719 5539 1871 5609 juxta

254 5626 403 5683 illud
430 5626 577 5698 quod
625 5629 701 5683 ait
751 5628 1050 5686 Dominus:
1103 5627 1234 5684 Cum
1263 5629 1496 5686 feceritis
1541 5631 1720 5685 omnia
1749 5647 1870 5702 quin

253 5729 542 5793 praecepta
572 5728 700 5776 sunt
751 5721 926 5788 vobis,
980 5722 1180 5778 dicite:
1212 5723 1366 5780 Servi
1413 5724 1628 5779 inutiles
1657 5738 1865 5793 sumus,

247 5829 389 5886 qua:
419 5813 707 5871 debuimus
735 5814 914 5872 facere
933 5814 1156 5872 fecimus
1184 5815 1336 5874 (Luc.
1367 5816 1532 5889 xvii).
1564 5825 1634 5873 Ac
1651 5819 1868 5888 quidam

251 5909 434 5968 etiam
464 5909 573 5982 hoc
597 5909 703 5965 sibi
742 5909 1162 5980 persuadebant,
1206 5924 1266 5968 se
1296 5926 1364 5968 ne
1405 5925 1470 5970 ea
1508 5910 1726 5983 quidem
1757 5912 1869 5972 ullo

598 6022 874 6086 Ριτιιοι..
938 6022 1234 6088 LXXIII.

1986 4812 2089 4869 sibi
2121 4812 2253 4880 ipsis
2281 4812 2485 4880 vivunt,
2529 4811 2623 4866 sed
2651 4810 2700 4866 ei
2734 4811 2817 4866 cui
2848 4810 2919 4865 ob
2945 4809 3142 4867 Christi
3173 4827 3415 4869 amorem
3457 4827 3577 4868 sese

1981 4904 2371 4971 submiserunt,
2401 4905 2492 4961 vel
2516 4913 2574 4958 ut
2614 4905 2790 4975 aptius
2832 4904 3043 4976 loquar,
3089 4907 3279 4962 vivunt
3331 4923 3440 4977 jam
3472 4923 3580 4964 non

1980 4999 2086 5056 sibi
2115 5000 2266 5072 ipsis,
2297 4999 2426 5054 vivit
2448 5007 2626 5056 autem
2654 5001 2709 5055 in
2741 5001 2823 5055 his
2851 5001 3099 5059 Christus
3130 5002 3273 5074 (Gal.
3303 5005 3386 5072 ιι),
3420 5019 3578 5074 quem

1979 5091 2144 5148 rebus
2189 5089 2442 5147 omnibus
2485 5091 2746 5164 abjuratis
2779 5095 2948 5150 secuti
2998 5103 3143 5150 sunt.
3190 5094 3325 5150 Nam
3372 5094 3425 5150 in
3477 5097 3581 5153 hoc

1981 5184 2202 5240 demum
2252 5197 2500 5240 secessus
2527 5199 2562 5240 a
2592 5184 2792 5241 mundo
2822 5186 3098 5252 consistit,
3131 5196 3189 5242 ut
3226 5196 3446 5257 propter
3490 5205 3580 5244 ea-

1981 5292 2100 5335 rum
2135 5293 2316 5334 rerum
2349 5294 2468 5350 qua:
2489 5287 2678 5334 natura
2707 5278 3046 5334 sublimiores
3078 5288 3200 5334 sun.“
3229 5278 3577 5349 cupiditatem

1980 5370 2342 5429 voluntarium
2373 5373 2455 5428 sui
2485 5372 2652 5442 ipsius
2682 5371 2863 5428 odium
2894 5371 3158 5442 quispiam
3186 5373 3478 5444 concipiat,
3513 5389 3578 5431 ac

1980 5473 2227 5519 naturam
2259 5464 2493 5536 abjuret.
2531 5464 2596 5519 Hi
2628 5464 2789 5534 igitur
2818 5461 3131 5534 angelorum
3164 5463 3336 5519 instar
3383 5465 3437 5520 in
3468 5469 3575 5521 vita

1979 5567 2284 5624 versantur,
2324 5557 2561 5626 psalmos
2601 5554 2852 5610 videlicet
2879 5562 2934 5610 et
2965 5554 3194 5626 hymnos
3220 5557 3578 5615 concordibus

1977 5652 2174 5706 animis
2234 5651 2461 5706 Domino
2508 5658 2804 5719 canentes,
2847 5659 2903 5706 et
2952 5648 3326 5709 confessorum
3374 5667 3572 5710 nomen

1978 5754 2196 5816 propter
2224 5743 2546 5800 obedientize
2592 5743 2884 5800 certamina
2915 5744 3239 5803 obtinentes.
3291 5745 3348 5802 In
3379 5747 3574 5816 quibus

1977 5839 2140 5892 etiam
2182 5835 2513 5892 Dominicum
2547 5836 2677 5891 illud
2716 5839 2992 5895 oraculum
3034 5840 3319 5912 expletur:
3349 5839 3574 5895 ubicun-

1977 5947 2080 6004 quc
2110 5931 2302 5990 fuerint
2335 5930 2443 5989 duo
2472 5932 2556 5990 vel
2585 5941 2694 5992 tres
2722 5936 3028 6008 congregati
3063 5937 3117 5992 in
3163 5934 3400 6006 nomine_
3424 5946 3572 6000 meo,

3097 6031 3173 6092 16
