4158 6354
559 392 659 456 tsi
1093 384 1096 387 '
1607 383 1696 442 ne
1734 382 1913 441 virts
1958 370 2242 437 PATRUM
2283 376 2491 433 manu
2534 370 2807 433 ramus.
3743 356 3850 428 ne

560 515 672 572 illic
696 525 814 568 sum
841 528 895 566 .n
924 508 1100 565 medio
1119 507 1328 563 illorum
1352 501 1567 576 (Matth.
1595 503 1770 573 xvni).
1795 499 1997 567 Quibus
2024 511 2146 551 ver—
2175 493 2220 554 Α
2252 503 2358 550 tam
2392 509 2512 548 eam
2542 507 2661 562 quae
2682 502 2949 560 nunquam
2980 482 3204 554 occidit,
3240 498 3340 541 nec
3367 491 3541 541 morte
3562 481 3852 540 interrum-

560 607 648 664 bis
676 621 782 660 non
813 608 913 657 hoc
957 601 1219 655 duntaxat
1261 612 1483 651 numero
1513 610 1606 650 eos
1635 595 1724 664 qui
1759 595 1809 647 in
1854 593 2021 661 ipsius
2051 603 2153 642 no-
2260 591 2422 660 pitur,
2457 586 2818 654 arripuerunt.

560 698 710 755 mine
738 699 1127 764 congregantur
1176 689 1599 758 circumscripsit
1624 730 1640 756 ,
1671 688 1856 742 verum
1889 701 1984 754 per
2023 685 2156 738 duos
2335 682 2442 735 l-los
2468 680 2626 750 igitur
2650 673 2996 731 admirandos
3025 681 3078 727 et
3108 680 3325 726 sanctos
3353 669 3497 724 viros
3521 683 3621 722 nos
3643 679 3857 736 quoque

560 800 656 846 aut
684 799 794 844 tres
826 763 1154 842 indefinitum
1199 800 1478 839 numerum
1509 782 1846 852 significavit.
1879 779 2013 834 Nam
2046 779 2158 833 sive
2260 775 2464 844 indigni
2494 787 2556 826 ac
2587 767 2944 838 deSpicabiles
2987 765 3184 820 imitari
3221 763 3526 826 studemus;
3556 773 3745 815 verum
3770 773 3860 813 eo-

565 885 721 953 pauci
753 882 864 935 sive
896 880 1050 934 multi
1079 880 1149 933 ob
1191 889 1434 933 sanctum
1486 878 1652 946 ipsius
1683 889 1878 930 nomen
1911 875 1962 928 in
1993 885 2156 927 unum
2263 884 2381 923 rum
2411 867 2534 920 vita:
2560 862 2799 920 caelestis
2829 859 3099 927 fastigium
3134 856 3352 910 minime
3381 853 3743 923 assequimur,
3766 851 3859 905 setl

559 975 908 1043 conveniant,
936 974 1093 1042 eique
1121 973 1330 1027 ardenti
1379 987 1562 1026 amore
1593 971 1793 1025 cultum
1845 969 2154 1032 adhibeant,
2263 977 2360 1034 pro
2389 959 2714 1015 infirmitatis
2755 966 2953 1010 nostrae
2976 968 3040 1009 ac
3080 952 3294 1008 miserae
3342 948 3611 1005 facultatis
3643 945 3862 1001 modulo

562 1067 672 1120 illic
703 1082 827 1122 eum
860 1068 914 1120 in
943 1065 1124 1121 medio
1153 1079 1433 1122 servorum
1469 1079 1691 1120 suorum
1720 1063 1909 1118 adesse
1940 1062 2158 1116 minime
2263 1071 2450 1112 eorum
2482 1056 2642 1108 vitam
2688 1049 3063 1121 exprimimus.
3117 1049 3292 1114 Atque
3343 1046 3581 1114 ipsorum
3616 1040 3860 1093 habitttm

561 1161 886 1216 dubitamus.
2262 1147 2520 1220 gerimus,
2553 1143 2761 1202 etiamsi
2791 1157 2955 1212 opera
2998 1155 3104 1194 non
3135 1151 3512 1208 assequamur.
3548 1132 3759 1188 Etenim
3785 1132 3867 1185 di-

632 1253 734 1306 Per
761 1252 876 1306 haec
906 1251 1176 1321 exempla,
1217 1257 1272 1305 et
1302 1263 1396 1318 per
1438 1245 1747 1316 hujusmodi
1795 1245 2058 1299 coitiones
2106 1253 2161 1299 et
2267 1241 2442 1294 vinam
2467 1239 2603 1292 hanc
2626 1234 3015 1306 professionem
3049 1241 3328 1302 peceatum
3351 1227 3866 1299 propulsare,atque

557 1345 819 1407 actiones,
852 1342 1052 1397 terreni
1076 1343 1314 1398 coalitum
1365 1340 1526 1393 vitam
1569 1338 1763 1393 imitati
1794 1347 1935 1403 sunt,
1970 1348 2025 1390 ut
2070 1335 2160 1406 qui
2265 1332 2680 1402 ineorruptionis
2711 1342 2805 1399 per
2834 1329 3076 1383 divinum
3106 1325 3372 1395 baptisma
3402 1323 3561 1377 nobis
3593 1333 3867 1375 concessae

558 1435 612 1490 in
639 1435 880 1505 jejuniis,
909 1444 963 1489 et
1012 1433 1260 1504 precibus
1301 1447 1363 1486 ac
1407 1430 1620 1501 vigiliis,
1655 1431 1709 1484 in
1738 1429 2038 1484 calentibus
2076 1427 2159 1482 la-
2267 1427 2468 1482 sociam
2515 1433 2570 1481 et
2597 1423 3000 1494 Opitulatricem
3053 1435 3177 1476 esse
3210 1427 3552 1489 perspectum
3584 1413 3864 1468 habemus.

560 1530 762 1600 crymis
789 1539 844 1583 et
873 1529 1016 1583 luctu
1048 1528 1116 1583 ab
1145 1527 1292 1583 omni
1317 1526 1484 1580 animi
1515 1524 1863 1580 distractione
1893 1523 2065 1577 libero
2107 1521 2161 1576 in
2267 1523 2345 1576 Ac
2375 1521 2653 1575 beatorum
2705 1517 2917 1574 illorum
2961 1515 3199 1569 virorum
3230 1509 3577 1566 sermonibus
3609 1506 3862 1573 adducti,

560 1621 996 1692 peregrinatione
1022 1634 1085 1673 ac
1114 1620 1303 1673 mortis
1350 1617 1637 1683 memoria,
1687 1617 1741 1671 in
1774 1616 1987 1671 lenitate
2041 1613 2160 1667 auio
2267 1616 2498 1670 caducas
2537 1621 2697 1683 atque
2744 1608 2984 1666 lnteritui
3033 1608 3295 1664 obnoxias
3344 1605 3568 1676 hujusce
3611 1603 3734 1658 vitae
3781 1615 3870 1657 res

560 1716 744 1786 mique
772 1714 964 1770 affectu
995 1717 1062 1769 ab
1093 1715 1364 1768 iracundia
1415 1722 1648 1778 remoto,
1686 1711 1740 1766 in
1793 1711 2058 1765 labiorum
2087 1708 2162 1764 si-
2269 1718 2596 1775 magnopere
2624 1703 3068 1767 condemnamus,
3101 1700 3153 1754 in
3185 1698 3382 1769 quibus
3411 1695 3543 1750 nihil
3576 1694 3792 1749 ﬁrmum
3813 1699 3868 1746 et

560 1784 744 1874 letitio,
778 1808 830 1863 in
863 1817 1179 1879 paupertate
1206 1816 1367 1877 atque
1391 1807 1594 1876 inopia,
1625 1806 1679 1860 in
1711 1804 1955 1858 castitate
1983 1817 2046 1858 ac
2075 1818 2160 1870 pu-
2267 1794 2555 1864 atquabile,
2588 1793 2838 1862 quodque
2858 1790 3110 1846 eumdem
3141 1801 3359 1856 semper
3383 1795 3582 1841 statum
3610 1784 3867 1846 retineat,

560 1901 763 1966 dicitia,
796 1875 1172 1954 inliumilitate
1197 1909 1253 1954 et
1281 1875 1576 1968 quietc,ae
1625 1896 1859 1966 denique
1905 1895 1957 1949 in
1989 1894 2164 1963 perfe-
2191 1888 2243 1952 B
2269 1885 2498 1942 inveniri
2528 1893 2736 1955 potest:
2771 1898 2956 1938 verum
3012 1881 3192 1937 omnia
3240 1879 3450 1934 vanitas
3489 1886 3616 1932 sunt
3644 1875 3868 1930 etalfti-

558 2001 647 2048 cta
680 2006 805 2060 erga
829 1991 994 2046 Deum
1032 2000 1083 2046 et
1116 1991 1425 2060 proximum
1450 1989 1711 2045 charitate
1737 1990 2015 2057 praesentis
2041 1989 2163 2043 vita;
2266 1981 2374 2037 ctio
2403 1978 2622 2048 spiritus
2653 1976 2849 2048 (Eccle.
2882 1975 2980 2043 tt)';
3011 1974 3211 2029 multas
3244 1971 3501 2041 temporis
3533 1977 3732 2040 puncto
3759 1982 3869 2022 mu-

558 2084 880 2141 curricnlum
915 2082 1266 2149 confecerint,
1292 2083 1620 2154 angelosque
1663 2083 1902 2137 moribus
1932 2097 2156 2153 expres-

2263 2074 2514 2143 ,tationes
2536 2075 2754 2128 ferens:
2786 2069 3052 2140 siquidem
3081 2068 3133 2122 in
3158 2066 3407 2130 somniis,
3450 2074 3506 2120 et
3533 2062 3764 2127 umbris,
3807 2076 3867 2115 ac

563 2177 755 2232 seriut.
783 2176 864 2232 0b
887 2191 1115 2246 eamque
1136 2190 1356 2231 causam
1392 2177 1531 2230 Deus
1563 2175 1836 2230 miraculis
1876 2190 1938 2230 ac
1990 2175 2162 2244 signis
2271 2169 2448 2225 ventis
2478 2183 2659 2224 aerem
2693 2163 3044 2236 perﬂantibus
3070 2161 3418 2218 imbecilliora
3449 2167 3596 2214 sunt.
3627 2157 3867 2223 Quorum

560 2269 836 2339 variisque
862 2269 1147 2324 virtutibus
1190 2284 1285 2324 eos
1315 2269 1616 2336 exornavit,
1668 2268 1955 2338 effecitque
1983 2279 2041 2323 ut
2061 2270 2162 2324 ad-
2267 2279 2440 2336 parva
2474 2271 2528 2317 et
2546 2259 2729 2316 brevis
2752 2259 3024 2327 voluptas,
3049 2255 3158 2310 imo
3183 2270 3286 2309 non
3306 2253 3575 2322 voluptas,
3597 2250 3693 2305 sed
3720 2248 3868 2303 fraus

558 2363 820 2416 mirandae
843 2377 1032 2416 eorum
1060 2363 1183 2416 vita:
1208 2363 1432 2417 rationis
1456 2376 1614 2427 sono,
1651 2362 1750 2431 ipsi
1779 2375 1992 2432 quoque
2014 2363 2162 2419 orbis
2271 2355 2519 2428 quaedam
2536 2354 2902 2422 etimpostura
2920 2345 3294 2420 perversitatis
3309 2341 3492 2399 mundi
3509 2381 3525 2407 ,
3545 2355 3705 2410 quem
3721 2338 3870 2393 nullo

560 2463 824 2509 terrarum
854 2453 988 2510 lines
1016 2464 1329 2523 personent.
1365 2457 1443 2510 At:
1475 2456 1519 2510 si
1563 2454 1723 2511 unius
1766 2456 2024 2524 ipsorum,
2059 2456 2162 2511 hoc
2266 2450 2874 2519 mododiligere,verum
2889 2444 3143 2514 potiusex
3158 2441 3340 2495 animo
3357 2435 3867 2505 odisseatqueinse-

561 2556 650 2604 est
694 2549 933 2614 Antonii,
984 2550 1074 2619 qui
1121 2551 1281 2605 etiam
1327 2551 1638 2605 monasticae
1681 2549 1806 2605 vita:
1852 2565 2060 2620 auspex
2100 2564 2164 2605 ac
2267 2537 3258 2608 etaridocemurttJoan.n).Aesane
3280 2531 3481 2586 odioac
3503 2529 3867 2584 detestatione

559 2642 814 2712 princeps
853 2643 1132 2698 exstitisse
1161 2643 1378 2712 dieitur,
1409 2644 1574 2698 vitam
1615 2643 1711 2699 tibi
1756 2643 2028 2714 sigillatim
2056 2658 2161 2700 ex-
2267 2636 2461 2707 dignus
2485 2643 2597 2690 est:
2621 2647 2743 2687 nam
2758 2629 3016 2702 quidquid
3042 2627 3230 2683 amicis
3276 2625 3386 2681 suis
3411 2625 3555 2679 dono
3583 2623 3697 2689 dat,
3723 2622 3862 2676 idem

560 2753 842 2806 ponerem,
876 2739 1127 2792 nimirum
1149 2754 1215 2793 ex
1239 2754 1342 2792 una
1368 2739 1564 2794 arbore
1587 2737 1816 2792 fructum
1846 2753 2033 2794 eorum
2068 2739 2163 2809 qui
2265 2743 2452 2787 rursus
2474 2728 2654 2782 animo
2678 2726 2815 2780 irato
2842 2723 3020 2793 eripit,
3050 2732 3210 2792 atque
3232 2719 3377 2775 omni
3409 2719 3551 2774 bono
3579 2715 3866 2788 spoliatos,

560 2831 807 2900 ejusdem
847 2833 1060 2901 generis
1102 2845 1167 2888 ac
1194 2833 1391 2902 speciei
1429 2834 1590 2905 271
1643 2835 1770 2899 sint,
1821 2832 2160 2888 dulcedinem
2266 2821 2671 2894 ignominiaque
2697 2818 2935 2888 indutos,
2966 2817 3326 2888 gravibusque
3374 2812 3600 2868 sarcinis
3643 2820 3868 2866 onustos

556 2935 782 2995 prorsus
812 2926 1184 2996 intelligeres,
1227 2903 1606 2998 quoniam
1630 2927 1725 2983 ille
1756 2927 2162 2984 exercitationis
2267 2915 2336 2970 ad
2367 2915 2750 2982 sempiternam
2782 2912 3138 2967 calamitatem
3169 2908 3503 2963 transmittit.
3539 2905 3604 2959 Et
3651 2919 3788 2975 quos
3815 2903 3869 2960 in

558 3017 826 3088 religiosa:
856 3019 1264 3077 fundamentum
1289 3021 1443 3091 ierit,
1489 3031 1544 3077 et.
1585 3022 1857 3092 quodnam
1890 3020 2161 3090 fastigium
2269 3006 2500 3063 sublime
2527 3005 2748 3071 attollit,
2779 3014 3038 3060 extremae
3091 3001 3376 3058 humilitati
3403 3010 3566 3070 atque
3593 2998 3869 3054 afflictioni

555 3113 773 3179 struxit,
806 3123 862 3170 et
892 3124 1120 3185 quantas
1166 3129 1197 3169 a
1248 3115 1532 3172 Salvatore
1587 3115 1790 3185 gratias
1840 3121 2164 3170 consecutus

2267 3103 2532 3158 obnoxios
2571 3101 2968 3171 quamprimum
3017 3100 3216 3164 reddit,
3268 3099 3608 3167 hostiumque
3648 3108 3869 3150 suorum

558 3215 661 3262 est.
693 3206 944 3279 Plerique
967 3209 1130 3264 etiam
1158 3208 1250 3264 alii
1303 3218 1424 3279 post
1451 3223 1574 3264 eum
1625 3210 1816 3263 eodem
1865 3207 2160 3263 certamine

2267 3192 2498 3248 ludibrio
2527 3193 2775 3263 exponit.
2823 3191 3141 3260 Huiusmodi
3172 3190 3312 3245 enim
3344 3197 3468 3244 sunt
3516 3187 3683 3255 ipsius
3711 3188 3873 3243 bene-

557 3301 851 3374 perfuncti,
883 3303 952 3360 ad
973 3305 1193 3361 easdem
1222 3317 1454 3360 coronas
1481 3313 1537 3360 et
1564 3303 1752 3360 eadem
1783 3303 2003 3375 praemia
2033 3317 2162 3373 per-
2192 3299 2199 3344 i

2232 3285 2417 3356 licia,
2471 3286 2777 3359 huiusmodi
2838 3286 3008 3356 ipsius
3064 3299 3309 3340 munera.
3367 3283 3681 3338 Amicorum
3729 3283 3874 3336 enim

558 3405 825 3452 Venerunt
1787 3374 1792 3375 ί
2271 3396 2493 3442 suorum
2525 3382 2694 3437 hostis
2722 3388 2822 3446 est,
2856 3379 3212 3450 omnibusque
3238 3379 3330 3449 qui
3377 3379 3546 3447 ipsius
3577 3374 3877 3429 voluntati-

634 3491 781 3544 Beati
811 3498 961 3546 certe
1005 3492 1080 3547 illi
1107 3505 1173 3548 ac
1203 3499 1286 3546 ter
1312 3491 1478 3555 beati,
1510 3500 1567 3546 ut
1593 3492 1684 3561 qui
1711 3490 1809 3546 Dei
1839 3506 2025 3546 amore
2063 3490 2163 3546 na.
2271 3478 2374 3534 bus
2402 3478 2789 3546 obsequuntur,
2821 3471 3044 3528 insidias
3080 3472 3242 3527 struit
3272 3488 3286 3524 :
3320 3470 3646 3525 horrendum
3678 3467 3872 3522 videlio

558 3590 800 3652 grarunt,
826 3591 990 3648 atque
1009 3583 1082 3638 ob
1111 3585 1279 3653 ipsius
1309 3585 1631 3640 charitatem
1650 3585 1832 3639 omnia
1865 3597 1965 3654 pro
1993 3583 2166 3639 nihilo
2271 3581 2360 3630 cet
2385 3575 2437 3628 iu
2467 3571 2686 3627 modum
2713 3583 2807 3624 eos
2833 3567 2922 3638 qui
2953 3567 3055 3638 ipsi
3084 3567 3406 3627 innituntur,
3443 3561 3802 3626 conturbans,
3824 3571 3881 3615 et

561 3673 846 3730 duxerunt.
898 3673 1179 3744 Siquidem
1229 3674 1499 3746 lacrymas
1543 3673 1931 3745 profuderunt,
1963 3673 2166 3744 diuque

2274 3677 2461 3722 eorum
2507 3665 2596 3736 qui
2651 3660 2902 3716 ﬁduciam
2955 3673 3107 3714 suam
3162 3659 3310 3713 ineo
3362 3655 3631 3711 collocant
3681 3667 3882 3708 nervos

559 3783 626 3823 ac
661 3777 819 3822 noctu
872 3768 926 3822 in
960 3770 1105 3824 luctu
1136 3770 1333 3824 versati
1363 3779 1508 3834 aunt,
1539 3777 1599 3824 ut
1628 3776 1944 3839 perpetuam
1973 3781 2168 3822 consoc
2274 3769 2462 3817 omnes
2495 3759 2722 3814 elidens.
2753 3753 2885 3810 Cum
2926 3754 3108 3810 stultis
3137 3750 3312 3807 foedus
3357 3751 3553 3812 sancit,
3604 3747 3886 3817 falsasque

559 3857 818 3916 lationem
871 3860 1334 3931 adipiscerentur;
1389 3876 1449 3917 se
1497 3860 1646 3931 ipsos
1696 3861 1837 3916 ultro
1885 3860 2170 3928 depresse‘
2275 3855 2692 3928 pollicitationes
2719 3853 2840 3920 init,
2887 3850 2987 3906 hoc
3017 3856 3223 3903 tantum
3265 3845 3478 3909 animo,
3513 3852 3570 3898 ut
3605 3857 3700 3898 eos
3727 3842 3793 3896 ad
3821 3855 3890 3896 se

560 3965 709 4022 runt,
734 3964 793 4009 ut
813 3956 922 4011 illic
946 3960 996 4011 in
1027 3957 1192 4011 altum
1213 3957 1624 4019 attollerentur;
1652 3971 1845 4012 carnes
1874 3970 2000 4010 suas
2026 3955 2170 4009 fame
2276 3955 2572 4025 pertrahat.
2605 3952 2713 4008 lllis
2741 3958 2920 4007 autem
2971 3952 3184 4004 sincero
3224 3944 3405 3999 animo
3436 3955 3555 3997 sese
3595 3938 3662 3994 ad
3709 3937 3888 4008 ipsum

562 4060 626 4098 ac
655 4046 744 4100 siti
785 4057 840 4100 et
867 4048 1065 4114 vigiliis
1095 4050 1484 4114 confecerunt,
1520 4059 1578 4102 ut
1609 4050 1719 4105 illic
1756 4049 1994 4118 paradisi
2034 4047 2173 4102 deli-
2277 4046 2714 4118 adjungentibus,
2763 4045 3042 4115 improbus
3085 4042 3203 4112 ipse
3235 4048 3296 4093 ac
3323 4036 3553 4093 mendax
3577 4047 3700 4089 esse
3741 4045 3892 4087 conl-

563 4137 665 4192 ciae
691 4147 748 4193 et
772 4142 1066 4195 exsultatio
1097 4143 1246 4209 ipsos
1276 4145 1615 4212 exciperent.
1648 4143 1879 4210 Spiritus
1901 4142 2071 4197 sancti
2093 4151 2174 4196 tae
2277 4141 2504 4212 peritur,
2537 4140 2669 4195 nihil
2699 4152 2887 4193 eorum
2918 4151 3040 4207 qua:
3075 4133 3354 4204 pepigerat
3383 4136 3664 4197 praestans.

563 4233 911 4290 bernaculum
943 4252 1039 4306 per
1064 4238 1243 4292 cordis
1275 4238 1564 4309 puritatem
1600 4236 1946 4302 exstiterunt,
1984 4247 2168 4305 quem-
2351 4234 2484 4290 Nam
2529 4251 2652 4290 cum
2691 4233 2943 4305 iucundis
2969 4230 3106 4286 cibis
3133 4242 3318 4284 eorum
3353 4224 3534 4278 fauces
3565 4218 3727 4275 hodie
3754 4216 3892 4270 deli-

566 4325 856 4380 admodum
890 4328 1151 4397 scriptum
1177 4339 1258 4384 est
1295 4346 1306 4381 :
1340 4327 1739 4383 lnbabitabo-in
1771 4327 1900 4398 ipsis
1921 4335 1972 4382 et
2003 4327 2177 4380 inam-
2278 4329 2432 4396 nivit,
2469 4343 2588 4383 cras
2615 4328 2834 4382 eosdem
2867 4325 3110 4380 hostibus
3161 4321 3274 4376 suis
3301 4314 3640 4375 devorandos
3671 4311 3888 4381 objicit.

565 4417 763 4474 bulabo
811 4417 896 4489 (Il
936 4419 1057 4475 Cor.
1110 4423 1207 4490 vi).
1257 4422 1482 4489 Seipsos
1527 4420 1727 4476 mundo
1784 4420 2176 4476 crucifixerunt
2279 4417 3273 4491 llodieregemaliquemcreat,etcras
3299 4407 3613 4467 eumtlemin
3633 4406 3896 4460 miseram

571 4508 790 4582 (Ep/tes.
820 4513 920 4583 v1),
954 4525 1011 4569 ut
1041 4514 1104 4568 ad
1137 4515 1336 4570 Christi
1370 4514 1656 4570 dexteram
1684 4523 1929 4580 starent;
1956 4513 2174 4570 lumbos
2279 4514 2597 4572 servitutem
2615 4512 2844 4576 addicit;
2875 4510 3036 4566 hodie
3067 4505 3363 4564 innumeris
3397 4499 3553 4558 bonis
3593 4500 3896 4554 florentem

568 4615 698 4656 suos
747 4603 801 4656 in
856 4605 1083 4659 veritate
1129 4606 1555 4672 succinxerunt,
1607 4615 1766 4676 atque
1816 4605 1870 4661 in
1924 4617 2221 4676 promptu,
2281 4602 3403 4675 reddit,crasmendicumetmancipiorum
3424 4595 3778 4663 mancipium;
3810 4592 3900 4644 ho-

570 4708 789 4762 Scmper
822 4695 1101 4766 lampades
1134 4698 1461 4764 habuerunt,
1502 4675 1826 4756 immortalis
1863 4675 2046 4770 sponsi
2075 4700 2174 4754 ad-
2200 4675 2260 4740 Β
2283 4702 2370 4757 die
2392 4699 2657 4769 insignem
2679 4711 2932 4753 coronam
2955 4695 3121 4765 ipsius
3144 4684 3900 4763 capitiimponit,crasipsius

571 4794 790 4842 ventum
821 4800 1196 4858 exspectantes
1219 4792 1437 4863 (Matth.
1468 4797 1623 4864 xxv).
1652 4794 1783 4848 Nam
1816 4808 1936 4849 cum
1975 4793 2177 4850 mentis
2285 4795 2475 4850 faciem
2489 4802 2650 4848 terrae
2667 4792 2868 4856 allidit;
2895 4788 3241 4858 hodieipsius
3261 4785 3457 4841 collum
3483 4778 3783 4850 splendidis
3807 4777 3896 4832 di-

572 4880 742 4934 oculis
768 4881 974 4949 praediti
1007 4893 1208 4949 essent,
1243 4884 1573 4940 horrendum
1606 4886 1756 4942 illum
1787 4887 1931 4943 diem
1961 4901 2177 4957 semper
2287 4891 2550 4961 gnitatum
2570 4886 2864 4943 honoribus
2885 4876 3528 4947 exornat,craseumdem
3551 4873 3903 4929 ferreiscate-

572 4974 1012 5044 prospiciebant:
1049 4986 1212 5048 atque
1255 4988 1366 5033 tum
1402 4981 1706 5036 futurorum
1741 4983 2032 5049 bonorum,
2063 4992 2174 5039 tum
2288 4985 2373 5038 nis
2413 4982 2653 5036 vinetum
2683 4978 2888 5048 dejicit.
2928 4975 3010 5030 Ad
3045 4975 3206 5030 breve
3238 4982 3447 5041 tempus
3470 4967 3712 5023 omnium
3743 4979 3908 5018 arno-

574 5065 740 5122 futuri
783 5070 1036 5140 supplicii
1083 5072 1597 5141 contemplationem
1632 5075 1707 5130 ita
1739 5075 1791 5131 in
1819 5091 2049 5144 corpore
2079 5077 2176 5132 de—
2288 5089 2402 5130 rem
2418 5088 2478 5128 ac
2493 5071 2919 5128 benevolentiam
2940 5065 3332 5137 ipsiconciliat;
3355 5063 3632 5130 aliquanto
3651 5069 3775 5128 post
3803 5072 3908 5112 au-

573 5163 736 5217 ﬁxam
784 5166 1067 5235 gerebant,
1097 5177 1157 5220 ut
1185 5166 1254 5220 ab
1283 5168 1395 5236 ipsa
1443 5184 1716 5239 nunquam
1765 5169 2178 5225 divellerentur.
2297 5179 2402 5223 tem
2429 5166 2604 5222 eidem
2635 5163 2874 5219 omnium
2907 5161 3090 5216 odium
3120 5169 3175 5215 et
3195 5157 3639 5214 exsecrationem
3672 5151 3908 5208 conﬁat.

576 5258 752 5329 Atque
782 5258 870 5313 hic
897 5259 1148 5314 laborare
1178 5261 1536 5326 studuerunt,
1583 5273 1641 5317 ut
1691 5262 2040 5332 sempiternas
2068 5263 2182 5329 glo-
2294 5260 2470 5317 Hodie
2518 5260 2693 5329 ipsum
2742 5256 3019 5326 voluptate
3049 5251 3250 5317 afficit,
3294 5260 3349 5306 et
3369 5264 3490 5305 eras
3519 5246 3784 5303 eumdem
3829 5245 3910 5298 lu-

576 5350 673 5403 riae
700 5361 976 5421 compotes
1003 5363 1212 5409 essent.
1244 5351 1716 5409 Perturbationum
1746 5364 2027 5423 expertes,
2071 5371 2183 5410 non
2293 5356 2470 5411 ctibus
2504 5367 2566 5409 ac
2609 5353 2861 5407 lamentis
2893 5349 3132 5406 conficit.
3162 5347 3467 5412 Quemnam
3521 5350 3704 5397 autem
3738 5340 3918 5396 etiam

579 5455 736 5496 secus
768 5453 928 5513 atque
973 5447 1170 5515 angeli,
1201 5446 1452 5514 fuerunt;
1487 5461 1551 5502 ac
1593 5461 1734 5502 nunc
1761 5459 1886 5502 cum
1915 5447 2024 5501 illis
2049 5461 2185 5514 quo-
2293 5447 2427 5517 ipsis
2458 5445 2621 5501 finem
2655 5446 2932 5516 imponat,
2983 5441 3131 5496 audi.
3182 5439 3392 5494 incolas
3439 5437 3583 5492 enim
3639 5435 3924 5505 gehennae

578 5550 701 5589 rum
731 5536 892 5590 vitam
927 5537 1121 5593 imitati
1153 5549 1303 5608 sunt,
1348 5541 1580 5594 choreas
1606 5546 1794 5608 agunt.
1829 5537 1982 5592 Beati
2010 5535 2088 5592 illi
2119 5554 2185 5595 ae
2298 5556 2395 5597 eos
2421 5553 2449 5594 a
2480 5539 2674 5609 quibus
2720 5538 3000 5592 adamatus
3043 5542 3127 5589 est
3171 5531 3536 5588 miserandum
3580 5528 3635 5584 in
3683 5526 3919 5582 modum

580 5641 662 5684 ter
692 5629 854 5694 beati,
889 5631 1142 5699 quoniam
1188 5633 1358 5690 ﬁrmis
1390 5634 1587 5690 mentis
1617 5632 1787 5688 oculis
1834 5632 2181 5702 prmsentium
2297 5635 2483 5693 efficit.
2519 5633 2644 5688 llaec
2673 5645 2889 5702 semper
2919 5628 3086 5701 ipsius
3110 5639 3266 5699 mens
3295 5639 3356 5683 ac
3378 5625 3646 5682 sententia
3667 5631 3772 5687 est,
3804 5619 3921 5676 hoc

579 5737 760 5777 rerum
793 5722 1110 5792 vanitatem,
1134 5734 1297 5797 atque
1325 5728 1577 5784 humanae
1609 5726 1987 5797 prosperitatis
2014 5724 2187 5780 incer.
2300 5731 2623 5785 institutum.
2658 5725 2770 5782 Nec
2806 5738 2901 5781 eos
2931 5726 3021 5794 qui
3063 5723 3440 5793 praeterierunt
3481 5720 3646 5789 luget,
3683 5728 3788 5772 nec
3819 5729 3926 5770 eo-

580 5817 860 5873 titudinem
892 5828 951 5873 et
977 5819 1396 5879 inconstantiam
1434 5831 1850 5895 perspexerunt,
1888 5835 2058 5892 eaque
2099 5836 2188 5877 re-
2301 5840 2420 5878 rum
2465 5824 2554 5894 qui
2609 5820 2781 5878 relicti
2828 5827 2951 5875 sunt
2977 5815 3447 5874 commiseratione
3492 5811 3750 5869 afficitur.
3801 5807 3930 5864 Illis

579 5909 744 5980 facta,
772 5910 1102 5983 sempiterna
1127 5910 1270 5972 bona
1295 5914 1401 5975 sibi
1431 5918 1568 5988 ipsis
1597 5916 1986 5985 condiderunt,
2011 5932 2074 5974 ac
2101 5918 2184 5974 vi-
2231 5993 2268 6030 Ἰ
2303 5916 2448 5974 enim
2467 5927 2619 5984 gravi
2641 5914 2968 5972 detrimento
2983 5909 3277 5979 mulctatis,
3298 5907 3608 5978 retibusque
3620 5901 3912 5962 suisineh
