4158 6354
227 402 339 463 ι.θό

663 402 828 461 ἯΤΑ
867 402 1285 463 SANCTORUM
1330 399 1663 461 BARLAAM
1705 398 2035 459 EREMITJE
2079 405 2166 460 ΕΤ
2205 401 2559 463 JOSAPllAT
2600 403 2807 464 INDle
2847 405 3075 464 REGIS.

3403 403 3497 464 491

220 524 319 590 sis,
353 523 420 578 ad
468 523 564 578 hos
594 539 779 579 rursus
827 534 999 581 artem
1049 541 1198 580 suam
1245 524 1534 580 transferre
1585 525 1808 588 nititur,
1838 524 2100 584 Amundi
2129 524 2514 594 jucunditatem
2567 537 2618 581 et
2674 524 3011 580 dulcedinem
3060 517 3344 593 signiﬁcat,
3409 535 3502 593 per

218 616 490 672 neminem
541 615 810 682 videlicet,
862 616 950 687 qui
995 618 1325 688 periculosos
1376 616 1542 686 ipsius
1592 615 1811 685 laqueos

217 707 438 778 ell‘ngiat
465 724 586 764 esse
610 709 852 778 cupiens.

292 802 651 870 Quamobrem
680 818 773 857 eos
821 803 906 871 qui
954 815 1058 857 tam
1093 802 1347 872 pestifero
1377 816 1439 856 ae
1486 802 1646 872 272
1683 815 1809 854 cru-

216 895 326 951 deli
351 895 569 950 domino
599 896 858 961 serviunt,
892 897 1086 965 quique
1118 912 1148 950 a
1186 897 1327 950 lieno
1355 909 1418 952 ac
1443 896 1672 964 benigno
1720 910 1812 963 per

214 1002 482 1043 summam
513 987 837 1042 dementiam
865 989 1073 1056 scipsos
1101 996 1456 1053 removentes,
1486 987 1648 1042 rebus
1671 1002 1810 1056 prac-

217 1081 462 1136 sentibus
490 1081 698 1134 inhiant
717 1089 772 1134 et
799 1079 1160 1146 intabescunt,
1191 1096 1289 1135 nec
1315 1080 1488 1135 futura
1519 1079 1627 1133 ullo
1651 1079 1811 1134 modo

213 1172 479 1242 cogitant,
512 1186 695 1225 verum
727 1170 793 1225 ad
817 1185 1108 1242 corporeas
1130 1171 1343 1240 quidem
1369 1172 1671 1240 voluptates
1694 1172 1812 1226 sine

217 1265 328 1320 ulla
384 1264 790 1319 intermissione
838 1279 958 1319 sese
1007 1264 1326 1328 eonl'erunt,
1372 1267 1577 1318 animus
1630 1273 1810 1319 autem

211 1374 342 1418 suas
374 1359 515 1414 fame
544 1359 758 1424 centici,
790 1368 845 1415 et
889 1360 1186 1415 innumeris
1231 1360 1386 1415 malis
1415 1360 1709 1414 conflictari
1738 1361 1812 1414 si-

213 1462 374 1514 nunt,
409 1450 609 1504 homini
643 1465 672 1503 a
702 1450 931 1505 furentis
949 1451 1224 1506 unicoruis
1250 1451 1386 1506 facie
1415 1452 1634 1521 fugienti
1664 1451 1812 1506 simi-

212 1543 294 1602 les
326 1561 448 1601 esse
475 1559 702 1609 censeo,
733 1545 822 1614 qui
851 1560 973 1600 cum
1006 1546 1258 1600 clamoris
1288 1545 1456 1615 ipsius
1497 1561 1687 1600 sonum
1731 1557 1812 1600 at-

210 1656 318 1711 que
333 1640 635 1694 horrendos
658 1640 889 1710 mugitus
907 1639 1049 1695 ferre
1069 1649 1321 1710 nequeat,
1350 1655 1546 1710 magno
1587 1642 1811 1708 impetu,

209 1749 283 1788 ne
313 1733 412 1802 ipsi
439 1734 490 1787 in
521 1732 757 1802 praedam
787 1733 968 1800 cedat,
993 1733 1220 1803 aufugit.
1258 1735 1391 1788 Dum
1423 1743 1602 1788 autem
1625 1734 1812 1789 celeri-

211 1835 298 1880 ter
348 1827 540 1894 currit,
572 1825 624 1879 in
671 1824 942 1896 ingentem
977 1827 1258 1896 quamdam
1302 1828 1551 1881 scrobem
1581 1827 1709 1889 ruit,
1750 1841 1811 1880 ac

1917 633 2075 685 quam
2110 617 2200 672 ille
2250 621 2456 674 amicos
2504 633 2629 674 suos
2684 618 2992 686 ludificans,
3054 631 3150 673 eos
3183 615 3343 672 saluti
3391 621 3501 673 sum

1919 711 2230 779 prostiicere
2257 713 2476 766 minime
2508 713 2652 764 sinit.

1985 807 2113 859 Car.
2156 805 2292 860 XIII.
2332 837 2401 846 —
2445 807 2589 860 Hanc
2641 807 2946 876 parabolam
2999 807 3256 875 majorem
3307 803 3359 860 in
3393 811 3503 858 nio-

1915 896 2040 950 dum
2086 899 2444 968 comprobans
2474 899 2755 967 .Ios:ipha't,
2792 901 2926 953 dixit
2957 916 2970 952 :
3003 898 3173 966 Quam
3204 905 3366 952 verus
3417 898 3504 954 hic

1913 1005 2093 1046 sermo
2138 1001 2245 1058 est,
2293 1005 2356 1046 ac
2400 990 2781 1046 concinnitatis
2819 993 2994 1046 emnis
3025 991 3255 1061 plenus!
3307 990 3505 1058 Quant-

1913 1086 2099 1140 obrem
2129 1100 2196 1140 ne
2223 1094 2295 1151 te,
2326 1101 2529 1155 quaeso,
2561 1085 2868 1153 hujusmodi
2900 1086 3097 1156 figuras
3130 1087 3256 1140 mihi
3292 1085 3506 1139 assidue,

1915 1178 2284 1234 demonstrare
2315 1180 2512 1249 pigeat,
2564 1194 2670 1246 quo
2699 1189 2848 1234 certo
2877 1179 3167 1248 intelligam
3210 1179 3382 1249 qualis
3415 1195 3509 1231 no—

1915 1283 2027 1326 stra
2054 1272 2159 1326 vita
2192 1271 2282 1340 sit,
2310 1285 2364 1326 et
2408 1285 2542 1342 quas
2575 1285 2660 1327 res
2706 1273 2894 1327 amicis
2924 1274 3033 1326 suis
3063 1281 3324 1327 accersat.
3375 1270 3510 1324 Di\it

1914 1375 2091 1421 autem
2123 1381 2286 1421 senex
2335 1383 2349 1419 :
2380 1367 2596 1421 Similes
2644 1381 2859 1422 rursum
2893 1367 3018 1421 snnt’
3061 1366 3094 1420 ii
3127 1365 3214 1436 qui
3257 1366 3504 1434 volupta-

1913 1467 2025 1512 tum
2059 1457 2212 1528 hujus
2242 1461 2362 1511 vitte
2391 1467 2574 1512 amore
2605 1459 2743 1526 capti
2769 1503 2780 1523 ,
2811 1467 3105 1527 earumque
3132 1459 3394 1512 suavitate
3419 1455 3511 1510 de-

1914 1553 2074 1617 liniti,
2125 1568 2212 1607 res
2244 1554 2412 1606 ﬂuxas
2438 1565 2494 1607 et"
2522 1551 2820 1607 imbecilles
2866 1551 3055 1607 fnt'uris
3085 1561 3246 1621 atque
3274 1567 3301 1603 a
3339 1551 3512 1620 jacta-

1916 1647 2059 1700 tione
2101 1644 2292 1699 alienis
2340 1643 2680 1715 antiquiores
2732 1643 3064 1709 habuerunt,
3119 1641 3360 1707 homini,
3420 1642 3510 1712 qui

1917 1745 2029 1791 tres
2057 1737 2259 1791 amicos
2308 1736 2511 1801 habuit,
2545 1751 2610 1792 ex
2644 1737 2836 1806 quibus
2873 1736 3009 1790 duos
3041 1735 3255 1805 quidem
3300 1735 3503 1805 ingenti

1917 1832 2082 1886 animi
2129 1831 2322 1886 allecto
2349 1831 2578 1896 colebat,
2609 1847 2670 1885 ac
2697 1831 3048 1884 vehementer
3089 1826 3323 1893 amabat,
3371 1828 3507 1881 adeo

207 1919 428 1975 ruendo
451 1934 637 1974 manus
665 1919 982 1984 extendens,
1009 1921 1255 1974 arborem
1281 1922 1570 1990 quamdam
1598 1919 1807 1987 arripit,
1842 1911 1888 1970 Β
1915 1931 1976 1978 ut
2004 1923 2070 1978 ad
2102 1933 2332 1978 mortem
2364 1937 2533 1992 usque
2566 1938 2661 1993 pro
2702 1922 2833 1992 ipsis
2867 1921 3125 1976 dimicare
3175 1927 3236 1973 ac
3277 1917 3516 1988 pericula

209 2027 444 2083 eamque
481 2012 780 2068 arctissime
814 2014 1029 2081 retinet,
1070 2021 1233 2082 atque
1258 2013 1428 2083 gradu
1458 2013 1690 2082 quodam
1737 2016 1815 2065 al-

209 2107 444 2164 ﬁrmatis
493 2106 753 2176 pedibus,
787 2116 976 2177 pacata
1023 2106 1276 2176 deinceps
1306 2108 1507 2170 omnia,
1557 2114 1718 2175 atque
1748 2104 1816 2158 ab

209 2200 358 2254 omni
387 2199 627 2269 periculo
653 2199 830 2254 aliena
863 2214 986 2255 esse
1029 2199 1342 2255 arbitratur.
1373 2199 1693 2269 Respiciens
1720 2214 1817 2254 au-

209 2301 342 2360 tem,
369 2293 510 2348 duos
538 2307 720 2347 mures
750 2292 946 2358 cernit,
973 2293 1200 2349 alterum
1237 2294 1550 2363 candidum,
1581 2293 1814 2348 alterum

209 2398 414 2454 atrum,
448 2386 659 2441 arboris
708 2384 853 2443 illius
883 2402 1041 2454 quam
1071 2388 1378 2458 arripuerat
1413 2387 1648 2443 radicem
1697 2403 1818 2456 per-

211 2490 377 2550 petuo
431 2479 804 2545 corrodentes,
842 2479 1062 2550 jamque
1106 2496 1239 2549 pene
1284 2496 1402 2536 eam
1451 2489 1814 2550 amputantes.

211 2576 394 2643 Atque
443 2572 686 2642 insuper,
738 2572 998 2641 conjectis
1031 2573 1083 2626 in
1127 2573 1288 2627 imam
1323 2573 1569 2628 scrobem
1619 2573 1814 2637 oculis,

212 2665 553 2722 horrendum
585 2666 876 2721 draconem
923 2664 1208 2734 conspicit,
1253 2675 1473 2735 aspectu
1501 2665 1816 2735 ipso-ignem

207 2760 540 2832 spirantem,
570 2774 632 2814 ac
662 2759 828 2814 torvis
875 2757 1044 2814 oculis
1095 2760 1274 2828 ipsum
1307 2759 1624 2824 intuentem,
1687 2758 1816 2812 hor-

210 2853 496 2924 rendeque
529 2854 627 2923 ipsi
677 2851 986 2908 devorando
1023 2851 1343 2908 inhiantem.
1391 2853 1468 2907 Ac
1510 2867 1723 2907 rursum
1762 2851 1818 2906 in

212 2950 389 3022 gradu
421 2949 536 3016 illo,
568 2949 654 3004 cui
708 2948 872 3018 pedes
909 2949 1080 3020 ipsius
1110 2950 1496 3015 innitebantur,
1538 2951 1818 3005 oculorum

213 3045 337 3099 acie
367 3044 567 3110 d--lixa,
597 3053 825 3113 quatuor
853 3044 1102 3113 aspidum
1127 3047 1302 3114 capita
1334 3045 1498 3110 videt,
1535 3060 1564 3099 e
1592 3047 1818 3114 pariete,

216 3138 274 3194 in
301 3155 408 3207 quo
436 3139 785 3205 consistebat,
825 3139 1205 3208 prominentia.
1241 3139 1464 3195 Sursum
1493 3150 1670 3194 autem
1693 3151 1823 3194 ocu-

215 3234 304 3286 los
332 3242 697 3297 convertens,
724 3231 969 3288 nonnihil
1001 3232 1177 3288 mellis
1209 3249 1276 3288 ex
1318 3233 1527 3287 arboris
1562 3233 1706 3286 illius
1735 3248 1822 3286 ra-

1919 2016 2122 2086 quaevis
2149 2014 2298 2070 adire
2346 2015 2566 2069 minime
2603 2021 2900 2080 recusaret,
2937 2013 3152 2067 tertium
3186 2021 3363 2066 autem
3414 2011 3514 2063 ad-

1919 2109 2138 2164 modum
2184 2109 2593 2178 aSpernabatur,
2629 2109 2701 2163 ita
2753 2118 2807 2162 ut
2838 2123 2935 2163 nec
2967 2109 3227 2161 honorem
3253 2121 3511 2176 unquam,

1919 2219 2019 2259 nec
2047 2217 2208 2273 quam
2236 2217 2332 2272 par
2361 2214 2474 2258 erat
2505 2202 2938 2259 benevolentiam
2966 2202 3064 2271 ipsi
3092 2209 3393 2270 prmstarct,
3419 2201 3514 2254 sed

1920 2297 2168 2363 exiguam
2214 2295 2500 2366 quamdam
2532 2296 2818 2362 duntaxat,
2849 2309 3076 2364 eamque
3120 2292 3298 2348 fictam
3341 2307 3403 2348 ac
3445 2293 3517 2347 si-

1920 2391 2182 2444 mulatam
2210 2389 2499 2443 amicitiam
2533 2389 2834 2443 exhiberet.
2867 2386 3144 2443 Venerunt
3175 2399 3355 2440 autem
3379 2399 3514 2454 quo-

1919 2482 2044 2537 dam
2075 2482 2166 2537 die
2212 2483 2479 2538 immanes
2530 2492 2696 2551 atque
2720 2480 2972 2536 horrendi
3005 2480 3221 2544 milites,
3261 2477 3353 2549 qui
3395 2493 3517 2532 eum

1921 2592 2129 2632 summa
2157 2593 2280 2632 cum
2312 2577 2654 2633 fesvinatione
2683 2575 2752 2631 ad
2781 2590 2959 2647 regem
2992 2575 3290 2638 traherent,
3333 2581 3392 2629 ut
3419 2572 3518 2627 de-

1922 2687 2040 2729 cem
2063 2675 2288 2728 millium
2317 2675 2660 2736 talentorum,
2692 2689 2810 2743 quae
2835 2673 3084 2737 debebat,
3113 2671 3374 2729 rationem
3400 2673 3520 2727 red-

1921 2770 2095 2826 deret.
2130 2769 2222 2824 llle
2262 2767 2421 2838 igitur
2479 2770 2529 2821 in
2583 2782 2849 2822 summam
2902 2766 3202 2836 angustiam
3247 2766 3516 2831 redactus,

1923 2862 2162 2930 aliquem
2215 2861 2508 2931 quaerebat,
2553 2858 2643 2930 q‘ui
2689 2860 2740 2914 in
2789 2857 3075 2913 metuenda
3111 2858 3200 2912 illa
3251 2859 3519 2912 rationum

1925 2955 2064 3025 apud
2095 2969 2275 3024 regem
2311 2952 2613 3008 redditione
2639 2967 2794 3021 opem
2829 2951 2927 3018 ipsi
2958 2949 3140 3006 ferret.
3173 2948 3409 3004 Currens
3432 2948 3524 3003 ita-

1925 3063 2030 3118 que
2077 3047 2149 3101 ad'
2203 3046 2434 3116 primum
2457 3086 2469 3109 ,
2503 3045 2853 3114 omniumque
2880 3043 3105 3097 aliorum
3147 3041 3524 3097 charissimqu

1926 3143 2179 3204 amicum,
2209 3141 2274 3194 ad
2324 3155 2447 3195 eum
2478 3139 2553 3194 ait
2591 3157 2603 3193 :
2639 3137 2752 3193 Non
2789 3147 2839 3193 te
2864 3137 3015 3209 fugit,
3048 3153 3080 3192 ο
3109 3139 3301 3203 amice,
3333 3151 3525 3203 quern-

1928 3232 2218 3288 admodum
2253 3239 2341 3286 tua
2372 3245 2534 3286 causa
2563 3232 2727 3285 vitam
2767 3244 2940 3284 meam
2990 3243 3204 3298 semper
3245 3227 3299 3281 in
3339 3225 3527 3280 discri-

219 3325 329 3380 mis
364 3325 576 3379 stillans
619 3325 888 3396 perSpicit.
917 3325 1180 3393 Quocirca
1223 3325 1585 3380 calamitatum
1633 3337 1820 3381 earum
1852 3306 1900 3370 C
1929 3341 2052 3381 men
2083 3324 2428 3388 adduxerim;
2462 3336 2606 3378 nunc
2640 3331 2816 3378 autem
2850 3315 3113 3376 hodierno
3149 3319 3257 3386 die,
3305 3328 3528 3388 urgente

225 3421 431 3490 quibus
487 3419 722 3490 undique
763 3421 1116 3476 obsidebatur
1158 3430 1214 3477 et
1261 3422 1570 3493 urgebatur,
1622 3422 1824 3477 omissa

219 3513 688 3582 consideratione,
723 3514 978 3570 nimirum
1005 3529 1238 3585 quonam
1271 3523 1427 3585 pacto
1453 3522 1676 3570 externe
1708 3516 1826 3585 qui-

220 3607 346 3664 dem
385 3608 662 3663 unicornis
690 3607 994 3664 vehementi
1037 3610 1220 3664 furore
1251 3609 1490 3676 percitus
1511 3623 1632 3664 eum
1656 3607 1824 3664 devo-

221 3713 344 3756 rare
400 3708 686 3767 quareret,
737 3700 806 3754 ab
857 3698 1114 3756 inferiore
1162 3709 1341 3757 autem
1399 3710 1552 3771 parte
1597 3702 1827 3758 acerbus

222 3792 392 3847 draco
425 3807 548 3846 cum
581 3790 847 3861 deglutire
895 3792 1245 3848 vehementer
1271 3804 1572 3863 expeteret,
1615 3809 1678 3850 ac
1709 3809 1828 3848 rur-

224 3899 316 3940 sus
370 3884 534 3940 arbor
563 3898 626 3939 ea
671 3900 830 3954 quam
879 3887 1185 3956 arripuerat
1225 3886 1340 3956 jam
1375 3887 1593 3958 jmque
1625 3901 1831 3957 .ampu-

231 3978 396 4033 tanda
426 3985 594 4044 esset,
644 3977 809 4048 pedes
838 3977 1074 4050 denique
1121 3979 1289 4049 ipsius
1318 3980 1529 4035 lubrico
1560 3988 1615 4035 et
1661 3979 1829 4035 infido

224 4070 416 4140 gradui
451 4068 849 4136 inniterentur;
884 4070 1070 4127 horum
1124 4072 1339 4142 inquam
1370 4081 1638 4127 tantorum
1687 4073 1828 4142 peri-

231 4163 479 4216 culorum
529 4161 749 4228 ublitus,
807 4162 859 4217 in
903 4163 1081 4234 exigui
1132 4163 1274 4218 illius
1323 4165 1500 4220 mellis
1547 4164 1831 4220 dulcedine

231 4254 583 4324 percipienda
611 4255 845 4323 seipsutn
874 4255 1182 4326 occupavit.

301 4347 432 4402 Haec
475 4362 662 4402 eorum
706 4349 799 4416 qui
853 4351 1134 4417 prtesentis
1169 4360 1294 4404 vute
1334 4351 1577 4407 ludibriis
1618 4352 1835 4408 intabe-

232 4450 390 4495 scunt
423 4441 594 4510 figura
624 4451 710 4496 εει
743 4459 754 4493 :
788 4441 943 4511 cujus
991 4442 1210 4511 quidem
1242 4443 1680 4510 explanationem
1712 4459 1836 4512 pros

234 4541 377 4596 tinus
413 4540 506 4595 tihi
552 4555 845 4610 exponam.
879 4540 1171 4596 Unicornis
1214 4541 1376 4610 igitur
1429 4541 1619 4595 mortis
1653 4553 1834 4611 typum

233 4637 392 4705 gerit,
424 4650 543 4704 quae
572 4650 786 4704 semper
816 4634 1124 4689 mortalium
1150 4649 1320 4703 genus
1341 4635 1719 4706 persequitur,
1751 4643 1836 4687 at-

1929 3421 2278 3485 necessitate,
2309 3433 2410 3489 ope
2442 3428 2526 3474 tua
2569 3428 2728 3488 atque
2778 3416 2980 3472 auxilio
3031 3416 3267 3489 indigeo.
3321 3416 3530 3486 Ecquid

1929 3530 2060 3587 ergo
2092 3524 2144 3570 te
2175 3513 2304 3569 mihi
2337 3513 2545 3569 auxilio
2575 3513 2713 3567 forte
2758 3509 3066 3582 polliceris?
3099 3521 3152 3566 et
3182 3523 3431 3580 quaenam
3476 3507 3531 3563 in

1929 3618 2006 3677 te,
2027 3609 2111 3664 vir
2141 3607 2481 3670 charissime,
2518 3621 2641 3676 spes
2663 3603 2798 3660 mihi
2821 3604 3111 3660 constituta
3144 3611 3227 3658 est
3244 3601 3268 3656 ἲ
3288 3601 3531 3670 ReSpon-

1932 3705 2070 3760 dens
2095 3713 2273 3758 autem
2300 3702 2409 3762 ille.
2435 3701 2512 3756 ait
2541 3718 2554 3754 :
2589 3701 2810 3755 Amicus
2833 3709 2958 3753 tuus
2986 3712 3093 3754 non
3123 3711 3265 3762 sum,
3289 3710 3324 3751 ο
3349 3695 3528 3759 homo,

1931 3815 2032 3855 nec
2069 3799 2157 3869 qui
2189 3797 2264 3852 sis
2297 3795 2444 3851 novi.
2477 3796 2616 3851 Sunt
2655 3797 2796 3850 enim
2832 3793 2964 3848 mihi
2997 3792 3085 3848 alii
3117 3791 3298 3855 amici,
3322 3788 3532 3861 quibus-

1933 3908 2055 3948 cum
2089 3891 2252 3946 hodie
2279 3887 2539 3945 oblectari
2572 3903 2658 3943 me
2711 3894 2944 3957 oportet,
2974 3897 3218 3955 quosque
3250 3884 3301 3938 in
3351 3889 3530 3952 poste-

1932 3999 2052 4040 rum
2087 3997 2182 4052 pro
2211 3981 2403 4036 amicis
2454 3979 2733 4035 habiturus
2779 3993 2921 4034 sum.
2965 3977 3145 4046 Quare
3192 3976 3298 4031 duo
3329 3983 3534 4029 tantum

1933 4077 2108 4135 cilicia
2136 4075 2230 4131 tibi
2261 4074 2499 4145 porrigo,
2534 4082 2591 4128 ut
2614 4089 2676 4129 ea
2719 4074 2768 4128 in
2823 4073 2912 4127 via
2959 4087 3060 4142 qua
3091 4070 3269 4142 pergis
3299 4068 3536 4133 habeas,

1935 4189 2057 4244 qua:
2085 4171 2246 4226 etiam
2277 4170 2390 4238 ipsa
2433 4168 2564 4222 nihil
2597 4167 2692 4223 tibi
2724 4167 3073 4222 emolumenti
3103 4167 3331 4220 allatura
3378 4173 3532 4231 sunt;

1936 4281 2038 4322 nec
2077 4263 2326 4334 estquod
2357 4279 2384 4317 a
2418 4277 2505 4318 me
2535 4261 2825 4333 quidquam
2870 4261 3030 4332 273
3073 4269 3374 4330 exspectes.
3412 4259 3538 4314 llmc

1941 4358 2032 4414 ille
2057 4357 2300 4420 audiens,
2338 4371 2400 4412 ac
2427 4358 2495 4412 de
2523 4356 2748 4419 auxilio,
2785 4355 2925 4425 quod
2961 4355 3027 4408 ab
3070 4369 3133 4408 eo
3164 4353 3534 4422 exspectabat,

1942 4467 2093 4521 spem
2117 4466 2334 4506 omnem
2363 4451 2647 4518 ahjiciens,
2676 4449 2740 4501 ad
2766 4448 3062 4502 secundum
3087 4446 3314 4501 amicum
3338 4461 3394 4501 se
3417 4461 3534 4500 con.

1943 4541 2068 4608 fert,
2101 4542 2164 4596 ad
2197 4557 2427 4610 eumque
2473 4541 2586 4594 ait:
2621 4539 2946 4602 Recordare,
2995 4537 3186 4603 amice,
3225 4547 3480 4608 quantum
3511 4554 3536 4591 a

1945 4650 2032 4690 me
2062 4634 2284 4688 honoris
2308 4643 2361 4687 et
2399 4631 2784 4685 beneficiorum
2811 4629 3104 4698 acceperis.
3141 4629 3414 4684 llodierno
3443 4646 3537 4686 au-

233 4740 338 4795 que
362 4727 606 4796 arripere
635 4725 930 4782 contendit.
978 4726 1180 4782 Scrobs
1208 4735 1384 4779 autem
1436 4726 1669 4780 mundus
1715 4733 1830 4792 est,
1861 4706 1914 4768 Ῐ)
1938 4736 2048 4784 tem
2072 4729 2158 4782 die
2186 4729 2236 4781 in
2267 4727 2557 4779 maximam
2585 4723 2944 4779 calamitatem
2971 4734 3020 4778 et
3040 4723 3386 4778 afflictionem
3415 4740 3536 4794 pro-

232 4824 324 4893 qui
371 4821 552 4876 onmis
589 4821 805 4891 generis
836 4821 992 4875 malis
1026 4835 1090 4875 ac
1123 4818 1414 4874 mortiferis
1464 4819 1670 4887 laqueis
1712 4831 1834 4872 sca-

237 4923 332 4970 tet.
363 4915 540 4970 Arbur
565 4930 629 4969 ea
658 4929 816 4982 quam
845 4911 1168 4982 compressis
1197 4911 1442 4966 manibus
1471 4919 1737 4975 tenemus,
1780 4917 1835 4963 ct

238 5025 356 5078 quae
377 5024 408 5062 a
438 5007 650 5063 duobus
675 5006 918 5061 muribus
946 5003 1314 5060 indesinenter
1337 5003 1627 5068 art-oditur,
1653 5001 1836 5072 cujus-

239 5117 344 5169 que
374 5102 611 5156 hominis
640 5101 762 5154 vita:
792 5098 1115 5153 curriculum
1143 5108 1226 5153 est
1260 5115 1271 5150 :
1321 5097 1462 5167 quod
1495 5097 1707 5165 quidem
1740 5110 1834 5165 per

243 5193 347 5248 diei
396 5209 461 5248 ac
511 5193 688 5246 noctis
739 5191 902 5246 horas
940 5190 1242 5246 absumitur
1297 5199 1352 5245 et
1406 5191 1724 5254 conficitur,
1777 5204 1839 5244 ac

247 5288 503 5355 paulatim
534 5285 600 5341 ad
624 5284 956 5341 excisionem
981 5284 1208 5340 accedit.
1239 5284 1481 5351 Quatuor
1500 5291 1678 5338 autem
1706 5285 1842 5350 aspi-

246 5378 364 5440 des,
405 5378 624 5432 humani
654 5376 900 5446 corporis
945 5391 1107 5445 super
1135 5386 1366 5446 quatuor
1397 5376 1607 5431 lubrica
1653 5386 1707 5431 et
1751 5375 1842 5429 in-

246 5472 454 5525 stabilia
485 5473 750 5526 elementa
782 5469 1224 5525 constitutionem
1253 5469 1536 5539 designant
1567 5487 1578 5522 :
1612 5470 1841 5540 quicum

248 5561 602 5618 immoderate
661 5577 720 5618 se
766 5563 968 5618 habent
1026 5578 1088 5617 ac
1132 5563 1546 5632 perturbantur,
1601 5565 1844 5634 corporis

247 5670 538 5728 compages
568 5657 903 5713 dissolvitur.
947 5657 1028 5714 Ad
1060 5657 1176 5714 haec
1234 5659 1422 5728 igneus
1453 5659 1542 5714 ille
1578 5675 1640 5714 ac
1664 5672 1844 5715 lrttcu-

252 5747 429 5804 lentus
452 5753 640 5818 draco,
673 5751 998 5808 horrendum
1031 5751 1222 5808 inferni
1252 5762 1492 5808 ventrem
1533 5753 1842 5821 adumbrat,

252 5844 347 5910 qui
375 5860 466 5900 eos
493 5847 776 5915 suscipere
799 5848 964 5917 gestit
995 5846 1083 5915 qui
1111 5855 1406 5914 prmsentes
1438 5847 1743 5912 voluptates
1769 5846 1848 5899 fu-

257 5937 391 5992 turis
413 5939 572 5998 bonis
594 5947 950 6008 anteponunt.
978 5939 1156 5996 Mellis
1179 5953 1306 5995 vero
1321 5939 1526 6009 guttula
1559 5937 1846 6003 distillans,

1939 4822 2157 4891 lapsus,
2215 4819 2540 4887 opitulatore
2609 4817 2786 4886 aliquo
2829 4831 2962 4884 opus
3016 4817 3208 4872 habeo.
3264 4817 3531 4884 Quidnam

1937 4913 2098 4984 igitur
2127 4911 2421 4982 adjumenti
2455 4926 2596 4964 mtnc
2626 4911 2753 4973 mihi
2785 4907 2979 4966 atIerre
3001 4926 3184 4981 queas,
3230 4910 3312 4964 fac
3341 4910 3531 4964 sciam.

1936 5006 2031 5063 Ille
2054 5016 2228 5060 autem
2250 5005 2350 5059 ait:
2377 5003 2547 5059 lludie
2568 5003 2697 5058 mihi
2721 5019 2814 5074 per
2837 5004 3048 5075 negotia
3065 5013 3238 5058 tecum
3256 5011 3529 5054 certamen

1939 5101 2120 5155 subire
2160 5097 2385 5154 minime
2419 5099 2563 5154 licet.
2618 5097 2774 5153 Curis
2806 5098 2950 5153 cnim
2988 5107 3042 5153 et
3084 5093 3535 5152 sollicitudinibus

1948 5191 2183 5260 undique
2223 5206 2438 5258 urgeor,
2473 5199 2633 5260 atque
2687 5191 2738 5244 in
2781 5190 3076 5245 afflictione
3130 5202 3270 5242 sum.
3307 5186 3531 5240 Paulum

1949 5293 2127 5338 tamen
2160 5291 2334 5337 tecum
2376 5296 2618 5352 pergam,
2658 5282 2903 5352 quamvis
2931 5280 3061 5334 nihil
3101 5279 3225 5334 hinc
3261 5279 3533 5334 commodi

1950 5375 2016 5429 ad
2043 5384 2092 5430 te
2113 5374 2403 5430 rediturum
2441 5375 2538 5441 sit;
2573 5389 2636 5429 ac
2661 5382 2782 5443 post
2801 5373 2982 5430 statim
3013 5372 3229 5427 domum
3255 5387 3530 5439 reversus,

1951 5467 2183 5537 negotiis
2209 5468 2341 5522 meis
2365 5483 2577 5537 operam
2603 5466 2761 5520 dabo.

2024 5560 2273 5617 lnanibus
2305 5562 2468 5632 igitur
2495 5560 2736 5615 manibus
2769 5559 2928 5612 homo
2979 5559 3102 5613 inde
3150 5574 3424 5628 reversus,
3451 5572 3536 5617 at-

1952 5671 2056 5726 que
2078 5659 2223 5710 omni
2252 5670 2317 5708 ex
2348 5664 2498 5722 parte
2539 5653 2742 5707 auxilio
2784 5650 3094 5717 destitutus,
3129 5653 3195 5708 de
3239 5671 3371 5709 vana
3423 5673 3536 5726 Spe,

1953 5763 2111 5816 quam
2142 5747 2193 5799 in
2229 5745 2446 5811 perfidis
2477 5754 2530 5798 et
2557 5744 2776 5813 ingratis
2798 5743 2986 5799 amicis
3012 5746 3122 5800 suis
3151 5747 3459 5814 collocarat,
3489 5760 3538 5801 et

1954 5840 2022 5895 de
2053 5838 2325 5892 inutilibus
2359 5837 2630 5891 laboribus
2653 5879 2665 5903 ,
2695 5853 2957 5909 quos.pro
2986 5853 3084 5893 suo
3112 5855 3237 5910 erga
3269 5854 3362 5894 eos
3393 5855 3541 5893 amo-

1954 5946 2015 5986 re
2061 5938 2414 5998 susceperat,
2455 5929 2688 6000 seipsum
2742 5931 3077 6002 deplorabat.
3125 5931 3304 6000 Pergit
3359 5939 3536 5985 autem
