4158 6354
559 376 666 438 λθὸ
1549 374 1639 431 DE
1682 372 1857 429 VITIS
1896 363 2180 428 PATRUM

2221 354 2423 422 LIBER
2464 350 2737 422 Paulus.
3018 340 3023 348 ’
3064 336 3075 341 ⁷’
3113 335 3161 377 ’⁸
3196 334 3220 351 ’³
3410 325 3420 333 ’
3723 339 3842 409 ωδ·

564 500 725 558 etiam
766 498 833 553 ad
870 496 1081 553 tertium
1122 493 1372 557 amicum,
1416 505 1574 560 qucm
1617 504 1716 545 nec
1751 489 1864 543 ullo
1904 500 2136 557 unquam
2168 484 2219 543 Α
2245 482 2489 551 aptisque
2508 476 2848 536 sermonibus
2870 472 3105 528 animum
3131 483 3306 527 meum
3328 466 3658 525 exhilarasti.
3681 466 3815 534 Quo.

565 595 686 651 loco
708 593 983 655 habuerat,
1007 603 1105 643 nec
1127 587 1323 642 laetitiae
1348 558 1461 639 suae
1481 583 1684 639 socium
1721 581 2006 637 asciverat.
2046 581 2142 635 At-
2241 576 2379 632 circa
2421 574 2669 630 vanitatis
2708 569 2867 641 hujus
2906 566 3089 624 mundi
3128 580 3338 622 rursum
3380 564 3665 637 imaginem
3694 558 3820 619 fnihi

562 699 669 755 que
690 682 755 738 ad
776 698 895 737 eum
918 678 1226 751 pudibundo
1247 686 1302 732 et
1325 676 1379 731 in
1400 684 1599 731 terram
1632 675 1841 744 dejeeto
1863 674 2014 728 vultu
2057 672 2139 727 his
2242 667 2503 738 exprime,
2538 676 2592 721 et
2618 680 2719 735 qua
2748 661 2956 719 ratione
2982 661 3121 716 hanc
3148 659 3312 715 vitam
3338 657 3393 713 in
3424 670 3554 728 pace
3584 670 3649 711 ac
3676 671 3822 712 secu-

563 774 739 831 verbis
759 787 885 827 usus
904 781 981 828 est
1008 788 1023 826 :
1050 770 1149 824 Vix
1177 769 1309 824 mihi
1341 768 1407 823 ad
1447 778 1501 823 te
1538 767 1791 838 loquendi
1832 767 2138 822 facultatem
2243 762 2402 817 ritate
2431 770 2718 830 peragrare
2745 770 2960 828 queam.

510 906 515 913 -
563 882 625 924 os
644 866 906 923 concedit.
932 863 1141 919 Etenim
1166 862 1293 917 illud
1319 836 1813 933 perspectissimum
1840 860 2031 926 habeo,
2058 874 2144 915 me
2319 851 2605 920 Excipiens
2637 848 2799 919 igitur
2826 858 3128 902 sermonem
3153 842 3431 912 Josaphat,
3456 839 3569 933 ait:
3595 836 3829 908 Hujusce

565 976 836 1031 nunquam
860 959 952 1014 tibi
979 957 1209 1027 benigne
1234 958 1447 1023 fecisse,
1471 972 1570 1012 nec
1592 958 1764 1012 amico
1787 971 1913 1027 erga
1954 965 2006 1010 te
2029 955 2146 1009 ani-
2254 957 2466 1014 quoque
2494 942 2809 1012 quaestionis
2839 937 3241 995 similitudinem
3268 935 3410 990 audi.
3427 932 3626 990 Urbem
3646 945 3829 1025 quanto

564 1068 654 1111 mo
674 1052 857 1107 fuisse.
884 1050 1169 1118 Cteterum,
1193 1049 1444 1119 quoniam
1483 1050 1801 1121 gravissima
1842 1048 2147 1103 calamitate
2190 1080 2193 1083 λ
2248 1036 2369 1089 dam
2399 1047 2644 1105 ωθςηειη
2674 1031 2941 1089 “ﬁnisse
2980 1032 3188 1101 accepi,
3220 1031 3276 1084 ίῐι
3312 1044 3415 1100 qua
3456 1028 3599 1083 θίνθε
3641 1027 3741 1081 hoc
3782 1018 3830 1078 ii“

564 1157 849 1216 Oppressus
869 1142 922 1196 in
943 1142 1160 1211 reliquis
1182 1117 1315 1197 meis
1336 1117 1521 1195 amicis
1544 1140 1742 1196 nullam
1767 1140 1957 1195 salutis
1990 1154 2145 1209 spem

2250 1142 2400 1184 more
2439 1136 2597 1196 atque
2637 1127 2881 1181 instituto
2912 1124 3140 1194 positum
3183 1121 3470 1189 habebant,
3504 1127 3561 1174 ut
3598 1117 3828 1189 peregri-

564 1215 762 1302 inveni,
786 1236 851 1291 ad
876 1244 926 1291 te
948 1236 1167 1301 accedo,
1191 1243 1347 1304 teque
1369 1248 1500 1303 rogo
1537 1242 1698 1303 atque
1734 1234 1977 1299 obsecro,
2004 1240 2064 1286 ut
2099 1230 2147 1285 si
2250 1236 2376 1276 num
2407 1219 2691 1289 αιιοητάειη
2730 1229 2783 1274 ει
2821 1218 3060 1288 ignoui"!
3102 1215 3293 1283 νίταηιν
3324 1229 3386 1269 ac
3416 1216 3596 1283 legum
3622 1221 3677 1267 εί
3704 1221 3825 1267 con“

562 1330 806 1399 exiguam
829 1328 1058 1398 aliquam
1080 1341 1236 1395 opem
1259 1325 1389 1380 mihi
1430 1324 1621 1379 afferre
1642 1339 1828 1393 queas,
1856 1340 1922 1378 ne
1966 1322 2040 1389 id,
2067 1322 2147 1377 in-
2250 1312 2597 1368 suetudinum
2630 1312 2860 1366 civitatis
2885 1311 3104 1367 omnino
3129 1308 3318 1364 rudem
3345 1315 3399 1363 et
3423 1306 3665 1377 ignarum
3695 1304 3829 1359 acci-

563 1418 897 1488 gratitudiuis
931 1432 1064 1473 meas
1104 1431 1330 1482 memor,
1355 1415 1529 1471 facere
1569 1429 1807 1471 recuses.
1838 1414 1932 1467 Ille
1967 1422 2147 1467 autem
2254 1414 2465 1476 perent,
2496 1419 2728 1474 eumque
2756 1404 2856 1458 sibi
2888 1403 3018 1473 ipsis
3039 1416 3219 1472 regem
3243 1400 3645 1463 constituerent,
3673 1408 3835 1466 penes

564 1514 719 1568 hilari
742 1523 793 1567 et
812 1527 1025 1567 amoeno
1041 1511 1191 1566 vultu
1225 1511 1333 1565 ait:
1361 1510 1502 1564 Sane
1541 1507 1964 1563 sincerissimum
2008 1504 2147 1558 ami-
2253 1513 2411 1568 quem
2443 1510 2539 1567 per
2567 1496 2724 1551 unius
2754 1496 2881 1550 anni
2906 1494 3233 1550 curriculum
3266 1506 3445 1547 rerum
3471 1489 3712 1544 omnium
3741 1503 3830 1558 po-

564 1620 685 1660 cum
709 1619 883 1659 meum
909 1612 962 1658 te
984 1618 1105 1658 esse
1129 1602 1402 1670 profiteor,
1426 1610 1585 1670 atque
1606 1614 1813 1670 exigua:
1856 1597 2001 1652 illius
2044 1606 2149 1651 tum
2256 1602 2423 1648 testas
2449 1600 2614 1658 esset,
2645 1588 2840 1660 quique
2870 1588 3037 1644 libere
3066 1596 3120 1643 et
3154 1586 3270 1642 sine
3309 1584 3418 1640 ullo
3458 1584 3839 1654 itnpedimento

564 1711 691 1767 erga
711 1712 795 1751 me
822 1695 1186 1752 beneficentiae
1212 1708 1437 1757 memor,
1457 1708 1575 1748 eam
1616 1691 1712 1745 tibi
1755 1690 2018 1745 hodierno
2063 1686 2151 1743 die
2255 1684 2511 1755 quidquid
2543 1684 2726 1749 vellet,
2759 1685 2978 1739 faceret.
3005 1682 3131 1736 Post
3164 1689 3363 1746 autem,
3395 1680 3521 1735 dum
3563 1677 3651 1733 ille
3693 1678 3841 1733 omni

566 1805 689 1847 cum
712 1786 899 1845 fenore
921 1788 1229 1856 rependam.
1254 1787 1517 1853 Quocirca
1553 1799 1621 1839 ne
1643 1793 1850 1839 metuas
1888 1796 1951 1836 ac
1990 1780 2154 1850 perti—
2257 1794 2478 1851 prorsus
2502 1794 2632 1835 cura
2662 1792 2861 1834 vacuus
2899 1777 3137 1847 degeret,
3166 1784 3327 1846 atque
3358 1774 3410 1827 in
3449 1773 3575 1827 luxu
3613 1782 3667 1827 et
3703 1770 3837 1826 del-

568 1895 797 1936 mescas.
822 1880 951 1933 Nam
973 1893 1071 1949 ego
1089 1887 1213 1933 ante
1232 1886 1283 1932 te
1305 1877 1933 1946 proﬁciscar,regemque
1955 1880 2046 1928 tuo
2060 1886 2157 1927 no-
2186 1880 2235 1942 Β
2259 1874 2357 1929 ciis
2395 1873 2515 1927 sine
2557 1871 2667 1927 ullo
2706 1879 2851 1926 metu
2890 1878 3193 1924 versaretur
3219 1906 3234 1933 ,
3276 1873 3703 1935 perpetuumque
3741 1862 3842 1915 sibi

566 1969 715 2027 mine
737 1969 1052 2032 obsecrabo,
1078 1983 1144 2023 ne
1166 1976 1217 2022 te
1238 1968 1470 2022 hostium
1499 1966 1747 2022 manibus
1768 1965 1948 2021 dedat.
1975 1963 2153 2032 Quare
2256 1983 2478 2040 regnum
2508 1968 2622 2022 fore
2648 1966 3008 2029 existimaret,
3035 1972 3257 2034 repente
3285 1964 3542 2015 adversus
3586 1974 3711 2014 eum
3760 1958 3839 2011 in-

566 2062 655 2120 fac
679 2064 819 2118 bono
856 2062 1034 2117 animo
1056 2062 1151 2124 sis,
1178 2062 1257 2115 vir
1301 2062 1647 2128 amicissime,
1693 2075 1791 2116 nec
1832 2070 1882 2115 te
1921 2073 2154 2116 maerore
2212 2108 2215 2109 γ
2258 2071 2559 2131 surgentes,
2584 2059 2892 2129 regiamque
2920 2057 3019 2127 ipsi
3043 2068 3244 2113 vestem
3272 2054 3636 2118 detrahentes,
3661 2066 3724 2105 ac
3748 2065 3841 2103 nu-

565 2157 865 2211 excrucies.
892 2154 1027 2209 Tum
1051 2155 1141 2209 ille
1163 2154 1576 2225 compunctione
1616 2153 1934 2219 affectus,et
1974 2152 2151 2223 lacry-
2259 2153 2387 2209 dum
2421 2168 2517 2223 per
2545 2162 2710 2207 totam
2745 2151 2931 2206 urbem
2963 2162 3213 2221 tanquam
3243 2149 3294 2203 in
3327 2147 3652 2216 triumphum
3685 2156 3843 2213 agent

565 2248 670 2304 mis
712 2248 979 2314 perfusus,
1003 2245 1215 2301 dicebat
1259 2264 1272 2299 :
1318 2246 1432 2301 Heu
1472 2261 1559 2302 me
1600 2244 2153 2315 miserum,quidnam
2261 2256 2364 2313 tes,
2398 2249 2452 2302 in
2479 2261 2723 2317 magnam
2764 2243 3051 2316 quamdam
3091 2257 3152 2297 ac
3191 2246 3345 2311 longe
3384 2238 3546 2313 274
3584 2246 3843 2294 remotam

564 2338 712 2409 prius
734 2337 940 2393 deﬂebo
966 2353 1028 2392 ac
1050 2338 1427 2393 lamentabor?
1452 2338 1726 2394 Vanamne
1746 2353 1921 2393 meam
1964 2338 2014 2391 iu
2054 2336 2156 2391 im-
2259 2345 2489 2400 insulam
2518 2356 2637 2397 eum
2672 2338 3000 2410 relegabant,
3035 2337 3087 2392 in
3118 2351 3222 2407 qua
3261 2349 3358 2390 nec
3388 2345 3528 2389 VtClu
3561 2346 3660 2387 nec
3690 2330 3843 2385 induv

567 2446 839 2487 memores
862 2440 916 2485 et
940 2431 1177 2501 ingratos
1225 2430 1389 2487 falsos
1429 2432 1549 2487 illos
1587 2433 1792 2489 amicos
1833 2432 2155 2488 benevolen-
2260 2432 2457 2489 mentis
2498 2430 2944 2502 suppetentihus,
2989 2428 3129 2483 fame
3165 2441 3229 2480 ac
3269 2424 3507 2479 nuditate
3546 2421 3845 2476 miserrime

571 2530 697 2585 tiam
720 2528 1129 2585 condemnabo?
1152 2544 1218 2585 an
1242 2530 1419 2600 potius
1441 2531 1681 2586 insanam
1708 2544 1826 2585 eam
1868 2529 2153 2600 ingratitu-
2263 2525 2627 2595 premebatur,
2658 2523 2933 2591 voluptate
2951 2518 3157 2575 scilicet
3177 2526 3337 2588 atque
3365 2516 3527 2570 animi
3558 2513 3841 2575 hilaritate,

567 2622 771 2691 dinem,
794 2638 895 2694 qua
938 2622 991 2677 in
1034 2623 1177 2678 hunc
1214 2637 1396 2679 verum
1419 2632 1472 2679 et
1491 2624 1755 2679 sincerum
1778 2622 2007 2678 amicum
2030 2634 2157 2677 usus
2260 2636 2381 2693 qua:
2411 2629 2607 2690 praeter
2626 2631 2775 2687 spem
2802 2618 2900 2687 ipsi
2928 2629 3181 2670 concessa
3212 2612 3404 2676 fuerat,
3455 2610 3508 2663 in
3560 2620 3845 2664 mmrorem

566 2728 713 2785 3m".
738 2714 1075 2771 ίηεθεωδοτῗ
2092 2748 2095 2751 λ
2262 2728 2450 2770 rursus
2480 2720 2670 2783 prazter
2695 2724 2846 2769 suem
2877 2723 3090 2767 omnem
3122 2717 3177 2764 et
3200 2703 3664 2777 exSpectationem
3696 2716 3843 2756 com-

639 2805 898 2876 Josaphat
918 2814 1094 2862 autem
1118 2808 1259 2860 hunc
1278 2818 1579 2860 sermonem
1621 2819 1728 2859 non
1770 2802 1888 2860 sine
1924 2802 2158 2859 admira-
2264 2813 2484 2861 mutata.

570 2899 717 2953 tione
738 2897 1056 2967 suscipiens,
1079 2896 1197 2967 ejus
1220 2896 1631 2966 explicationem
1652 2896 1983 2967 requirebat.
2010 2896 2160 2950 Dixit
2334 2894 2568 2965 Contigit
2594 2908 2726 2965 ergo
2754 2902 2812 2949 ut
2840 2907 2936 2964 pro
2962 2892 3179 2963 antiquo
3207 2889 3402 2946 civium
3431 2889 3645 2945 illorum
3693 2901 3843 2943 more

572 2988 750 3059 itaque
771 2988 1012 3045 Barlaam
1042 3006 1054 3041 :
1081 2989 1290 3044 Primus
1312 2990 1536 3054 amicus,
1559 3004 1721 3059 opum
1757 2990 1910 3058 c0pia
1949 2996 2056 3053 est,
2105 2997 2159 3043 et
2264 2997 2426 3057 atque
2452 2987 2714 3053 instituto,
2743 2986 2827 3041 vir
2855 2985 3070 3057 quidam
3121 2997 3313 3055 magno
3359 2979 3557 3052 ingenii
3602 2981 3846 3036 acumine

573 3081 878 3136 divitiarum
902 3095 1075 3147 amor,
1099 3080 1169 3136 ob
1190 3095 1347 3151 quem
1374 3080 1535 3137 homo
1560 3082 1612 3135 in
1643 3089 1897 3137 sexcenta
1922 3082 2159 3151 pericula
2262 3080 2517 3153 praeditus
2549 3080 2614 3135 ad
2642 3094 2865 3151 regnum
2893 3082 3269 3134 ascisceretur.
3298 3076 3396 3143 Qui
3443 3079 3622 3131 statim
3672 3074 3848 3130 subita

572 3173 779 3241 incidit,
802 3188 865 3228 ac
886 3174 1080 3229 multas
1102 3188 1367 3229 aerumnas
1406 3172 1626 3243 perfert.
1670 3172 1801 3229 Cum
1841 3181 2017 3229 autem
2059 3187 2157 3229 ex-
2266 3188 2327 3228 ea
2355 3172 2631 3235 felicitate,
2661 3186 2780 3243 quae
2808 3171 2907 3241 ipsi
2936 3171 3217 3240 obtigerat,
3248 3168 3388 3223 haud
3417 3182 3681 3237 quaquam
3714 3182 3849 3238 prae

572 3276 773 3321 tremus
794 3265 916 3320 vitae
936 3268 1051 3322 dies
1070 3267 1283 3322 clausus
1306 3274 1410 3331 est,
1433 3281 1498 3320 ex
1522 3265 1630 3321 illis
1651 3264 1900 3321 omnibus
1941 3266 2153 3335 opibus,
2186 3267 2235 3333 C.
2263 3278 2393 3335 ceps
2420 3265 2698 3333 abreptus,
2728 3277 2829 3319 nec
2850 3276 3036 3319 eorum
3073 3260 3165 3332 qui
3195 3269 3318 3315 ante
3345 3272 3404 3315 se
3433 3257 3633 3328 regiam
3669 3256 3847 3329 digni-

572 3369 768 3430 praeter
791 3359 1005 3416 inutiles
1026 3360 1283 3430 quosdam
1309 3374 1537 3430 pannos,
1559 3359 1653 3430 qui
1690 3358 1758 3414 ad
1802 3358 1966 3414 funus
2004 3358 2159 3413 adhi-
2270 3371 2430 3419 tatem
2452 3361 2816 3425 obtinuerant,
2839 3359 3143 3429 misereque
3159 3356 3315 3427 ejecti
3342 3354 3570 3419 fuerant,
3590 3353 3852 3408 incuriam

573 3450 791 3517 bentur,
816 3450 948 3506 nihil
970 3451 1192 3506 omnino
1214 3466 1398 3506 secum
1422 3450 1637 3519 accipit.
1663 3449 1941 3506 Secundus
1980 3458 2160 3505 autem
2268 3456 2528 3523 imitatus,
2561 3452 2741 3510 animo
2767 3455 2927 3509 anxio
2956 3468 3021 3508 ac
3044 3452 3273 3508 sollicito
3316 3451 3370 3506 id
3418 3448 3686 3520 agitabat,
3718 3461 3847 3518 quo-

573 3543 801 3609 amicus,
828 3557 964 3599 uxor
986 3556 1049 3597 ac
1070 3542 1222 3597 liberi
1245 3552 1368 3596 sunt
1386 3583 1401 3608 ,
1428 3543 1715 3611 caeterique
1736 3542 1946 3612 cognati
1986 3551 2041 3598 et
2083 3542 2161 3597 fa-

2273 3565 2398 3605 nam
2428 3559 2582 3619 pacto
2608 3548 2770 3605 rebus
2808 3548 2921 3603 suis
2959 3547 3160 3616 optime
3200 3543 3527 3601 consuleret.
3562 3543 3696 3597 Dum
3726 3554 3857 3610 ergo

575 3636 811 3691 miliares
830 3678 845 3701 ,
868 3650 1096 3705 quorum
1122 3634 1401 3690 allectione
1424 3651 1487 3691 ac
1524 3635 1894 3692 benevolentia
1936 3636 2163 3690 constri-
2267 3643 2456 3698 crebra
2486 3640 2832 3696 meditatione
2872 3638 2987 3694 haec
3013 3653 3195 3694 secum
3226 3646 3482 3703 versaret,
3514 3648 3611 3706 per
3637 3634 3853 3703 sapien-

574 3730 645 3786 cti
668 3741 933 3799 tenemur,
956 3743 1012 3785 ut
1033 3730 1102 3785 ab
1144 3729 1227 3785 his
1267 3730 1448 3786 divelli
1490 3731 1577 3786 vix
1619 3745 1899 3802 queamus,
1941 3744 2004 3785 ac
2052 3744 2163 3799 pm
2267 3735 2535 3791 tissimum
2562 3733 2846 3805 quemdam
2877 3732 3261 3801 consiliarium,
3294 3732 3361 3786 de
3400 3729 3594 3785 civium
3625 3743 3849 3785 consue-

574 3837 758 3880 eorum
784 3836 968 3877 amore
993 3835 1189 3891 corpus
1210 3822 1371 3876 etiam
1409 3831 1465 3877 et
1504 3824 1741 3878 animam
1783 3832 2020 3879 nostram
2062 3838 2155 3877 ne-
2272 3828 2458 3884 tudine
2482 3842 2542 3883 ac
2557 3826 2799 3898 perpetui
2828 3826 2997 3883 exsilii
3025 3827 3143 3882 loco
3171 3825 3369 3883 certior
3387 3824 3556 3880 factus
3584 3832 3686 3890 est,
3717 3837 3853 3893 quo-

573 3916 858 3985 eligamus-
892 3915 970 3969 Εἰ
992 3914 1123 3984 ίρδίε
1146 3930 1307 3985 POI'I'O
1330 3931 1488 3973 nemo
1511 3917 1566 3972 in
1596 3916 1784 3971 mortis
1806 3917 1937 3972 hora
1961 3916 2163 3970 ulilila-
2268 3938 2392 3977 nam
2422 3930 2577 3991 pacto
2603 3922 2720 3977 sine
2748 3920 2856 3976 ullo
2894 3934 3076 3976 errore
3114 3920 3227 3991 ipse
3265 3919 3365 3975 sibi
3404 3932 3595 3974 cavere
3632 3915 3854 3972 deberet

573 4006 643 4063 ιίδ
683 4006 885 4075 aliqum
923 4005 1172 4076 Ρεΐείρίιν
1200 4008 1301 4062 ηίεί
1352 4008 1494 4077 (ιιιοά
1535 4008 1602 4062 ad
1644 4008 1949 4077 Seplllcwm
1997 4021 2164 4075 usque
2269 4014 2555 4071 intellexit.
2596 4014 2730 4068 Cum
2770 4014 2929 4084 igitur
2970 4014 3072 4068 hoc
3110 4012 3462 4083 cognovisset,
3504 4011 3851 4079 futurumque

576 4098 839 4156 duntaxat
881 4099 1114 4155 cadaver
1156 4099 1497 4168 comitantur,
1560 4116 1623 4155 ac
1663 4101 1905 4170 protinus
1945 4101 2162 4156 domum
2270 4121 2438 4176 prope
2474 4106 2615 4161 diem
2639 4116 2696 4161 ut
2734 4105 2800 4160 ad
2840 4106 2987 4161 illam
3028 4105 3252 4160 insulam
3291 4104 3657 4174 ablegaretur,
3698 4112 3859 4172 atque

578 4192 835 4255 reversis,
866 4189 977 4247 suis
1006 4191 1151 4246 curis
1172 4206 1236 4246 ac
1260 4191 1488 4263 negotiis
1530 4208 1750 4261 operam
1779 4195 1927 4261 dant,
1958 4209 2164 4250 memo-
2268 4198 2619 4254 adventitium
2650 4198 2775 4254 illud
2808 4210 2861 4254 et
2892 4198 3126 4253 alienum
3163 4212 3385 4269 regnum
3413 4197 3533 4251 aliis
3582 4197 3857 4265 relinque-

576 4284 711 4341 riam
739 4284 875 4355 ejus,
904 4284 994 4353 qui
1020 4284 1288 4355 quondam
1319 4286 1448 4356 ipsis
1474 4285 1669 4341 charus
1691 4296 1828 4353 erat,
1854 4302 1959 4341 non
1984 4286 2162 4341 minus
2268 4299 2375 4355 ret,
2412 4289 2688 4359 patefactis
2715 4288 2978 4345 thesauris
3000 4289 3133 4356 suis,
3152 4304 3374 4360 quorum
3400 4298 3525 4343 tunc
3549 4298 3857 4357 promptum

576 4376 873 4447 oblivioni,
932 4392 1089 4448 quam
1136 4392 1330 4449 corpus
1377 4381 1622 4449 sepulcro
1668 4380 2047 4449 relinquentes.
2074 4374 2165 4434 ‘At
2269 4394 2333 4437 ac
2372 4380 2596 4435 liberum
2618 4396 2771 4436 usum
2799 4379 3048 4447 habebat,
3073 4379 3294 4449 aurique
3330 4386 3489 4446 atque
3526 4378 3754 4449 argenti,
3797 4391 3861 4432 ac

578 4486 707 4527 vero
737 4470 927 4527 tertius
956 4474 1186 4542 amicus,
1218 4474 1309 4543 qui
1342 4474 1670 4544 contemptui
1697 4490 1759 4530 ac
1787 4474 1999 4528 fastidio
2024 4481 2158 4536 erat,
2267 4476 2631 4545 pretiosorum
2672 4474 2906 4545 lapidum
2947 4473 3147 4545 ingenti
3189 4472 3331 4528 mole
3369 4471 3579 4527 famulis
3628 4472 3856 4541 quibus-

575 4565 830 4632 cujusque
860 4563 1061 4619 aditum
1090 4566 1371 4621 horremus
1399 4576 1452 4621 et
1480 4580 1812 4632 aversamur,
1838 4566 2160 4635 optimorum
2268 4568 2417 4637 dam,
2447 4582 2581 4636 quos
2610 4566 2898 4637 fidissimos
2939 4566 3187 4635 habebat,
3220 4565 3431 4631 tradita,
3465 4565 3533 4619 ad
3560 4577 3679 4619 eam
3712 4564 3862 4618 insu-

576 4655 1117 4723 operumchorusest,
1137 4656 1349 4721 hocest,
1364 4656 1514 4725 ﬁdes,
1532 4673 1676 4728 Spes,
1694 4657 2173 4724 charitas,miseri-
2201 4664 2253 4725 D
2276 4660 2388 4715 iam
2448 4659 2514 4715 ad
2553 4674 2711 4729 quam
2751 4658 3093 4715 abducendus
3129 4665 3246 4714 erat
3283 4657 3559 4729 praemisit.
3603 4656 3864 4712 Vertente

580 4746 760 4801 cordia
781 4786 796 4811 ,
847 4745 1166 4816 benignitas,
1196 4748 1542 4819 reliquusque
1570 4750 1821 4803 virtutum
1847 4757 2015 4804 caelus
2036 4765 2049 4803 :
2074 4748 2165 4818 qui
2274 4760 2459 4808 autem
2488 4765 2631 4805 anno
2652 4752 2817 4817 cives,
2846 4759 3114 4806 commota
3140 4750 3426 4816 seditione,
3459 4748 3659 4804 nudum
3712 4764 3857 4815 eum,

578 4840 790 4909 quidem
825 4848 951 4893 ante
988 4853 1107 4907 nos,
1136 4854 1254 4894 cum
1294 4856 1323 4895 e
1361 4856 1587 4911 corpore
1627 4840 1958 4907 excedimus,
1994 4841 2162 4910 proli-
2274 4843 2729 4914 quemadmodum
2756 4845 3063 4914 superiores
3089 4858 3264 4915 reges,
3316 4842 3369 4899 in
3401 4844 3645 4899 exsilium
3700 4842 3865 4897 mise-

578 4930 738 4997 cisci,
798 4945 861 4985 ac
917 4939 1098 4986 nostra
1154 4945 1311 4986 causa
1364 4932 1530 4988 Deum
1572 4933 1817 5003 precibus
1856 4932 2164 5000 inflectere,
2276 4945 2423 4993 runt.
2454 4937 2529 4992 Ac
2557 4936 2741 4991 creteri
2770 4937 2983 5009 quidem
3011 4944 3276 5001 amentes,
3309 4947 3362 4993 et
3391 4936 3571 4993 brevis
3600 4936 3860 5007 temporis

577 5032 738 5093 atque
764 5024 833 5079 ab
871 5024 1112 5081 hostibus
1152 5026 1350 5081 nostris
1388 5035 1443 5083 et
1481 5027 1762 5083 horrendis
1802 5028 2161 5095 exactoribus,
2278 5044 2465 5100 reges,
2496 5030 2806 5099 gravissima
2831 5030 2971 5086 fame
3014 5030 3369 5085 laborabant:
3403 5028 3495 5086 ille
3536 5039 3722 5085 contra
3770 5026 3862 5098 qui

577 5118 669 5187 qui
693 5117 762 5173 de
789 5118 1086 5174 referendis
1116 5120 1410 5174 rationibus
1440 5121 1687 5177 acerbam
1740 5120 1893 5177 nobis
1938 5121 1991 5177 in
2039 5134 2165 5177 aere
2274 5134 2409 5189 opes
2434 5133 2560 5175 suas
2598 5120 2951 5190 praemiserat,
2983 5121 3035 5175 in
3076 5130 3331 5191 perpetua
3373 5136 3552 5177 rerum
3592 5121 3745 5189 copia
3787 5120 3866 5173 vi-

578 5212 723 5267 litem
752 5224 990 5275 movent,
1020 5228 1081 5268 ac
1108 5213 1396 5269 crudeliter
1427 5227 1523 5269 nos
1548 5216 1784 5286 arripere
1810 5216 2162 5283 contendunt,
2274 5222 2383 5267 tam
2412 5213 2636 5283 ducens,
2668 5223 2828 5285 atque
2858 5212 3061 5269 infinita
3095 5214 3362 5284 voluptate
3391 5214 3595 5282 fruens,
3628 5213 3865 5284 perfido-

579 5303 812 5360 liberare
854 5316 1047 5374 potest.
1094 5307 1190 5362 Hic
1229 5308 1481 5363 nimirum
1520 5318 1604 5364 est
1642 5310 1901 5364 candidus
1957 5310 2048 5365 ille
2100 5324 2165 5365 ac
2274 5321 2397 5361 rum
2425 5321 2488 5361 ac
2526 5306 2907 5363 sceleratorum
2948 5306 3142 5362 civium
3183 5316 3327 5363 metu
3368 5320 3589 5377 prorsus
3627 5307 3863 5375 ahjecto,

581 5396 780 5463 probus
819 5405 873 5451 et
909 5408 1088 5468 gratus
1126 5400 1348 5463 amicus,
1390 5400 1477 5471 qui
1516 5402 1813 5470 quamlibet
1849 5402 2010 5456 etiam
2049 5404 2161 5457 exi-
2274 5398 2653 5467 sapientissimi
2678 5398 2888 5455 consilii
2916 5398 3002 5456 sui
3031 5400 3248 5455 nomine
3270 5399 3565 5456 heatumse
3591 5399 3856 5471 praedica-

576 5505 738 5559 guum
778 5490 975 5548 bonum
1015 5502 1255 5549 nostrum
1296 5510 1429 5563 opus
1460 5496 1716 5550 memoria
1752 5504 1912 5564 tenet,
1943 5510 2006 5552 ac
2035 5494 2159 5552 cum
2273 5489 2382 5545 bal.

576 5584 762 5641 fenore
792 5585 945 5642 nobis
968 5588 1094 5643 illud
1128 5587 1388 5658 rependit.
2348 5582 2446 5637 llic
2475 5597 2635 5653 porro
2675 5598 2772 5653 per
2800 5584 3070 5640 civitatem
3096 5598 3287 5641 vanum
3311 5585 3453 5639 hunc
3487 5595 3650 5657 atque
3687 5586 3866 5654 impo-

648 5678 780 5735 er.
813 5678 950 5734 XIV.
981 5710 1052 5722 —
1078 5678 1307 5735 Rursum
1338 5680 1496 5749 igitur
1523 5678 1781 5751 Josaphat
1810 5680 1946 5736 dixit
1989 5699 2002 5736 :
2046 5681 2161 5738 Uti-
2276 5683 2478 5731 storem
2503 5675 2759 5730 mundum
2777 5676 3031 5746 intellige.
3064 5677 3167 5733 Per
3190 5677 3339 5732 cives
3368 5686 3566 5743 autem,
3601 5675 3870 5747 principa-

577 5787 698 5827 natn
730 5773 823 5828 tibi
850 5787 880 5828 a
913 5772 1138 5828 Domino
1164 5771 1273 5827 Deo
1303 5781 1392 5828 tuo
1420 5772 1599 5829 omnia
1628 5771 1801 5830 fausta
1837 5782 1891 5829 et
1926 5773 2161 5844 jucunda
2278 5776 2366 5822 tus
2394 5778 2446 5823 et
2473 5776 2763 5837 potestates
2786 5768 3112 5837 daemonum,
3141 5784 3203 5825 ac
3228 5769 3411 5826 mundi
3443 5778 3683 5826 rectores
3713 5778 3869 5824 tene-

577 5866 703 5927 siut,
735 5864 1011 5923 hominum
1041 5864 1457 5931 sapientissime.
1491 5866 1767 5933 Siquidem
1797 5867 2011 5933 Optimis
2058 5868 2164 5924 tuis
2276 5860 2496 5921 brarum
2527 5863 2685 5935 hujus
2714 5864 2915 5933 saeculi,
2949 5866 3039 5935 qui
3070 5880 3167 5922 nos
3217 5879 3313 5935 per
3359 5864 3649 5937 voluptatis
3684 5862 3866 5921 molli-

2196 5960 2231 5968 -ο,
