4158 6354
336 387 435 448 897

764 394 924 453 νιτΑ
966 395 1385 460 SANCTORUM
1427 403 1761 466 BARLAAM
1799 408 1893 467 ER

1998 405 2135 467 ΙΤΛΕ
2174 403 2265 463 ET
2304 402 2663 464 JOSAPHAT
2706 402 2912 462 ΙΝῡΙιΕ
2950 404 3172 463 REGIS.

3517 406 3610 473 res

327 506 457 563 tiem
490 508 768 577 inescent,
793 521 957 583 atque
984 513 1037 570 in
1066 516 1303 573 animum
1353 521 1509 579 nobis
1558 523 1813 580 inducunt
1863 535 1922 582 ut
1946 526 2002 607 ᾼ
2024 524 2070 580 ri
2096 530 2279 591 erant,
2311 522 2382 578 ita
2411 522 2669 590 evehens,
2700 531 2759 578 ut
2788 521 2920 593 ipsis
2949 523 3017 579 ab
3043 521 3292 579 omnibus
3318 520 3491 580 honor
3516 532 3612 582 tri-

320 605 397 660 de
420 604 589 660 rebus
617 606 834 663 caducis
860 618 915 664 et
939 610 1255 681 interituris,
1275 615 1422 671 velut
1442 617 1509 673 de
1528 618 1923 677 immortalibus
1980 604 1991 655 Ῐ
2024 620 2238 689 buatur.

322 697 669 766 cogitemus,
722 708 971 771 tanquam
1020 704 1228 762 scilicet
1271 722 1454 765 earum
1492 710 1698 769 fructus
1766 716 1922 771 nobis

322 798 617 858 perpetuus
641 806 703 845 ac
727 794 1091 863 sempiternus
1121 798 1329 857 futurus
1356 803 1443 858 sit.
1485 803 1619 860 Cum
1654 805 1818 876 igitur
1849 808 1916 864 ad

318 882 470 939 hunc
500 885 716 943 modum
740 888 951 961 decepti
982 902 1142 965 atque
1172 897 1224 950 in
1278 896 1516 956 fraudem
1566 902 1781 973 impulsi
1827 918 1918 958 su-

326 992 474 1043 mus,
507 996 608 1036 nec
637 982 706 1038 de
728 984 891 1040 certis
917 986 1021 1042 illis
1046 1003 1109 1044 ac
1130 990 1469 1061 sempiternis
1495 994 1662 1050 ullutn
1686 1011 1914 1067 unquam

318 1070 611 1126 consilium
642 1073 879 1143 iniimus,
907 1093 1006 1134 nec
1034 1080 1188 1137 nobis
1218 1083 1270 1138 in
1301 1085 1536 1141 futurum
1565 1103 1739 1144 aevum
1769 1090 1916 1160 quid-

316 1179 483 1234 quam
514 1168 933 1235 recondidimns,
965 1179 1274 1243 repentinus
1299 1180 1453 1235 nobis
1483 1182 1673 1237 mortis
1721 1184 1914 1239 interi-

313 1265 402 1313 tus
432 1259 632 1329 ingruit
657 1261 837 1333 (Prov.
874 1266 935 1337 t).
971 1271 1040 1323 At
1069 1280 1177 1326 tum
1207 1271 1422 1330 demum
1453 1277 1623 1332 nudos
1672 1292 1792 1345 nos,
1826 1288 1912 1334 at-

310 1366 418 1423 que
441 1357 694 1411 omnibus
740 1358 898 1428 hujus
932 1363 1057 1417 vita:
1088 1366 1250 1421 rebus
1281 1370 1541 1437 spoliatos
1570 1371 1799 1441 improbi
1836 1373 1913 1429 illi

310 1458 376 1498 ac
402 1447 529 1501 saevi
558 1450 900 1506 tenebrarum
931 1455 1074 1512 cives
1103 1459 1451 1528 accipientes,
1480 1471 1538 1517 ut
1578 1462 1669 1533 qui
1702 1473 1914 1534 tempus

307 1534 416 1591 illis
442 1554 604 1593 omne
633 1540 1073 1613 impenderimus,
1104 1548 1157 1602 in
1210 1559 1404 1606 terram
1455 1556 1797 1611 tenebrosam
1854 1566 1911 1614 et

303 1628 596 1687 obscuram
623 1633 924 1703 abducunt,
957 1639 1010 1693 in
1037 1649 1231 1696 terram
1262 1646 1609 1714 sempiterna:
1637 1648 1905 1719 caliginis,

302 1720 399 1776 ubi
432 1722 518 1776 lux
563 1738 670 1778 non
702 1736 801 1792 est,
836 1743 935 1785 nec
975 1733 1279 1789 mortalium
1326 1738 1489 1792 vitam
1537 1739 1731 1795 intueri
1784 1742 1912 1798 licet

298 1810 455 1883 (Job.
489 1814 570 1882 x).
604 1814 707 1871 Per
751 1819 975 1887 probum
1024 1838 1156 1878 vero
1200 1826 1591 1896 consiliarium,
1641 1831 1730 1899 qui
1784 1848 1908 1901 pru-

2099 712 2172 764 Ac
2201 723 2425 765 cernere
2452 716 2564 774 est,
2608 706 2882 763 hominum
2917 722 3085 779 genus
3127 708 3197 763 ita
3241 718 3610 778 comparatum

1995 851 1998 856 .
2023 816 2162 869 esse,
2194 812 2252 858 ut
2276 812 2401 857 ante
2430 802 2704 857 crudelem
2727 800 2899 871 ipsius
2921 801 3260 872 tyrannidem
3284 802 3413 857 nihil
3436 803 3613 857 omni—

2024 914 2095 954 no
2126 898 2338 954 flrmum
2369 913 2431 954 ac
2471 897 2662 953 stabile
2694 898 2908 953 habeat.
2954 896 3423 965 Quemadmodum
3466 898 3610 954 cuitu

2021 991 2269 1047 columba
2298 990 2527 1061 aquilam
2552 1000 2645 1045 aut
2674 992 2983 1060 accipitrem
3014 989 3244 1060 fugiens,
3282 990 3455 1044 locum
3485 990 3612 1043 sub-

2021 1082 2143 1138 inde
2172 1093 2485 1150 commutat,
2517 1100 2579 1139 ac
2602 1100 2743 1138 nunc
2768 1084 2981 1155 quidem
3008 1086 3061 1139 in
3088 1084 3189 1139 hac
3211 1082 3432 1148 arbore,
3465 1100 3607 1139 nunc

2019 1185 2198 1231 autem
2246 1176 2299 1230 in
2332 1175 2424 1231 illo
2455 1176 2680 1246 frutice,
2712 1192 2774 1231 ac
2795 1177 2989 1232 deinde
3014 1178 3064 1231 in
3095 1177 3307 1247 rupium
3332 1178 3609 1239 cavernis.

1980 1304 1985 1307 Α
2023 1284 2088 1324 ac
2122 1271 2284 1325 variis
2330 1271 2500 1340 spinis
2531 1271 2721 1341 pedem
2753 1270 3011 1343 afﬁgens,
3056 1285 3155 1327 nec
3185 1281 3354 1327 tutum
3385 1287 3607 1341 usquam

2021 1363 2323 1434 perfugium
2374 1365 2672 1429 inveniens,
2728 1365 2779 1419 in
2810 1373 3068 1434 perpetua
3110 1364 3405 1435 jactatione
3449 1374 3608 1435 atque

2016 1470 2255 1511 aerumna
2288 1465 2529 1512 versatur
2558 1476 2570 1510 :
2596 1458 2785 1513 eodem
2818 1457 2979 1513 modo
3007 1474 3067 1514 se
3118 1459 3336 1523 habent,
3380 1461 3473 1530 qui
3517 1473 3608 1516 res

1982 1586 1987 1589 τ
2018 1561 2321 1621 praesentes
2354 1552 2419 1606 ad
2449 1562 2723 1623 stuporem
2773 1568 2941 1623 usque
2972 1554 3254 1621 mirantur,
3289 1553 3486 1623 quippe
3516 1555 3607 1624 qui

2017 1643 2418 1700 inconsiderato
2450 1645 2681 1715 quodam
2712 1646 2914 1716 impetu
2943 1648 3138 1702 misere
3183 1646 3449 1711 laborent,
3504 1662 3605 1703 nec

2015 1740 2303 1811 quidquam
2335 1742 2555 1796 omnino
2594 1742 2806 1796 firmum
2850 1750 2942 1796 aut
2971 1742 3164 1798 stabile
3205 1741 3467 1810 habeant,
3501 1756 3604 1797 nec

2015 1832 2080 1884 ad
2130 1847 2292 1901 quem
2346 1832 2501 1887 linem
2564 1833 2874 1902 perventuri
2923 1833 3060 1897 sint,
3122 1834 3449 1903 intelligant,
3505 1848 3606 1889 nec

300 1903 459 1959 denti
489 1921 550 1959 ac
580 1923 835 1979 perquam
868 1914 1095 1983 sapienti
1128 1916 1206 1971 illi
1238 1919 1349 1985 regi
1380 1921 1560 1975 omnia
1594 1937 1721 1978 vere
1771 1939 1902 1993 ape-
1937 1924 1987 1985 B
2016 1940 2121 1993 quo
2167 1924 2381 1981 tandem
2410 1940 2543 1981 vana
2586 1926 2721 1993 vita,
2754 1928 2873 1993 cui,
2922 1940 3177 1996 perquam
3210 1923 3498 1980 infeliciter
3542 1941 3607 1981 ac

298 1997 440 2061 ruit,
471 2011 532 2052 ac
555 1998 767 2057 sublata
797 2005 1020 2061 consilia
1051 2007 1289 2075 tradidit,
1326 2026 1411 2067 me
1440 2013 1599 2069 vilem
1627 2024 1683 2072 et
1731 2016 1907 2075 Immi-

296 2088 411 2144 Jem
441 2090 827 2150 homunculum
861 2098 1120 2169 intelligo,
1152 2104 1239 2170 qui
1274 2102 1376 2160 huc
1407 2103 1611 2164 idcirco
1640 2113 1818 2179 venio,
1849 2123 1906 2169 ut

292 2182 399 2235 tibi
435 2183 577 2237 viam
608 2184 798 2242 bonam
831 2200 887 2243 et
913 2191 981 2245 ab
1004 2193 1147 2247 omni
1172 2209 1357 2251 errore
1381 2197 1601 2255 liberam
1627 2217 1907 2261 common-

298 2285 500 2341 strem,
554 2288 711 2347 teque
761 2283 827 2337 ad
878 2288 1205 2355 sempiterna
1255 2301 1309 2346 et
1351 2307 1623 2363 nunquam
1673 2298 1905 2357 finienda

297 2372 448 2424 delia
477 2372 775 2437 traducam,
808 2377 1038 2447 illucque
1067 2382 1246 2436 omnia
1300 2391 1386 2438 tua
1436 2387 1730 2445 recondere
1772 2407 1905 2447 sna-

296 2462 486 2531 deam,
518 2478 815 2540 contraque
846 2480 895 2526 te
921 2473 990 2543 ab
1016 2473 1308 2545 impnstore
1338 2481 1439 2534 hoc
1488 2482 1686 2537 mundo
1730 2484 1900 2542 abdu-

296 2574 445 2615 cam.
477 2564 647 2629 Quem
697 2567 910 2635 quidem
958 2570 1073 2640 ipse
1118 2588 1333 2644 quoque
1373 2576 1660 2645 aliquando
1706 2580 1906 2637 misere

295 2656 576 2721 amabam,
609 2659 835 2729 ejusque
865 2663 1167 2733 voluptates
1214 2678 1264 2721 et
1312 2668 1705 2725 oblectamenta
1755 2688 1905 2728 com-

292 2749 597 2817 plectebar.
642 2752 910 2809 Cmterum
964 2771 1084 2811 cum
1118 2759 1278 2814 rectis
1327 2762 1521 2817 mentis
1565 2764 1737 2820 oculis
1787 2767 1902 2820 ani-

2014 2018 2213 2073 misere
2263 2019 2401 2073 mala
2444 2020 2602 2074 bouis
2650 2020 3019 2088 praeferentes,
3050 2034 3111 2073 ac
3146 2019 3427 2089 probitatis
3479 2019 3599 2073 loco

2011 2112 2199 2167 vilium
2221 2122 2595 2169 consectantes
2612 2155 2627 2179 ,
2649 2128 2769 2170 sese
2791 2114 3154 2184 subjecernnt,
3176 2129 3272 2169 eos
3291 2115 3483 2179 ducat;
3506 2127 3606 2169 nec

2010 2206 2260 2275 quisnam
2294 2207 2514 2275 frigidos
2548 2208 2835 2262 multorum
2879 2224 2941 2262 ac
2991 2209 3314 2263 miserorum
3354 2208 3602 2263 laborum

2010 2312 2232 2353 suorum
2264 2299 2469 2354 fructus
2498 2309 2821 2369 excepturus
2848 2301 2940 2366 sit,
2973 2299 3075 2356 hoc
3103 2307 3206 2366 est,
3239 2300 3599 2370 propinquus-

2013 2405 2082 2445 ne
2124 2404 2191 2444 an
2236 2391 2479 2458 alienus,
2530 2406 2593 2447 ac
2623 2407 2866 2462 persaepe
2895 2408 2963 2448 ne
3004 2394 3208 2448 amicus
3246 2392 3461 2464 quidem
3510 2401 3605 2449 aut

2011 2492 2193 2551 notus,
2224 2498 2407 2538 verum
2435 2484 2686 2540 inimicus
2715 2495 2771 2541 et
2800 2485 2988 2542 hostis.

2082 2574 2231 2639 Haec,
2260 2575 2501 2644 inquam,
2533 2578 2735 2641 omnia,
2754 2586 2811 2632 et
2826 2593 2944 2645 qua:
2962 2576 3045 2633 his
3065 2587 3426 2633 consentanea
3448 2563 3624 2647 sunt;

2006 2677 2127 2723 eum
2175 2666 2375 2736 ipsein
2405 2668 2599 2724 animze
2645 2684 2778 2725 meae
2810 2669 2927 2725 foro
2973 2670 3385 2741 disceptassem,
3438 2671 3603 2726 totius

2011 2759 2132 2814 vitae
2163 2774 2320 2826 meae,
2351 2776 2510 2830 quam
2534 2762 2586 2817 in
2611 2763 2771 2818 rebus
2798 2764 2951 2818 vanis
2972 2765 3300 2834 consumpsi,
3333 2779 3398 2818 ac
3420 2771 3597 2819 terre-

2007 2851 2092 2905 nis
2143 2852 2415 2908 laboribus
2462 2854 2709 2911 addictus
2762 2856 3018 2925 transegi,
3069 2856 3249 2911 odium
3301 2871 3390 2911 me
3436 2857 3601 2925 cepit.

2009 2946 2253 3017 Cumque
2303 2962 2490 3004 eorum
2539 2964 2780 3003 amorem
2820 2964 2886 3005 ex
2937 2950 3117 3005 animo
3157 2950 3514 3005 excussissem
3543 2956 3601 3006 et

2008 3038 2335 3108 ejecissem,
2390 3056 2453 3096 ea
2500 3057 2622 3098 sese
2676 3044 2847 3098 oculis
2896 3044 3031 3099 meis
3079 3045 3427 3110 obtulerunt,
3476 3059 3600 3115 quae

285 2846 740 2911 mdvertissem,
773 2851 1225 2919 quemadmodmn
1260 2854 1311 2909 in
1346 2855 1429 2910 his
1459 2856 1621 2913 rebus
1653 2859 1902 2917 universa

283 2936 603 2992 mortalium
628 2939 732 2994 vita
755 2943 1074 3011 conteritur,
1091 2944 1210 3000 aliis
1229 2946 1478 3002 nimirum
1495 2950 1899 3021 accedentibus,

282 3032 419 3087 aliis
448 3032 854 3105 decedentibus,
890 3053 989 3094 nec
1016 3040 1127 3095 ullo
1172 3043 1394 3099 omnino
1424 3043 1577 3099 firma
1624 3054 1678 3099 et
1719 3046 1899 3101 stabili

281 3128 424 3183 sede
450 3132 762 3198 constituto,
796 3133 896 3189 hoc
947 3144 1050 3201 est,
1102 3152 1203 3193 nec
1255 3138 1508 3195 divitibus
1556 3148 1612 3195 et
1661 3141 1895 3211 copiosis
2006 3147 2135 3188 vere
2162 3134 2301 3189 bona
2334 3144 2482 3200 sum.
2516 3134 2618 3190 hoc
2666 3144 2770 3201 est.
2805 3136 2901 3191 Dei
2949 3147 3093 3192 melu
3126 3137 3406 3207 pradilum
3451 3152 3595 3203 esse.

277 3220 346 3277 in
375 3221 602 3291 Opibus,
652 3239 750 3279 nec
782 3227 1086 3295 potentibus
1131 3231 1181 3283 in
1224 3232 1460 3300 potentia
1488 3274 1502 3296 ,
1537 3248 1636 3289 nec
1683 3235 1894 3304 sapien-

2005 3233 2167 3294 atqne
2210 3227 2375 3295 ipsius
2417 3228 2683 3281 voluntati
2730 3228 2976 3299 obsequi.
3010 3229 3141 3283 Nam
3193 3229 3295 3284 hoc
3331 3230 3595 3285 honorum

279 3314 435 3368 tibus
463 3314 517 3367 in
544 3317 828 3386 sapientia,
856 3336 954 3376 nec
985 3321 1052 3376 iis
1096 3324 1289 3393 quibus
1344 3339 1598 3393 prospere
1648 3341 1735 3381 res
1774 3342 1893 3383 suc-

2003 3320 2244 3374 omnium
2276 3330 2434 3389 caput
2465 3334 2585 3375 esse
2613 3330 2945 3390 compertum
2980 3321 3158 3377 habui.
3192 3320 3304 3376 Hoc
3332 3322 3477 3377 enim
3507 3336 3598 3376 sa-

274 3406 512 3471 cedunt,
546 3409 596 3461 in
627 3414 1003 3482 prosperitate,
1034 3429 1136 3469 nec
1164 3415 1318 3470 luxui
1349 3417 1546 3473 deditis
1577 3418 1633 3473 in
1682 3421 1808 3474 luxu
1840 3430 1895 3476 et

273 3500 557 3567 cupediis,
588 3516 685 3556 nec
720 3503 785 3556 iis
827 3507 917 3572 qui
960 3520 1150 3562 secure
1192 3508 1292 3562 sibi
1322 3510 1510 3565 vivere
1545 3511 1811 3580 videntur,
1840 3514 1891 3568 in

274 3592 430 3645 inani
464 3606 559 3646 sua
590 3602 645 3647 et
673 3594 1095 3652 imbecillissima
1124 3601 1433 3666 securitate,
1458 3610 1556 3657 nec
1583 3602 1635 3657 in
1660 3604 1766 3657 ulla
1791 3605 1891 3661 alia

273 3697 344 3737 re
375 3698 443 3737 ex
474 3684 539 3739 iis
566 3700 685 3755 qum
710 3686 953 3743 laudibus
970 3690 1285 3749 ciiernntur.
1315 3692 1507 3748 Verum
1530 3696 1643 3750 haec
1670 3712 1757 3751 res
1783 3704 1893 3753 tor-

273 3778 520 3829 rentium
577 3793 832 3848 aquarum
894 3781 946 3859 in
1004 3782 1322 3849 profundum
1384 3800 1532 3841 mare
1593 3787 1887 3843 labentium

273 3870 537 3925 transilui
566 3873 764 3929 similis
790 3884 913 3939 est;
943 3878 1133 3931 eodem
1160 3877 1303 3931 enim
1332 3879 1489 3933 modo
1519 3880 1658 3934 fluxa
1688 3894 1811 3936 sunt
1836 3890 1891 3938 et

276 3960 494 4033 fragilia
527 3968 709 4022 omnia
750 3971 1056 4038 praesentia.
1115 3972 1249 4026 llinc
1294 3972 1499 4029 scilicet.
1546 3974 1661 4030 haec
1709 3976 1888 4031 omnia

273 4068 421 4110 vana
454 4072 594 4125 esse,
644 4076 817 4130 neque
860 4063 1147 4134 quidquam
1202 4064 1443 4120 utilitatis
1492 4066 1690 4122 habere
1729 4067 1889 4124 intel-

274 4149 414 4206 lexi.
442 4151 579 4218 Quin
608 4154 788 4223 potius
812 4158 1257 4227 quemadmodum
1293 4162 1468 4229 priora
1519 4163 1701 4218 omnia
1748 4164 1883 4220 obli-

274 4242 445 4298 vione
471 4244 661 4301 obruta
681 4258 806 4303 sunt
834 4250 973 4320 (sive
998 4252 1222 4321 gloriam
1246 4252 1467 4323 dixeris,
1489 4255 1605 4311 sive
1632 4271 1881 4327 regnum,

272 4335 399 4390 sive
430 4334 751 4405 dignitatum
782 4340 1152 4414 splendorem,
1184 4344 1300 4419 sive
1328 4348 1583 4415 potentiae
1627 4350 1882 4419 amplitu-

270 4428 487 4493 dinem,
518 4431 632 4487 sive
661 4441 1010 4503 tyrannorum
1037 4438 1340 4504 audaciam,
1394 4441 1510 4497 sive
1558 4442 1685 4513 quid
1735 4443 1880 4500 aliud

274 4524 525 4595 ejusdem
577 4528 813 4599 generis)
863 4530 1050 4586 eodem
1105 4532 1265 4587 modo
1314 4536 1601 4602 praesentia
1665 4552 1881 4606 quoque

274 4623 500 4676 tandem
529 4632 768 4681 vetustas
796 4625 1127 4683 obscurabit.
1152 4629 1390 4696 Quorum
1423 4632 1475 4686 in
1506 4649 1728 4689 numero
1756 4650 1879 4690 cum

2005 3410 2221 3479 pientis:
2252 3409 2459 3466 initium
2494 3427 2614 3468 esse
2642 3412 2859 3476 dicitur,
2887 3422 3047 3483 atque
3075 3414 3212 3470 adeo
3241 3414 3478 3484 perfecta
3509 3429 3597 3471 sa-

2003 3498 2223 3574 pientia.
2285 3505 2495 3559 Etenim
2529 3520 2780 3562 maeroris
2809 3522 3003 3577 expers
3052 3506 3157 3561 vita
3208 3515 3310 3571 est,
3341 3516 3500 3576 atque
3529 3507 3598 3562 ab

1998 3597 2147 3652 omni
2190 3594 2485 3653 oﬂ‘ensioue
2516 3597 2682 3653 libera
2714 3598 2778 3653 iis
2806 3599 2897 3669 qui
2927 3611 3045 3654 eam
3075 3599 3491 3668 amplectuntur,
3524 3607 3583 3654 et

1972 3688 2090 3757 .qui
2121 3689 2171 3743 ei
2204 3697 2456 3758 tanquatn
2490 3688 2719 3744 Domino
2749 3690 3066 3756 innituntur,
3121 3698 3234 3745 tuta
3264 3700 3320 3745 et
3346 3691 3415 3745 ab
3444 3688 3597 3746 omni

1999 3781 2241 3850 periculo
2284 3782 2558 3837 immunis.
2610 3785 2743 3837 Cum
2795 3784 2973 3851 itaque
3022 3784 3258 3837 animum
3297 3797 3473 3838 meum
3524 3783 3596 3839 ad

1994 3871 2197 3928 erroris
2240 3875 2417 3927 omnis
2449 3884 2721 3943 expertem
2768 3874 3147 3929 mandatorum
3196 3874 3406 3929 Domini
3450 3875 3595 3929 viam

1993 3969 2334 4039 adjecissem,
2368 3968 2606 4038 nihilque
2634 3971 2688 4024 in
2727 3969 2861 4039 ipsis
2892 3970 3170 4040 obliquum
3198 3979 3254 4024 et
3282 3970 3588 4025 anfractuo-

1992 4076 2137 4127 sum,
2166 4077 2232 4117 ac
2279 4060 2627 4133 voraginibus
2678 4072 2733 4117 et
2761 4063 2996 4131 scopulis
3043 4073 3098 4118 et
3141 4063 3384 4119 sentibus
3413 4074 3467 4118 et
3498 4063 3592 4119 tri-

1966 4154 2132 4211 .bulis
2164 4156 2378 4224 plenum
2430 4171 2550 4213 esse
2593 4166 2743 4213 certo
2786 4158 3201 4228 comperissem,
3248 4174 3435 4214 verum
3467 4174 3589 4212 eam

1991 4249 2215 4304 omnino
2262 4249 2472 4318 planam
2519 4258 2574 4305 et
2614 4249 2937 4319 aequabilem
2970 4264 3123 4314 esse;
3155 4264 3341 4306 eorum
3370 4251 3589 4318 quidem

1990 4343 2078 4412 qui
2112 4342 2250 4397 hanc
2296 4344 2667 4413 ingrediuntur
2698 4358 2793 4411 per
2821 4342 3152 4397 clarissimas
3178 4343 3587 4412 contemplatio-

1991 4448 2089 4489 nes
2120 4435 2307 4489 oculos
2333 4434 2696 4489 oblectantem
2718 4478 2733 4505 ,
2768 4434 3100 4505 pedibusque
3132 4434 3586 4503 pulchritudinem

1987 4527 2393 4593 conciliantem,
2422 4537 2584 4595 atque
2614 4541 2707 4581 eos
2733 4528 2798 4580 ad
2829 4527 3274 4597 praeparationem
3301 4528 3583 4597 Evangelii

1988 4617 2133 4689 pacis
2174 4619 2525 4682 calceantem,
2578 4632 2665 4673 me
2710 4618 2881 4685 ipsum
2933 4617 3128 4687 prioris
3160 4619 3469 4687 imposturac
3517 4634 3584 4675 ac

276 4710 398 4779 ipse
424 4727 638 4784 quoque
664 4716 791 4783 sim,
820 4728 1091 4774 consueta;
1122 4718 1483 4778 ίηιωυωιῇοηί
1511 4739 1731 4792 prorsus
1752 4727 1881 4782 ευι)-
1910 4706 1965 4767 D
1989 4712 2196 4767 stolida:
2228 4711 2428 4767 fraudis
2470 4710 2685 4765 nomine
2716 4711 2970 4765 miserum
3017 4710 3343 4777 existimavi,
3390 4727 3454 4767 ac
3482 4726 3584 4782 per

274 4804 460 4875 jicior.
512 4808 579 4864 Ut
605 4810 747 4865 enim
778 4811 842 4867 iis
869 4813 961 4882 qui
985 4821 1111 4869 ante
1135 4829 1222 4868 me
1251 4815 1609 4884 exstiterunt,
1640 4832 1881 4885 praesen-

273 4900 410 4953 titun
440 4915 620 4955 rerum
650 4903 1010 4971 voluptatibus
1045 4914 1304 4975 perpetuo
1348 4907 1453 4962 frui
1495 4908 1718 4963 minime
1747 4925 1880 4966 con-

274 5005 495 5045 cessum
521 5002 626 5058 est,
652 4993 733 5048 sic
784 5010 851 5050 ne
901 4995 1032 5050 mibi
1082 4998 1302 5067 quidem
1353 4997 1703 5054 concedetur.
1753 5001 1883 5055 Ani—

275 5086 548 5138 madverti
576 5084 741 5150 enim,
765 5087 1216 5151 quemadmodum
1250 5099 1512 5162 tyrannus
1543 5090 1630 5146 hic
1657 5106 1719 5145 ac
1766 5100 1880 5146 tur-

274 5176 532 5231 bulentus
562 5179 793 5234 mundus
823 5178 1069 5236 homines
1096 5192 1309 5248 tractet,
1344 5199 1440 5239 eos
1486 5184 1737 5239 nimirum
1773 5188 1875 5240 huc

273 5281 441 5341 atque
471 5271 597 5325 illuc
626 5272 927 5339 invertens,
956 5274 1056 5329 bos
1085 5276 1295 5331 scilicet
1321 5292 1384 5331 ex
1441 5277 1631 5347 opibus
1659 5278 1723 5331 ad
1752 5292 1877 5349 ege-

273 5374 501 5432 statem,
551 5364 675 5421 illos
722 5382 910 5424 rursus
957 5384 1024 5423 ex
1072 5369 1393 5440 gravissima
1443 5380 1761 5439 paupertate
1808 5372 1875 5425 ad

270 5457 529 5528 gloriam,
556 5457 654 5512 hos
675 5473 707 5513 e
737 5461 843 5514 vita
874 5459 1096 5531 ducens,
1130 5462 1248 5517 illos
1287 5479 1499 5519 rursum
1529 5478 1716 5518 eorum
1750 5464 1870 5519 loco

270 5548 332 5603 in
364 5550 528 5603 vitam
562 5548 858 5608 inducens:
888 5552 1161 5621 sapientes
1191 5554 1449 5623 quosdam
1483 5565 1536 5611 et
1567 5555 1872 5626 ingeniosos

272 5640 425 5697 viros
451 5642 761 5711 improbans
787 5659 851 5699 ac
880 5644 1152 5715 rejiciens,
1182 5661 1383 5717 eosque
1428 5648 1515 5718 qui
1566 5649 1618 5703 in
1668 5648 1873 5704 honore

272 5750 342 5790 ac
360 5737 653 5807 splendore
681 5749 854 5807 erant,
882 5748 1219 5810 contemples
1246 5751 1300 5797 et
1343 5742 1701 5811 despicabiles
1750 5741 1871 5797 red-

272 5830 453 5898 dens;
482 5829 616 5886 alios
645 5840 832 5888 contra
864 5833 1175 5903 insipientes
1203 5848 1266 5889 ac
1311 5835 1536 5890 stolidos
1584 5834 1634 5888 in
1684 5834 1870 5902 gloriae

274 5924 478 5981 throno
505 5925 797 5993 collocatis,
829 5926 990 6001 275
1017 5942 1218 5997 eosque
1248 5928 1336 5997 qui
1367 5926 1564 5997 abjecti
1595 5935 1648 5983 et
1675 5926 1869 5982 obscu-

1992 4814 2192 4860 rectam
2223 4804 2365 4858 illam
2412 4803 2663 4858 incedere
2693 4818 2978 4873 aggressus
3026 4818 3369 4875 sum:quam
3417 4806 3581 4859 etiam

1990 4899 2194 4968 optimo
2216 4896 2339 4966 jure
2371 4896 2533 4951 rebus
2558 4896 2808 4950 omnibus
2828 4898 3075 4965 antetuli,
3099 4909 3259 4967 atque
3287 4898 3579 4966 collapsam

1990 5001 2044 5045 et
2072 4990 2303 5044 dirutum
2336 4988 2532 5044 anima:
2555 5002 2689 5044 mea:
2720 4988 2936 5045 domum
2967 4992 3263 5047 instaurare
3288 4993 3446 5060 ccepi.

2063 5085 2192 5138 (lum
2214 5098 2342 5153 ergo
2360 5083 2427 5138 ad
2449 5082 2591 5139 hunc
2618 5087 2834 5139 modum
2860 5084 3022 5140 rebus
3046 5088 3181 5140 meis
3201 5084 3568 5151 consulerem,

1986 5192 2049 5231 ac
2071 5177 2268 5231 mentis
2288 5176 2550 5230 lubricum
2575 5176 2851 5245 corrigere
2876 5176 3172 5240 studerem,
3202 5176 3460 5243 sapientis
3482 5191 3577 5231 cu-

1980 5269 2195 5340 jusdam
2218 5269 2456 5338 magistri
2480 5283 2667 5325 vocem
2690 5268 2889 5333 audivi,
2916 5269 3029 5321 haec
3048 5266 3175 5320 mibi
3200 5267 3572 5325 inclatnaniis:

1987 5361 2336 5431 Egredimini,
2389 5360 2579 5432 inquit,
2626 5376 2851 5426 omnes,
2884 5374 3019 5429 quos
3070 5358 3259 5414 salutis
3305 5361 3573 5429 cupiditas

1982 5463 2159 5519 tenet,
2190 5464 2350 5520 atque
2376 5469 2404 5507 a
2437 5454 2619 5507 mundi
2652 5455 2884 5506 vanitate
2910 5466 3005 5505 vos
3035 5460 3308 5507 removete
3328 5494 3342 5519 ,
3377 5456 3571 5509 transit

1982 5551 2123 5605 enim
2155 5550 2322 5619 ipsius
2354 5549 2521 5616 figura
2550 5544 2613 5617 (Ι
2650 5544 2767 5600 Cor.
2803 5545 2919 5614 vn).
2947 5543 3065 5599 Jam
3092 5545 3333 5617 jamque,
3362 5557 3417 5603 et
3442 5563 3571 5606 ecce

1979 5657 2085 5697 non
2115 5642 2235 5696 erit.
2273 5638 2539 5694 lrretortis
2569 5636 2740 5691 oculis
2768 5636 3057 5701 cxcedite;
3092 5652 3195 5693 nec
3224 5646 3401 5696 tamen
3449 5641 3568 5697 ina-

1980 5751 2076 5791 nes
2099 5746 2151 5790 et
2174 5734 2349 5800 vacui,
2377 5746 2561 5787 verum
2584 5732 2928 5799 Sempiternre
2950 5732 3072 5787 vitae
3094 5734 3284 5789 viatica
3310 5735 3566 5791 ferentes.

1978 5828 2185 5885 Etenim
2217 5827 2430 5896 longum
2480 5825 2581 5879 iter
2609 5824 2761 5879 vobis
2808 5825 3101 5882 ineundum
3148 5835 3253 5893 est,
3310 5828 3567 5897 quodque

1976 5923 2143 5980 multo
2192 5921 2412 5997 hujusce
2456 5920 2581 5976 vitae
2630 5917 2824 5976 viatico
2856 5936 2989 5995 opus
3033 5921 3257 5991 habent;
3291 5936 3449 5991 atque
3496 5924 3564 5982 ad
