  <div class='ocr_page' id='page_1' title='image "/cluster/home/n/w/nwhite01/storage/ocr_20150623/73/hvd.32044011474434/255.png"; bbox 0 0 4158 6354; ppageno 0'>
   <div class='ocr_carea' id='block_1_1' title="bbox 592 382 700 439">
    <p class='ocr_par' dir='ltr' id='par_1_1' title="bbox 592 382 700 439">
     <span class='ocr_line' id='line_1_1' title="bbox 592 382 700 439; baseline 0.019 -2"><span class='ocrx_word' id='word_1_1' title='bbox 592 382 700 439; x_wconf 64' lang='grc'><strong>499</strong></span> 
     </span>
    </p>
   </div>
   <div class='ocr_carea' id='block_1_2' title="bbox 1600 374 2805 439">
    <p class='ocr_par' dir='ltr' id='par_1_2' title="bbox 1600 374 2805 439">
     <span class='ocr_line' id='line_1_2' title="bbox 1600 374 2805 439; baseline -0.004 -3"><span class='ocrx_word' id='word_1_2' title='bbox 1600 378 1691 436; x_wconf 74' lang='lat' dir='ltr'><strong>DE</strong></span> <span class='ocrx_word' id='word_1_3' title='bbox 1731 378 1843 436; x_wconf 79' lang='lat' dir='ltr'><strong>Vl’l‘</strong></span> <span class='ocrx_word' id='word_1_4' title='bbox 1848 378 1911 435; x_wconf 83' lang='lat' dir='ltr'><strong>IS</strong></span> <span class='ocrx_word' id='word_1_5' title='bbox 1953 378 2242 439; x_wconf 64' lang='lat' dir='ltr'><strong>PA‘HWI</strong></span> <span class='ocrx_word' id='word_1_6' title='bbox 2282 377 2491 437; x_wconf 68' lang='lat' dir='ltr'><strong>LIBER</strong></span> <span class='ocrx_word' id='word_1_7' title='bbox 2531 374 2805 435; x_wconf 69' lang='lat' dir='ltr'><strong>PRIMUS.</strong></span> 
     </span>
    </p>
   </div>
   <div class='ocr_carea' id='block_1_3' title="bbox 3785 376 3893 437">
    <p class='ocr_par' dir='ltr' id='par_1_3' title="bbox 3785 376 3893 437">
     <span class='ocr_line' id='line_1_3' title="bbox 3785 376 3893 437; baseline 0 -2"><span class='ocrx_word' id='word_1_8' title='bbox 3785 376 3893 437; x_wconf 58' lang='lat'><strong>300</strong></span> 
     </span>
    </p>
   </div>
   <div class='ocr_carea' id='block_1_4' title="bbox 592 491 3891 574">
    <p class='ocr_par' dir='ltr' id='par_1_4' title="bbox 592 491 3891 574">
     <span class='ocr_line' id='line_1_4' title="bbox 592 491 3891 574; baseline -0.003 -13"><span class='ocrx_word' id='word_1_9' title='bbox 592 503 982 574; x_wconf 78' lang='lat' dir='ltr'><strong>sempiternum</strong></span> <span class='ocrx_word' id='word_1_10' title='bbox 1026 502 1224 570; x_wconf 83' lang='lat' dir='ltr'><strong>locum,</strong></span> <span class='ocrx_word' id='word_1_11' title='bbox 1255 499 1389 556; x_wconf 82' lang='lat' dir='ltr'><strong>duas</strong></span> <span class='ocrx_word' id='word_1_12' title='bbox 1419 497 1700 569; x_wconf 77' lang='lat' dir='ltr'><strong>regiones,</strong></span> <span class='ocrx_word' id='word_1_13' title='bbox 1730 498 1783 552; x_wconf 93' lang='lat' dir='ltr'><strong>in</strong></span> <span class='ocrx_word' id='word_1_14' title='bbox 1812 496 2005 567; x_wconf 70' lang='lat' dir='ltr'><strong>quibus</strong></span> <span class='ocrx_word' id='word_1_15' title='bbox 2035 511 2190 553; x_wconf 78' lang='lat' dir='ltr'><strong>man—</strong></span> <span class='ocrx_word' id='word_1_16' title='bbox 2212 496 2271 559; x_wconf 74' lang='grc' dir='ltr'><strong>Δ</strong></span> <span class='ocrx_word' id='word_1_17' title='bbox 2295 497 2349 551; x_wconf 89' lang='lat' dir='ltr'><strong>itt</strong></span> <span class='ocrx_word' id='word_1_18' title='bbox 2401 491 2725 563; x_wconf 84' lang='lat' dir='ltr'><strong>Evangelico</strong></span> <span class='ocrx_word' id='word_1_19' title='bbox 2766 491 3045 549; x_wconf 81' lang='lat' dir='ltr'><strong>volumine</strong></span> <span class='ocrx_word' id='word_1_20' title='bbox 3092 493 3328 551; x_wconf 80' lang='lat' dir='ltr'><strong>inculcat</strong></span> <span class='ocrx_word' id='word_1_21' title='bbox 3375 493 3593 565; x_wconf 73' lang='lat' dir='ltr'><strong>(Matth.</strong></span> <span class='ocrx_word' id='word_1_22' title='bbox 3621 502 3756 566; x_wconf 75' lang='lat' dir='ltr'><strong>xxv)</strong></span> <span class='ocrx_word' id='word_1_23' title='bbox 3809 496 3891 552; x_wconf 72' lang='grc' dir='ltr'>λιι</span> 
     </span>
    </p>
   </div>
   <div class='ocr_carea' id='block_1_5' title="bbox 594 588 2187 665">
    <p class='ocr_par' dir='ltr' id='par_1_5' title="bbox 594 588 2187 665">
     <span class='ocr_line' id='line_1_5' title="bbox 594 588 2187 665; baseline -0.009 -11"><span class='ocrx_word' id='word_1_24' title='bbox 594 598 779 654; x_wconf 87' lang='lat' dir='ltr'><strong>siones</strong></span> <span class='ocrx_word' id='word_1_25' title='bbox 804 597 988 651; x_wconf 66' lang='lat' dir='ltr'><strong>multa:</strong></span> <span class='ocrx_word' id='word_1_26' title='bbox 1014 597 1122 649; x_wconf 87' lang='lat' dir='ltr'><strong>sint</strong></span> <span class='ocrx_word' id='word_1_27' title='bbox 1151 591 1204 665; x_wconf 91' lang='grc' dir='ltr'><strong>(Ι</strong></span> <span class='ocrx_word' id='word_1_28' title='bbox 1233 592 1353 647; x_wconf 87' lang='lat' dir='ltr'><strong>Cor.</strong></span> <span class='ocrx_word' id='word_1_29' title='bbox 1384 596 1469 657; x_wconf 89' lang='lat' dir='ltr'><strong>tt),</strong></span> <span class='ocrx_word' id='word_1_30' title='bbox 1498 590 1807 656; x_wconf 78' lang='lat' dir='ltr'><strong>habentem,</strong></span> <span class='ocrx_word' id='word_1_31' title='bbox 1842 588 2187 658; x_wconf 76' lang='lat' dir='ltr'><strong>pervenistis.</strong></span> 
     </span>
    </p>
   </div>
   <div class='ocr_carea' id='block_1_6' title="bbox 594 684 2188 759">
    <p class='ocr_par' dir='ltr' id='par_1_6' title="bbox 594 684 2188 759">
     <span class='ocr_line' id='line_1_6' title="bbox 594 684 2188 759; baseline -0.006 -13"><span class='ocrx_word' id='word_1_32' title='bbox 594 691 832 759; x_wconf 76' lang='lat' dir='ltr'><strong>Quarum</strong></span> <span class='ocrx_word' id='word_1_33' title='bbox 872 689 1095 745; x_wconf 75' lang='lat' dir='ltr'><strong>alteram</strong></span> <span class='ocrx_word' id='word_1_34' title='bbox 1141 686 1359 756; x_wconf 84' lang='lat' dir='ltr'><strong>quidem</strong></span> <span class='ocrx_word' id='word_1_35' title='bbox 1392 685 1533 741; x_wconf 90' lang='lat' dir='ltr'><strong>Deus</strong></span> <span class='ocrx_word' id='word_1_36' title='bbox 1583 686 1648 739; x_wconf 87' lang='lat' dir='ltr'><strong>iis</strong></span> <span class='ocrx_word' id='word_1_37' title='bbox 1677 686 1768 755; x_wconf 87' lang='lat' dir='ltr'><strong>qui</strong></span> <span class='ocrx_word' id='word_1_38' title='bbox 1801 684 1970 754; x_wconf 84' lang='lat' dir='ltr'><strong>ipsius</strong></span> <span class='ocrx_word' id='word_1_39' title='bbox 2001 696 2188 738; x_wconf 91' lang='lat' dir='ltr'><strong>amore</strong></span> 
     </span>
    </p>
   </div>
   <div class='ocr_carea' id='block_1_7' title="bbox 594 774 2179 857">
    <p class='ocr_par' dir='ltr' id='par_1_7' title="bbox 594 774 2179 857">
     <span class='ocr_line' id='line_1_7' title="bbox 594 774 2179 857; baseline -0.007 -14"><span class='ocrx_word' id='word_1_40' title='bbox 594 774 842 857; x_wconf 80' lang='lat' dir='ltr'><strong>ﬂagrant,</strong></span> <span class='ocrx_word' id='word_1_41' title='bbox 865 784 1087 855; x_wconf 78' lang='lat' dir='ltr'><strong>ejusque</strong></span> <span class='ocrx_word' id='word_1_42' title='bbox 1110 780 1380 841; x_wconf 88' lang='lat' dir='ltr'><strong>mandatis</strong></span> <span class='ocrx_word' id='word_1_43' title='bbox 1406 781 1806 851; x_wconf 69' lang='lat' dir='ltr'><strong>obtemperant,</strong></span> <span class='ocrx_word' id='word_1_44' title='bbox 1832 779 2179 849; x_wconf 60' lang='lat' dir='ltr'><strong>preparavit,</strong></span> 
     </span>
    </p>
   </div>
   <div class='ocr_carea' id='block_1_8' title="bbox 593 876 1942 940">
    <p class='ocr_par' dir='ltr' id='par_1_8' title="bbox 593 876 1942 940">
     <span class='ocr_line' id='line_1_8' title="bbox 593 876 1942 940; baseline -0.007 0"><span class='ocrx_word' id='word_1_45' title='bbox 593 883 844 940; x_wconf 85' lang='lat' dir='ltr'><strong>omnibus</strong></span> <span class='ocrx_word' id='word_1_46' title='bbox 868 880 1024 936; x_wconf 84' lang='lat' dir='ltr'><strong>bonis</strong></span> <span class='ocrx_word' id='word_1_47' title='bbox 1053 881 1333 935; x_wconf 85' lang='lat' dir='ltr'><strong>ﬂorentem</strong></span> <span class='ocrx_word' id='word_1_48' title='bbox 1365 886 1422 932; x_wconf 90' lang='lat' dir='ltr'><strong>et</strong></span> <span class='ocrx_word' id='word_1_49' title='bbox 1450 876 1942 933; x_wconf 87' lang='lat' dir='ltr'><strong>circumﬂuentem.</strong></span> 
     </span>
    </p>
   </div>
   <div class='ocr_carea' id='block_1_9' title="bbox 665 966 2185 1047">
    <p class='ocr_par' dir='ltr' id='par_1_9' title="bbox 665 966 2185 1047">
     <span class='ocr_line' id='line_1_9' title="bbox 665 966 2185 1047; baseline -0.007 -16"><span class='ocrx_word' id='word_1_50' title='bbox 665 976 746 1031; x_wconf 80' lang='lat' dir='ltr'><strong>Ad</strong></span> <span class='ocrx_word' id='word_1_51' title='bbox 776 991 935 1047; x_wconf 90' lang='lat' dir='ltr'><strong>quam</strong></span> <span class='ocrx_word' id='word_1_52' title='bbox 978 974 1067 1043; x_wconf 92' lang='lat' dir='ltr'><strong>qui</strong></span> <span class='ocrx_word' id='word_1_53' title='bbox 1113 971 1296 1027; x_wconf 87' lang='lat' dir='ltr'><strong>divino</strong></span> <span class='ocrx_word' id='word_1_54' title='bbox 1326 971 1596 1026; x_wconf 81' lang='lat' dir='ltr'><strong>beneﬂcio</strong></span> <span class='ocrx_word' id='word_1_55' title='bbox 1643 969 1997 1024; x_wconf 83' lang='lat' dir='ltr'><strong>admittuntur</strong></span> <span class='ocrx_word' id='word_1_56' title='bbox 2046 966 2185 1037; x_wconf 76' lang='grc' dir='ltr'><strong>(Ιεα.</strong></span> 
     </span>
    </p>
   </div>
   <div class='ocr_carea' id='block_1_10' title="bbox 594 1061 2189 1137">
    <p class='ocr_par' dir='ltr' id='par_1_10' title="bbox 594 1061 2189 1137">
     <span class='ocr_line' id='line_1_10' title="bbox 594 1061 2189 1137; baseline -0.005 -15"><span class='ocrx_word' id='word_1_57' title='bbox 594 1068 788 1137; x_wconf 83' lang='lat' dir='ltr'><strong>xxxv),</strong></span> <span class='ocrx_word' id='word_1_58' title='bbox 807 1067 860 1121; x_wconf 94' lang='lat' dir='ltr'><strong>in</strong></span> <span class='ocrx_word' id='word_1_59' title='bbox 877 1065 1198 1135; x_wconf 84' lang='lat' dir='ltr'><strong>sempiterna</strong></span> <span class='ocrx_word' id='word_1_60' title='bbox 1217 1062 1620 1133; x_wconf 84' lang='lat' dir='ltr'><strong>incorruptione</strong></span> <span class='ocrx_word' id='word_1_61' title='bbox 1640 1061 1860 1131; x_wconf 83' lang='lat' dir='ltr'><strong>degunt,</strong></span> <span class='ocrx_word' id='word_1_62' title='bbox 1883 1070 1941 1116; x_wconf 91' lang='lat' dir='ltr'><strong>ut</strong></span> <span class='ocrx_word' id='word_1_63' title='bbox 1968 1061 2059 1131; x_wconf 92' lang='lat' dir='ltr'><strong>qui</strong></span> <span class='ocrx_word' id='word_1_64' title='bbox 2089 1061 2189 1114; x_wconf 88' lang='lat' dir='ltr'><strong>im—</strong></span> 
     </span>
    </p>
   </div>
   <div class='ocr_carea' id='block_1_11' title="bbox 596 1154 2189 1226">
    <p class='ocr_par' dir='ltr' id='par_1_11' title="bbox 596 1154 2189 1226">
     <span class='ocr_line' id='line_1_11' title="bbox 596 1154 2189 1226; baseline -0.001 -12"><span class='ocrx_word' id='word_1_65' title='bbox 596 1158 925 1214; x_wconf 82' lang='lat' dir='ltr'><strong>mortalitate</strong></span> <span class='ocrx_word' id='word_1_66' title='bbox 974 1156 1223 1215; x_wconf 87' lang='lat' dir='ltr'><strong>iuteritus</strong></span> <span class='ocrx_word' id='word_1_67' title='bbox 1263 1156 1442 1211; x_wconf 92' lang='lat' dir='ltr'><strong>omnis</strong></span> <span class='ocrx_word' id='word_1_68' title='bbox 1474 1164 1702 1226; x_wconf 80' lang='lat' dir='ltr'><strong>experte</strong></span> <span class='ocrx_word' id='word_1_69' title='bbox 1735 1156 2001 1222; x_wconf 88' lang='lat' dir='ltr'><strong>fruantur,</strong></span> <span class='ocrx_word' id='word_1_70' title='bbox 2046 1154 2189 1212; x_wconf 90' lang='lat' dir='ltr'><strong>unde</strong></span> 
     </span>
    </p>
   </div>
   <div class='ocr_carea' id='block_1_12' title="bbox 594 1248 2192 1319">
    <p class='ocr_par' dir='ltr' id='par_1_12' title="bbox 594 1248 2192 1319">
     <span class='ocr_line' id='line_1_12' title="bbox 594 1248 2192 1319; baseline -0.003 -12"><span class='ocrx_word' id='word_1_71' title='bbox 594 1250 780 1319; x_wconf 80' lang='lat' dir='ltr'><strong>eﬂ‘ogit</strong></span> <span class='ocrx_word' id='word_1_72' title='bbox 796 1251 974 1317; x_wconf 87' lang='lat' dir='ltr'><strong>dolor,</strong></span> <span class='ocrx_word' id='word_1_73' title='bbox 999 1249 1213 1305; x_wconf 72' lang='lat' dir='ltr'><strong>tristitia</strong></span> <span class='ocrx_word' id='word_1_74' title='bbox 1238 1257 1290 1305; x_wconf 91' lang='lat' dir='ltr'><strong>et</strong></span> <span class='ocrx_word' id='word_1_75' title='bbox 1303 1248 1554 1319; x_wconf 88' lang='lat' dir='ltr'><strong>gemitus.</strong></span> <span class='ocrx_word' id='word_1_76' title='bbox 1579 1248 1758 1303; x_wconf 84' lang='lat' dir='ltr'><strong>Altera</strong></span> <span class='ocrx_word' id='word_1_77' title='bbox 1774 1257 1952 1303; x_wconf 87' lang='lat' dir='ltr'><strong>autem</strong></span> <span class='ocrx_word' id='word_1_78' title='bbox 1975 1264 2096 1316; x_wconf 75' lang='lat' dir='ltr'><strong>qua:</strong></span> <span class='ocrx_word' id='word_1_79' title='bbox 2119 1260 2192 1303; x_wconf 88' lang='lat' dir='ltr'><strong>te-</strong></span> 
     </span>
    </p>
   </div>
   <div class='ocr_carea' id='block_1_13' title="bbox 591 1340 2189 1409">
    <p class='ocr_par' dir='ltr' id='par_1_13' title="bbox 591 1340 2189 1409">
     <span class='ocr_line' id='line_1_13' title="bbox 591 1340 2189 1409; baseline -0.001 -11"><span class='ocrx_word' id='word_1_80' title='bbox 591 1344 774 1401; x_wconf 87' lang='lat' dir='ltr'><strong>nebris</strong></span> <span class='ocrx_word' id='word_1_81' title='bbox 797 1355 852 1400; x_wconf 88' lang='lat' dir='ltr'><strong>et</strong></span> <span class='ocrx_word' id='word_1_82' title='bbox 872 1343 1176 1398; x_wconf 82' lang='lat' dir='ltr'><strong>calamitate</strong></span> <span class='ocrx_word' id='word_1_83' title='bbox 1196 1384 1210 1409; x_wconf 93' lang='lat'><strong>,</strong></span> <span class='ocrx_word' id='word_1_84' title='bbox 1236 1358 1300 1397; x_wconf 87' lang='lat' dir='ltr'><strong>ac</strong></span> <span class='ocrx_word' id='word_1_85' title='bbox 1334 1342 1524 1397; x_wconf 82' lang='lat' dir='ltr'><strong>doiore</strong></span> <span class='ocrx_word' id='word_1_86' title='bbox 1542 1342 1784 1397; x_wconf 89' lang='lat' dir='ltr'><strong>conferta</strong></span> <span class='ocrx_word' id='word_1_87' title='bbox 1808 1350 1891 1395; x_wconf 89' lang='lat' dir='ltr'><strong>est</strong></span> <span class='ocrx_word' id='word_1_88' title='bbox 1917 1379 1934 1407; x_wconf 95' lang='lat'><strong>,</strong></span> <span class='ocrx_word' id='word_1_89' title='bbox 1973 1340 2189 1396; x_wconf 78' lang='lat' dir='ltr'><strong>diabolo</strong></span> 
     </span>
    </p>
   </div>
   <div class='ocr_carea' id='block_1_14' title="bbox 592 1433 2192 1510">
    <p class='ocr_par' dir='ltr' id='par_1_14' title="bbox 592 1433 2192 1510">
     <span class='ocr_line' id='line_1_14' title="bbox 592 1433 2192 1510; baseline -0.003 -17"><span class='ocrx_word' id='word_1_90' title='bbox 592 1446 650 1493; x_wconf 89' lang='lat' dir='ltr'><strong>et</strong></span> <span class='ocrx_word' id='word_1_91' title='bbox 678 1438 881 1510; x_wconf 67' lang='lat' dir='ltr'><strong>angelis</strong></span> <span class='ocrx_word' id='word_1_92' title='bbox 919 1436 1035 1507; x_wconf 82' lang='lat' dir='ltr'><strong>eju’s</strong></span> <span class='ocrx_word' id='word_1_93' title='bbox 1073 1445 1255 1506; x_wconf 87' lang='lat' dir='ltr'><strong>parata</strong></span> <span class='ocrx_word' id='word_1_94' title='bbox 1284 1444 1385 1491; x_wconf 89' lang='lat' dir='ltr'><strong>est.</strong></span> <span class='ocrx_word' id='word_1_95' title='bbox 1418 1434 1475 1490; x_wconf 86' lang='lat' dir='ltr'><strong>in</strong></span> <span class='ocrx_word' id='word_1_96' title='bbox 1507 1450 1668 1505; x_wconf 83' lang='lat' dir='ltr'><strong>quant</strong></span> <span class='ocrx_word' id='word_1_97' title='bbox 1694 1434 1860 1490; x_wconf 89' lang='lat' dir='ltr'><strong>etiam</strong></span> <span class='ocrx_word' id='word_1_98' title='bbox 1892 1433 2192 1502; x_wconf 85' lang='lat' dir='ltr'><strong>conjicien-</strong></span> 
     </span>
    </p>
   </div>
   <div class='ocr_carea' id='block_1_15' title="bbox 592 1528 2189 1601">
    <p class='ocr_par' dir='ltr' id='par_1_15' title="bbox 592 1528 2189 1601">
     <span class='ocr_line' id='line_1_15' title="bbox 592 1528 2189 1601; baseline 0 -16"><span class='ocrx_word' id='word_1_99' title='bbox 592 1539 700 1595; x_wconf 86' lang='lat' dir='ltr'><strong>tur,</strong></span> <span class='ocrx_word' id='word_1_100' title='bbox 732 1531 819 1601; x_wconf 87' lang='lat' dir='ltr'><strong>qui</strong></span> <span class='ocrx_word' id='word_1_101' title='bbox 848 1545 944 1601; x_wconf 90' lang='lat' dir='ltr'><strong>per</strong></span> <span class='ocrx_word' id='word_1_102' title='bbox 972 1529 1270 1599; x_wconf 88' lang='lat' dir='ltr'><strong>ﬂagitiosas</strong></span> <span class='ocrx_word' id='word_1_103' title='bbox 1299 1529 1541 1584; x_wconf 80' lang='lat' dir='ltr'><strong>actiones</strong></span> <span class='ocrx_word' id='word_1_104' title='bbox 1570 1544 1688 1583; x_wconf 89' lang='lat' dir='ltr'><strong>eam</strong></span> <span class='ocrx_word' id='word_1_105' title='bbox 1720 1528 1824 1584; x_wconf 86' lang='lat' dir='ltr'><strong>sibi</strong></span> <span class='ocrx_word' id='word_1_106' title='bbox 1857 1528 2189 1585; x_wconf 85' lang='lat' dir='ltr'><strong>conciliave-</strong></span> 
     </span>
    </p>
   </div>
   <div class='ocr_carea' id='block_1_16' title="bbox 593 1620 2188 1692">
    <p class='ocr_par' dir='ltr' id='par_1_16' title="bbox 593 1620 2188 1692">
     <span class='ocr_line' id='line_1_16' title="bbox 593 1620 2188 1692; baseline -0.001 -15"><span class='ocrx_word' id='word_1_107' title='bbox 593 1622 720 1691; x_wconf 88' lang='lat' dir='ltr'><strong>rint,</strong></span> <span class='ocrx_word' id='word_1_108' title='bbox 752 1632 912 1692; x_wconf 89' lang='lat' dir='ltr'><strong>atque</strong></span> <span class='ocrx_word' id='word_1_109' title='bbox 938 1622 1009 1676; x_wconf 90' lang='lat' dir='ltr'><strong>ab</strong></span> <span class='ocrx_word' id='word_1_110' title='bbox 1033 1621 1251 1676; x_wconf 89' lang='lat' dir='ltr'><strong>interitu</strong></span> <span class='ocrx_word' id='word_1_111' title='bbox 1275 1622 1450 1677; x_wconf 88' lang='lat' dir='ltr'><strong>aliena</strong></span> <span class='ocrx_word' id='word_1_112' title='bbox 1474 1629 1529 1675; x_wconf 90' lang='lat' dir='ltr'><strong>et</strong></span> <span class='ocrx_word' id='word_1_113' title='bbox 1554 1622 1881 1690; x_wconf 87' lang='lat' dir='ltr'><strong>sempiterna</strong></span> <span class='ocrx_word' id='word_1_114' title='bbox 1905 1620 2042 1676; x_wconf 86' lang='lat' dir='ltr'><strong>bona</strong></span> <span class='ocrx_word' id='word_1_115' title='bbox 2065 1636 2188 1676; x_wconf 90' lang='lat' dir='ltr'><strong>cum</strong></span> 
     </span>
    </p>
   </div>
   <div class='ocr_carea' id='block_1_17' title="bbox 592 1718 2191 1788">
    <p class='ocr_par' dir='ltr' id='par_1_17' title="bbox 592 1718 2191 1788">
     <span class='ocr_line' id='line_1_17' title="bbox 592 1718 2191 1788; baseline -0.001 -15"><span class='ocrx_word' id='word_1_116' title='bbox 592 1718 952 1788; x_wconf 73' lang='lat' dir='ltr'><strong>pmsentibus</strong></span> <span class='ocrx_word' id='word_1_117' title='bbox 980 1718 1372 1772; x_wconf 83' lang='lat' dir='ltr'><strong>commutarint</strong></span> <span class='ocrx_word' id='word_1_118' title='bbox 1390 1759 1405 1783; x_wconf 93' lang='lat'><strong>,</strong></span> <span class='ocrx_word' id='word_1_119' title='bbox 1441 1726 1688 1788; x_wconf 89' lang='lat' dir='ltr'><strong>totosque</strong></span> <span class='ocrx_word' id='word_1_120' title='bbox 1716 1732 1837 1773; x_wconf 89' lang='lat' dir='ltr'><strong>sese</strong></span> <span class='ocrx_word' id='word_1_121' title='bbox 1869 1718 2005 1788; x_wconf 87' lang='lat' dir='ltr'><strong>ignis</strong></span> <span class='ocrx_word' id='word_1_122' title='bbox 2034 1726 2191 1773; x_wconf 73' lang='lat' dir='ltr'><strong>teter-</strong></span> 
     </span>
    </p>
   </div>
   <div class='ocr_carea' id='block_1_18' title="bbox 591 1810 1269 1881">
    <p class='ocr_par' dir='ltr' id='par_1_18' title="bbox 591 1810 1269 1881">
     <span class='ocr_line' id='line_1_18' title="bbox 591 1810 1269 1881; baseline -0.004 -14"><span class='ocrx_word' id='word_1_123' title='bbox 591 1813 649 1868; x_wconf 91' lang='lat' dir='ltr'><strong>ni</strong></span> <span class='ocrx_word' id='word_1_124' title='bbox 684 1813 934 1881; x_wconf 81' lang='lat' dir='ltr'><strong>pabulum</strong></span> <span class='ocrx_word' id='word_1_125' title='bbox 963 1810 1269 1867; x_wconf 78' lang='lat' dir='ltr'><strong>effecerint.</strong></span> 
     </span>
    </p>
   </div>
   <div class='ocr_carea' id='block_1_19' title="bbox 2295 584 3890 659">
    <p class='ocr_par' dir='ltr' id='par_1_19' title="bbox 2295 584 3890 659">
     <span class='ocr_line' id='line_1_19' title="bbox 2295 584 3890 659; baseline 0.003 -17"><span class='ocrx_word' id='word_1_126' title='bbox 2295 586 2441 643; x_wconf 84' lang='lat' dir='ltr'><strong>hunc</strong></span> <span class='ocrx_word' id='word_1_127' title='bbox 2513 586 2728 643; x_wconf 81' lang='lat' dir='ltr'><strong>scilicet</strong></span> <span class='ocrx_word' id='word_1_128' title='bbox 2794 584 3015 641; x_wconf 85' lang='lat' dir='ltr'><strong>modum</strong></span> <span class='ocrx_word' id='word_1_129' title='bbox 3072 600 3238 659; x_wconf 88' lang='lat' dir='ltr'><strong>quam</strong></span> <span class='ocrx_word' id='word_1_130' title='bbox 3309 588 3582 643; x_wconf 73' lang='lat' dir='ltr'><strong>tutissime</strong></span> <span class='ocrx_word' id='word_1_131' title='bbox 3648 586 3890 647; x_wconf 72' lang='lat' dir='ltr'><strong>fortunas</strong></span> 
     </span>
    </p>
   </div>
   <div class='ocr_carea' id='block_1_20' title="bbox 2295 685 3885 757">
    <p class='ocr_par' dir='ltr' id='par_1_20' title="bbox 2295 685 3885 757">
     <span class='ocr_line' id='line_1_20' title="bbox 2295 685 3885 757; baseline 0.005 -21"><span class='ocrx_word' id='word_1_132' title='bbox 2295 690 2415 737; x_wconf 88' lang='lat' dir='ltr'><strong>tuas</strong></span> <span class='ocrx_word' id='word_1_133' title='bbox 2459 696 2647 738; x_wconf 83' lang='lat' dir='ltr'><strong>omnes</strong></span> <span class='ocrx_word' id='word_1_134' title='bbox 2681 696 2774 749; x_wconf 79' lang='lat' dir='ltr'><strong>per</strong></span> <span class='ocrx_word' id='word_1_135' title='bbox 2819 685 3093 752; x_wconf 79' lang='lat' dir='ltr'><strong>egentium</strong></span> <span class='ocrx_word' id='word_1_136' title='bbox 3123 699 3317 740; x_wconf 83' lang='lat' dir='ltr'><strong>manus</strong></span> <span class='ocrx_word' id='word_1_137' title='bbox 3359 686 3491 743; x_wconf 88' lang='lat' dir='ltr'><strong>illuc</strong></span> <span class='ocrx_word' id='word_1_138' title='bbox 3540 687 3885 757; x_wconf 70' lang='lat' dir='ltr'><strong>praemiseris.</strong></span> 
     </span>
    </p>
   </div>
   <div class='ocr_carea' id='block_1_21' title="bbox 2293 774 3889 848">
    <p class='ocr_par' dir='ltr' id='par_1_21' title="bbox 2293 774 3889 848">
     <span class='ocr_line' id='line_1_21' title="bbox 2293 774 3889 848; baseline 0.005 -18"><span class='ocrx_word' id='word_1_139' title='bbox 2293 774 2430 831; x_wconf 80' lang='lat' dir='ltr'><strong>Nam</strong></span> <span class='ocrx_word' id='word_1_140' title='bbox 2475 775 2729 846; x_wconf 85' lang='lat' dir='ltr'><strong>quidquid</strong></span> <span class='ocrx_word' id='word_1_141' title='bbox 2774 774 2829 832; x_wconf 87' lang='lat' dir='ltr'><strong>in</strong></span> <span class='ocrx_word' id='word_1_142' title='bbox 2874 790 2943 831; x_wconf 89' lang='lat' dir='ltr'><strong>eo</strong></span> <span class='ocrx_word' id='word_1_143' title='bbox 2970 775 3222 833; x_wconf 88' lang='lat' dir='ltr'><strong>beneficii</strong></span> <span class='ocrx_word' id='word_1_144' title='bbox 3263 779 3579 848; x_wconf 88' lang='lat' dir='ltr'><strong>contuleris,</strong></span> <span class='ocrx_word' id='word_1_145' title='bbox 3632 780 3889 838; x_wconf 85' lang='lat' dir='ltr'><strong>Dominus</strong></span> 
     </span>
    </p>
   </div>
   <div class='ocr_carea' id='block_1_22' title="bbox 2292 870 3890 946">
    <p class='ocr_par' dir='ltr' id='par_1_22' title="bbox 2292 870 3890 946">
     <span class='ocr_line' id='line_1_22' title="bbox 2292 870 3890 946; baseline 0.005 -21"><span class='ocrx_word' id='word_1_146' title='bbox 2292 870 2396 926; x_wconf 83' lang='lat' dir='ltr'><strong>sibi</strong></span> <span class='ocrx_word' id='word_1_147' title='bbox 2424 872 2719 939; x_wconf 83' lang='lat' dir='ltr'><strong>asciscens,</strong></span> <span class='ocrx_word' id='word_1_148' title='bbox 2744 886 2938 941; x_wconf 85' lang='lat' dir='ltr'><strong>magno</strong></span> <span class='ocrx_word' id='word_1_149' title='bbox 2955 887 3079 929; x_wconf 92' lang='lat' dir='ltr'><strong>cum</strong></span> <span class='ocrx_word' id='word_1_150' title='bbox 3105 872 3317 930; x_wconf 66' lang='lat' dir='ltr'><strong>fanore</strong></span> <span class='ocrx_word' id='word_1_151' title='bbox 3361 874 3458 930; x_wconf 89' lang='lat' dir='ltr'><strong>tibi</strong></span> <span class='ocrx_word' id='word_1_152' title='bbox 3485 876 3767 946; x_wconf 84' lang='lat' dir='ltr'><strong>rependet.</strong></span> <span class='ocrx_word' id='word_1_153' title='bbox 3801 876 3890 933; x_wconf 86' lang='lat' dir='ltr'><strong>Et-</strong></span> 
     </span>
    </p>
   </div>
   <div class='ocr_carea' id='block_1_23' title="bbox 2294 962 3889 1036">
    <p class='ocr_par' dir='ltr' id='par_1_23' title="bbox 2294 962 3889 1036">
     <span class='ocr_line' id='line_1_23' title="bbox 2294 962 3889 1036; baseline 0.004 -16"><span class='ocrx_word' id='word_1_154' title='bbox 2294 962 2440 1020; x_wconf 86' lang='lat' dir='ltr'><strong>enim</strong></span> <span class='ocrx_word' id='word_1_155' title='bbox 2492 978 2587 1019; x_wconf 91' lang='lat' dir='ltr'><strong>eos</strong></span> <span class='ocrx_word' id='word_1_156' title='bbox 2614 967 2703 1032; x_wconf 86' lang='lat' dir='ltr'><strong>qui</strong></span> <span class='ocrx_word' id='word_1_157' title='bbox 2734 964 2906 1033; x_wconf 75' lang='lat' dir='ltr'><strong>ipsius</strong></span> <span class='ocrx_word' id='word_1_158' title='bbox 2934 980 3123 1022; x_wconf 87' lang='lat' dir='ltr'><strong>amore</strong></span> <span class='ocrx_word' id='word_1_159' title='bbox 3157 966 3365 1036; x_wconf 75' lang='lat' dir='ltr'><strong>praediti</strong></span> <span class='ocrx_word' id='word_1_160' title='bbox 3418 976 3564 1033; x_wconf 87' lang='lat' dir='ltr'><strong>sunt,</strong></span> <span class='ocrx_word' id='word_1_161' title='bbox 3595 969 3889 1026; x_wconf 75' lang='lat' dir='ltr'><strong>beneficio-</strong></span> 
     </span>
    </p>
   </div>
   <div class='ocr_carea' id='block_1_24' title="bbox 2294 1057 3885 1133">
    <p class='ocr_par' dir='ltr' id='par_1_24' title="bbox 2294 1057 3885 1133">
     <span class='ocr_line' id='line_1_24' title="bbox 2294 1057 3885 1133; baseline 0.005 -22"><span class='ocrx_word' id='word_1_162' title='bbox 2294 1071 2417 1111; x_wconf 89' lang='lat' dir='ltr'><strong>rum</strong></span> <span class='ocrx_word' id='word_1_163' title='bbox 2471 1057 2999 1115; x_wconf 82' lang='lat' dir='ltr'><strong>remuuerationibns</strong></span> <span class='ocrx_word' id='word_1_164' title='bbox 3043 1072 3261 1131; x_wconf 77' lang='lat' dir='ltr'><strong>semper</strong></span> <span class='ocrx_word' id='word_1_165' title='bbox 3290 1071 3528 1131; x_wconf 86' lang='lat' dir='ltr'><strong>superat.</strong></span> <span class='ocrx_word' id='word_1_166' title='bbox 3583 1062 3664 1118; x_wconf 80' lang='lat' dir='ltr'><strong>Ad</strong></span> <span class='ocrx_word' id='word_1_167' title='bbox 3708 1064 3885 1133; x_wconf 78' lang='lat' dir='ltr'><strong>hunc,</strong></span> 
     </span>
    </p>
   </div>
   <div class='ocr_carea' id='block_1_25' title="bbox 2292 1147 3890 1225">
    <p class='ocr_par' dir='ltr' id='par_1_25' title="bbox 2292 1147 3890 1225">
     <span class='ocr_line' id='line_1_25' title="bbox 2292 1147 3890 1225; baseline 0.007 -23"><span class='ocrx_word' id='word_1_168' title='bbox 2292 1147 2544 1218; x_wconf 86' lang='lat' dir='ltr'><strong>inquam,</strong></span> <span class='ocrx_word' id='word_1_169' title='bbox 2574 1150 2793 1206; x_wconf 89' lang='lat' dir='ltr'><strong>modum</strong></span> <span class='ocrx_word' id='word_1_170' title='bbox 2825 1151 2987 1222; x_wconf 84' lang='lat' dir='ltr'><strong>hujus</strong></span> <span class='ocrx_word' id='word_1_171' title='bbox 3004 1153 3212 1221; x_wconf 70' lang='lat' dir='ltr'><strong>saeculi,</strong></span> <span class='ocrx_word' id='word_1_172' title='bbox 3245 1154 3333 1208; x_wconf 86' lang='lat' dir='ltr'><strong>cui</strong></span> <span class='ocrx_word' id='word_1_173' title='bbox 3358 1155 3453 1211; x_wconf 87' lang='lat' dir='ltr'><strong>diu</strong></span> <span class='ocrx_word' id='word_1_174' title='bbox 3490 1155 3601 1225; x_wconf 86' lang='lat' dir='ltr'><strong>jam</strong></span> <span class='ocrx_word' id='word_1_175' title='bbox 3638 1170 3743 1211; x_wconf 85' lang='lat' dir='ltr'><strong>non</strong></span> <span class='ocrx_word' id='word_1_176' title='bbox 3772 1157 3890 1213; x_wconf 82' lang='lat' dir='ltr'><strong>sine</strong></span> 
     </span>
    </p>
   </div>
   <div class='ocr_carea' id='block_1_26' title="bbox 2298 1241 3887 1317">
    <p class='ocr_par' dir='ltr' id='par_1_26' title="bbox 2298 1241 3887 1317">
     <span class='ocr_line' id='line_1_26' title="bbox 2298 1241 3887 1317; baseline 0.009 -22"><span class='ocrx_word' id='word_1_177' title='bbox 2298 1241 2501 1312; x_wconf 79' lang='lat' dir='ltr'><strong>ingenti</strong></span> <span class='ocrx_word' id='word_1_178' title='bbox 2550 1242 2845 1301; x_wconf 86' lang='lat' dir='ltr'><strong>afﬂictione</strong></span> <span class='ocrx_word' id='word_1_179' title='bbox 2890 1247 3132 1312; x_wconf 82' lang='lat' dir='ltr'><strong>servisti,</strong></span> <span class='ocrx_word' id='word_1_180' title='bbox 3184 1248 3450 1317; x_wconf 88' lang='lat' dir='ltr'><strong>surreptis</strong></span> <span class='ocrx_word' id='word_1_181' title='bbox 3490 1249 3793 1317; x_wconf 78' lang='lat' dir='ltr'><strong>thesauris,</strong></span> <span class='ocrx_word' id='word_1_182' title='bbox 3825 1267 3887 1310; x_wconf 84' lang='lat' dir='ltr'><strong>ex</strong></span> 
     </span>
    </p>
   </div>
   <div class='ocr_carea' id='block_1_27' title="bbox 2298 1335 3888 1415">
    <p class='ocr_par' dir='ltr' id='par_1_27' title="bbox 2298 1335 3888 1415">
     <span class='ocr_line' id='line_1_27' title="bbox 2298 1335 3888 1415; baseline 0.004 -24"><span class='ocrx_word' id='word_1_183' title='bbox 2298 1335 2383 1391; x_wconf 86' lang='lat' dir='ltr'><strong>bis</strong></span> <span class='ocrx_word' id='word_1_184' title='bbox 2429 1338 2688 1406; x_wconf 69' lang='lat' dir='ltr'><strong>praeclare</strong></span> <span class='ocrx_word' id='word_1_185' title='bbox 2720 1339 2978 1396; x_wconf 89' lang='lat' dir='ltr'><strong>viaticum</strong></span> <span class='ocrx_word' id='word_1_186' title='bbox 3018 1340 3115 1396; x_wconf 90' lang='lat' dir='ltr'><strong>tibi</strong></span> <span class='ocrx_word' id='word_1_187' title='bbox 3148 1340 3205 1396; x_wconf 91' lang='lat' dir='ltr'><strong>in</strong></span> <span class='ocrx_word' id='word_1_188' title='bbox 3237 1340 3476 1398; x_wconf 86' lang='lat' dir='ltr'><strong>futurum</strong></span> <span class='ocrx_word' id='word_1_189' title='bbox 3516 1345 3888 1415; x_wconf 81' lang='lat' dir='ltr'><strong>contparabis,</strong></span> 
     </span>
    </p>
   </div>
   <div class='ocr_carea' id='block_1_28' title="bbox 2297 1436 3888 1510">
    <p class='ocr_par' dir='ltr' id='par_1_28' title="bbox 2297 1436 3888 1510">
     <span class='ocr_line' id='line_1_28' title="bbox 2297 1436 3888 1510; baseline 0.005 -22"><span class='ocrx_word' id='word_1_190' title='bbox 2297 1442 2457 1502; x_wconf 87' lang='lat' dir='ltr'><strong>atque</strong></span> <span class='ocrx_word' id='word_1_191' title='bbox 2496 1436 2675 1492; x_wconf 87' lang='lat' dir='ltr'><strong>alieno</strong></span> <span class='ocrx_word' id='word_1_192' title='bbox 2722 1451 2817 1491; x_wconf 89' lang='lat' dir='ltr'><strong>eos</strong></span> <span class='ocrx_word' id='word_1_193' title='bbox 2846 1438 3108 1508; x_wconf 83' lang='lat' dir='ltr'><strong>eripiens,</strong></span> <span class='ocrx_word' id='word_1_194' title='bbox 3142 1437 3237 1493; x_wconf 89' lang='lat' dir='ltr'><strong>tibi</strong></span> <span class='ocrx_word' id='word_1_195' title='bbox 3285 1438 3386 1508; x_wconf 85' lang='lat' dir='ltr'><strong>ipsi</strong></span> <span class='ocrx_word' id='word_1_196' title='bbox 3436 1439 3582 1510; x_wconf 88' lang='lat' dir='ltr'><strong>prius</strong></span> <span class='ocrx_word' id='word_1_197' title='bbox 3606 1439 3888 1507; x_wconf 87' lang='lat' dir='ltr'><strong>recoudes,</strong></span> 
     </span>
    </p>
   </div>
   <div class='ocr_carea' id='block_1_29' title="bbox 2298 1531 3891 1602">
    <p class='ocr_par' dir='ltr' id='par_1_29' title="bbox 2298 1531 3891 1602">
     <span class='ocr_line' id='line_1_29' title="bbox 2298 1531 3891 1602; baseline 0 -15"><span class='ocrx_word' id='word_1_198' title='bbox 2298 1547 2395 1602; x_wconf 87' lang='lat' dir='ltr'><strong>per</strong></span> <span class='ocrx_word' id='word_1_199' title='bbox 2424 1531 2564 1587; x_wconf 87' lang='lat' dir='ltr'><strong>ﬂuxa</strong></span> <span class='ocrx_word' id='word_1_200' title='bbox 2596 1545 2794 1601; x_wconf 86' lang='lat' dir='ltr'><strong>nempe</strong></span> <span class='ocrx_word' id='word_1_201' title='bbox 2817 1542 2873 1587; x_wconf 88' lang='lat' dir='ltr'><strong>et</strong></span> <span class='ocrx_word' id='word_1_202' title='bbox 2904 1531 3106 1587; x_wconf 88' lang='lat' dir='ltr'><strong>caduca</strong></span> <span class='ocrx_word' id='word_1_203' title='bbox 3146 1532 3266 1586; x_wconf 70' lang='lat' dir='ltr'><strong>haec</strong></span> <span class='ocrx_word' id='word_1_204' title='bbox 3292 1533 3431 1587; x_wconf 85' lang='lat' dir='ltr'><strong>bona</strong></span> <span class='ocrx_word' id='word_1_205' title='bbox 3451 1574 3464 1597; x_wconf 92' lang='lat'><strong>,</strong></span> <span class='ocrx_word' id='word_1_206' title='bbox 3496 1547 3559 1587; x_wconf 87' lang='lat' dir='ltr'><strong>ea</strong></span> <span class='ocrx_word' id='word_1_207' title='bbox 3585 1547 3708 1602; x_wconf 64' lang='lat' dir='ltr'><strong>quas</strong></span> <span class='ocrx_word' id='word_1_208' title='bbox 3740 1533 3891 1588; x_wconf 83' lang='lat' dir='ltr'><strong>ﬁrma</strong></span> 
     </span>
    </p>
   </div>
   <div class='ocr_carea' id='block_1_30' title="bbox 2296 1624 3887 1693">
    <p class='ocr_par' dir='ltr' id='par_1_30' title="bbox 2296 1624 3887 1693">
     <span class='ocr_line' id='line_1_30' title="bbox 2296 1624 3887 1693; baseline 0.001 -14"><span class='ocrx_word' id='word_1_209' title='bbox 2296 1634 2351 1680; x_wconf 91' lang='lat' dir='ltr'><strong>et</strong></span> <span class='ocrx_word' id='word_1_210' title='bbox 2379 1624 2596 1679; x_wconf 87' lang='lat' dir='ltr'><strong>stabilia</strong></span> <span class='ocrx_word' id='word_1_211' title='bbox 2626 1633 2752 1680; x_wconf 89' lang='lat' dir='ltr'><strong>sunt</strong></span> <span class='ocrx_word' id='word_1_212' title='bbox 2771 1640 2981 1680; x_wconf 85' lang='lat' dir='ltr'><strong>emens.</strong></span> <span class='ocrx_word' id='word_1_213' title='bbox 3009 1626 3210 1682; x_wconf 88' lang='lat' dir='ltr'><strong>Deinde</strong></span> <span class='ocrx_word' id='word_1_214' title='bbox 3230 1634 3436 1692; x_wconf 88' lang='lat' dir='ltr'><strong>autem,</strong></span> <span class='ocrx_word' id='word_1_215' title='bbox 3468 1625 3579 1681; x_wconf 92' lang='lat' dir='ltr'><strong>Deo</strong></span> <span class='ocrx_word' id='word_1_216' title='bbox 3604 1625 3699 1679; x_wconf 91' lang='lat' dir='ltr'><strong>tibi</strong></span> <span class='ocrx_word' id='word_1_217' title='bbox 3725 1640 3887 1693; x_wconf 83' lang='lat' dir='ltr'><strong>epetn</strong></span> 
     </span>
    </p>
   </div>
   <div class='ocr_carea' id='block_1_31' title="bbox 2296 1718 3891 1789">
    <p class='ocr_par' dir='ltr' id='par_1_31' title="bbox 2296 1718 3891 1789">
     <span class='ocr_line' id='line_1_31' title="bbox 2296 1718 3891 1789; baseline 0 -14"><span class='ocrx_word' id='word_1_218' title='bbox 2296 1718 2527 1785; x_wconf 77' lang='lat' dir='ltr'><strong>ferente,</strong></span> <span class='ocrx_word' id='word_1_219' title='bbox 2561 1718 2723 1789; x_wconf 82' lang='lat' dir='ltr'><strong>hujus</strong></span> <span class='ocrx_word' id='word_1_220' title='bbox 2770 1721 2956 1775; x_wconf 91' lang='lat' dir='ltr'><strong>mundi</strong></span> <span class='ocrx_word' id='word_1_221' title='bbox 3001 1720 3436 1776; x_wconf 88' lang='lat' dir='ltr'><strong>incertitudinem</strong></span> <span class='ocrx_word' id='word_1_222' title='bbox 3472 1728 3527 1776; x_wconf 89' lang='lat' dir='ltr'><strong>et</strong></span> <span class='ocrx_word' id='word_1_223' title='bbox 3574 1719 3891 1775; x_wconf 84' lang='lat' dir='ltr'><strong>inconstan-</strong></span> 
     </span>
    </p>
   </div>
   <div class='ocr_carea' id='block_1_32' title="bbox 2299 1815 3891 1886">
    <p class='ocr_par' dir='ltr' id='par_1_32' title="bbox 2299 1815 3891 1886">
     <span class='ocr_line' id='line_1_32' title="bbox 2299 1815 3891 1886; baseline 0.003 -17"><span class='ocrx_word' id='word_1_224' title='bbox 2299 1816 2427 1870; x_wconf 83' lang='lat' dir='ltr'><strong>tiam</strong></span> <span class='ocrx_word' id='word_1_225' title='bbox 2460 1815 2756 1886; x_wconf 86' lang='lat' dir='ltr'><strong>perspicies</strong></span> <span class='ocrx_word' id='word_1_226' title='bbox 2784 1831 2799 1870; x_wconf 91' lang='lat'><strong>:</strong></span> <span class='ocrx_word' id='word_1_227' title='bbox 2828 1816 3187 1886; x_wconf 86' lang='lat' dir='ltr'><strong>omnibusque</strong></span> <span class='ocrx_word' id='word_1_228' title='bbox 3210 1818 3371 1873; x_wconf 88' lang='lat' dir='ltr'><strong>rebus</strong></span> <span class='ocrx_word' id='word_1_229' title='bbox 3399 1815 3578 1872; x_wconf 83' lang='lat' dir='ltr'><strong>vaiere</strong></span> <span class='ocrx_word' id='word_1_230' title='bbox 3598 1815 3792 1885; x_wconf 84' lang='lat' dir='ltr'><strong>jussis,</strong></span> <span class='ocrx_word' id='word_1_231' title='bbox 3826 1816 3891 1873; x_wconf 89' lang='lat' dir='ltr'><strong>ad</strong></span> 
     </span>
    </p>
   </div>
   <div class='ocr_carea' id='block_1_33' title="bbox 667 1896 3893 1981">
    <p class='ocr_par' dir='ltr' id='par_1_33' title="bbox 667 1896 3893 1981">
     <span class='ocr_line' id='line_1_33' title="bbox 667 1896 3893 1981; baseline 0.002 -23"><span class='ocrx_word' id='word_1_232' title='bbox 667 1902 776 1958; x_wconf 83' lang='lat' dir='ltr'><strong>Hac</strong></span> <span class='ocrx_word' id='word_1_233' title='bbox 796 1919 896 1975; x_wconf 93' lang='lat' dir='ltr'><strong>ego</strong></span> <span class='ocrx_word' id='word_1_234' title='bbox 917 1918 1052 1958; x_wconf 83' lang='lat' dir='ltr'><strong>voce</strong></span> <span class='ocrx_word' id='word_1_235' title='bbox 1073 1903 1452 1971; x_wconf 84' lang='lat' dir='ltr'><strong>audita,atque</strong></span> <span class='ocrx_word' id='word_1_236' title='bbox 1473 1902 1881 1971; x_wconf 87' lang='lat' dir='ltr'><strong>ipsiusveritate</strong></span> <span class='ocrx_word' id='word_1_237' title='bbox 1899 1902 2192 1970; x_wconf 88' lang='lat' dir='ltr'><strong>intellecta,</strong></span> <span class='ocrx_word' id='word_1_238' title='bbox 2221 1896 2535 1965; x_wconf 83' lang='lat' dir='ltr'><strong>Bfuturum</strong></span> <span class='ocrx_word' id='word_1_239' title='bbox 2587 1919 2641 1965; x_wconf 93' lang='lat' dir='ltr'><strong>te</strong></span> <span class='ocrx_word' id='word_1_240' title='bbox 2688 1908 3013 1976; x_wconf 81' lang='lat' dir='ltr'><strong>transferes,</strong></span> <span class='ocrx_word' id='word_1_241' title='bbox 3072 1919 3233 1979; x_wconf 88' lang='lat' dir='ltr'><strong>atque</strong></span> <span class='ocrx_word' id='word_1_242' title='bbox 3278 1926 3342 1967; x_wconf 91' lang='lat' dir='ltr'><strong>ea</strong></span> <span class='ocrx_word' id='word_1_243' title='bbox 3390 1926 3509 1981; x_wconf 76' lang='lat' dir='ltr'><strong>qua:</strong></span> <span class='ocrx_word' id='word_1_244' title='bbox 3563 1918 3893 1981; x_wconf 58' lang='lat' dir='ltr'><strong>pratereunt</strong></span> 
     </span>
    </p>
   </div>
   <div class='ocr_carea' id='block_1_34' title="bbox 592 1994 2188 2065">
    <p class='ocr_par' dir='ltr' id='par_1_34' title="bbox 592 1994 2188 2065">
     <span class='ocr_line' id='line_1_34' title="bbox 592 1994 2188 2065; baseline 0.001 -15"><span class='ocrx_word' id='word_1_245' title='bbox 592 1994 646 2050; x_wconf 86' lang='lat' dir='ltr'><strong>in</strong></span> <span class='ocrx_word' id='word_1_246' title='bbox 670 1995 945 2050; x_wconf 85' lang='lat' dir='ltr'><strong>bocuoum</strong></span> <span class='ocrx_word' id='word_1_247' title='bbox 963 2012 1097 2065; x_wconf 87' lang='lat' dir='ltr'><strong>opus</strong></span> <span class='ocrx_word' id='word_1_248' title='bbox 1115 1994 1356 2058; x_wconf 88' lang='lat' dir='ltr'><strong>incubui,</strong></span> <span class='ocrx_word' id='word_1_249' title='bbox 1383 2003 1441 2048; x_wconf 91' lang='lat' dir='ltr'><strong>ut</strong></span> <span class='ocrx_word' id='word_1_250' title='bbox 1459 1994 1525 2050; x_wconf 90' lang='lat' dir='ltr'><strong>ad</strong></span> <span class='ocrx_word' id='word_1_251' title='bbox 1549 1996 1678 2050; x_wconf 91' lang='lat' dir='ltr'><strong>illud</strong></span> <span class='ocrx_word' id='word_1_252' title='bbox 1703 1996 1995 2064; x_wconf 88' lang='lat' dir='ltr'><strong>hospitium</strong></span> <span class='ocrx_word' id='word_1_253' title='bbox 2012 2010 2188 2065; x_wconf 85' lang='lat' dir='ltr'><strong>perve-</strong></span> 
     </span>
    </p>
   </div>
   <div class='ocr_carea' id='block_1_35' title="bbox 593 2087 2190 2163">
    <p class='ocr_par' dir='ltr' id='par_1_35' title="bbox 593 2087 2190 2163">
     <span class='ocr_line' id='line_1_35' title="bbox 593 2087 2190 2163; baseline 0.003 -21"><span class='ocrx_word' id='word_1_254' title='bbox 593 2087 776 2145; x_wconf 82' lang='lat' dir='ltr'><strong>nirent</strong></span> <span class='ocrx_word' id='word_1_255' title='bbox 802 2088 943 2159; x_wconf 87' lang='lat' dir='ltr'><strong>quod</strong></span> <span class='ocrx_word' id='word_1_256' title='bbox 973 2088 1119 2143; x_wconf 89' lang='lat' dir='ltr'><strong>outui</strong></span> <span class='ocrx_word' id='word_1_257' title='bbox 1148 2089 1336 2143; x_wconf 83' lang='lat' dir='ltr'><strong>dolore</strong></span> <span class='ocrx_word' id='word_1_258' title='bbox 1362 2098 1418 2143; x_wconf 92' lang='lat' dir='ltr'><strong>et</strong></span> <span class='ocrx_word' id='word_1_259' title='bbox 1444 2088 1697 2145; x_wconf 68' lang='lat' dir='ltr'><strong>maestitia</strong></span> <span class='ocrx_word' id='word_1_260' title='bbox 1729 2100 1902 2157; x_wconf 84' lang='lat' dir='ltr'><strong>vacat,</strong></span> <span class='ocrx_word' id='word_1_261' title='bbox 1938 2099 2190 2163; x_wconf 86' lang='lat' dir='ltr'><strong>tantaque</strong></span> 
     </span>
    </p>
   </div>
   <div class='ocr_carea' id='block_1_36' title="bbox 592 2181 2192 2253">
    <p class='ocr_par' dir='ltr' id='par_1_36' title="bbox 592 2181 2192 2253">
     <span class='ocr_line' id='line_1_36' title="bbox 592 2181 2192 2253; baseline 0.003 -18"><span class='ocrx_word' id='word_1_262' title='bbox 592 2191 781 2235; x_wconf 65' lang='lat' dir='ltr'><strong>«intra</strong></span> <span class='ocrx_word' id='word_1_263' title='bbox 827 2181 1113 2236; x_wconf 86' lang='lat' dir='ltr'><strong>securitate</strong></span> <span class='ocrx_word' id='word_1_264' title='bbox 1160 2196 1225 2236; x_wconf 91' lang='lat' dir='ltr'><strong>ac</strong></span> <span class='ocrx_word' id='word_1_265' title='bbox 1247 2184 1408 2237; x_wconf 88' lang='lat' dir='ltr'><strong>tantis</strong></span> <span class='ocrx_word' id='word_1_266' title='bbox 1438 2182 1593 2237; x_wconf 85' lang='lat' dir='ltr'><strong>bouis</strong></span> <span class='ocrx_word' id='word_1_267' title='bbox 1612 2192 1783 2237; x_wconf 81' lang='lat' dir='ltr'><strong>scatet</strong></span> <span class='ocrx_word' id='word_1_268' title='bbox 1807 2199 1821 2237; x_wconf 93' lang='lat'><strong>:</strong></span> <span class='ocrx_word' id='word_1_269' title='bbox 1842 2198 2071 2253; x_wconf 88' lang='lat' dir='ltr'><strong>quorum</strong></span> <span class='ocrx_word' id='word_1_270' title='bbox 2099 2199 2192 2239; x_wconf 88' lang='lat' dir='ltr'><strong>co-</strong></span> 
     </span>
    </p>
   </div>
   <div class='ocr_carea' id='block_1_37' title="bbox 592 2274 2192 2349">
    <p class='ocr_par' dir='ltr' id='par_1_37' title="bbox 592 2274 2192 2349">
     <span class='ocr_line' id='line_1_37' title="bbox 592 2274 2192 2349; baseline 0.004 -22"><span class='ocrx_word' id='word_1_271' title='bbox 592 2274 763 2344; x_wconf 82' lang='lat' dir='ltr'><strong>gnitio</strong></span> <span class='ocrx_word' id='word_1_272' title='bbox 806 2290 948 2330; x_wconf 86' lang='lat' dir='ltr'><strong>nunc</strong></span> <span class='ocrx_word' id='word_1_273' title='bbox 992 2274 1123 2330; x_wconf 81' lang='lat' dir='ltr'><strong>mihi</strong></span> <span class='ocrx_word' id='word_1_274' title='bbox 1166 2275 1424 2331; x_wconf 84' lang='lat' dir='ltr'><strong>duntaxat</strong></span> <span class='ocrx_word' id='word_1_275' title='bbox 1446 2292 1510 2332; x_wconf 87' lang='lat' dir='ltr'><strong>ex</strong></span> <span class='ocrx_word' id='word_1_276' title='bbox 1548 2286 1697 2347; x_wconf 84' lang='lat' dir='ltr'><strong>parte</strong></span> <span class='ocrx_word' id='word_1_277' title='bbox 1727 2286 1842 2344; x_wconf 86' lang='lat' dir='ltr'><strong>est,</strong></span> <span class='ocrx_word' id='word_1_278' title='bbox 1872 2286 1933 2333; x_wconf 90' lang='lat' dir='ltr'><strong>ut</strong></span> <span class='ocrx_word' id='word_1_279' title='bbox 1959 2280 2049 2349; x_wconf 89' lang='lat' dir='ltr'><strong>qui</strong></span> <span class='ocrx_word' id='word_1_280' title='bbox 2079 2280 2192 2349; x_wconf 89' lang='lat' dir='ltr'><strong>spi-</strong></span> 
     </span>
    </p>
   </div>
   <div class='ocr_carea' id='block_1_38' title="bbox 592 2359 2195 2443">
    <p class='ocr_par' dir='ltr' id='par_1_38' title="bbox 592 2359 2195 2443">
     <span class='ocr_line' id='line_1_38' title="bbox 592 2359 2195 2443; baseline 0.004 -21"><span class='ocrx_word' id='word_1_281' title='bbox 592 2369 807 2425; x_wconf 76' lang='lat' dir='ltr'><strong>ritualis</strong></span> <span class='ocrx_word' id='word_1_282' title='bbox 847 2359 1047 2425; x_wconf 65' lang='lat' dir='ltr'><strong>aetatis‘</strong></span> <span class='ocrx_word' id='word_1_283' title='bbox 1095 2371 1307 2427; x_wconf 83' lang='lat' dir='ltr'><strong>ratione</strong></span> <span class='ocrx_word' id='word_1_284' title='bbox 1354 2387 1487 2440; x_wconf 91' lang='lat' dir='ltr'><strong>puer</strong></span> <span class='ocrx_word' id='word_1_285' title='bbox 1534 2372 1635 2426; x_wconf 89' lang='lat' dir='ltr'><strong>sim</strong></span> <span class='ocrx_word' id='word_1_286' title='bbox 1668 2413 1685 2439; x_wconf 93' lang='lat'><strong>,</strong></span> <span class='ocrx_word' id='word_1_287' title='bbox 1768 2387 1831 2428; x_wconf 84' lang='lat' dir='ltr'><strong>ac</strong></span> <span class='ocrx_word' id='word_1_288' title='bbox 1882 2373 2032 2428; x_wconf 90' lang='lat' dir='ltr'><strong>velut</strong></span> <span class='ocrx_word' id='word_1_289' title='bbox 2096 2389 2195 2443; x_wconf 90' lang='lat' dir='ltr'><strong>per</strong></span> 
     </span>
    </p>
   </div>
   <div class='ocr_carea' id='block_1_39' title="bbox 594 2464 2191 2536">
    <p class='ocr_par' dir='ltr' id='par_1_39' title="bbox 594 2464 2191 2536">
     <span class='ocr_line' id='line_1_39' title="bbox 594 2464 2191 2536; baseline 0.001 -15"><span class='ocrx_word' id='word_1_290' title='bbox 594 2464 808 2533; x_wconf 78' lang='lat' dir='ltr'><strong>specula</strong></span> <span class='ocrx_word' id='word_1_291' title='bbox 866 2465 1125 2520; x_wconf 87' lang='lat' dir='ltr'><strong>duntaxat</strong></span> <span class='ocrx_word' id='word_1_292' title='bbox 1186 2474 1243 2522; x_wconf 87' lang='lat' dir='ltr'><strong>et</strong></span> <span class='ocrx_word' id='word_1_293' title='bbox 1306 2468 1586 2536; x_wconf 69' lang='lat' dir='ltr'><strong>aenigmata</strong></span> <span class='ocrx_word' id='word_1_294' title='bbox 1656 2482 1741 2522; x_wconf 84' lang='lat' dir='ltr'><strong>res</strong></span> <span class='ocrx_word' id='word_1_295' title='bbox 1808 2466 2002 2523; x_wconf 66' lang='lat' dir='ltr'><strong>futurae</strong></span> <span class='ocrx_word' id='word_1_296' title='bbox 2065 2469 2191 2525; x_wconf 74' lang='lat' dir='ltr'><strong>vita:</strong></span> 
     </span>
    </p>
   </div>
   <div class='ocr_carea' id='block_1_40' title="bbox 592 2557 2188 2631">
    <p class='ocr_par' dir='ltr' id='par_1_40' title="bbox 592 2557 2188 2631">
     <span class='ocr_line' id='line_1_40' title="bbox 592 2557 2188 2631; baseline 0.004 -22"><span class='ocrx_word' id='word_1_297' title='bbox 592 2557 937 2627; x_wconf 76' lang='lat' dir='ltr'><strong>perspiciam.</strong></span> <span class='ocrx_word' id='word_1_298' title='bbox 969 2558 1101 2614; x_wconf 87' lang='lat' dir='ltr'><strong>Cum</strong></span> <span class='ocrx_word' id='word_1_299' title='bbox 1129 2568 1313 2615; x_wconf 85' lang='lat' dir='ltr'><strong>autem</strong></span> <span class='ocrx_word' id='word_1_300' title='bbox 1342 2561 1551 2616; x_wconf 82' lang='lat' dir='ltr'><strong>venerit</strong></span> <span class='ocrx_word' id='word_1_301' title='bbox 1573 2560 1718 2631; x_wconf 93' lang='lat' dir='ltr'><strong>quod</strong></span> <span class='ocrx_word' id='word_1_302' title='bbox 1752 2560 2049 2630; x_wconf 85' lang='lat' dir='ltr'><strong>perfectum</strong></span> <span class='ocrx_word' id='word_1_303' title='bbox 2083 2571 2188 2630; x_wconf 90' lang='lat' dir='ltr'><strong>cst,</strong></span> 
     </span>
    </p>
   </div>
   <div class='ocr_carea' id='block_1_41' title="bbox 594 2651 2191 2723">
    <p class='ocr_par' dir='ltr' id='par_1_41' title="bbox 594 2651 2191 2723">
     <span class='ocr_line' id='line_1_41' title="bbox 594 2651 2191 2723; baseline 0.002 -16"><span class='ocrx_word' id='word_1_304' title='bbox 594 2665 660 2707; x_wconf 84' lang='lat' dir='ltr'><strong>ac</strong></span> <span class='ocrx_word' id='word_1_305' title='bbox 688 2651 828 2708; x_wconf 84' lang='lat' dir='ltr'><strong>facie</strong></span> <span class='ocrx_word' id='word_1_306' title='bbox 854 2652 921 2707; x_wconf 90' lang='lat' dir='ltr'><strong>ad</strong></span> <span class='ocrx_word' id='word_1_307' title='bbox 952 2653 1141 2709; x_wconf 86' lang='lat' dir='ltr'><strong>faciem</strong></span> <span class='ocrx_word' id='word_1_308' title='bbox 1172 2668 1494 2723; x_wconf 74' lang='lat' dir='ltr'><strong>cognoscam</strong></span> <span class='ocrx_word' id='word_1_309' title='bbox 1520 2698 1534 2722; x_wconf 93' lang='lat'><strong>,</strong></span> <span class='ocrx_word' id='word_1_310' title='bbox 1568 2662 1678 2708; x_wconf 90' lang='lat' dir='ltr'><strong>tum</strong></span> <span class='ocrx_word' id='word_1_311' title='bbox 1711 2653 1926 2709; x_wconf 90' lang='lat' dir='ltr'><strong>demum</strong></span> <span class='ocrx_word' id='word_1_312' title='bbox 1954 2668 2191 2711; x_wconf 86' lang='lat' dir='ltr'><strong>evacua-</strong></span> 
     </span>
    </p>
   </div>
   <div class='ocr_carea' id='block_1_42' title="bbox 594 2744 2190 2817">
    <p class='ocr_par' dir='ltr' id='par_1_42' title="bbox 594 2744 2190 2817">
     <span class='ocr_line' id='line_1_42' title="bbox 594 2744 2190 2817; baseline -0.001 -15"><span class='ocrx_word' id='word_1_313' title='bbox 594 2744 739 2803; x_wconf 81' lang='lat' dir='ltr'><strong>bitttr</strong></span> <span class='ocrx_word' id='word_1_314' title='bbox 762 2747 902 2816; x_wconf 91' lang='lat' dir='ltr'><strong>quod</strong></span> <span class='ocrx_word' id='word_1_315' title='bbox 947 2761 1016 2800; x_wconf 86' lang='lat' dir='ltr'><strong>ex</strong></span> <span class='ocrx_word' id='word_1_316' title='bbox 1050 2755 1200 2815; x_wconf 86' lang='lat' dir='ltr'><strong>parte</strong></span> <span class='ocrx_word' id='word_1_317' title='bbox 1230 2755 1315 2801; x_wconf 81' lang='lat' dir='ltr'><strong>est</strong></span> <span class='ocrx_word' id='word_1_318' title='bbox 1345 2746 1395 2817; x_wconf 86' lang='grc' dir='ltr'><strong>(Ι</strong></span> <span class='ocrx_word' id='word_1_319' title='bbox 1425 2745 1546 2803; x_wconf 86' lang='lat' dir='ltr'><strong>Cor.</strong></span> <span class='ocrx_word' id='word_1_320' title='bbox 1571 2745 1719 2815; x_wconf 87' lang='lat' dir='ltr'><strong>xttt).</strong></span> <span class='ocrx_word' id='word_1_321' title='bbox 1751 2747 1872 2813; x_wconf 87' lang='lat' dir='ltr'><strong>Quo</strong></span> <span class='ocrx_word' id='word_1_322' title='bbox 1898 2746 2038 2802; x_wconf 87' lang='lat' dir='ltr'><strong>circa</strong></span> <span class='ocrx_word' id='word_1_323' title='bbox 2068 2762 2190 2816; x_wconf 82' lang='lat' dir='ltr'><strong>gra-</strong></span> 
     </span>
    </p>
   </div>
   <div class='ocr_carea' id='block_1_43' title="bbox 594 2837 2187 2909">
    <p class='ocr_par' dir='ltr' id='par_1_43' title="bbox 594 2837 2187 2909">
     <span class='ocr_line' id='line_1_43' title="bbox 594 2837 2187 2909; baseline 0.001 -16"><span class='ocrx_word' id='word_1_324' title='bbox 594 2838 704 2893; x_wconf 83' lang='lat' dir='ltr'><strong>tias</strong></span> <span class='ocrx_word' id='word_1_325' title='bbox 733 2854 833 2909; x_wconf 91' lang='lat' dir='ltr'><strong>ago</strong></span> <span class='ocrx_word' id='word_1_326' title='bbox 855 2838 965 2893; x_wconf 87' lang='lat' dir='ltr'><strong>Deo</strong></span> <span class='ocrx_word' id='word_1_327' title='bbox 987 2854 1083 2907; x_wconf 89' lang='lat' dir='ltr'><strong>per</strong></span> <span class='ocrx_word' id='word_1_328' title='bbox 1112 2837 1291 2895; x_wconf 88' lang='lat' dir='ltr'><strong>.lesunt</strong></span> <span class='ocrx_word' id='word_1_329' title='bbox 1316 2838 1590 2894; x_wconf 87' lang='lat' dir='ltr'><strong>Christum</strong></span> <span class='ocrx_word' id='word_1_330' title='bbox 1616 2838 1902 2895; x_wconf 85' lang='lat' dir='ltr'><strong>Dominum</strong></span> <span class='ocrx_word' id='word_1_331' title='bbox 1925 2849 2187 2895; x_wconf 82' lang='lat' dir='ltr'><strong>nostrum.</strong></span> 
     </span>
    </p>
   </div>
   <div class='ocr_carea' id='block_1_44' title="bbox 596 2931 2190 3002">
    <p class='ocr_par' dir='ltr' id='par_1_44' title="bbox 596 2931 2190 3002">
     <span class='ocr_line' id='line_1_44' title="bbox 596 2931 2190 3002; baseline 0.001 -14"><span class='ocrx_word' id='word_1_332' title='bbox 596 2931 814 2988; x_wconf 82' lang='lat' dir='ltr'><strong>Etenim</strong></span> <span class='ocrx_word' id='word_1_333' title='bbox 846 2932 927 2987; x_wconf 91' lang='lat' dir='ltr'><strong>lex</strong></span> <span class='ocrx_word' id='word_1_334' title='bbox 969 2933 1189 3002; x_wconf 85' lang='lat' dir='ltr'><strong>spiritus</strong></span> <span class='ocrx_word' id='word_1_335' title='bbox 1220 2934 1345 2987; x_wconf 77' lang='lat' dir='ltr'><strong>vitat</strong></span> <span class='ocrx_word' id='word_1_336' title='bbox 1392 2933 1445 2988; x_wconf 91' lang='lat' dir='ltr'><strong>in</strong></span> <span class='ocrx_word' id='word_1_337' title='bbox 1479 2933 1694 2988; x_wconf 81' lang='lat' dir='ltr'><strong>Christo</strong></span> <span class='ocrx_word' id='word_1_338' title='bbox 1720 2935 1872 2999; x_wconf 83' lang='lat' dir='ltr'><strong>Jesu,</strong></span> <span class='ocrx_word' id='word_1_339' title='bbox 1908 2948 1940 2988; x_wconf 89' lang='lat' dir='ltr'><strong>a</strong></span> <span class='ocrx_word' id='word_1_340' title='bbox 1984 2934 2190 3002; x_wconf 88' lang='lat' dir='ltr'><strong>peccati</strong></span> 
     </span>
    </p>
   </div>
   <div class='ocr_carea' id='block_1_45' title="bbox 595 3026 2187 3098">
    <p class='ocr_par' dir='ltr' id='par_1_45' title="bbox 595 3026 2187 3098">
     <span class='ocr_line' id='line_1_45' title="bbox 595 3026 2187 3098; baseline 0.001 -17"><span class='ocrx_word' id='word_1_341' title='bbox 595 3033 653 3081; x_wconf 86' lang='lat' dir='ltr'><strong>et</strong></span> <span class='ocrx_word' id='word_1_342' title='bbox 681 3026 865 3080; x_wconf 90' lang='lat' dir='ltr'><strong>mortis</strong></span> <span class='ocrx_word' id='word_1_343' title='bbox 894 3026 1011 3096; x_wconf 90' lang='lat' dir='ltr'><strong>lege</strong></span> <span class='ocrx_word' id='word_1_344' title='bbox 1042 3042 1129 3081; x_wconf 88' lang='lat' dir='ltr'><strong>me</strong></span> <span class='ocrx_word' id='word_1_345' title='bbox 1157 3026 1423 3093; x_wconf 81' lang='lat' dir='ltr'><strong>liberavit,</strong></span> <span class='ocrx_word' id='word_1_346' title='bbox 1462 3028 1756 3098; x_wconf 84' lang='lat' dir='ltr'><strong>oculosque</strong></span> <span class='ocrx_word' id='word_1_347' title='bbox 1786 3042 1935 3083; x_wconf 90' lang='lat' dir='ltr'><strong>meos</strong></span> <span class='ocrx_word' id='word_1_348' title='bbox 1956 3028 2187 3097; x_wconf 89' lang='lat' dir='ltr'><strong>aperuit,</strong></span> 
     </span>
    </p>
   </div>
   <div class='ocr_carea' id='block_1_46' title="bbox 597 3120 2192 3191">
    <p class='ocr_par' dir='ltr' id='par_1_46' title="bbox 597 3120 2192 3191">
     <span class='ocr_line' id='line_1_46' title="bbox 597 3120 2192 3191; baseline 0.001 -17"><span class='ocrx_word' id='word_1_349' title='bbox 597 3130 660 3174; x_wconf 87' lang='lat' dir='ltr'><strong>ut</strong></span> <span class='ocrx_word' id='word_1_350' title='bbox 688 3121 866 3175; x_wconf 90' lang='lat' dir='ltr'><strong>carnis</strong></span> <span class='ocrx_word' id='word_1_351' title='bbox 895 3120 1142 3176; x_wconf 73' lang='lat' dir='ltr'><strong>allectum</strong></span> <span class='ocrx_word' id='word_1_352' title='bbox 1176 3129 1406 3176; x_wconf 91' lang='lat' dir='ltr'><strong>mortem</strong></span> <span class='ocrx_word' id='word_1_353' title='bbox 1438 3134 1580 3185; x_wconf 89' lang='lat' dir='ltr'><strong>esse,</strong></span> <span class='ocrx_word' id='word_1_354' title='bbox 1631 3120 1855 3191; x_wconf 90' lang='lat' dir='ltr'><strong>spiritus</strong></span> <span class='ocrx_word' id='word_1_355' title='bbox 1902 3132 2082 3176; x_wconf 90' lang='lat' dir='ltr'><strong>autem</strong></span> <span class='ocrx_word' id='word_1_356' title='bbox 2113 3121 2192 3175; x_wconf 85' lang='lat' dir='ltr'><strong>af-</strong></span> 
     </span>
    </p>
   </div>
   <div class='ocr_carea' id='block_1_47' title="bbox 595 3210 2186 3284">
    <p class='ocr_par' dir='ltr' id='par_1_47' title="bbox 595 3210 2186 3284">
     <span class='ocr_line' id='line_1_47' title="bbox 595 3210 2186 3284; baseline 0.001 -17"><span class='ocrx_word' id='word_1_357' title='bbox 595 3210 797 3268; x_wconf 74' lang='lat' dir='ltr'><strong>fectum</strong></span> <span class='ocrx_word' id='word_1_358' title='bbox 819 3215 983 3267; x_wconf 90' lang='lat' dir='ltr'><strong>vitam</strong></span> <span class='ocrx_word' id='word_1_359' title='bbox 1008 3220 1062 3267; x_wconf 90' lang='lat' dir='ltr'><strong>et</strong></span> <span class='ocrx_word' id='word_1_360' title='bbox 1085 3227 1289 3281; x_wconf 83' lang='lat' dir='ltr'><strong>pacem,</strong></span> <span class='ocrx_word' id='word_1_361' title='bbox 1315 3212 1519 3283; x_wconf 90' lang='lat' dir='ltr'><strong>liquido</strong></span> <span class='ocrx_word' id='word_1_362' title='bbox 1538 3227 1815 3268; x_wconf 89' lang='lat' dir='ltr'><strong>cernerem</strong></span> <span class='ocrx_word' id='word_1_363' title='bbox 1841 3212 2020 3284; x_wconf 81' lang='lat' dir='ltr'><strong>(llam.</strong></span> <span class='ocrx_word' id='word_1_364' title='bbox 2047 3216 2186 3283; x_wconf 81' lang='lat' dir='ltr'><strong>vui).</strong></span> 
     </span>
    </p>
   </div>
   <div class='ocr_carea' id='block_1_48' title="bbox 2299 2005 3893 2077">
    <p class='ocr_par' dir='ltr' id='par_1_48' title="bbox 2299 2005 3893 2077">
     <span class='ocr_line' id='line_1_48' title="bbox 2299 2005 3893 2077; baseline -0.001 -16"><span class='ocrx_word' id='word_1_365' title='bbox 2299 2005 2416 2076; x_wconf 90' lang='lat' dir='ltr'><strong>ipse</strong></span> <span class='ocrx_word' id='word_1_366' title='bbox 2436 2006 2787 2076; x_wconf 67' lang='lat' dir='ltr'><strong>praeteriens,</strong></span> <span class='ocrx_word' id='word_1_367' title='bbox 2821 2006 2993 2077; x_wconf 88' lang='lat' dir='ltr'><strong>iisque</strong></span> <span class='ocrx_word' id='word_1_368' title='bbox 3023 2006 3185 2062; x_wconf 83' lang='lat' dir='ltr'><strong>rebus</strong></span> <span class='ocrx_word' id='word_1_369' title='bbox 3229 2021 3351 2076; x_wconf 66' lang='lat' dir='ltr'><strong>qua:</strong></span> <span class='ocrx_word' id='word_1_370' title='bbox 3394 2006 3445 2060; x_wconf 87' lang='lat' dir='ltr'><strong>itt</strong></span> <span class='ocrx_word' id='word_1_371' title='bbox 3489 2021 3584 2075; x_wconf 91' lang='lat' dir='ltr'><strong>spe</strong></span> <span class='ocrx_word' id='word_1_372' title='bbox 3613 2007 3805 2075; x_wconf 58' lang='lat' dir='ltr'><strong>positae</strong></span> <span class='ocrx_word' id='word_1_373' title='bbox 3834 2020 3893 2060; x_wconf 88' lang='lat' dir='ltr'><strong>ac</strong></span> 
     </span>
    </p>
   </div>
   <div class='ocr_carea' id='block_1_49' title="bbox 2298 2093 3892 2164">
    <p class='ocr_par' dir='ltr' id='par_1_49' title="bbox 2298 2093 3892 2164">
     <span class='ocr_line' id='line_1_49' title="bbox 2298 2093 3892 2164; baseline 0.001 -16"><span class='ocrx_word' id='word_1_374' title='bbox 2298 2093 2468 2149; x_wconf 79' lang='lat' dir='ltr'><strong>firmte</strong></span> <span class='ocrx_word' id='word_1_375' title='bbox 2497 2102 2644 2164; x_wconf 90' lang='lat' dir='ltr'><strong>sunt,</strong></span> <span class='ocrx_word' id='word_1_376' title='bbox 2694 2104 2747 2149; x_wconf 91' lang='lat' dir='ltr'><strong>te</strong></span> <span class='ocrx_word' id='word_1_377' title='bbox 2794 2094 3071 2159; x_wconf 87' lang='lat' dir='ltr'><strong>addiceus,</strong></span> <span class='ocrx_word' id='word_1_378' title='bbox 3128 2095 3483 2163; x_wconf 84' lang='lat' dir='ltr'><strong>tenebrasque</strong></span> <span class='ocrx_word' id='word_1_379' title='bbox 3526 2110 3648 2151; x_wconf 92' lang='lat' dir='ltr'><strong>cum</strong></span> <span class='ocrx_word' id='word_1_380' title='bbox 3702 2095 3892 2149; x_wconf 89' lang='lat' dir='ltr'><strong>mortis</strong></span> 
     </span>
    </p>
   </div>
   <div class='ocr_carea' id='block_1_50' title="bbox 2297 2185 3892 2258">
    <p class='ocr_par' dir='ltr' id='par_1_50' title="bbox 2297 2185 3892 2258">
     <span class='ocr_line' id='line_1_50' title="bbox 2297 2185 3892 2258; baseline 0.001 -18"><span class='ocrx_word' id='word_1_381' title='bbox 2297 2188 2488 2242; x_wconf 90' lang='lat' dir='ltr'><strong>umbra</strong></span> <span class='ocrx_word' id='word_1_382' title='bbox 2514 2188 2844 2256; x_wconf 87' lang='lat' dir='ltr'><strong>relinquens,</strong></span> <span class='ocrx_word' id='word_1_383' title='bbox 2875 2185 3109 2258; x_wconf 89' lang='lat' dir='ltr'><strong>odioque</strong></span> <span class='ocrx_word' id='word_1_384' title='bbox 3139 2195 3253 2241; x_wconf 89' lang='lat' dir='ltr'><strong>tum</strong></span> <span class='ocrx_word' id='word_1_385' title='bbox 3287 2188 3542 2241; x_wconf 87' lang='lat' dir='ltr'><strong>mundum</strong></span> <span class='ocrx_word' id='word_1_386' title='bbox 3568 2197 3678 2241; x_wconf 88' lang='lat' dir='ltr'><strong>tum</strong></span> <span class='ocrx_word' id='word_1_387' title='bbox 3706 2185 3892 2244; x_wconf 89' lang='lat' dir='ltr'><strong>muttdi</strong></span> 
     </span>
    </p>
   </div>
   <div class='ocr_carea' id='block_1_51' title="bbox 2296 2276 3892 2350">
    <p class='ocr_par' dir='ltr' id='par_1_51' title="bbox 2296 2276 3892 2350">
     <span class='ocr_line' id='line_1_51' title="bbox 2296 2276 3892 2350; baseline 0.002 -16"><span class='ocrx_word' id='word_1_388' title='bbox 2296 2280 2598 2350; x_wconf 74' lang='lat' dir='ltr'><strong>principem</strong></span> <span class='ocrx_word' id='word_1_389' title='bbox 2627 2281 2920 2345; x_wconf 82' lang='lat' dir='ltr'><strong>insectans,</strong></span> <span class='ocrx_word' id='word_1_390' title='bbox 2964 2294 3290 2349; x_wconf 83' lang='lat' dir='ltr'><strong>carnemque</strong></span> <span class='ocrx_word' id='word_1_391' title='bbox 3331 2280 3572 2336; x_wconf 90' lang='lat' dir='ltr'><strong>interitui</strong></span> <span class='ocrx_word' id='word_1_392' title='bbox 3603 2276 3892 2337; x_wconf 73' lang='lat' dir='ltr'><strong>obnoxiam</strong></span> 
     </span>
    </p>
   </div>
   <div class='ocr_carea' id='block_1_52' title="bbox 2297 2372 3892 2441">
    <p class='ocr_par' dir='ltr' id='par_1_52' title="bbox 2297 2372 3892 2441">
     <span class='ocr_line' id='line_1_52' title="bbox 2297 2372 3892 2441; baseline 0.003 -14"><span class='ocrx_word' id='word_1_393' title='bbox 2297 2372 2509 2429; x_wconf 87' lang='lat' dir='ltr'><strong>hostem</strong></span> <span class='ocrx_word' id='word_1_394' title='bbox 2540 2374 2635 2429; x_wconf 83' lang='lat' dir='ltr'><strong>tibi</strong></span> <span class='ocrx_word' id='word_1_395' title='bbox 2686 2389 2806 2429; x_wconf 87' lang='lat' dir='ltr'><strong>esse</strong></span> <span class='ocrx_word' id='word_1_396' title='bbox 2835 2374 3071 2441; x_wconf 87' lang='lat' dir='ltr'><strong>ducens,</strong></span> <span class='ocrx_word' id='word_1_397' title='bbox 3120 2376 3188 2431; x_wconf 88' lang='lat' dir='ltr'><strong>ad</strong></span> <span class='ocrx_word' id='word_1_398' title='bbox 3241 2375 3414 2430; x_wconf 81' lang='lat' dir='ltr'><strong>lucem</strong></span> <span class='ocrx_word' id='word_1_399' title='bbox 3462 2374 3892 2432; x_wconf 87' lang='lat' dir='ltr'><strong>inaccessibilem</strong></span> 
     </span>
    </p>
   </div>
   <div class='ocr_carea' id='block_1_53' title="bbox 2295 2465 3889 2541">
    <p class='ocr_par' dir='ltr' id='par_1_53' title="bbox 2295 2465 3889 2541">
     <span class='ocr_line' id='line_1_53' title="bbox 2295 2465 3889 2541; baseline 0 -18"><span class='ocrx_word' id='word_1_400' title='bbox 2295 2482 2547 2523; x_wconf 87' lang='lat' dir='ltr'><strong>accurres</strong></span> <span class='ocrx_word' id='word_1_401' title='bbox 2598 2465 2667 2541; x_wconf 86' lang='grc' dir='ltr'><strong>(Ι</strong></span> <span class='ocrx_word' id='word_1_402' title='bbox 2699 2468 2835 2522; x_wconf 79' lang='lat' dir='ltr'><strong>Tim.</strong></span> <span class='ocrx_word' id='word_1_403' title='bbox 2882 2469 2997 2540; x_wconf 89' lang='lat' dir='ltr'><strong>vt),</strong></span> <span class='ocrx_word' id='word_1_404' title='bbox 3052 2483 3321 2540; x_wconf 87' lang='lat' dir='ltr'><strong>cruceque</strong></span> <span class='ocrx_word' id='word_1_405' title='bbox 3372 2470 3609 2527; x_wconf 83' lang='lat' dir='ltr'><strong>humeris</strong></span> <span class='ocrx_word' id='word_1_406' title='bbox 3653 2469 3889 2535; x_wconf 88' lang='lat' dir='ltr'><strong>sublata,</strong></span> 
     </span>
    </p>
   </div>
   <div class='ocr_carea' id='block_1_54' title="bbox 2295 2562 3891 2632">
    <p class='ocr_par' dir='ltr' id='par_1_54' title="bbox 2295 2562 3891 2632">
     <span class='ocr_line' id='line_1_54' title="bbox 2295 2562 3891 2632; baseline 0.001 -15"><span class='ocrx_word' id='word_1_407' title='bbox 2295 2562 2569 2619; x_wconf 86' lang='lat' dir='ltr'><strong>Christum</strong></span> <span class='ocrx_word' id='word_1_408' title='bbox 2622 2563 2890 2619; x_wconf 89' lang='lat' dir='ltr'><strong>irretortis</strong></span> <span class='ocrx_word' id='word_1_409' title='bbox 2932 2563 3107 2619; x_wconf 90' lang='lat' dir='ltr'><strong>oculis</strong></span> <span class='ocrx_word' id='word_1_410' title='bbox 3136 2564 3404 2632; x_wconf 84' lang='lat' dir='ltr'><strong>sequeris,</strong></span> <span class='ocrx_word' id='word_1_411' title='bbox 3455 2572 3513 2618; x_wconf 86' lang='grc' dir='ltr'><strong>ιιι</strong></span> <span class='ocrx_word' id='word_1_412' title='bbox 3557 2564 3723 2619; x_wconf 90' lang='lat' dir='ltr'><strong>etiam</strong></span> <span class='ocrx_word' id='word_1_413' title='bbox 3771 2579 3891 2619; x_wconf 89' lang='lat' dir='ltr'><strong>cum</strong></span> 
     </span>
    </p>
   </div>
   <div class='ocr_carea' id='block_1_55' title="bbox 2294 2654 3894 2727">
    <p class='ocr_par' dir='ltr' id='par_1_55' title="bbox 2294 2654 3894 2727">
     <span class='ocr_line' id='line_1_55' title="bbox 2294 2654 3894 2727; baseline 0.001 -17"><span class='ocrx_word' id='word_1_414' title='bbox 2294 2655 2416 2724; x_wconf 85' lang='lat' dir='ltr'><strong>ipso</strong></span> <span class='ocrx_word' id='word_1_415' title='bbox 2445 2655 2782 2727; x_wconf 86' lang='lat' dir='ltr'><strong>gloritieeris,</strong></span> <span class='ocrx_word' id='word_1_416' title='bbox 2818 2656 3071 2727; x_wconf 64' lang='lat' dir='ltr'><strong>vitaeque,</strong></span> <span class='ocrx_word' id='word_1_417' title='bbox 3099 2672 3204 2711; x_wconf 95' lang='lat' dir='ltr'><strong>non</strong></span> <span class='ocrx_word' id='word_1_418' title='bbox 3228 2656 3338 2726; x_wconf 91' lang='lat' dir='ltr'><strong>jam</strong></span> <span class='ocrx_word' id='word_1_419' title='bbox 3362 2654 3581 2713; x_wconf 71' lang='lat' dir='ltr'><strong>caducae</strong></span> <span class='ocrx_word' id='word_1_420' title='bbox 3605 2664 3661 2712; x_wconf 91' lang='lat' dir='ltr'><strong>et</strong></span> <span class='ocrx_word' id='word_1_421' title='bbox 3683 2655 3894 2712; x_wconf 89' lang='lat' dir='ltr'><strong>fallacis</strong></span> 
     </span>
    </p>
   </div>
   <div class='ocr_carea' id='block_1_56' title="bbox 2294 2748 2782 2806">
    <p class='ocr_par' dir='ltr' id='par_1_56' title="bbox 2294 2748 2782 2806">
     <span class='ocr_line' id='line_1_56' title="bbox 2294 2748 2782 2806; baseline -0.006 -1"><span class='ocrx_word' id='word_1_422' title='bbox 2294 2750 2472 2806; x_wconf 64' lang='lat' dir='ltr'><strong>haeres</strong></span> <span class='ocrx_word' id='word_1_423' title='bbox 2501 2748 2676 2805; x_wconf 79' lang='lat' dir='ltr'><strong>efficia</strong></span> <span class='ocrx_word' id='word_1_424' title='bbox 2685 2750 2782 2805; x_wconf 90' lang='lat' dir='ltr'><strong>ris.</strong></span> 
     </span>
    </p>
   </div>
   <div class='ocr_carea' id='block_1_57' title="bbox 2366 2842 3891 2913">
    <p class='ocr_par' dir='ltr' id='par_1_57' title="bbox 2366 2842 3891 2913">
     <span class='ocr_line' id='line_1_57' title="bbox 2366 2842 3891 2913; baseline -0.001 -15"><span class='ocrx_word' id='word_1_425' title='bbox 2366 2842 2626 2913; x_wconf 76' lang='lat' dir='ltr'><strong>losapltat</strong></span> <span class='ocrx_word' id='word_1_426' title='bbox 2654 2843 2834 2910; x_wconf 86' lang='lat' dir='ltr'><strong>itaque</strong></span> <span class='ocrx_word' id='word_1_427' title='bbox 2862 2843 2930 2899; x_wconf 85' lang='lat' dir='ltr'><strong>ad</strong></span> <span class='ocrx_word' id='word_1_428' title='bbox 2959 2857 3081 2900; x_wconf 89' lang='lat' dir='ltr'><strong>eum</strong></span> <span class='ocrx_word' id='word_1_429' title='bbox 3112 2843 3187 2898; x_wconf 87' lang='lat' dir='ltr'><strong>ait</strong></span> <span class='ocrx_word' id='word_1_430' title='bbox 3217 2861 3229 2899; x_wconf 90' lang='lat'><strong>:</strong></span> <span class='ocrx_word' id='word_1_431' title='bbox 3257 2842 3404 2898; x_wconf 89' lang='lat' dir='ltr'><strong>Istud</strong></span> <span class='ocrx_word' id='word_1_432' title='bbox 3449 2842 3623 2911; x_wconf 90' lang='lat' dir='ltr'><strong>ipsum</strong></span> <span class='ocrx_word' id='word_1_433' title='bbox 3643 2885 3659 2910; x_wconf 91' lang='lat'><strong>,</strong></span> <span class='ocrx_word' id='word_1_434' title='bbox 3696 2856 3891 2912; x_wconf 89' lang='lat' dir='ltr'><strong>nempe</strong></span> 
     </span>
    </p>
   </div>
   <div class='ocr_carea' id='block_1_58' title="bbox 2295 2933 3891 3006">
    <p class='ocr_par' dir='ltr' id='par_1_58' title="bbox 2295 2933 3891 3006">
     <span class='ocr_line' id='line_1_58' title="bbox 2295 2933 3891 3006; baseline -0.002 -15"><span class='ocrx_word' id='word_1_435' title='bbox 2295 2936 2483 2991; x_wconf 86' lang='lat' dir='ltr'><strong>omnia</strong></span> <span class='ocrx_word' id='word_1_436' title='bbox 2513 2949 2612 3004; x_wconf 90' lang='lat' dir='ltr'><strong>pro</strong></span> <span class='ocrx_word' id='word_1_437' title='bbox 2638 2933 2807 2992; x_wconf 88' lang='lat' dir='ltr'><strong>nihilo</strong></span> <span class='ocrx_word' id='word_1_438' title='bbox 2838 2944 3050 3006; x_wconf 85' lang='lat' dir='ltr'><strong>putare,</strong></span> <span class='ocrx_word' id='word_1_439' title='bbox 3085 2944 3246 3005; x_wconf 88' lang='lat' dir='ltr'><strong>atque</strong></span> <span class='ocrx_word' id='word_1_440' title='bbox 3275 2948 3453 3006; x_wconf 90' lang='lat' dir='ltr'><strong>usque</strong></span> <span class='ocrx_word' id='word_1_441' title='bbox 3483 2933 3618 2988; x_wconf 87' lang='lat' dir='ltr'><strong>adeo</strong></span> <span class='ocrx_word' id='word_1_442' title='bbox 3640 2948 3891 3003; x_wconf 89' lang='lat' dir='ltr'><strong>asperum</strong></span> 
     </span>
    </p>
   </div>
   <div class='ocr_carea' id='block_1_59' title="bbox 2294 3025 3891 3099">
    <p class='ocr_par' dir='ltr' id='par_1_59' title="bbox 2294 3025 3891 3099">
     <span class='ocr_line' id='line_1_59' title="bbox 2294 3025 3891 3099; baseline -0.003 -16"><span class='ocrx_word' id='word_1_443' title='bbox 2294 3029 2421 3083; x_wconf 61' lang='lat' dir='ltr'><strong>vita</strong></span> <span class='ocrx_word' id='word_1_444' title='bbox 2450 3042 2618 3098; x_wconf 84' lang='lat' dir='ltr'><strong>genus</strong></span> <span class='ocrx_word' id='word_1_445' title='bbox 2669 3027 2982 3099; x_wconf 89' lang='lat' dir='ltr'><strong>suscipere,</strong></span> <span class='ocrx_word' id='word_1_446' title='bbox 3034 3026 3489 3098; x_wconf 90' lang='lat' dir='ltr'><strong>quemadmodum</strong></span> <span class='ocrx_word' id='word_1_447' title='bbox 3533 3026 3785 3095; x_wconf 83' lang='lat' dir='ltr'><strong>superius</strong></span> <span class='ocrx_word' id='word_1_448' title='bbox 3815 3025 3891 3079; x_wconf 60' lang='lat' dir='ltr'><strong>di.</strong></span> 
     </span>
    </p>
   </div>
   <div class='ocr_carea' id='block_1_60' title="bbox 2294 3122 3885 3195">
    <p class='ocr_par' dir='ltr' id='par_1_60' title="bbox 2294 3122 3885 3195">
     <span class='ocr_line' id='line_1_60' title="bbox 2294 3122 3885 3195; baseline -0.001 -17"><span class='ocrx_word' id='word_1_449' title='bbox 2294 3123 2441 3188; x_wconf 88' lang='lat' dir='ltr'><strong>xisti,</strong></span> <span class='ocrx_word' id='word_1_450' title='bbox 2474 3131 2699 3178; x_wconf 89' lang='lat' dir='ltr'><strong>vetusne</strong></span> <span class='ocrx_word' id='word_1_451' title='bbox 2728 3122 3034 3178; x_wconf 84' lang='lat' dir='ltr'><strong>institutum</strong></span> <span class='ocrx_word' id='word_1_452' title='bbox 3056 3131 3161 3190; x_wconf 89' lang='lat' dir='ltr'><strong>est,</strong></span> <span class='ocrx_word' id='word_1_453' title='bbox 3189 3123 3257 3179; x_wconf 87' lang='lat' dir='ltr'><strong>ab</strong></span> <span class='ocrx_word' id='word_1_454' title='bbox 3283 3123 3650 3195; x_wconf 85' lang='lat' dir='ltr'><strong>apostolorum</strong></span> <span class='ocrx_word' id='word_1_455' title='bbox 3679 3123 3885 3178; x_wconf 85' lang='lat' dir='ltr'><strong>doctri-</strong></span> 
     </span>
    </p>
   </div>
   <div class='ocr_carea' id='block_1_61' title="bbox 2297 3218 3891 3287">
    <p class='ocr_par' dir='ltr' id='par_1_61' title="bbox 2297 3218 3891 3287">
     <span class='ocr_line' id='line_1_61' title="bbox 2297 3218 3891 3287; baseline 0.001 -15"><span class='ocrx_word' id='word_1_456' title='bbox 2297 3234 2364 3273; x_wconf 90' lang='lat' dir='ltr'><strong>na</strong></span> <span class='ocrx_word' id='word_1_457' title='bbox 2396 3233 2653 3287; x_wconf 88' lang='lat' dir='ltr'><strong>manans,</strong></span> <span class='ocrx_word' id='word_1_458' title='bbox 2683 3235 2752 3275; x_wconf 92' lang='lat' dir='ltr'><strong>an</strong></span> <span class='ocrx_word' id='word_1_459' title='bbox 2794 3234 2991 3275; x_wconf 84' lang='lat' dir='ltr'><strong>recens</strong></span> <span class='ocrx_word' id='word_1_460' title='bbox 3018 3220 3213 3275; x_wconf 90' lang='lat' dir='ltr'><strong>mentis</strong></span> <span class='ocrx_word' id='word_1_461' title='bbox 3240 3227 3434 3275; x_wconf 77' lang='lat' dir='ltr'><strong>vestrze</strong></span> <span class='ocrx_word' id='word_1_462' title='bbox 3478 3218 3701 3274; x_wconf 90' lang='lat' dir='ltr'><strong>solertia</strong></span> <span class='ocrx_word' id='word_1_463' title='bbox 3728 3231 3891 3274; x_wconf 89' lang='lat' dir='ltr'><strong>exco-</strong></span> 
     </span>
    </p>
   </div>
   <div class='ocr_carea' id='block_1_62' title="bbox 597 3306 3890 3389">
    <p class='ocr_par' dir='ltr' id='par_1_62' title="bbox 597 3306 3890 3389">
     <span class='ocr_line' id='line_1_62' title="bbox 597 3306 3890 3389; baseline -0.001 -27"><span class='ocrx_word' id='word_1_464' title='bbox 597 3307 1063 3376; x_wconf 80' lang='lat' dir='ltr'><strong>Quetnadmodum</strong></span> <span class='ocrx_word' id='word_1_465' title='bbox 1094 3307 1256 3377; x_wconf 89' lang='lat' dir='ltr'><strong>igitur</strong></span> <span class='ocrx_word' id='word_1_466' title='bbox 1284 3322 1386 3376; x_wconf 88' lang='lat' dir='ltr'><strong>ego</strong></span> <span class='ocrx_word' id='word_1_467' title='bbox 1411 3306 1758 3376; x_wconf 71' lang='lat' dir='ltr'><strong>pmsentiutn</strong></span> <span class='ocrx_word' id='word_1_468' title='bbox 1792 3322 1970 3361; x_wconf 89' lang='lat' dir='ltr'><strong>rerum</strong></span> <span class='ocrx_word' id='word_1_469' title='bbox 2003 3308 2187 3379; x_wconf 84' lang='lat' dir='ltr'><strong>cogni-</strong></span> <span class='ocrx_word' id='word_1_470' title='bbox 2215 3309 2264 3373; x_wconf 83' lang='lat' dir='ltr'>c</span> <span class='ocrx_word' id='word_1_471' title='bbox 2296 3314 2553 3389; x_wconf 64' lang='lat' dir='ltr'><strong>gnatum;</strong></span> <span class='ocrx_word' id='word_1_472' title='bbox 2589 3326 2839 3388; x_wconf 69' lang='lat' dir='ltr'><strong>tanquam</strong></span> <span class='ocrx_word' id='word_1_473' title='bbox 2871 3316 3075 3372; x_wconf 63' lang='lat' dir='ltr'><strong>scilicet</strong></span> <span class='ocrx_word' id='word_1_474' title='bbox 3102 3316 3300 3382; x_wconf 53' lang='lat' dir='ltr'><strong>poem;</strong></span> <span class='ocrx_word' id='word_1_475' title='bbox 3328 3314 3514 3371; x_wconf 75' lang='lat' dir='ltr'><strong>melius</strong></span> <span class='ocrx_word' id='word_1_476' title='bbox 3543 3329 3609 3369; x_wconf 75' lang='lat' dir='ltr'><strong>ac</strong></span> <span class='ocrx_word' id='word_1_477' title='bbox 3636 3323 3890 3383; x_wconf 55' lang='lat' dir='ltr'><strong>prmum.</strong></span> 
     </span>
    </p>
   </div>
   <div class='ocr_carea' id='block_1_63' title="bbox 598 3399 2187 3471">
    <p class='ocr_par' dir='ltr' id='par_1_63' title="bbox 598 3399 2187 3471">
     <span class='ocr_line' id='line_1_63' title="bbox 598 3399 2187 3471; baseline -0.001 -14"><span class='ocrx_word' id='word_1_478' title='bbox 598 3408 654 3457; x_wconf 72' lang='lat' dir='ltr'><strong>ta</strong></span> <span class='ocrx_word' id='word_1_479' title='bbox 685 3402 939 3470; x_wconf 87' lang='lat' dir='ltr'><strong>vanitate,</strong></span> <span class='ocrx_word' id='word_1_480' title='bbox 974 3400 1211 3471; x_wconf 78' lang='lat' dir='ltr'><strong>perfecto</strong></span> <span class='ocrx_word' id='word_1_481' title='bbox 1259 3399 1385 3454; x_wconf 91' lang='lat' dir='ltr'><strong>odio</strong></span> <span class='ocrx_word' id='word_1_482' title='bbox 1436 3415 1529 3454; x_wconf 85' lang='lat' dir='ltr'><strong>eas</strong></span> <span class='ocrx_word' id='word_1_483' title='bbox 1558 3399 1743 3467; x_wconf 82' lang='lat' dir='ltr'><strong>habui,</strong></span> <span class='ocrx_word' id='word_1_484' title='bbox 1774 3402 1966 3455; x_wconf 88' lang='lat' dir='ltr'><strong>eodem</strong></span> <span class='ocrx_word' id='word_1_485' title='bbox 2006 3401 2187 3471; x_wconf 90' lang='lat' dir='ltr'><strong>modo,</strong></span> 
     </span>
    </p>
   </div>
   <div class='ocr_carea' id='block_1_64' title="bbox 603 3493 2189 3565">
    <p class='ocr_par' dir='ltr' id='par_1_64' title="bbox 603 3493 2189 3565">
     <span class='ocr_line' id='line_1_64' title="bbox 603 3493 2189 3565; baseline -0.001 -17"><span class='ocrx_word' id='word_1_486' title='bbox 603 3504 661 3549; x_wconf 90' lang='lat' dir='ltr'><strong>ut</strong></span> <span class='ocrx_word' id='word_1_487' title='bbox 689 3495 756 3548; x_wconf 90' lang='lat' dir='ltr'><strong>de</strong></span> <span class='ocrx_word' id='word_1_488' title='bbox 781 3494 915 3564; x_wconf 86' lang='lat' dir='ltr'><strong>ipsis</strong></span> <span class='ocrx_word' id='word_1_489' title='bbox 944 3493 1247 3557; x_wconf 78' lang='lat' dir='ltr'><strong>existimes,</strong></span> <span class='ocrx_word' id='word_1_490' title='bbox 1279 3504 1332 3548; x_wconf 90' lang='lat' dir='ltr'><strong>te</strong></span> <span class='ocrx_word' id='word_1_491' title='bbox 1353 3508 1566 3554; x_wconf 89' lang='lat' dir='ltr'><strong>moneo.</strong></span> <span class='ocrx_word' id='word_1_492' title='bbox 1597 3502 1759 3562; x_wconf 81' lang='lat' dir='ltr'><strong>atque</strong></span> <span class='ocrx_word' id='word_1_493' title='bbox 1786 3509 1914 3565; x_wconf 83' lang='lat' dir='ltr'><strong>erga</strong></span> <span class='ocrx_word' id='word_1_494' title='bbox 1937 3509 2049 3558; x_wconf 87' lang='lat' dir='ltr'><strong>eas,</strong></span> <span class='ocrx_word' id='word_1_495' title='bbox 2084 3510 2189 3547; x_wconf 91' lang='lat' dir='ltr'><strong>non</strong></span> 
     </span>
    </p>
   </div>
   <div class='ocr_carea' id='block_1_65' title="bbox 604 3584 2191 3655">
    <p class='ocr_par' dir='ltr' id='par_1_65' title="bbox 604 3584 2191 3655">
     <span class='ocr_line' id='line_1_65' title="bbox 604 3584 2191 3655; baseline -0.001 -12"><span class='ocrx_word' id='word_1_496' title='bbox 604 3599 762 3643; x_wconf 84' lang='lat' dir='ltr'><strong>secus</strong></span> <span class='ocrx_word' id='word_1_497' title='bbox 789 3600 853 3640; x_wconf 90' lang='lat' dir='ltr'><strong>ac</strong></span> <span class='ocrx_word' id='word_1_498' title='bbox 875 3584 1099 3655; x_wconf 85' lang='lat' dir='ltr'><strong>alienas,</strong></span> <span class='ocrx_word' id='word_1_499' title='bbox 1132 3594 1186 3640; x_wconf 91' lang='lat' dir='ltr'><strong>et</strong></span> <span class='ocrx_word' id='word_1_500' title='bbox 1208 3600 1366 3654; x_wconf 87' lang='lat' dir='ltr'><strong>quam</strong></span> <span class='ocrx_word' id='word_1_501' title='bbox 1396 3586 1624 3651; x_wconf 83' lang='lat' dir='ltr'><strong>primum</strong></span> <span class='ocrx_word' id='word_1_502' title='bbox 1650 3586 1966 3642; x_wconf 86' lang='lat' dir='ltr'><strong>difﬂuxuras</strong></span> <span class='ocrx_word' id='word_1_503' title='bbox 1986 3586 2191 3642; x_wconf 86' lang='lat' dir='ltr'><strong>afficia-</strong></span> 
     </span>
    </p>
   </div>
   <div class='ocr_carea' id='block_1_66' title="bbox 603 3679 2194 3751">
    <p class='ocr_par' dir='ltr' id='par_1_66' title="bbox 603 3679 2194 3751">
     <span class='ocr_line' id='line_1_66' title="bbox 603 3679 2194 3751; baseline 0.001 -16"><span class='ocrx_word' id='word_1_504' title='bbox 603 3680 699 3746; x_wconf 86' lang='lat' dir='ltr'><strong>ris;</strong></span> <span class='ocrx_word' id='word_1_505' title='bbox 721 3689 881 3751; x_wconf 89' lang='lat' dir='ltr'><strong>atque</strong></span> <span class='ocrx_word' id='word_1_506' title='bbox 898 3680 1020 3733; x_wconf 90' lang='lat' dir='ltr'><strong>hinc</strong></span> <span class='ocrx_word' id='word_1_507' title='bbox 1036 3680 1236 3749; x_wconf 85' lang='lat' dir='ltr'><strong>ereptis</strong></span> <span class='ocrx_word' id='word_1_508' title='bbox 1255 3679 1506 3734; x_wconf 89' lang='lat' dir='ltr'><strong>omnibus</strong></span> <span class='ocrx_word' id='word_1_509' title='bbox 1521 3679 1863 3734; x_wconf 83' lang='lat' dir='ltr'><strong>facultatibus</strong></span> <span class='ocrx_word' id='word_1_510' title='bbox 1876 3721 1889 3745; x_wconf 92' lang='lat'><strong>,</strong></span> <span class='ocrx_word' id='word_1_511' title='bbox 1910 3683 1961 3733; x_wconf 92' lang='lat' dir='ltr'><strong>in</strong></span> <span class='ocrx_word' id='word_1_512' title='bbox 1983 3681 2194 3736; x_wconf 81' lang='lat' dir='ltr'><strong>immor-</strong></span> 
     </span>
    </p>
   </div>
   <div class='ocr_carea' id='block_1_67' title="bbox 599 3770 2195 3842">
    <p class='ocr_par' dir='ltr' id='par_1_67' title="bbox 599 3770 2195 3842">
     <span class='ocr_line' id='line_1_67' title="bbox 599 3770 2195 3842; baseline 0.001 -14"><span class='ocrx_word' id='word_1_513' title='bbox 599 3773 696 3828; x_wconf 88' lang='lat' dir='ltr'><strong>tali</strong></span> <span class='ocrx_word' id='word_1_514' title='bbox 727 3788 862 3838; x_wconf 74' lang='lat' dir='ltr'><strong>tevo,</strong></span> <span class='ocrx_word' id='word_1_515' title='bbox 913 3772 979 3826; x_wconf 89' lang='lat' dir='ltr'><strong>ad</strong></span> <span class='ocrx_word' id='word_1_516' title='bbox 1027 3771 1170 3841; x_wconf 85' lang='lat' dir='ltr'><strong>quod</strong></span> <span class='ocrx_word' id='word_1_517' title='bbox 1203 3770 1293 3826; x_wconf 92' lang='lat' dir='ltr'><strong>tibi</strong></span> <span class='ocrx_word' id='word_1_518' title='bbox 1327 3772 1445 3827; x_wconf 86' lang='lat' dir='ltr'><strong>sine</strong></span> <span class='ocrx_word' id='word_1_519' title='bbox 1473 3772 1578 3827; x_wconf 90' lang='lat' dir='ltr'><strong>ulla</strong></span> <span class='ocrx_word' id='word_1_520' title='bbox 1614 3788 1762 3827; x_wconf 81' lang='lat' dir='ltr'><strong>mora</strong></span> <span class='ocrx_word' id='word_1_521' title='bbox 1798 3774 2066 3842; x_wconf 90' lang='lat' dir='ltr'><strong>proficisci</strong></span> <span class='ocrx_word' id='word_1_522' title='bbox 2099 3790 2195 3830; x_wconf 87' lang='lat' dir='ltr'><strong>ne-</strong></span> 
     </span>
    </p>
   </div>
   <div class='ocr_carea' id='block_1_68' title="bbox 600 3864 2195 3936">
    <p class='ocr_par' dir='ltr' id='par_1_68' title="bbox 600 3864 2195 3936">
     <span class='ocr_line' id='line_1_68' title="bbox 600 3864 2195 3936; baseline -0.003 -11"><span class='ocrx_word' id='word_1_523' title='bbox 600 3884 753 3925; x_wconf 81' lang='lat' dir='ltr'><strong>cesse</strong></span> <span class='ocrx_word' id='word_1_524' title='bbox 778 3876 883 3936; x_wconf 85' lang='lat' dir='ltr'><strong>est,</strong></span> <span class='ocrx_word' id='word_1_525' title='bbox 914 3866 1224 3921; x_wconf 79' lang='lat' dir='ltr'><strong>thesaurum</strong></span> <span class='ocrx_word' id='word_1_526' title='bbox 1256 3866 1345 3936; x_wconf 92' lang='lat' dir='ltr'><strong>qui</strong></span> <span class='ocrx_word' id='word_1_527' title='bbox 1376 3864 1520 3921; x_wconf 84' lang='lat' dir='ltr'><strong>furto</strong></span> <span class='ocrx_word' id='word_1_528' title='bbox 1545 3866 1822 3935; x_wconf 77' lang='lat' dir='ltr'><strong>compilari</strong></span> <span class='ocrx_word' id='word_1_529' title='bbox 1854 3877 2107 3936; x_wconf 85' lang='lat' dir='ltr'><strong>nequeat,</strong></span> <span class='ocrx_word' id='word_1_530' title='bbox 2139 3876 2195 3921; x_wconf 90' lang='lat' dir='ltr'><strong>et</strong></span> 
     </span>
    </p>
   </div>
   <div class='ocr_carea' id='block_1_69' title="bbox 603 3959 2192 4037">
    <p class='ocr_par' dir='ltr' id='par_1_69' title="bbox 603 3959 2192 4037">
     <span class='ocr_line' id='line_1_69' title="bbox 603 3959 2192 4037; baseline -0.001 -22"><span class='ocrx_word' id='word_1_531' title='bbox 603 3962 770 4037; x_wconf 66' lang='grc'><strong>276</strong></span> <span class='ocrx_word' id='word_1_532' title='bbox 794 3976 925 4030; x_wconf 79' lang='lat' dir='ltr'><strong>opes</strong></span> <span class='ocrx_word' id='word_1_533' title='bbox 972 3975 1089 4030; x_wconf 73' lang='lat' dir='ltr'><strong>qua:</strong></span> <span class='ocrx_word' id='word_1_534' title='bbox 1136 3959 1410 4015; x_wconf 86' lang='lat' dir='ltr'><strong>exhauriri</strong></span> <span class='ocrx_word' id='word_1_535' title='bbox 1443 3959 1594 4013; x_wconf 90' lang='lat' dir='ltr'><strong>nullo</strong></span> <span class='ocrx_word' id='word_1_536' title='bbox 1628 3959 1791 4014; x_wconf 84' lang='lat' dir='ltr'><strong>modo</strong></span> <span class='ocrx_word' id='word_1_537' title='bbox 1820 3961 2048 4030; x_wconf 84' lang='lat' dir='ltr'><strong>possint,</strong></span> <span class='ocrx_word' id='word_1_538' title='bbox 2098 3960 2192 4014; x_wconf 85' lang='lat' dir='ltr'><strong>tibi</strong></span> 
     </span>
    </p>
   </div>
   <div class='ocr_carea' id='block_1_70' title="bbox 601 4050 2187 4124">
    <p class='ocr_par' dir='ltr' id='par_1_70' title="bbox 601 4050 2187 4124">
     <span class='ocr_line' id='line_1_70' title="bbox 601 4050 2187 4124; baseline -0.004 -14"><span class='ocrx_word' id='word_1_539' title='bbox 601 4055 863 4110; x_wconf 83' lang='lat' dir='ltr'><strong>recondas</strong></span> <span class='ocrx_word' id='word_1_540' title='bbox 895 4052 1048 4124; x_wconf 84' lang='lat' dir='ltr'><strong>(Luc.</strong></span> <span class='ocrx_word' id='word_1_541' title='bbox 1074 4068 1147 4106; x_wconf 85' lang='lat' dir='ltr'><strong>xu</strong></span> <span class='ocrx_word' id='word_1_542' title='bbox 1171 4068 1184 4118; x_wconf 93' lang='lat'><strong>;</strong></span> <span class='ocrx_word' id='word_1_543' title='bbox 1218 4050 1409 4105; x_wconf 78' lang='lat' dir='ltr'><strong>Matth.</strong></span> <span class='ocrx_word' id='word_1_544' title='bbox 1438 4051 1542 4123; x_wconf 78' lang='lat' dir='ltr'><strong>vr),</strong></span> <span class='ocrx_word' id='word_1_545' title='bbox 1567 4059 1624 4106; x_wconf 92' lang='lat' dir='ltr'><strong>ut</strong></span> <span class='ocrx_word' id='word_1_546' title='bbox 1642 4065 1763 4106; x_wconf 89' lang='lat' dir='ltr'><strong>cum</strong></span> <span class='ocrx_word' id='word_1_547' title='bbox 1787 4067 1851 4106; x_wconf 90' lang='lat' dir='ltr'><strong>eo</strong></span> <span class='ocrx_word' id='word_1_548' title='bbox 1873 4050 2187 4117; x_wconf 83' lang='lat' dir='ltr'><strong>accesseris,</strong></span> 
     </span>
    </p>
   </div>
   <div class='ocr_carea' id='block_1_71' title="bbox 603 4142 2196 4216">
    <p class='ocr_par' dir='ltr' id='par_1_71' title="bbox 603 4142 2196 4216">
     <span class='ocr_line' id='line_1_71' title="bbox 603 4142 2196 4216; baseline -0.001 -16"><span class='ocrx_word' id='word_1_549' title='bbox 603 4146 1013 4216; x_wconf 87' lang='lat' dir='ltr'><strong>haudquaquam</strong></span> <span class='ocrx_word' id='word_1_550' title='bbox 1038 4144 1259 4213; x_wconf 82' lang='lat' dir='ltr'><strong>penuria</strong></span> <span class='ocrx_word' id='word_1_551' title='bbox 1278 4144 1509 4212; x_wconf 88' lang='lat' dir='ltr'><strong>labores,</strong></span> <span class='ocrx_word' id='word_1_552' title='bbox 1537 4160 1723 4199; x_wconf 88' lang='lat' dir='ltr'><strong>verum</strong></span> <span class='ocrx_word' id='word_1_553' title='bbox 1749 4144 1939 4214; x_wconf 84' lang='lat' dir='ltr'><strong>opibus</strong></span> <span class='ocrx_word' id='word_1_554' title='bbox 1961 4142 2196 4198; x_wconf 87' lang='lat' dir='ltr'><strong>circum-</strong></span> 
     </span>
    </p>
   </div>
   <div class='ocr_carea' id='block_1_72' title="bbox 604 4237 2194 4312">
    <p class='ocr_par' dir='ltr' id='par_1_72' title="bbox 604 4237 2194 4312">
     <span class='ocr_line' id='line_1_72' title="bbox 604 4237 2194 4312; baseline -0.004 -15"><span class='ocrx_word' id='word_1_555' title='bbox 604 4243 772 4308; x_wconf 83' lang='lat' dir='ltr'><strong>ﬂuas,</strong></span> <span class='ocrx_word' id='word_1_556' title='bbox 802 4239 1252 4312; x_wconf 87' lang='lat' dir='ltr'><strong>quemadmodum</strong></span> <span class='ocrx_word' id='word_1_557' title='bbox 1286 4239 1381 4296; x_wconf 87' lang='lat' dir='ltr'><strong>tibi</strong></span> <span class='ocrx_word' id='word_1_558' title='bbox 1413 4240 1752 4308; x_wconf 89' lang='lat' dir='ltr'><strong>aptissimam</strong></span> <span class='ocrx_word' id='word_1_559' title='bbox 1788 4237 2070 4308; x_wconf 86' lang='lat' dir='ltr'><strong>imaginem</strong></span> <span class='ocrx_word' id='word_1_560' title='bbox 2103 4250 2194 4292; x_wconf 87' lang='lat' dir='ltr'><strong>su-</strong></span> 
     </span>
    </p>
   </div>
   <div class='ocr_carea' id='block_1_73' title="bbox 601 4338 1078 4411">
    <p class='ocr_par' dir='ltr' id='par_1_73' title="bbox 601 4338 1078 4411">
     <span class='ocr_line' id='line_1_73' title="bbox 601 4338 1078 4411; baseline -0.002 -18"><span class='ocrx_word' id='word_1_561' title='bbox 601 4339 782 4411; x_wconf 89' lang='lat' dir='ltr'><strong>perius</strong></span> <span class='ocrx_word' id='word_1_562' title='bbox 803 4338 1078 4408; x_wconf 90' lang='lat' dir='ltr'><strong>proposui.</strong></span> 
     </span>
    </p>
   </div>
   <div class='ocr_carea' id='block_1_74' title="bbox 673 4426 2195 4499">
    <p class='ocr_par' dir='ltr' id='par_1_74' title="bbox 673 4426 2195 4499">
     <span class='ocr_line' id='line_1_74' title="bbox 673 4426 2195 4499; baseline -0.007 -9"><span class='ocrx_word' id='word_1_563' title='bbox 673 4434 802 4490; x_wconf 76' lang='grc' dir='ltr'><strong>εΑρ.</strong></span> <span class='ocrx_word' id='word_1_564' title='bbox 826 4432 943 4489; x_wconf 79' lang='lat' dir='ltr'><strong>XV.</strong></span> <span class='ocrx_word' id='word_1_565' title='bbox 966 4462 1035 4474; x_wconf 88' lang='lat'><strong>-—</strong></span> <span class='ocrx_word' id='word_1_566' title='bbox 1054 4430 1199 4487; x_wconf 87' lang='lat' dir='ltr'><strong>Dixit</strong></span> <span class='ocrx_word' id='word_1_567' title='bbox 1222 4439 1400 4485; x_wconf 90' lang='lat' dir='ltr'><strong>autem</strong></span> <span class='ocrx_word' id='word_1_568' title='bbox 1426 4427 1685 4499; x_wconf 81' lang='lat' dir='ltr'><strong>Josaphat</strong></span> <span class='ocrx_word' id='word_1_569' title='bbox 1706 4426 1773 4482; x_wconf 88' lang='lat' dir='ltr'><strong>ad</strong></span> <span class='ocrx_word' id='word_1_570' title='bbox 1795 4439 1981 4483; x_wconf 90' lang='lat' dir='ltr'><strong>senem</strong></span> <span class='ocrx_word' id='word_1_571' title='bbox 2010 4446 2023 4481; x_wconf 88' lang='lat'><strong>:</strong></span> <span class='ocrx_word' id='word_1_572' title='bbox 2052 4426 2195 4495; x_wconf 86' lang='lat' dir='ltr'><strong>Qua-</strong></span> 
     </span>
    </p>
   </div>
   <div class='ocr_carea' id='block_1_75' title="bbox 606 4519 2196 4597">
    <p class='ocr_par' dir='ltr' id='par_1_75' title="bbox 606 4519 2196 4597">
     <span class='ocr_line' id='line_1_75' title="bbox 606 4519 2196 4597; baseline -0.003 -18"><span class='ocrx_word' id='word_1_573' title='bbox 606 4542 731 4580; x_wconf 84' lang='lat' dir='ltr'><strong>nam</strong></span> <span class='ocrx_word' id='word_1_574' title='bbox 764 4526 931 4597; x_wconf 84' lang='lat' dir='ltr'><strong>igitur</strong></span> <span class='ocrx_word' id='word_1_575' title='bbox 960 4535 1169 4579; x_wconf 82' lang='lat' dir='ltr'><strong>ratione</strong></span> <span class='ocrx_word' id='word_1_576' title='bbox 1204 4522 1555 4593; x_wconf 87' lang='lat' dir='ltr'><strong>pecuniarum</strong></span> <span class='ocrx_word' id='word_1_577' title='bbox 1588 4519 1872 4575; x_wconf 85' lang='lat' dir='ltr'><strong>thesauros</strong></span> <span class='ocrx_word' id='word_1_578' title='bbox 1900 4519 2030 4574; x_wconf 90' lang='lat' dir='ltr'><strong>illuc</strong></span> <span class='ocrx_word' id='word_1_579' title='bbox 2055 4533 2196 4590; x_wconf 76' lang='lat' dir='ltr'><strong>prte-</strong></span> 
     </span>
    </p>
   </div>
   <div class='ocr_carea' id='block_1_76' title="bbox 606 4614 2199 4688">
    <p class='ocr_par' dir='ltr' id='par_1_76' title="bbox 606 4614 2199 4688">
     <span class='ocr_line' id='line_1_76' title="bbox 606 4614 2199 4688; baseline -0.003 -16"><span class='ocrx_word' id='word_1_580' title='bbox 606 4620 821 4674; x_wconf 82' lang='lat' dir='ltr'><strong>rnittere</strong></span> <span class='ocrx_word' id='word_1_581' title='bbox 850 4633 1065 4688; x_wconf 89' lang='lat' dir='ltr'><strong>queam,</strong></span> <span class='ocrx_word' id='word_1_582' title='bbox 1096 4626 1154 4672; x_wconf 93' lang='lat' dir='ltr'><strong>ut</strong></span> <span class='ocrx_word' id='word_1_583' title='bbox 1188 4631 1399 4677; x_wconf 90' lang='lat' dir='ltr'><strong>eorum.</strong></span> <span class='ocrx_word' id='word_1_584' title='bbox 1433 4629 1553 4671; x_wconf 91' lang='lat' dir='ltr'><strong>cum</strong></span> <span class='ocrx_word' id='word_1_585' title='bbox 1586 4614 1710 4669; x_wconf 93' lang='lat' dir='ltr'><strong>hinc</strong></span> <span class='ocrx_word' id='word_1_586' title='bbox 1740 4614 2048 4680; x_wconf 89' lang='lat' dir='ltr'><strong>abcesscro,</strong></span> <span class='ocrx_word' id='word_1_587' title='bbox 2087 4614 2199 4669; x_wconf 87' lang='lat' dir='ltr'><strong>fru-</strong></span> 
     </span>
    </p>
   </div>
   <div class='ocr_carea' id='block_1_77' title="bbox 2297 3410 3392 3481">
    <p class='ocr_par' dir='ltr' id='par_1_77' title="bbox 2297 3410 3392 3481">
     <span class='ocr_line' id='line_1_77' title="bbox 2297 3410 3392 3481; baseline -0.004 -14"><span class='ocrx_word' id='word_1_588' title='bbox 2297 3411 2425 3469; x_wconf 87' lang='lat' dir='ltr'><strong>tius.</strong></span> <span class='ocrx_word' id='word_1_589' title='bbox 2454 3410 2610 3467; x_wconf 87' lang='lat' dir='ltr'><strong>vobis</strong></span> <span class='ocrx_word' id='word_1_590' title='bbox 2639 3410 3054 3481; x_wconf 83' lang='lat' dir='ltr'><strong>atnplexandttm</strong></span> <span class='ocrx_word' id='word_1_591' title='bbox 3086 3410 3392 3465; x_wconf 71' lang='lat' dir='ltr'><strong>duxeritis?</strong></span> 
     </span>
    </p>
   </div>
   <div class='ocr_carea' id='block_1_78' title="bbox 2369 3502 3891 3572">
    <p class='ocr_par' dir='ltr' id='par_1_78' title="bbox 2369 3502 3891 3572">
     <span class='ocr_line' id='line_1_78' title="bbox 2369 3502 3891 3572; baseline -0.001 -13"><span class='ocrx_word' id='word_1_592' title='bbox 2369 3504 2553 3559; x_wconf 89' lang='lat' dir='ltr'><strong>Senex</strong></span> <span class='ocrx_word' id='word_1_593' title='bbox 2587 3512 2764 3558; x_wconf 86' lang='lat' dir='ltr'><strong>autem</strong></span> <span class='ocrx_word' id='word_1_594' title='bbox 2788 3504 2897 3563; x_wconf 89' lang='lat' dir='ltr'><strong>ait:</strong></span> <span class='ocrx_word' id='word_1_595' title='bbox 2920 3502 3034 3558; x_wconf 87' lang='lat' dir='ltr'><strong>Non</strong></span> <span class='ocrx_word' id='word_1_596' title='bbox 3067 3517 3258 3558; x_wconf 85' lang='lat' dir='ltr'><strong>recens</strong></span> <span class='ocrx_word' id='word_1_597' title='bbox 3289 3502 3562 3558; x_wconf 89' lang='lat' dir='ltr'><strong>inductam</strong></span> <span class='ocrx_word' id='word_1_598' title='bbox 3589 3502 3763 3572; x_wconf 87' lang='lat' dir='ltr'><strong>legem</strong></span> <span class='ocrx_word' id='word_1_599' title='bbox 3796 3503 3891 3559; x_wconf 89' lang='lat' dir='ltr'><strong>tibi</strong></span> 
     </span>
    </p>
   </div>
   <div class='ocr_carea' id='block_1_79' title="bbox 2298 3594 3891 3664">
    <p class='ocr_par' dir='ltr' id='par_1_79' title="bbox 2298 3594 3891 3664">
     <span class='ocr_line' id='line_1_79' title="bbox 2298 3594 3891 3664; baseline -0.004 -13"><span class='ocrx_word' id='word_1_600' title='bbox 2298 3596 2465 3651; x_wconf 74' lang='lat' dir='ltr'><strong>affero</strong></span> <span class='ocrx_word' id='word_1_601' title='bbox 2490 3595 2863 3664; x_wconf 91' lang='lat' dir='ltr'><strong>(absitistud),</strong></span> <span class='ocrx_word' id='word_1_602' title='bbox 2897 3611 3082 3652; x_wconf 90' lang='lat' dir='ltr'><strong>verum</strong></span> <span class='ocrx_word' id='word_1_603' title='bbox 3116 3596 3411 3663; x_wconf 89' lang='lat' dir='ltr'><strong>antiquitus</strong></span> <span class='ocrx_word' id='word_1_604' title='bbox 3436 3594 3587 3649; x_wconf 91' lang='lat' dir='ltr'><strong>nobis</strong></span> <span class='ocrx_word' id='word_1_605' title='bbox 3614 3595 3891 3654; x_wconf 81' lang='lat' dir='ltr'><strong>traditam.</strong></span> 
     </span>
    </p>
   </div>
   <div class='ocr_carea' id='block_1_80' title="bbox 2298 3689 3890 3760">
    <p class='ocr_par' dir='ltr' id='par_1_80' title="bbox 2298 3689 3890 3760">
     <span class='ocr_line' id='line_1_80' title="bbox 2298 3689 3890 3760; baseline -0.001 -15"><span class='ocrx_word' id='word_1_606' title='bbox 2298 3690 2439 3745; x_wconf 87' lang='lat' dir='ltr'><strong>Dixit</strong></span> <span class='ocrx_word' id='word_1_607' title='bbox 2459 3690 2602 3747; x_wconf 85' lang='lat' dir='ltr'><strong>enim</strong></span> <span class='ocrx_word' id='word_1_608' title='bbox 2629 3690 2887 3745; x_wconf 90' lang='lat' dir='ltr'><strong>Dominus</strong></span> <span class='ocrx_word' id='word_1_609' title='bbox 2908 3689 2973 3743; x_wconf 85' lang='lat' dir='ltr'><strong>ad</strong></span> <span class='ocrx_word' id='word_1_610' title='bbox 2993 3690 3209 3745; x_wconf 86' lang='lat' dir='ltr'><strong>divitem</strong></span> <span class='ocrx_word' id='word_1_611' title='bbox 3237 3689 3544 3760; x_wconf 85' lang='lat' dir='ltr'><strong>quemdam,</strong></span> <span class='ocrx_word' id='word_1_612' title='bbox 3569 3691 3658 3758; x_wconf 88' lang='lat' dir='ltr'><strong>qui</strong></span> <span class='ocrx_word' id='word_1_613' title='bbox 3680 3705 3746 3745; x_wconf 83' lang='lat' dir='ltr'><strong>ex</strong></span> <span class='ocrx_word' id='word_1_614' title='bbox 3778 3690 3890 3760; x_wconf 84' lang='lat' dir='ltr'><strong>ipso</strong></span> 
     </span>
    </p>
   </div>
   <div class='ocr_carea' id='block_1_81' title="bbox 2299 3781 3887 3854">
    <p class='ocr_par' dir='ltr' id='par_1_81' title="bbox 2299 3781 3887 3854">
     <span class='ocr_line' id='line_1_81' title="bbox 2299 3781 3887 3854; baseline -0.002 -16"><span class='ocrx_word' id='word_1_615' title='bbox 2299 3783 2722 3854; x_wconf 83' lang='lat' dir='ltr'><strong>percontabatur</strong></span> <span class='ocrx_word' id='word_1_616' title='bbox 2746 3782 2998 3852; x_wconf 88' lang='lat' dir='ltr'><strong>quidnam</strong></span> <span class='ocrx_word' id='word_1_617' title='bbox 3024 3782 3123 3837; x_wconf 86' lang='lat' dir='ltr'><strong>sibi</strong></span> <span class='ocrx_word' id='word_1_618' title='bbox 3155 3781 3453 3838; x_wconf 68' lang='lat' dir='ltr'><strong>faciendum</strong></span> <span class='ocrx_word' id='word_1_619' title='bbox 3477 3790 3620 3836; x_wconf 86' lang='lat' dir='ltr'><strong>esset</strong></span> <span class='ocrx_word' id='word_1_620' title='bbox 3641 3790 3696 3836; x_wconf 74' lang='grc' dir='ltr'><strong>ιιι</strong></span> <span class='ocrx_word' id='word_1_621' title='bbox 3727 3782 3887 3835; x_wconf 85' lang='lat' dir='ltr'><strong>vitam</strong></span> 
     </span>
    </p>
   </div>
   <div class='ocr_carea' id='block_1_82' title="bbox 2300 3873 3890 3945">
    <p class='ocr_par' dir='ltr' id='par_1_82' title="bbox 2300 3873 3890 3945">
     <span class='ocr_line' id='line_1_82' title="bbox 2300 3873 3890 3945; baseline -0.001 -16"><span class='ocrx_word' id='word_1_622' title='bbox 2300 3885 2559 3929; x_wconf 62' lang='lat' dir='ltr'><strong>aeternam</strong></span> <span class='ocrx_word' id='word_1_623' title='bbox 2577 3882 3020 3945; x_wconf 89' lang='lat' dir='ltr'><strong>consequeretur,</strong></span> <span class='ocrx_word' id='word_1_624' title='bbox 3039 3876 3384 3945; x_wconf 84' lang='lat' dir='ltr'><strong>jactabatque</strong></span> <span class='ocrx_word' id='word_1_625' title='bbox 3402 3889 3461 3930; x_wconf 79' lang='lat' dir='ltr'><strong>se</strong></span> <span class='ocrx_word' id='word_1_626' title='bbox 3475 3885 3663 3929; x_wconf 87' lang='lat' dir='ltr'><strong>cuncta</strong></span> <span class='ocrx_word' id='word_1_627' title='bbox 3695 3890 3813 3945; x_wconf 73' lang='lat' dir='ltr'><strong>qua!</strong></span> <span class='ocrx_word' id='word_1_628' title='bbox 3837 3873 3890 3928; x_wconf 88' lang='lat' dir='ltr'><strong>in</strong></span> 
     </span>
    </p>
   </div>
   <div class='ocr_carea' id='block_1_83' title="bbox 2299 3971 3889 4042">
    <p class='ocr_par' dir='ltr' id='par_1_83' title="bbox 2299 3971 3889 4042">
     <span class='ocr_line' id='line_1_83' title="bbox 2299 3971 3889 4042; baseline -0.001 -15"><span class='ocrx_word' id='word_1_629' title='bbox 2299 3972 2419 4040; x_wconf 79' lang='lat' dir='ltr'><strong>lege</strong></span> <span class='ocrx_word' id='word_1_630' title='bbox 2448 3973 2645 4042; x_wconf 92' lang='lat' dir='ltr'><strong>scripta</strong></span> <span class='ocrx_word' id='word_1_631' title='bbox 2677 3981 2830 4027; x_wconf 87' lang='lat' dir='ltr'><strong>erant</strong></span> <span class='ocrx_word' id='word_1_632' title='bbox 2860 3987 3127 4029; x_wconf 87' lang='lat' dir='ltr'><strong>servasse.</strong></span> <span class='ocrx_word' id='word_1_633' title='bbox 3183 3972 3357 4028; x_wconf 89' lang='lat' dir='ltr'><strong>Unum</strong></span> <span class='ocrx_word' id='word_1_634' title='bbox 3389 3972 3483 4027; x_wconf 85' lang='lat' dir='ltr'><strong>tibi</strong></span> <span class='ocrx_word' id='word_1_635' title='bbox 3509 3972 3684 4035; x_wconf 88' lang='lat' dir='ltr'><strong>deest,</strong></span> <span class='ocrx_word' id='word_1_636' title='bbox 3718 3971 3853 4026; x_wconf 82' lang='lat' dir='ltr'><strong>vade</strong></span> <span class='ocrx_word' id='word_1_637' title='bbox 3874 4013 3889 4037; x_wconf 91' lang='lat'><strong>,</strong></span> 
     </span>
    </p>
   </div>
   <div class='ocr_carea' id='block_1_84' title="bbox 2297 4063 3889 4133">
    <p class='ocr_par' dir='ltr' id='par_1_84' title="bbox 2297 4063 3889 4133">
     <span class='ocr_line' id='line_1_84' title="bbox 2297 4063 3889 4133; baseline -0.002 -13"><span class='ocrx_word' id='word_1_638' title='bbox 2297 4063 2473 4121; x_wconf 86' lang='lat' dir='ltr'><strong>vende</strong></span> <span class='ocrx_word' id='word_1_639' title='bbox 2504 4064 2685 4119; x_wconf 91' lang='lat' dir='ltr'><strong>omnia</strong></span> <span class='ocrx_word' id='word_1_640' title='bbox 2709 4080 2827 4133; x_wconf 72' lang='lat' dir='ltr'><strong>quze</strong></span> <span class='ocrx_word' id='word_1_641' title='bbox 2861 4063 3045 4129; x_wconf 87' lang='lat' dir='ltr'><strong>habes,</strong></span> <span class='ocrx_word' id='word_1_642' title='bbox 3081 4073 3136 4119; x_wconf 91' lang='lat' dir='ltr'><strong>et</strong></span> <span class='ocrx_word' id='word_1_643' title='bbox 3161 4064 3224 4119; x_wconf 88' lang='lat' dir='ltr'><strong>da</strong></span> <span class='ocrx_word' id='word_1_644' title='bbox 3258 4064 3602 4133; x_wconf 87' lang='lat' dir='ltr'><strong>pauperibus,</strong></span> <span class='ocrx_word' id='word_1_645' title='bbox 3646 4073 3705 4119; x_wconf 89' lang='lat' dir='ltr'><strong>et</strong></span> <span class='ocrx_word' id='word_1_646' title='bbox 3729 4064 3889 4118; x_wconf 66' lang='lat' dir='ltr'><strong>habe«</strong></span> 
     </span>
    </p>
   </div>
   <div class='ocr_carea' id='block_1_85' title="bbox 2299 4156 3876 4225">
    <p class='ocr_par' dir='ltr' id='par_1_85' title="bbox 2299 4156 3876 4225">
     <span class='ocr_line' id='line_1_85' title="bbox 2299 4156 3876 4225; baseline -0.003 -11"><span class='ocrx_word' id='word_1_647' title='bbox 2299 4158 2381 4214; x_wconf 88' lang='lat' dir='ltr'><strong>bis</strong></span> <span class='ocrx_word' id='word_1_648' title='bbox 2421 4158 2735 4212; x_wconf 86' lang='lat' dir='ltr'><strong>thesaurum</strong></span> <span class='ocrx_word' id='word_1_649' title='bbox 2770 4158 2822 4211; x_wconf 91' lang='lat' dir='ltr'><strong>in</strong></span> <span class='ocrx_word' id='word_1_650' title='bbox 2853 4158 3014 4224; x_wconf 58' lang='lat' dir='ltr'><strong>caelo,</strong></span> <span class='ocrx_word' id='word_1_651' title='bbox 3064 4166 3117 4212; x_wconf 90' lang='lat' dir='ltr'><strong>et</strong></span> <span class='ocrx_word' id='word_1_652' title='bbox 3141 4157 3287 4225; x_wconf 83' lang='lat' dir='ltr'><strong>veni,</strong></span> <span class='ocrx_word' id='word_1_653' title='bbox 3323 4171 3403 4220; x_wconf 90' lang='lat' dir='ltr'><strong>ac,</strong></span> <span class='ocrx_word' id='word_1_654' title='bbox 3435 4156 3646 4211; x_wconf 87' lang='lat' dir='ltr'><strong>sublata</strong></span> <span class='ocrx_word' id='word_1_655' title='bbox 3694 4171 3876 4223; x_wconf 87' lang='lat' dir='ltr'><strong>cruce,</strong></span> 
     </span>
    </p>
   </div>
   <div class='ocr_carea' id='block_1_86' title="bbox 2299 4248 3890 4319">
    <p class='ocr_par' dir='ltr' id='par_1_86' title="bbox 2299 4248 3890 4319">
     <span class='ocr_line' id='line_1_86' title="bbox 2299 4248 3890 4319; baseline -0.001 -13"><span class='ocrx_word' id='word_1_656' title='bbox 2299 4265 2387 4307; x_wconf 92' lang='lat' dir='ltr'><strong>me</strong></span> <span class='ocrx_word' id='word_1_657' title='bbox 2412 4265 2660 4319; x_wconf 79' lang='lat' dir='ltr'><strong>sequere.</strong></span> <span class='ocrx_word' id='word_1_658' title='bbox 2696 4249 2902 4315; x_wconf 85' lang='lat' dir='ltr'><strong>Atille,</strong></span> <span class='ocrx_word' id='word_1_659' title='bbox 2955 4249 3040 4305; x_wconf 79' lang='lat' dir='ltr'><strong>his</strong></span> <span class='ocrx_word' id='word_1_660' title='bbox 3089 4249 3307 4313; x_wconf 88' lang='lat' dir='ltr'><strong>auditis,</strong></span> <span class='ocrx_word' id='word_1_661' title='bbox 3353 4248 3609 4305; x_wconf 61' lang='lat' dir='ltr'><strong>maestitia</strong></span> <span class='ocrx_word' id='word_1_662' title='bbox 3660 4248 3890 4305; x_wconf 75' lang='lat' dir='ltr'><strong>affectus</strong></span> 
     </span>
    </p>
   </div>
   <div class='ocr_carea' id='block_1_87' title="bbox 2299 4341 3893 4410">
    <p class='ocr_par' dir='ltr' id='par_1_87' title="bbox 2299 4341 3893 4410">
     <span class='ocr_line' id='line_1_87' title="bbox 2299 4341 3893 4410; baseline -0.004 -8"><span class='ocrx_word' id='word_1_663' title='bbox 2299 4352 2406 4402; x_wconf 87' lang='lat' dir='ltr'><strong>est.</strong></span> <span class='ocrx_word' id='word_1_664' title='bbox 2460 4345 2592 4399; x_wconf 85' lang='lat' dir='ltr'><strong>Erat</strong></span> <span class='ocrx_word' id='word_1_665' title='bbox 2617 4344 2761 4399; x_wconf 91' lang='lat' dir='ltr'><strong>enim</strong></span> <span class='ocrx_word' id='word_1_666' title='bbox 2809 4343 3102 4399; x_wconf 86' lang='lat' dir='ltr'><strong>admodum</strong></span> <span class='ocrx_word' id='word_1_667' title='bbox 3149 4342 3323 4398; x_wconf 85' lang='lat' dir='ltr'><strong>dives.</strong></span> <span class='ocrx_word' id='word_1_668' title='bbox 3355 4342 3487 4397; x_wconf 89' lang='lat' dir='ltr'><strong>Cum</strong></span> <span class='ocrx_word' id='word_1_669' title='bbox 3531 4341 3697 4410; x_wconf 85' lang='lat' dir='ltr'><strong>igitur</strong></span> <span class='ocrx_word' id='word_1_670' title='bbox 3741 4342 3893 4398; x_wconf 84' lang='lat' dir='ltr'><strong>.lesus</strong></span> 
     </span>
    </p>
   </div>
   <div class='ocr_carea' id='block_1_88' title="bbox 2299 4433 3893 4502">
    <p class='ocr_par' dir='ltr' id='par_1_88' title="bbox 2299 4433 3893 4502">
     <span class='ocr_line' id='line_1_88' title="bbox 2299 4433 3893 4502; baseline -0.003 -7"><span class='ocrx_word' id='word_1_671' title='bbox 2299 4453 2423 4496; x_wconf 86' lang='lat' dir='ltr'><strong>eum</strong></span> <span class='ocrx_word' id='word_1_672' title='bbox 2457 4452 2691 4493; x_wconf 66' lang='lat' dir='ltr'><strong>maerore</strong></span> <span class='ocrx_word' id='word_1_673' title='bbox 2720 4435 2969 4491; x_wconf 87' lang='lat' dir='ltr'><strong>affectum</strong></span> <span class='ocrx_word' id='word_1_674' title='bbox 3000 4434 3243 4500; x_wconf 81' lang='lat' dir='ltr'><strong>vidisset,</strong></span> <span class='ocrx_word' id='word_1_675' title='bbox 3272 4434 3409 4491; x_wconf 89' lang='lat' dir='ltr'><strong>dixit</strong></span> <span class='ocrx_word' id='word_1_676' title='bbox 3432 4452 3447 4491; x_wconf 72' lang='grc' dir='ltr'><strong>ε</strong></span> <span class='ocrx_word' id='word_1_677' title='bbox 3470 4433 3643 4502; x_wconf 83' lang='lat' dir='ltr'><strong>Quam</strong></span> <span class='ocrx_word' id='word_1_678' title='bbox 3673 4433 3893 4490; x_wconf 79' lang='lat' dir='ltr'><strong>difﬁcile</strong></span> 
     </span>
    </p>
   </div>
   <div class='ocr_carea' id='block_1_89' title="bbox 2299 4526 3893 4603">
    <p class='ocr_par' dir='ltr' id='par_1_89' title="bbox 2299 4526 3893 4603">
     <span class='ocr_line' id='line_1_89' title="bbox 2299 4526 3893 4603; baseline -0.004 -15"><span class='ocrx_word' id='word_1_679' title='bbox 2299 4532 2336 4588; x_wconf 89' lang='lat' dir='ltr'><strong>ii</strong></span> <span class='ocrx_word' id='word_1_680' title='bbox 2367 4532 2455 4603; x_wconf 92' lang='lat' dir='ltr'><strong>qui</strong></span> <span class='ocrx_word' id='word_1_681' title='bbox 2477 4530 2737 4602; x_wconf 86' lang='lat' dir='ltr'><strong>pecunias</strong></span> <span class='ocrx_word' id='word_1_682' title='bbox 2769 4529 2966 4585; x_wconf 87' lang='lat' dir='ltr'><strong>habent</strong></span> <span class='ocrx_word' id='word_1_683' title='bbox 3010 4526 3289 4583; x_wconf 88' lang='lat' dir='ltr'><strong>intrabunt</strong></span> <span class='ocrx_word' id='word_1_684' title='bbox 3317 4527 3372 4582; x_wconf 87' lang='lat' dir='ltr'><strong>in</strong></span> <span class='ocrx_word' id='word_1_685' title='bbox 3403 4542 3627 4596; x_wconf 81' lang='lat' dir='ltr'><strong>regnum</strong></span> <span class='ocrx_word' id='word_1_686' title='bbox 3655 4526 3791 4590; x_wconf 86' lang='lat' dir='ltr'><strong>Dei;</strong></span> <span class='ocrx_word' id='word_1_687' title='bbox 3822 4528 3893 4581; x_wconf 82' lang='lat' dir='ltr'><strong>fa-</strong></span> 
     </span>
    </p>
   </div>
   <div class='ocr_carea' id='block_1_90' title="bbox 2299 4618 3892 4688">
    <p class='ocr_par' dir='ltr' id='par_1_90' title="bbox 2299 4618 3892 4688">
     <span class='ocr_line' id='line_1_90' title="bbox 2299 4618 3892 4688; baseline -0.001 -10"><span class='ocrx_word' id='word_1_688' title='bbox 2299 4624 2457 4680; x_wconf 87' lang='lat' dir='ltr'><strong>cilius</strong></span> <span class='ocrx_word' id='word_1_689' title='bbox 2485 4623 2632 4678; x_wconf 91' lang='lat' dir='ltr'><strong>enim</strong></span> <span class='ocrx_word' id='word_1_690' title='bbox 2665 4628 2748 4675; x_wconf 90' lang='lat' dir='ltr'><strong>est</strong></span> <span class='ocrx_word' id='word_1_691' title='bbox 2774 4619 3043 4675; x_wconf 89' lang='lat' dir='ltr'><strong>camelum</strong></span> <span class='ocrx_word' id='word_1_692' title='bbox 3067 4633 3161 4688; x_wconf 88' lang='lat' dir='ltr'><strong>per</strong></span> <span class='ocrx_word' id='word_1_693' title='bbox 3188 4618 3427 4674; x_wconf 89' lang='lat' dir='ltr'><strong>foramen</strong></span> <span class='ocrx_word' id='word_1_694' title='bbox 3458 4632 3587 4673; x_wconf 89' lang='lat' dir='ltr'><strong>acus</strong></span> <span class='ocrx_word' id='word_1_695' title='bbox 3640 4621 3892 4677; x_wconf 84' lang='lat' dir='ltr'><strong>transire.</strong></span> 
     </span>
    </p>
   </div>
   <div class='ocr_carea' id='block_1_91' title="bbox 604 4707 3890 4788">
    <p class='ocr_par' dir='ltr' id='par_1_91' title="bbox 604 4707 3890 4788">
     <span class='ocr_line' id='line_1_91' title="bbox 604 4707 3890 4788; baseline -0.001 -20"><span class='ocrx_word' id='word_1_696' title='bbox 604 4720 749 4768; x_wconf 89' lang='lat' dir='ltr'><strong>ctum</strong></span> <span class='ocrx_word' id='word_1_697' title='bbox 780 4713 849 4765; x_wconf 90' lang='lat' dir='ltr'><strong>ab</strong></span> <span class='ocrx_word' id='word_1_698' title='bbox 892 4710 1034 4765; x_wconf 91' lang='lat' dir='ltr'><strong>omni</strong></span> <span class='ocrx_word' id='word_1_699' title='bbox 1088 4708 1227 4764; x_wconf 87' lang='lat' dir='ltr'><strong>furto</strong></span> <span class='ocrx_word' id='word_1_700' title='bbox 1257 4718 1306 4765; x_wconf 92' lang='lat' dir='ltr'><strong>et</strong></span> <span class='ocrx_word' id='word_1_701' title='bbox 1344 4709 1561 4764; x_wconf 89' lang='lat' dir='ltr'><strong>interitu</strong></span> <span class='ocrx_word' id='word_1_702' title='bbox 1591 4708 1828 4763; x_wconf 89' lang='lat' dir='ltr'><strong>alienum</strong></span> <span class='ocrx_word' id='word_1_703' title='bbox 1873 4707 2188 4772; x_wconf 87' lang='lat' dir='ltr'><strong>nancisear;</strong></span> <span class='ocrx_word' id='word_1_704' title='bbox 2224 4720 2277 4781; x_wconf 74' lang='grc' dir='ltr'><strong>υ</strong></span> <span class='ocrx_word' id='word_1_705' title='bbox 2301 4732 2463 4788; x_wconf 72' lang='lat' dir='ltr'><strong>quam</strong></span> <span class='ocrx_word' id='word_1_706' title='bbox 2495 4714 2715 4771; x_wconf 78' lang='lat' dir='ltr'><strong>divitem</strong></span> <span class='ocrx_word' id='word_1_707' title='bbox 2745 4713 2952 4768; x_wconf 84' lang='lat' dir='ltr'><strong>intrare</strong></span> <span class='ocrx_word' id='word_1_708' title='bbox 2980 4713 3034 4767; x_wconf 87' lang='lat' dir='ltr'><strong>in</strong></span> <span class='ocrx_word' id='word_1_709' title='bbox 3066 4727 3288 4780; x_wconf 80' lang='lat' dir='ltr'><strong>regnum</strong></span> <span class='ocrx_word' id='word_1_710' title='bbox 3320 4711 3416 4769; x_wconf 88' lang='lat' dir='ltr'><strong>Dei</strong></span> <span class='ocrx_word' id='word_1_711' title='bbox 3441 4711 3635 4783; x_wconf 81' lang='lat' dir='ltr'><strong>(Marc.</strong></span> <span class='ocrx_word' id='word_1_712' title='bbox 3668 4726 3741 4777; x_wconf 90' lang='lat' dir='ltr'><strong>x;</strong></span> <span class='ocrx_word' id='word_1_713' title='bbox 3771 4710 3890 4764; x_wconf 71' lang='lat' dir='ltr'><strong>Luc.</strong></span> 
     </span>
    </p>
   </div>
   <div class='ocr_carea' id='block_1_92' title="bbox 604 4804 2194 4878">
    <p class='ocr_par' dir='ltr' id='par_1_92' title="bbox 604 4804 2194 4878">
     <span class='ocr_line' id='line_1_92' title="bbox 604 4804 2194 4878; baseline -0.001 -19"><span class='ocrx_word' id='word_1_714' title='bbox 604 4819 946 4878; x_wconf 91' lang='lat' dir='ltr'><strong>quonamque</strong></span> <span class='ocrx_word' id='word_1_715' title='bbox 996 4804 1119 4860; x_wconf 89' lang='lat' dir='ltr'><strong>item</strong></span> <span class='ocrx_word' id='word_1_716' title='bbox 1170 4812 1326 4874; x_wconf 87' lang='lat' dir='ltr'><strong>pacto</strong></span> <span class='ocrx_word' id='word_1_717' title='bbox 1400 4818 1579 4859; x_wconf 88' lang='lat' dir='ltr'><strong>meum</strong></span> <span class='ocrx_word' id='word_1_718' title='bbox 1652 4804 1705 4858; x_wconf 91' lang='lat' dir='ltr'><strong>in</strong></span> <span class='ocrx_word' id='word_1_719' title='bbox 1763 4817 1846 4857; x_wconf 91' lang='lat' dir='ltr'><strong>res</strong></span> <span class='ocrx_word' id='word_1_720' title='bbox 1899 4811 2194 4871; x_wconf 64' lang='lat' dir='ltr'><strong>praesentes</strong></span> 
     </span>
    </p>
   </div>
   <div class='ocr_carea' id='block_1_93' title="bbox 604 4898 2194 4970">
    <p class='ocr_par' dir='ltr' id='par_1_93' title="bbox 604 4898 2194 4970">
     <span class='ocr_line' id='line_1_93' title="bbox 604 4898 2194 4970; baseline -0.003 -12"><span class='ocrx_word' id='word_1_721' title='bbox 604 4902 787 4958; x_wconf 89' lang='lat' dir='ltr'><strong>odium</strong></span> <span class='ocrx_word' id='word_1_722' title='bbox 835 4900 1238 4965; x_wconf 87' lang='lat' dir='ltr'><strong>demonstrare,</strong></span> <span class='ocrx_word' id='word_1_723' title='bbox 1290 4912 1485 4970; x_wconf 77' lang='lat' dir='ltr'><strong>reSque</strong></span> <span class='ocrx_word' id='word_1_724' title='bbox 1530 4900 1887 4970; x_wconf 89' lang='lat' dir='ltr'><strong>sempiternas</strong></span> <span class='ocrx_word' id='word_1_725' title='bbox 1931 4898 2194 4970; x_wconf 90' lang='lat' dir='ltr'><strong>consequi</strong></span> 
     </span>
    </p>
   </div>
   <div class='ocr_carea' id='block_1_94' title="bbox 600 4992 2191 5066">
    <p class='ocr_par' dir='ltr' id='par_1_94' title="bbox 600 4992 2191 5066">
     <span class='ocr_line' id='line_1_94' title="bbox 600 4992 2191 5066; baseline -0.003 -15"><span class='ocrx_word' id='word_1_726' title='bbox 600 4994 824 5066; x_wconf 88' lang='lat' dir='ltr'><strong>possim,</strong></span> <span class='ocrx_word' id='word_1_727' title='bbox 856 5006 1041 5064; x_wconf 91' lang='lat' dir='ltr'><strong>aperte</strong></span> <span class='ocrx_word' id='word_1_728' title='bbox 1072 4994 1202 5048; x_wconf 87' lang='lat' dir='ltr'><strong>mihi</strong></span> <span class='ocrx_word' id='word_1_729' title='bbox 1238 4994 1400 5049; x_wconf 85' lang='lat' dir='ltr'><strong>velim</strong></span> <span class='ocrx_word' id='word_1_730' title='bbox 1427 4993 1685 5064; x_wconf 82' lang='lat' dir='ltr'><strong>explices.</strong></span> <span class='ocrx_word' id='word_1_731' title='bbox 1719 4994 1811 5048; x_wconf 81' lang='lat' dir='ltr'><strong>Ait</strong></span> <span class='ocrx_word' id='word_1_732' title='bbox 1858 4992 2023 5063; x_wconf 84' lang='lat' dir='ltr'><strong>igitur</strong></span> <span class='ocrx_word' id='word_1_733' title='bbox 2057 4994 2191 5047; x_wconf 85' lang='lat' dir='ltr'><strong>Bar-</strong></span> 
     </span>
    </p>
   </div>
   <div class='ocr_carea' id='block_1_95' title="bbox 602 5089 2196 5161">
    <p class='ocr_par' dir='ltr' id='par_1_95' title="bbox 602 5089 2196 5161">
     <span class='ocr_line' id='line_1_95' title="bbox 602 5089 2196 5161; baseline 0 -16"><span class='ocrx_word' id='word_1_734' title='bbox 602 5092 739 5146; x_wconf 89' lang='lat' dir='ltr'><strong>laam</strong></span> <span class='ocrx_word' id='word_1_735' title='bbox 768 5106 781 5145; x_wconf 90' lang='lat'><strong>:</strong></span> <span class='ocrx_word' id='word_1_736' title='bbox 807 5089 1019 5145; x_wconf 64' lang='lat' dir='ltr'><strong>Divitiae</strong></span> <span class='ocrx_word' id='word_1_737' title='bbox 1050 5090 1115 5143; x_wconf 89' lang='lat' dir='ltr'><strong>ad</strong></span> <span class='ocrx_word' id='word_1_738' title='bbox 1149 5089 1532 5160; x_wconf 89' lang='lat' dir='ltr'><strong>sempiternam</strong></span> <span class='ocrx_word' id='word_1_739' title='bbox 1563 5089 1835 5161; x_wconf 83' lang='lat' dir='ltr'><strong>regionem</strong></span> <span class='ocrx_word' id='word_1_740' title='bbox 1867 5104 1963 5158; x_wconf 90' lang='lat' dir='ltr'><strong>per</strong></span> <span class='ocrx_word' id='word_1_741' title='bbox 1996 5104 2196 5159; x_wconf 88' lang='lat' dir='ltr'><strong>paupe-</strong></span> 
     </span>
    </p>
   </div>
   <div class='ocr_carea' id='block_1_96' title="bbox 601 5172 2197 5253">
    <p class='ocr_par' dir='ltr' id='par_1_96' title="bbox 601 5172 2197 5253">
     <span class='ocr_line' id='line_1_96' title="bbox 601 5172 2197 5253; baseline -0.002 -14"><span class='ocrx_word' id='word_1_742' title='bbox 601 5199 721 5239; x_wconf 86' lang='lat' dir='ltr'><strong>rum</strong></span> <span class='ocrx_word' id='word_1_743' title='bbox 751 5197 944 5238; x_wconf 88' lang='lat' dir='ltr'><strong>mauus</strong></span> <span class='ocrx_word' id='word_1_744' title='bbox 974 5182 1398 5253; x_wconf 71' lang='lat' dir='ltr'><strong>praemittuntur.</strong></span> <span class='ocrx_word' id='word_1_745' title='bbox 1433 5182 1519 5236; x_wconf 80' lang='lat' dir='ltr'><strong>Ait</strong></span> <span class='ocrx_word' id='word_1_746' title='bbox 1549 5182 1692 5236; x_wconf 89' lang='lat' dir='ltr'><strong>enim</strong></span> <span class='ocrx_word' id='word_1_747' title='bbox 1724 5172 2197 5252; x_wconf 55' lang='lat' dir='ltr'><strong>quidam&#39;sapien-</strong></span> 
     </span>
    </p>
   </div>
   <div class='ocr_carea' id='block_1_97' title="bbox 600 5276 2197 5349">
    <p class='ocr_par' dir='ltr' id='par_1_97' title="bbox 600 5276 2197 5349">
     <span class='ocr_line' id='line_1_97' title="bbox 600 5276 2197 5349; baseline -0.003 -13"><span class='ocrx_word' id='word_1_748' title='bbox 600 5277 840 5336; x_wconf 87' lang='lat' dir='ltr'><strong>tissimus</strong></span> <span class='ocrx_word' id='word_1_749' title='bbox 872 5276 1154 5347; x_wconf 87' lang='lat' dir='ltr'><strong>propheta,</strong></span> <span class='ocrx_word' id='word_1_750' title='bbox 1187 5276 1373 5332; x_wconf 88' lang='lat' dir='ltr'><strong>Daniel</strong></span> <span class='ocrx_word' id='word_1_751' title='bbox 1406 5276 1624 5332; x_wconf 91' lang='lat' dir='ltr'><strong>nomine</strong></span> <span class='ocrx_word' id='word_1_752' title='bbox 1644 5318 1659 5341; x_wconf 92' lang='lat'><strong>,</strong></span> <span class='ocrx_word' id='word_1_753' title='bbox 1692 5276 1758 5329; x_wconf 89' lang='lat' dir='ltr'><strong>ad</strong></span> <span class='ocrx_word' id='word_1_754' title='bbox 1791 5291 1971 5344; x_wconf 89' lang='lat' dir='ltr'><strong>regem</strong></span> <span class='ocrx_word' id='word_1_755' title='bbox 2021 5276 2197 5349; x_wconf 87' lang='lat' dir='ltr'><strong>Baby-</strong></span> 
     </span>
    </p>
   </div>
   <div class='ocr_carea' id='block_1_98' title="bbox 599 5368 2197 5442">
    <p class='ocr_par' dir='ltr' id='par_1_98' title="bbox 599 5368 2197 5442">
     <span class='ocr_line' id='line_1_98' title="bbox 599 5368 2197 5442; baseline -0.001 -16"><span class='ocrx_word' id='word_1_756' title='bbox 599 5372 742 5427; x_wconf 91' lang='lat' dir='ltr'><strong>lonis</strong></span> <span class='ocrx_word' id='word_1_757' title='bbox 774 5389 789 5427; x_wconf 87' lang='lat'><strong>:</strong></span> <span class='ocrx_word' id='word_1_758' title='bbox 821 5371 1047 5442; x_wconf 89' lang='lat' dir='ltr'><strong>Propter</strong></span> <span class='ocrx_word' id='word_1_759' title='bbox 1080 5370 1203 5438; x_wconf 84' lang='lat' dir='ltr'><strong>hoc,</strong></span> <span class='ocrx_word' id='word_1_760' title='bbox 1260 5386 1378 5435; x_wconf 88' lang='lat' dir='ltr'><strong>rex,</strong></span> <span class='ocrx_word' id='word_1_761' title='bbox 1410 5368 1696 5424; x_wconf 88' lang='lat' dir='ltr'><strong>c0nsilium</strong></span> <span class='ocrx_word' id='word_1_762' title='bbox 1738 5383 1920 5423; x_wconf 91' lang='lat' dir='ltr'><strong>meum</strong></span> <span class='ocrx_word' id='word_1_763' title='bbox 1953 5369 2048 5424; x_wconf 91' lang='lat' dir='ltr'><strong>tibi</strong></span> <span class='ocrx_word' id='word_1_764' title='bbox 2083 5370 2197 5438; x_wconf 88' lang='lat' dir='ltr'><strong>pla-</strong></span> 
     </span>
    </p>
   </div>
   <div class='ocr_carea' id='block_1_99' title="bbox 603 5460 2197 5534">
    <p class='ocr_par' dir='ltr' id='par_1_99' title="bbox 603 5460 2197 5534">
     <span class='ocr_line' id='line_1_99' title="bbox 603 5460 2197 5534; baseline 0 -17"><span class='ocrx_word' id='word_1_765' title='bbox 603 5472 739 5525; x_wconf 75' lang='lat' dir='ltr'><strong>ceat,</strong></span> <span class='ocrx_word' id='word_1_766' title='bbox 776 5472 829 5516; x_wconf 90' lang='lat' dir='ltr'><strong>et</strong></span> <span class='ocrx_word' id='word_1_767' title='bbox 858 5472 1076 5532; x_wconf 87' lang='lat' dir='ltr'><strong>peccata</strong></span> <span class='ocrx_word' id='word_1_768' title='bbox 1117 5472 1203 5518; x_wconf 91' lang='lat' dir='ltr'><strong>tua</strong></span> <span class='ocrx_word' id='word_1_769' title='bbox 1253 5461 1611 5534; x_wconf 86' lang='lat' dir='ltr'><strong>eleemosynis</strong></span> <span class='ocrx_word' id='word_1_770' title='bbox 1642 5460 1871 5526; x_wconf 86' lang='lat' dir='ltr'><strong>redime,</strong></span> <span class='ocrx_word' id='word_1_771' title='bbox 1918 5469 2083 5532; x_wconf 82' lang='lat' dir='ltr'><strong>atque</strong></span> <span class='ocrx_word' id='word_1_772' title='bbox 2112 5461 2197 5516; x_wconf 91' lang='lat' dir='ltr'><strong>in-</strong></span> 
     </span>
    </p>
   </div>
   <div class='ocr_carea' id='block_1_100' title="bbox 597 5552 2193 5626">
    <p class='ocr_par' dir='ltr' id='par_1_100' title="bbox 597 5552 2193 5626">
     <span class='ocr_line' id='line_1_100' title="bbox 597 5552 2193 5626; baseline 0.001 -17"><span class='ocrx_word' id='word_1_773' title='bbox 597 5554 841 5626; x_wconf 89' lang='lat' dir='ltr'><strong>justitias</strong></span> <span class='ocrx_word' id='word_1_774' title='bbox 861 5565 977 5612; x_wconf 87' lang='lat' dir='ltr'><strong>tuas</strong></span> <span class='ocrx_word' id='word_1_775' title='bbox 994 5557 1045 5611; x_wconf 93' lang='lat' dir='ltr'><strong>in</strong></span> <span class='ocrx_word' id='word_1_776' title='bbox 1060 5555 1500 5612; x_wconf 83' lang='lat' dir='ltr'><strong>miserationibus</strong></span> <span class='ocrx_word' id='word_1_777' title='bbox 1524 5567 1814 5623; x_wconf 83' lang='lat' dir='ltr'><strong>pauperum</strong></span> <span class='ocrx_word' id='word_1_778' title='bbox 1839 5552 2075 5623; x_wconf 81' lang='lat' dir='ltr'><strong>(Daniel.</strong></span> <span class='ocrx_word' id='word_1_779' title='bbox 2097 5554 2193 5626; x_wconf 83' lang='lat' dir='ltr'><strong>tv).</strong></span> 
     </span>
    </p>
   </div>
   <div class='ocr_carea' id='block_1_101' title="bbox 606 5646 2195 5715">
    <p class='ocr_par' dir='ltr' id='par_1_101' title="bbox 606 5646 2195 5715">
     <span class='ocr_line' id='line_1_101' title="bbox 606 5646 2195 5715; baseline 0.001 -11"><span class='ocrx_word' id='word_1_780' title='bbox 606 5646 746 5715; x_wconf 84' lang='lat' dir='ltr'><strong>Quin</strong></span> <span class='ocrx_word' id='word_1_781' title='bbox 777 5650 938 5705; x_wconf 89' lang='lat' dir='ltr'><strong>etiam</strong></span> <span class='ocrx_word' id='word_1_782' title='bbox 967 5650 1219 5705; x_wconf 87' lang='lat' dir='ltr'><strong>Salvator</strong></span> <span class='ocrx_word' id='word_1_783' title='bbox 1250 5648 1331 5704; x_wconf 88' lang='lat' dir='ltr'><strong>his</strong></span> <span class='ocrx_word' id='word_1_784' title='bbox 1378 5646 1560 5703; x_wconf 79' lang='lat' dir='ltr'><strong>verbis</strong></span> <span class='ocrx_word' id='word_1_785' title='bbox 1587 5647 1753 5702; x_wconf 89' lang='lat' dir='ltr'><strong>utitur</strong></span> <span class='ocrx_word' id='word_1_786' title='bbox 1783 5665 1795 5701; x_wconf 90' lang='lat'><strong>:</strong></span> <span class='ocrx_word' id='word_1_787' title='bbox 1822 5646 1999 5704; x_wconf 79' lang='lat' dir='ltr'><strong>Facite</strong></span> <span class='ocrx_word' id='word_1_788' title='bbox 2040 5648 2195 5705; x_wconf 86' lang='lat' dir='ltr'><strong>vobis</strong></span> 
     </span>
    </p>
   </div>
   <div class='ocr_carea' id='block_1_102' title="bbox 604 5742 2190 5815">
    <p class='ocr_par' dir='ltr' id='par_1_102' title="bbox 604 5742 2190 5815">
     <span class='ocr_line' id='line_1_102' title="bbox 604 5742 2190 5815; baseline -0.001 -15"><span class='ocrx_word' id='word_1_789' title='bbox 604 5742 812 5800; x_wconf 71' lang='lat' dir='ltr'><strong>amicos</strong></span> <span class='ocrx_word' id='word_1_790' title='bbox 844 5744 913 5801; x_wconf 87' lang='lat' dir='ltr'><strong>de</strong></span> <span class='ocrx_word' id='word_1_791' title='bbox 943 5756 1249 5799; x_wconf 84' lang='lat' dir='ltr'><strong>mammona</strong></span> <span class='ocrx_word' id='word_1_792' title='bbox 1277 5742 1593 5815; x_wconf 90' lang='lat' dir='ltr'><strong>iniquitatis,</strong></span> <span class='ocrx_word' id='word_1_793' title='bbox 1627 5751 1685 5798; x_wconf 92' lang='lat' dir='ltr'><strong>ut</strong></span> <span class='ocrx_word' id='word_1_794' title='bbox 1715 5758 1834 5799; x_wconf 90' lang='lat' dir='ltr'><strong>cum</strong></span> <span class='ocrx_word' id='word_1_795' title='bbox 1862 5743 2190 5805; x_wconf 75' lang='lat' dir='ltr'><strong>defeceritis.</strong></span> 
     </span>
    </p>
   </div>
   <div class='ocr_carea' id='block_1_103' title="bbox 604 5835 2188 5907">
    <p class='ocr_par' dir='ltr' id='par_1_103' title="bbox 604 5835 2188 5907">
     <span class='ocr_line' id='line_1_103' title="bbox 604 5835 2188 5907; baseline 0.002 -18"><span class='ocrx_word' id='word_1_796' title='bbox 604 5838 871 5907; x_wconf 68' lang='lat' dir='ltr'><strong>recipiant</strong></span> <span class='ocrx_word' id='word_1_797' title='bbox 921 5837 1072 5892; x_wconf 88' lang='lat' dir='ltr'><strong>vobis</strong></span> <span class='ocrx_word' id='word_1_798' title='bbox 1122 5837 1175 5891; x_wconf 95' lang='lat' dir='ltr'><strong>in</strong></span> <span class='ocrx_word' id='word_1_799' title='bbox 1227 5846 1425 5895; x_wconf 64' lang='lat' dir='ltr'><strong>aeterna</strong></span> <span class='ocrx_word' id='word_1_800' title='bbox 1460 5838 1803 5893; x_wconf 85' lang='lat' dir='ltr'><strong>tabernacula</strong></span> <span class='ocrx_word' id='word_1_801' title='bbox 1846 5835 2008 5905; x_wconf 86' lang='lat' dir='ltr'><strong>(Luc.</strong></span> <span class='ocrx_word' id='word_1_802' title='bbox 2044 5838 2188 5905; x_wconf 85' lang='lat' dir='ltr'><strong>xv1).</strong></span> 
     </span>
    </p>
   </div>
   <div class='ocr_carea' id='block_1_104' title="bbox 602 5930 2193 6003">
    <p class='ocr_par' dir='ltr' id='par_1_104' title="bbox 602 5930 2193 6003">
     <span class='ocr_line' id='line_1_104' title="bbox 602 5930 2193 6003; baseline -0.002 -12"><span class='ocrx_word' id='word_1_803' title='bbox 602 5932 877 6001; x_wconf 73' lang='lat' dir='ltr'><strong>Multaque</strong></span> <span class='ocrx_word' id='word_1_804' title='bbox 906 5931 976 5991; x_wconf 90' lang='lat' dir='ltr'><strong>de</strong></span> <span class='ocrx_word' id='word_1_805' title='bbox 1002 5930 1348 6002; x_wconf 80' lang='lat' dir='ltr'><strong>eleemosyna</strong></span> <span class='ocrx_word' id='word_1_806' title='bbox 1378 5941 1433 5988; x_wconf 91' lang='lat' dir='ltr'><strong>et</strong></span> <span class='ocrx_word' id='word_1_807' title='bbox 1464 5931 1746 6001; x_wconf 88' lang='lat' dir='ltr'><strong>largitione</strong></span> <span class='ocrx_word' id='word_1_808' title='bbox 1776 5946 1900 6001; x_wconf 87' lang='lat' dir='ltr'><strong>erga</strong></span> <span class='ocrx_word' id='word_1_809' title='bbox 1931 5945 2193 6003; x_wconf 89' lang='lat' dir='ltr'><strong>pauperes</strong></span> 
     </span>
    </p>
   </div>
   <div class='ocr_carea' id='block_1_105' title="bbox 2301 4803 3893 4879">
    <p class='ocr_par' dir='ltr' id='par_1_105' title="bbox 2301 4803 3893 4879">
     <span class='ocr_line' id='line_1_105' title="bbox 2301 4803 3893 4879; baseline -0.006 -12"><span class='ocrx_word' id='word_1_810' title='bbox 2301 4811 2484 4877; x_wconf 82' lang='lat' dir='ltr'><strong>xvtn).</strong></span> <span class='ocrx_word' id='word_1_811' title='bbox 2515 4809 2627 4863; x_wconf 84' lang='lat' dir='ltr'><strong>Hoc</strong></span> <span class='ocrx_word' id='word_1_812' title='bbox 2652 4808 2815 4879; x_wconf 89' lang='lat' dir='ltr'><strong>igitur</strong></span> <span class='ocrx_word' id='word_1_813' title='bbox 2841 4807 3097 4862; x_wconf 85' lang='lat' dir='ltr'><strong>mandato</strong></span> <span class='ocrx_word' id='word_1_814' title='bbox 3131 4804 3336 4869; x_wconf 90' lang='lat' dir='ltr'><strong>audito,</strong></span> <span class='ocrx_word' id='word_1_815' title='bbox 3390 4803 3563 4859; x_wconf 87' lang='lat' dir='ltr'><strong>sancti</strong></span> <span class='ocrx_word' id='word_1_816' title='bbox 3615 4820 3812 4861; x_wconf 80' lang='lat' dir='ltr'><strong>omnes</strong></span> <span class='ocrx_word' id='word_1_817' title='bbox 3842 4804 3893 4858; x_wconf 89' lang='lat' dir='ltr'><strong>id</strong></span> 
     </span>
    </p>
   </div>
   <div class='ocr_carea' id='block_1_106' title="bbox 2300 4896 3894 4969">
    <p class='ocr_par' dir='ltr' id='par_1_106' title="bbox 2300 4896 3894 4969">
     <span class='ocr_line' id='line_1_106' title="bbox 2300 4896 3894 4969; baseline -0.005 -9"><span class='ocrx_word' id='word_1_818' title='bbox 2300 4903 2645 4969; x_wconf 85' lang='lat' dir='ltr'><strong>studuerunt,</strong></span> <span class='ocrx_word' id='word_1_819' title='bbox 2677 4910 2731 4955; x_wconf 92' lang='lat' dir='ltr'><strong>ut</strong></span> <span class='ocrx_word' id='word_1_820' title='bbox 2765 4900 2831 4955; x_wconf 87' lang='lat' dir='ltr'><strong>ab</strong></span> <span class='ocrx_word' id='word_1_821' title='bbox 2878 4897 3185 4969; x_wconf 77' lang='lat' dir='ltr'><strong>huiusmodi</strong></span> <span class='ocrx_word' id='word_1_822' title='bbox 3228 4912 3390 4965; x_wconf 86' lang='lat' dir='ltr'><strong>opum</strong></span> <span class='ocrx_word' id='word_1_823' title='bbox 3431 4896 3751 4952; x_wconf 83' lang='lat' dir='ltr'><strong>difficultate</strong></span> <span class='ocrx_word' id='word_1_824' title='bbox 3779 4912 3894 4953; x_wconf 80' lang='lat' dir='ltr'><strong>sese</strong></span> 
     </span>
    </p>
   </div>
   <div class='ocr_carea' id='block_1_107' title="bbox 2302 4990 3893 5061">
    <p class='ocr_par' dir='ltr' id='par_1_107' title="bbox 2302 4990 3893 5061">
     <span class='ocr_line' id='line_1_107' title="bbox 2302 4990 3893 5061; baseline -0.006 -10"><span class='ocrx_word' id='word_1_825' title='bbox 2302 4994 2699 5059; x_wconf 82' lang='lat' dir='ltr'><strong>abstraherent,</strong></span> <span class='ocrx_word' id='word_1_826' title='bbox 2731 5005 2794 5045; x_wconf 89' lang='lat' dir='ltr'><strong>ac</strong></span> <span class='ocrx_word' id='word_1_827' title='bbox 2827 5005 2922 5061; x_wconf 89' lang='lat' dir='ltr'><strong>per</strong></span> <span class='ocrx_word' id='word_1_828' title='bbox 2952 4990 3292 5061; x_wconf 86' lang='lat' dir='ltr'><strong>largitionem</strong></span> <span class='ocrx_word' id='word_1_829' title='bbox 3318 5002 3448 5058; x_wconf 86' lang='lat' dir='ltr'><strong>erga</strong></span> <span class='ocrx_word' id='word_1_830' title='bbox 3479 5001 3772 5059; x_wconf 88' lang='lat' dir='ltr'><strong>pauperes,</strong></span> <span class='ocrx_word' id='word_1_831' title='bbox 3815 4990 3893 5043; x_wconf 86' lang='lat' dir='ltr'><strong>di-</strong></span> 
     </span>
    </p>
   </div>
   <div class='ocr_carea' id='block_1_108' title="bbox 2299 5082 3894 5160">
    <p class='ocr_par' dir='ltr' id='par_1_108' title="bbox 2299 5082 3894 5160">
     <span class='ocr_line' id='line_1_108' title="bbox 2299 5082 3894 5160; baseline -0.005 -15"><span class='ocrx_word' id='word_1_832' title='bbox 2299 5091 2504 5160; x_wconf 88' lang='lat' dir='ltr'><strong>spersis</strong></span> <span class='ocrx_word' id='word_1_833' title='bbox 2532 5086 2784 5143; x_wconf 89' lang='lat' dir='ltr'><strong>omnibus</strong></span> <span class='ocrx_word' id='word_1_834' title='bbox 2816 5083 3187 5149; x_wconf 84' lang='lat' dir='ltr'><strong>facultatibus,</strong></span> <span class='ocrx_word' id='word_1_835' title='bbox 3219 5083 3673 5154; x_wconf 88' lang='lat' dir='ltr'><strong>sempiternisque</strong></span> <span class='ocrx_word' id='word_1_836' title='bbox 3693 5082 3894 5138; x_wconf 82' lang='lat' dir='ltr'><strong>divitiis</strong></span> 
     </span>
    </p>
   </div>
   <div class='ocr_carea' id='block_1_109' title="bbox 2300 5175 3893 5255">
    <p class='ocr_par' dir='ltr' id='par_1_109' title="bbox 2300 5175 3893 5255">
     <span class='ocr_line' id='line_1_109' title="bbox 2300 5175 3893 5255; baseline -0.008 -12"><span class='ocrx_word' id='word_1_837' title='bbox 2300 5187 2403 5243; x_wconf 89' lang='lat' dir='ltr'><strong>sibi</strong></span> <span class='ocrx_word' id='word_1_838' title='bbox 2435 5184 2564 5255; x_wconf 88' lang='lat' dir='ltr'><strong>ipsis</strong></span> <span class='ocrx_word' id='word_1_839' title='bbox 2596 5180 2910 5245; x_wconf 90' lang='lat' dir='ltr'><strong>reconditis,</strong></span> <span class='ocrx_word' id='word_1_840' title='bbox 2958 5193 3173 5235; x_wconf 89' lang='lat' dir='ltr'><strong>crucem</strong></span> <span class='ocrx_word' id='word_1_841' title='bbox 3206 5178 3559 5241; x_wconf 87' lang='lat' dir='ltr'><strong>sustulerunt,</strong></span> <span class='ocrx_word' id='word_1_842' title='bbox 3590 5175 3893 5232; x_wconf 47' lang='lat' dir='ltr'><strong>Christum.</strong></span> 
     </span>
    </p>
   </div>
   <div class='ocr_carea' id='block_1_110' title="bbox 2301 5270 3891 5349">
    <p class='ocr_par' dir='ltr' id='par_1_110' title="bbox 2301 5270 3891 5349">
     <span class='ocr_line' id='line_1_110' title="bbox 2301 5270 3891 5349; baseline -0.006 -17"><span class='ocrx_word' id='word_1_843' title='bbox 2301 5292 2407 5349; x_wconf 89' lang='lat' dir='ltr'><strong>que</strong></span> <span class='ocrx_word' id='word_1_844' title='bbox 2435 5276 2604 5332; x_wconf 88' lang='lat' dir='ltr'><strong>secuti</strong></span> <span class='ocrx_word' id='word_1_845' title='bbox 2649 5283 2808 5338; x_wconf 87' lang='lat' dir='ltr'><strong>sunt;</strong></span> <span class='ocrx_word' id='word_1_846' title='bbox 2840 5272 2917 5328; x_wconf 92' lang='lat' dir='ltr'><strong>sic</strong></span> <span class='ocrx_word' id='word_1_847' title='bbox 2966 5272 3219 5328; x_wconf 91' lang='lat' dir='ltr'><strong>nimirum</strong></span> <span class='ocrx_word' id='word_1_848' title='bbox 3250 5279 3310 5326; x_wconf 92' lang='lat' dir='ltr'><strong>ut</strong></span> <span class='ocrx_word' id='word_1_849' title='bbox 3338 5270 3579 5341; x_wconf 86' lang='lat' dir='ltr'><strong>quidam,</strong></span> <span class='ocrx_word' id='word_1_850' title='bbox 3611 5270 3761 5325; x_wconf 87' lang='lat' dir='ltr'><strong>velut</strong></span> <span class='ocrx_word' id='word_1_851' title='bbox 3788 5271 3891 5336; x_wconf 82' lang='lat' dir='ltr'><strong>iam</strong></span> 
     </span>
    </p>
   </div>
   <div class='ocr_carea' id='block_1_111' title="bbox 2302 5362 3891 5437">
    <p class='ocr_par' dir='ltr' id='par_1_111' title="bbox 2302 5362 3891 5437">
     <span class='ocr_line' id='line_1_111' title="bbox 2302 5362 3891 5437; baseline -0.006 -10"><span class='ocrx_word' id='word_1_852' title='bbox 2302 5387 2333 5427; x_wconf 90' lang='lat' dir='ltr'><strong>a</strong></span> <span class='ocrx_word' id='word_1_853' title='bbox 2360 5385 2446 5427; x_wconf 88' lang='lat' dir='ltr'><strong>me</strong></span> <span class='ocrx_word' id='word_1_854' title='bbox 2476 5368 2677 5425; x_wconf 90' lang='lat' dir='ltr'><strong>dictum</strong></span> <span class='ocrx_word' id='word_1_855' title='bbox 2710 5374 2815 5434; x_wconf 89' lang='lat' dir='ltr'><strong>est,</strong></span> <span class='ocrx_word' id='word_1_856' title='bbox 2849 5365 3111 5437; x_wconf 85' lang='lat' dir='ltr'><strong>martyrio</strong></span> <span class='ocrx_word' id='word_1_857' title='bbox 3153 5364 3629 5435; x_wconf 79' lang='lat' dir='ltr'><strong>perfungereutur,</strong></span> <span class='ocrx_word' id='word_1_858' title='bbox 3676 5362 3891 5433; x_wconf 89' lang='lat' dir='ltr'><strong>quidam</strong></span> 
     </span>
    </p>
   </div>
   <div class='ocr_carea' id='block_1_112' title="bbox 2300 5459 3893 5534">
    <p class='ocr_par' dir='ltr' id='par_1_112' title="bbox 2300 5459 3893 5534">
     <span class='ocr_line' id='line_1_112' title="bbox 2300 5459 3893 5534; baseline -0.006 -13"><span class='ocrx_word' id='word_1_859' title='bbox 2300 5475 2478 5521; x_wconf 89' lang='lat' dir='ltr'><strong>autem</strong></span> <span class='ocrx_word' id='word_1_860' title='bbox 2512 5464 2778 5534; x_wconf 69' lang='lat' dir='ltr'><strong>religiosae</strong></span> <span class='ocrx_word' id='word_1_861' title='bbox 2806 5462 2931 5516; x_wconf 81' lang='lat' dir='ltr'><strong>vitae</strong></span> <span class='ocrx_word' id='word_1_862' title='bbox 2963 5459 3353 5517; x_wconf 86' lang='lat' dir='ltr'><strong>exercitatione</strong></span> <span class='ocrx_word' id='word_1_863' title='bbox 3383 5466 3787 5525; x_wconf 87' lang='lat' dir='ltr'><strong>concertarent,</strong></span> <span class='ocrx_word' id='word_1_864' title='bbox 3820 5466 3893 5511; x_wconf 87' lang='lat' dir='ltr'><strong>at-</strong></span> 
     </span>
    </p>
   </div>
   <div class='ocr_carea' id='block_1_113' title="bbox 2302 5551 3889 5629">
    <p class='ocr_par' dir='ltr' id='par_1_113' title="bbox 2302 5551 3889 5629">
     <span class='ocr_line' id='line_1_113' title="bbox 2302 5551 3889 5629; baseline -0.006 -15"><span class='ocrx_word' id='word_1_865' title='bbox 2302 5574 2429 5629; x_wconf 87' lang='lat' dir='ltr'><strong>que.</strong></span> <span class='ocrx_word' id='word_1_866' title='bbox 2463 5568 2719 5629; x_wconf 89' lang='lat' dir='ltr'><strong>quantum</strong></span> <span class='ocrx_word' id='word_1_867' title='bbox 2747 5554 2813 5610; x_wconf 90' lang='lat' dir='ltr'><strong>ad</strong></span> <span class='ocrx_word' id='word_1_868' title='bbox 2839 5569 2981 5610; x_wconf 72' lang='lat' dir='ltr'><strong>vera:</strong></span> <span class='ocrx_word' id='word_1_869' title='bbox 3005 5553 3226 5622; x_wconf 89' lang='lat' dir='ltr'><strong>hujusce</strong></span> <span class='ocrx_word' id='word_1_870' title='bbox 3248 5551 3608 5624; x_wconf 63' lang='lat' dir='ltr'><strong>philosophia</strong></span> <span class='ocrx_word' id='word_1_871' title='bbox 3629 5553 3889 5607; x_wconf 86' lang='lat' dir='ltr'><strong>rationem</strong></span> 
     </span>
    </p>
   </div>
   <div class='ocr_carea' id='block_1_114' title="bbox 2303 5642 3889 5715">
    <p class='ocr_par' dir='ltr' id='par_1_114' title="bbox 2303 5642 3889 5715">
     <span class='ocr_line' id='line_1_114' title="bbox 2303 5642 3889 5715; baseline -0.005 -10"><span class='ocrx_word' id='word_1_872' title='bbox 2303 5650 2513 5715; x_wconf 89' lang='lat' dir='ltr'><strong>attinet,</strong></span> <span class='ocrx_word' id='word_1_873' title='bbox 2548 5647 2717 5703; x_wconf 85' lang='lat' dir='ltr'><strong>nihilo</strong></span> <span class='ocrx_word' id='word_1_874' title='bbox 2751 5647 2857 5703; x_wconf 89' lang='lat' dir='ltr'><strong>illis</strong></span> <span class='ocrx_word' id='word_1_875' title='bbox 2882 5644 3171 5703; x_wconf 82' lang='lat' dir='ltr'><strong>inferiores</strong></span> <span class='ocrx_word' id='word_1_876' title='bbox 3214 5655 3420 5701; x_wconf 84' lang='lat' dir='ltr'><strong>essent.</strong></span> <span class='ocrx_word' id='word_1_877' title='bbox 3471 5644 3735 5713; x_wconf 79' lang='lat' dir='ltr'><strong>Quocirca</strong></span> <span class='ocrx_word' id='word_1_878' title='bbox 3767 5642 3889 5700; x_wconf 87' lang='lat' dir='ltr'><strong>illud</strong></span> 
     </span>
    </p>
   </div>
   <div class='ocr_carea' id='block_1_115' title="bbox 2303 5736 3888 5813">
    <p class='ocr_par' dir='ltr' id='par_1_115' title="bbox 2303 5736 3888 5813">
     <span class='ocr_line' id='line_1_115' title="bbox 2303 5736 3888 5813; baseline -0.003 -13"><span class='ocrx_word' id='word_1_879' title='bbox 2303 5745 2441 5800; x_wconf 89' lang='lat' dir='ltr'><strong>scias</strong></span> <span class='ocrx_word' id='word_1_880' title='bbox 2468 5744 2650 5809; x_wconf 80' lang='lat' dir='ltr'><strong>velim,</strong></span> <span class='ocrx_word' id='word_1_881' title='bbox 2684 5743 2842 5813; x_wconf 79' lang='lat' dir='ltr'><strong>Regis</strong></span> <span class='ocrx_word' id='word_1_882' title='bbox 2872 5741 3051 5797; x_wconf 86' lang='lat' dir='ltr'><strong>nostri</strong></span> <span class='ocrx_word' id='word_1_883' title='bbox 3074 5755 3136 5796; x_wconf 89' lang='lat' dir='ltr'><strong>ac</strong></span> <span class='ocrx_word' id='word_1_884' title='bbox 3163 5740 3258 5796; x_wconf 90' lang='lat' dir='ltr'><strong>Dei</strong></span> <span class='ocrx_word' id='word_1_885' title='bbox 3288 5739 3596 5795; x_wconf 87' lang='lat' dir='ltr'><strong>mandatum</strong></span> <span class='ocrx_word' id='word_1_886' title='bbox 3625 5736 3733 5795; x_wconf 90' lang='lat' dir='ltr'><strong>hoc</strong></span> <span class='ocrx_word' id='word_1_887' title='bbox 3752 5752 3888 5804; x_wconf 81' lang='lat' dir='ltr'><strong>esse,</strong></span> 
     </span>
    </p>
   </div>
   <div class='ocr_carea' id='block_1_116' title="bbox 2303 5832 3889 5911">
    <p class='ocr_par' dir='ltr' id='par_1_116' title="bbox 2303 5832 3889 5911">
     <span class='ocr_line' id='line_1_116' title="bbox 2303 5832 3889 5911; baseline -0.002 -17"><span class='ocrx_word' id='word_1_888' title='bbox 2303 5854 2400 5910; x_wconf 87' lang='lat' dir='ltr'><strong>per</strong></span> <span class='ocrx_word' id='word_1_889' title='bbox 2428 5838 2570 5910; x_wconf 91' lang='lat' dir='ltr'><strong>quod</strong></span> <span class='ocrx_word' id='word_1_890' title='bbox 2603 5839 2853 5895; x_wconf 88' lang='lat' dir='ltr'><strong>homines</strong></span> <span class='ocrx_word' id='word_1_891' title='bbox 2882 5839 3336 5911; x_wconf 85' lang='lat' dir='ltr'><strong>sempiternorum</strong></span> <span class='ocrx_word' id='word_1_892' title='bbox 3368 5839 3635 5895; x_wconf 88' lang='lat' dir='ltr'><strong>bonorum</strong></span> <span class='ocrx_word' id='word_1_893' title='bbox 3676 5832 3889 5907; x_wconf 78' lang='lat' dir='ltr'><strong>partici-</strong></span> 
     </span>
    </p>
   </div>
   <div class='ocr_carea' id='block_1_117' title="bbox 2303 5931 2743 6009">
    <p class='ocr_par' dir='ltr' id='par_1_117' title="bbox 2303 5931 2743 6009">
     <span class='ocr_line' id='line_1_117' title="bbox 2303 5931 2743 6009; baseline -0.009 -18"><span class='ocrx_word' id='word_1_894' title='bbox 2303 5948 2400 6009; x_wconf 82' lang='lat' dir='ltr'><strong>pes</strong></span> <span class='ocrx_word' id='word_1_895' title='bbox 2426 5931 2743 5997; x_wconf 83' lang='lat' dir='ltr'><strong>redduntur.</strong></span> 
     </span>
    </p>
   </div>
  </div>
