4158 6354
311 364 411 426 501

747 369 911 428 VlTA
951 371 1372 433 SANCTORUM
1421 374 1752 434 BABLAAM
1795 373 2125 434 ΕΒΕΜΙΤΑΕ
2164 380 2253 436 ΕΤ
2291 381 2639 440 JOSAPHAT
2682 383 2886 442 INDle
2923 386 3147 445 REGIS.

3495 393 3600 452 502

383 464 514 559 Cum
553 463 734 559 igitur,
787 465 959 536 inquit
1008 466 1291 536 Josapltat,
1326 478 1433 523 tam
1465 472 1684 540 antiqua
1716 477 1769 523 et
1801 484 1898 524 ne-
1922 468 1980 538 Α
2002 470 2183 526 lumen
2215 473 2428 530 detecta
2461 475 2595 533 facie
2623 489 2984 535 contuentur:
3013 481 3080 536 ad
3111 482 3359 542 eumdem
3385 501 3600 559 quoque

311 558 547 618 cessaris
595 557 907 630 hujusmedi
940 561 1279 632 pbil050pltia
1311 565 1401 632 sit,
1432 564 1557 633 quid
1599 578 1772 618 causa:
1819 571 1899 618 est

307 651 661 720 quamobrem
689 652 949 712 hodierna
981 655 1069 711 die
1096 658 1246 726 pauci
1277 666 1384 712 smt
1413 657 1505 728 qui
1553 656 1693 712 hanc
1728 656 1894 712 vitam

308 743 628 800 imitentur?

379 837 686 906 Respondit
715 853 880 896 senex
908 839 1096 896 :Multi
1128 841 1343 912 quidem
1371 857 1488 900 eam
1525 841 1714 898 imitati
1747 851 1896 910 sunt,

304 941 361 988 et
385 933 680 990 etiamnum
710 935 1009 992 imitantur.
1039 936 1109 991 At
1139 938 1307 996 multo
1341 938 1518 1006 plures
1550 944 1896 1005 cunctantur,

305 1043 368 1083 ac
398 1044 580 1084 moras
607 1039 846 1086 nectunt.
881 1029 1042 1085 Pauci
1071 1030 1215 1086 enim
1239 1040 1384 1097 sunt,
1417 1040 1474 1085 ut
1501 1030 1578 1084 ait
1607 1030 1894 1098 Dominus,

303 1121 395 1190 qui
426 1135 523 1190 per
555 1130 760 1179 arctam
782 1127 838 1177 et
859 1130 1141 1191 angustam
1183 1121 1326 1176 viam
1359 1121 1645 1187 incedant;
1675 1123 1765 1191 qui
1798 1136 1898 1177 au-

307 1224 415 1270 tem
441 1230 538 1286 per
565 1213 780 1271 facilem
808 1225 863 1272 et
890 1217 1076 1284 latam,
1106 1233 1266 1286 quam
1294 1217 1507 1286 plurimi
1533 1217 1750 1288 (Matth.
1785 1234 1893 1284 vn;

306 1307 436 1364 Luc.
465 1310 639 1378 xxnt).
665 1310 800 1366 Nam
826 1310 919 1380 qui
941 1310 1107 1365 semel
1132 1311 1481 1380 pecuniarum
1505 1311 1819 1381 cupiditate,
1845 1321 1900 1372 et

306 1406 559 1462 vitiorum
599 1421 721 1475 qua
751 1422 817 1461 ex
860 1406 1221 1475 voluptatibus
1251 1407 1522 1472 oriuntur,
1558 1421 1747 1463 amore
1777 1422 1898 1462 cor-

305 1499 469 1569 repti,
501 1514 759 1569 vanaque
784 1508 838 1554 et
861 1499 1006 1554 inani
1046 1499 1232 1568 glori-.2
1263 1498 1462 1554 addicti
1507 1507 1652 1567 sunt,
1709 1498 1800 1554 vix
1830 1499 1899 1554 ab

304 1591 444 1662 ipsis
489 1591 670 1648 divelli
706 1601 953 1660 possunt,
990 1601 1048 1648 ut
1078 1590 1167 1662 qui
1215 1591 1393 1647 alieno
1423 1591 1668 1659 domino,
1698 1591 1901 1661 quique

303 1687 514 1755 omnia,
547 1696 734 1741 contra
777 1701 840 1740 ae
868 1687 1037 1753 Deus,
1063 1688 1321 1757 imperat,
1377 1695 1537 1756 atque
1584 1687 1732 1755 ipsos
1784 1696 1900 1741 lan-

305 1794 468 1848 quam
497 1779 699 1834 catenis
727 1779 1046 1849 quibusdam
1081 1781 1290 1836 vinctos
1316 1788 1486 1846 tenet,
1521 1780 1658 1835 ultra
1689 1779 1896 1849 seipsos

2003 567 2222 624 modum
2251 567 2452 624 Christi
2483 571 2661 628 lumen
2686 573 2933 630 omnibus
2958 574 3172 644 quidem
3202 576 3405 644 illucet,
3431 580 3601 649 Splen-

2002 662 2294 733 doremque
2337 678 2494 722 suum
2524 665 2678 722 nobis
2709 665 2908 728 affatim
2941 669 3207 738 impertit;
3238 681 3294 726 at
3323 688 3451 728 vero
3500 691 3599 744 pro

2003 770 2101 814 sua
2148 760 2378 828 quisque
2426 759 2721 826 cupiditate
2775 762 3046 834 animique
3093 765 3372 822 alacritate
3420 768 3599 838 ipsum

2004 852 2256 921 percipit.
2284 851 2418 909 Nam
2448 869 2554 910 nec
2594 854 2686 912 ille
2729 855 2953 925 justitite
2996 857 3078 915 sol
3110 858 3274 916 ullum
3303 875 3367 916 ex
3396 860 3480 916 his
3507 864 3600 932 qui

1999 947 2281 1002 oculorum
2303 949 2473 1003 aciem
2504 949 2556 1004 in
2585 949 2761 1018 ipsum
2788 951 3064 1012 intendere
3088 955 3308 1022 cupiunt
3334 957 3597 1014 beneficio

2003 1053 2070 1096 eo
2111 1039 2318 1108 privat,
2365 1055 2462 1096 nec
2512 1055 2726 1098 rursum
2777 1042 2860 1097 bis
2906 1045 3010 1098 vim
3057 1045 3219 1100 infert
3268 1062 3356 1116 qut
3410 1057 3600 1116 suapte

2002 1141 2196 1200 sponte
2228 1133 2474 1189 tenebras
2500 1134 2730 1204 eligunt;
2768 1150 2950 1192 verum
2981 1152 3096 1192 suae
3145 1139 3370 1209 quisque
3415 1141 3600 1196 liberae

2003 1222 2264 1278 voluntati
2295 1232 2351 1278 et
2377 1224 2660 1291 electioni,
2692 1225 2926 1296 quandiu
2975 1227 3034 1282 in
3075 1226 3178 1282 hac
3208 1230 3316 1285 vita
3355 1239 3468 1296 est,
3510 1248 3600 1287 re-

2003 1313 2284 1385 linquitur.

2076 1403 2208 1462 Cum
2239 1415 2418 1462 autem
2449 1407 2707 1476 Josaphat
2733 1407 2984 1478 quidnam
3017 1408 3224 1468 arbitrii
3265 1410 3485 1470 libertas
3511 1420 3599 1466 at-

2005 1514 2107 1567 que
2132 1501 2325 1556 electio
2349 1509 2492 1557 esset
2517 1511 2814 1572 qurereret,
2839 1502 3117 1572 respondit
3145 1518 3310 1565 senex
3335 1521 3352 1560 :
3379 1506 3598 1561 Arhitrii

2005 1593 2226 1650 libertas
2254 1601 2338 1649 est
2366 1594 2558 1650 animae
2588 1594 2796 1658 ratione
2825 1595 3022 1652 utentis
3051 1597 3318 1663 voluntas,
3341 1597 3459 1652 sine
3489 1599 3600 1652 ullo

2005 1686 2392 1756 impedimento
2418 1687 2483 1742 ad
2514 1688 2567 1744 id
2599 1689 2740 1758 quod
2771 1691 2912 1755 vult,
2948 1689 3049 1748 hoc
3097 1698 3182 1744 est
3218 1691 3338 1746 sive
3375 1691 3441 1748 ad
3486 1692 3600 1750 vir-

2005 1786 2201 1844 tutem,
2237 1779 2352 1835 sive
2393 1779 2462 1834 ad
2492 1780 2708 1849 vitium,
2741 1780 2980 1853 incitata,
3013 1789 3172 1852 atque
3202 1799 3233 1842 ,a
3269 1797 3478 1840 summo
3507 1783 3600 1838 illo

310 1870 688 1940 manciparint.
723 1871 949 1927 Animus
968 1872 1198 1942 quippe,
1231 1887 1352 1928 cum
1385 1872 1550 1928 semel
1575 1872 1765 1928 salutis
1785 1888 1897 1928 sua:
1928 1859 1982 1926 Β
2006 1881 2227 1941 parente
2269 1880 2323 1930 et
2361 1870 2657 1927 architecto
2696 1873 2766 1927 ita
2813 1872 3020 1934 ell'ecta.
3077 1875 3339 1940 llursum,
3372 1874 3597 1936 Arbitrii

309 1976 464 2031 spem
492 1962 771 2031 abjecerit,
803 1962 1039 2018 habenas
1070 1977 1194 2024 suas
1223 1962 1429 2020 aversis
1457 1978 1487 2018 a
1520 1965 1731 2019 ratione
1759 1966 1906 2035 cupi-

308 2056 569 2110 ditatibus
601 2057 940 2124 permittens,
987 2073 1418 2127 quaquaversum
1448 2059 1634 2115 fet-tur.
1669 2059 1746 2115 Ac
1774 2075 1901 2129 pro-

306 2146 434 2203 inde
463 2148 728 2218 Propheta
752 2149 974 2206 oll'usam
997 2152 1155 2223 277
1175 2153 1480 2223 ltujtumodi
1508 2155 1700 2210 animis
1713 2169 1902 2212 amen-

307 2245 436 2298 tiam
465 2243 780 2312 deplorans,
803 2247 1150 2316 caliginisque
1173 2250 1318 2319 ipsos
1339 2251 1578 2318 urgentis
1597 2252 1900 2308 crassitiem

305 2336 518 2406 lugens,
543 2337 628 2392 his
656 2337 831 2393 verbis
869 2340 1122 2396 utebatur
1149 2357 1164 2396 :
1192 2341 1313 2398 Filii
1343 2342 1648 2411 luominum,
1698 2361 1902 2416 nsque-

305 2442 415 2494 quo
441 2427 588 2497 gravi
612 2427 821 2483 corde?
853 2439 906 2484 ut
933 2430 1060 2499 quid
1087 2431 1314 2500 diligitis
1346 2437 1662 2500 vanitatem,
1685 2443 1739 2491 et
1763 2452 1902 2506 quae-

305 2525 429 2580 ritis
469 2525 846 2580 mendacium?
873 2525 1340 2593 Quemadmodum
1367 2529 1533 2584 etiam
1562 2530 1779 2599 quidam
1810 2547 1900 2586 sa-

307 2619 550 2685 pientum
584 2619 961 2687 magistrorum
994 2629 1335 2687 nostrorum,
1368 2623 1452 2678 vir
1478 2637 1660 2678 rerum
1689 2622 1900 2679 divina-

307 2724 427 2764 rum
451 2710 836 2778 peritissimus,
859 2711 1102 2770 eamdem
1130 2728 1250 2770 cum
1277 2714 1543 2781 Propheta
1568 2716 1898 2773 cantilenam

306 2814 528 2864 canens,
561 2815 627 2855 ac
656 2803 898 2871 quedam
926 2817 955 2855 a
987 2803 1166 2872 seipse
1194 2803 1517 2875 adiungens,
1546 2814 1804 2876 tanquam
1829 2823 1898 2864 ex

307 2895 414 2948 alta
438 2893 668 2964 quadam
690 2903 746 2950 et
767 2895 1064 2952 editissima
1087 2898 1303 2963 specula
1325 2899 1576 2956 omnibus
1597 2901 1854 2960 inclamat
1879 2921 1893 2958 :

308 2983 428 3039 Filii
461 2984 766 3054 hominum,
805 3002 1081 3057 usquequo
1111 2990 1256 3058 gravi
1286 2991 1487 3047 corde?
1513 3002 1576 3047 ut
1612 2995 1742 3061 quid
1769 2995 1897 3054 dili-

305 3075 430 3145 gitis
454 3078 768 3142 vanitatem,
798 3087 852 3134 et
887 3079 1126 3147 quaeritis
1153 3081 1488 3138 mendacium
1521 3083 1699 3155 (Psal.
1724 3087 1890 3152 xuv);

305 3183 555 3238 magnum
586 3167 833 3222 nimirum
863 3170 1062 3239 aliquid
1097 3173 1231 3226 hanc
1258 3174 1442 3240 vitam,
1475 3186 1529 3236 et
1555 3175 1809 3246 delicias,
1838 3187 1895 3232 et

2008 1962 2227 2019 libertas
2256 1974 2337 2018 est
2385 1963 2762 2020 intellectualis
2807 1967 3004 2022 animae
3050 1980 3148 2036 pro
3187 1981 3288 2024 suo
3336 1967 3598 2022 arbitratu

2008 2056 2250 2126 agitatio.
2283 2055 2490 2111 Electio
2525 2066 2702 2111 autem
2733 2066 2816 2113 est
2843 2072 3028 2113 earum
3069 2074 3245 2113 rerum
3276 2074 3395 2128 qua:
3425 2059 3477 2112 in
3508 2074 3595 2113 ar-

2007 2151 2170 2204 bitrio
2199 2161 2382 2204 nostro
2412 2152 2528 2206 sitae
2557 2159 2714 2220 sunt,
2748 2167 2870 2207 cum
2903 2154 3128 2207 consilio
3177 2153 3459 2222 conjuncta
3499 2169 3598 2220 ap-

2007 2243 2216 2314 petitio.
2251 2241 2524 2314 Siquidem
2553 2259 2666 2297 rem
2697 2259 2812 2298 eam
2843 2260 2961 2312 quae
2993 2245 3122 2298 inito
3148 2245 3380 2298 consilio
3405 2245 3599 2299 melior

2002 2336 2238 2406 iudicata
2269 2349 2380 2402 est,
2412 2338 2673 2408 eligentes
2721 2337 3042 2408 appetimus.
3074 2335 3367 2391 Consilium
3402 2348 3485 2391 est
3516 2339 3598 2391 in-

2007 2428 2319 2498 vestigatrix
2373 2428 2630 2497 appetitio
2685 2427 2752 2483 de
2815 2429 2977 2482 rebus
3032 2428 3318 2498 gerendis,
3369 2444 3596 2495 quarum

2007 2539 2172 2592 penes
2197 2538 2295 2578 nos
2325 2532 2562 2592 potestas
2593 2532 2689 2576 est.
2724 2522 2992 2577 Deliberat
3023 2523 3166 2575 enim
3199 2523 3465 2594 quispiam
3498 2537 3598 2576 ex-

2004 2614 2253 2686 pediatne
2296 2615 2493 2686 aliquid
2541 2630 2732 2686 agere,
2769 2630 2956 2669 necne.
3000 2614 3218 2679 Deinde,
3263 2614 3407 2684 quod
3455 2628 3596 2684 pra:-

2005 2707 2234 2764 stantius
2265 2716 2380 2772 est,
2412 2707 2612 2777 judieat
2635 2749 2648 2771 ,
2682 2722 2745 2761 ac
2771 2708 3027 2776 judicium
3069 2707 3317 2762 efficitur.
3355 2707 3471 2762 Mox
3505 2721 3598 2760 au-

2005 2809 2111 2855 tem
2155 2799 2408 2868 aflicitur,
2455 2809 2613 2870 atque
2660 2800 2712 2856 id
2758 2799 2897 2874 quod
2928 2815 2994 2855 ex
3031 2800 3256 2854 consilio
3298 2798 3598 2870 judicatum

2004 2902 2116 2963 est,
2147 2903 2324 2960 amat,
2356 2907 2419 2948 ac
2444 2893 2707 2950 sententia
2736 2893 2947 2948 dicitur.
2977 2892 3108 2948 Nam
3140 2894 3184 2947 si
3216 2895 3284 2947 ita
3309 2893 3510 2962 judicet
3538 2901 3598 2948 ut

2005 2995 2183 3042 tamen
2209 3003 2335 3058 erga
2360 2987 2414 3041 id
2441 2987 2584 3057 quod
2606 2987 2898 3057 judicatum
2927 2996 3036 3050 est,
3068 2987 3288 3042 minime
3309 2986 3594 3052 afﬁciatur,

2003 3083 2106 3139 hoc
2149 3092 2266 3150 est,
2302 3082 2352 3138 id
2401 3082 2622 3138 minime
2666 3091 2834 3150 amet,
2869 3083 3134 3136 sententia
3183 3081 3596 3152 haudquaquam

2004 3175 2322 3248 appellatur.
2354 3175 2487 3229 'l‘um
2541 3183 2662 3244 post
2705 3174 3046 3229 affectionem
3093 3175 3148 3228 ﬁt
3197 3174 3409 3228 electio.
3459 3173 3595 3227 Nam

305 3259 553 3329 exiguam
585 3260 892 3328 gloriolam,
920 3269 974 3316 et
1001 3263 1313 3322 mendacem
1339 3269 1752 3336 prosperitatem
1774 3285 1896 3327 esse
1923 3255 1974 3330 β
2004 3270 2194 3324 electio
2223 3267 2356 3323 nihil
2400 3268 2542 3324 aliud
2583 3277 2668 3324 est
2711 3285 2870 3342 quam
2901 3285 2932 3323 e
2961 3268 3169 3323 duabus
3202 3267 3362 3323 rebus
3391 3282 3590 3338 propoo

310 3353 686 3409 existimantes
733 3353 921 3424 (Mm,
955 3372 1068 3410 ora.
1110 3358 1173 3410 de
1199 3359 1307 3414 suis
1349 3375 1451 3416 ser.
1501 3371 1548 3415 et
1594 3363 1662 3414 ad
1691 3362 1896 3420 Julium

302 3445 571 3502 Exisoten.
595 3447 656 3518 )?
687 3447 815 3514 Quae
843 3449 1058 3518 quidem
1086 3465 1196 3506 non
1230 3452 1399 3522 magis
1429 3469 1612 3510 eorum
1641 3465 1767 3510 sunt
1797 3460 1884 3525 qui

303 3538 557 3594 fruuntur
583 3556 744 3609 quam
771 3540 859 3610 qui
884 3556 946 3598 ea
980 3543 1032 3596 in
1065 3557 1160 3612 spe
1211 3543 1545 3612 habuerunt;
1577 3563 1677 3604 nec
1705 3566 1895 3606 rursus

305 3631 498 3686 borum
531 3634 698 3701 magis
722 3648 882 3703 quam
907 3649 1094 3692 eorum
1124 3634 1214 3706 qui
1239 3652 1311 3693 ne
1335 3652 1396 3692 ea
1421 3640 1633 3706 quidem
1661 3658 1892 3712 unquam

299 3731 701 3786 exspectarttnt.
727 3733 782 3779 et
801 3739 919 3792 qua:
941 3738 1048 3783 non
1075 3740 1230 3781 secus
1250 3741 1313 3782 ac
1338 3730 1507 3796 pulvis
1525 3746 1552 3784 a
1578 3734 1792 3790 turbine
1827 3737 1893 3792 ad

301 3817 436 3870 alios
449 3819 760 3884 atquealios
774 3817 1001 3874 subinde
1016 3820 1332 3890 perflantur,
1348 3837 1409 3877 ac
1427 3824 1665 3881 vicissim
1689 3829 1894 3897 jactan‘

300 3916 403 3964 tur.
461 3917 553 3961 aut
595 3908 722 3962 furni
765 3909 936 3964 instar
978 3909 1250 3977 defluunt,
1282 3927 1346 3968 ac
1391 3917 1540 3971 velut
1566 3918 1895 3978 insomnium

300 4000 550 4056 homines
575 4002 936 4069 ludiﬁcantur,
965 4013 1018 4058 et
1045 4015 1104 4062 ut
1128 4006 1314 4062 umbra
1337 4009 1559 4064 retineri
1593 4027 1894 4084 nequeunt,

2002 3363 2117 3418 sitis
2145 3363 2366 3419 alteram
2419 3379 2529 3433 pra:
2567 3364 2730 3418 altera
2779 3361 3028 3432 amplecti
3073 3371 3128 3417 et
3169 3362 3388 3432 eligere.
3421 3363 3594 3432 Atque

2000 3455 2126 3510 illud
2156 3455 2239 3510 vel
2267 3471 2330 3509 ex
2357 3455 2470 3525 ipsa
2503 3455 2824 3527 etymologia
2859 3456 3196 3525 perspicuum
3226 3464 3342 3520 est,
3374 3453 3592 3509 electiu-

2003 3562 2123 3600 nem
2157 3560 2275 3600 esse
2305 3547 2586 3601 consilium
2628 3562 2749 3601 cum
2793 3546 3171 3617 dijudicatione
3216 3546 3585 3615 conjunctmn.

2001 3640 2299 3717 Προαιρετὸν
2351 3639 2493 3694 enim
2545 3649 2627 3694 est
2677 3640 2902 3694 alterum
2961 3654 3070 3709 prae
3120 3640 3286 3693 altero
3336 3639 3587 3692 electum.

2001 3733 2170 3787 Nemo
2216 3749 2379 3804 porro
2418 3733 2704 3802 quidquam
2750 3732 2986 3787 adhibito
3024 3732 3226 3802 judicio
3255 3732 3406 3786 alteri
3450 3748 3588 3801 prae-

2001 3825 2136 3890 fert,
2170 3827 2269 3878 nisi
2305 3824 2453 3896 prius
2484 3825 2765 3879 consilium
2795 3824 3008 3889 inierit;
3040 3838 3138 3878 nec
3169 3837 3379 3876 rursum
3409 3824 3588 3896 eligit,

2002 3919 2102 3973 nisi
2133 3918 2278 3986 prius
2305 3919 2576 3983 judicarit.
2600 3917 2729 3972 Nam
2761 3918 3010 3987 quoniam
3044 3932 3149 3972 non
3179 3933 3240 3972 ea
3264 3917 3441 3972 omnia
3468 3933 3590 3988 quae

2001 4011 2158 4066 nobis
2186 4021 2332 4066 recta
2361 4020 2414 4065 et
2443 4013 2697 4082 praeclara
2726 4026 2845 4066 esse
2875 4011 3122 4066 videntur
3145 4010 3198 4066 in
3227 4025 3362 4082 Opus
3396 4011 3588 4081 perdu-

297 4111 358 4152 ac
379 4096 617 4165 denique
636 4098 704 4151 ita
731 4107 918 4156 natura
941 4112 1248 4169 comparata
1277 4113 1422 4172 sunt,
1452 4113 1510 4159 ttt
1536 4121 1634 4162 nec
1657 4123 1783 4168 eum
1801 4110 1898 4168 ab-
1997 4121 2124 4162 cere
2171 4105 2484 4173 studemus,
2536 4115 2646 4161 tum
2693 4107 2923 4176 denique.
2962 4107 3154 4161 electio
3193 4117 3246 4162 et
3289 4106 3591 4178 eligendum

299 4198 446 4252 sunt,
482 4204 545 4244 ea
574 4204 634 4243 se
663 4190 939 4245 habituros
967 4205 1087 4248 esse
1132 4192 1376 4256 homines
1427 4197 1743 4268 desperent,
1795 4217 1898 4260 nec

298 4296 419 4334 cum
446 4281 661 4346 adsunt,
689 4281 1085 4349 possidentibus
1122 4292 1264 4340 certa
1293 4296 1346 4344 et
1371 4287 1582 4350 stabilia
1607 4291 1737 4350 sint.

369 4373 505 4426 Cum
549 4371 706 4443 igitur
731 4373 795 4426 ad
837 4373 977 4429 hunc
1025 4377 1240 4432 modum
1285 4378 1534 4438 Salvator
1583 4385 1890 4454 praecipiat,

303 4465 584 4534 prephetre
612 4473 666 4519 et
693 4466 922 4536 apostoli
949 4467 1274 4541 prtedicent,
1299 4485 1364 4527 ac
1389 4475 1558 4532 sancti
1585 4490 1770 4536 omnes
1798 4480 1897 4536 viri

303 4567 416 4613 tum
446 4573 504 4612 re
537 4558 673 4630 ipsa,
701 4567 810 4618 tum
846 4574 1096 4618 sermone
1123 4564 1189 4620 ad
1229 4566 1442 4623 virtutis
1471 4569 1610 4628 viam
1647 4572 1719 4630 ab
1746 4575 1894 4630 omni

2000 4201 2236 4256 efflettur
2279 4200 2332 4253 id
2377 4198 2518 4270 quod
2557 4215 2624 4254 ex
2667 4199 2891 4253 consilio
2939 4202 3271 4268 preposltum
3315 4207 3434 4254 est.
3473 4213 3596 4253 cum

2002 4293 2380 4362 appetitionem
2410 4292 2660 4347 comitem
2690 4290 2959 4346 asciverit.

2075 4388 2154 4441 Ex
2183 4402 2287 4456 quo
2316 4385 2676 4452 concluditur,
2705 4384 3022 4439 electionem
3054 4397 3175 4438 esse
3203 4384 3588 4451 appetitionem

1999 4493 2121 4534 eum
2151 4479 2539 4534 deliberatione
2578 4479 2920 4545 conjunctam
2965 4490 3150 4530 earum
3184 4489 3363 4529 rerum
3391 4490 3509 4543 quae
3544 4476 3597 4530 in

2001 4582 2183 4628 metra
2214 4580 2478 4642 potestate
2500 4573 2616 4626 sita:
2641 4571 2772 4625 sint.
2797 4572 3009 4624 Etenim
3031 4569 3085 4622 id
3113 4569 3253 4639 quod
3275 4583 3339 4623 ex
3365 4568 3591 4622 consilio

303 4668 486 4710 errore
541 4653 774 4709 maxime
826 4654 1116 4715 immunem
1171 4672 1273 4714 nos
1325 4661 1630 4730 impellant,
1683 4667 2346 4739 etiamsinpraspositum
2389 4675 2502 4733 est,
2531 4669 2792 4737 eligentes
2825 4667 3147 4735 appetimus.
3180 4664 3349 4720 Omne
3389 4665 3586 4734 quippe

305 4747 456 4816 pauci
489 4746 627 4801 hanc
653 4755 905 4814 teneant,
933 4757 1119 4804 contra
1148 4761 1326 4810 autem
1363 4754 1510 4812 multi
1535 4756 1699 4812 latam
1731 4769 1891 4830 atque

303 4839 354 4894 in
383 4840 609 4895 exitium
653 4841 936 4896 ducentem
977 4840 1076 4898 sibi
1122 4841 1385 4912 deligant,
1418 4863 1520 4904 non
1555 4858 1731 4906 tamen
1765 4869 1890 4922 pro-

301 4943 484 5002 pterea
513 4931 706 4986 divina:
737 4933 894 5000 hujus
923 4933 1278 5005 philosophia
1325 4939 1626 4996 institutum
1661 4948 1895 5006 enixior-is

301 5023 674 5082 aestimandum
697 5035 798 5079 est.
826 5023 895 5079 Ut
913 5026 1058 5079 .enisu
1084 5029 1165 5082 sol
1184 5069 1198 5094 ,
1227 5047 1347 5088 cum
1377 5032 1709 5094 illuminandi
1732 5055 1894 5099 causa

303 5120 562 5174 exoriens
603 5117 785 5173 radios
829 5133 956 5172 suos
1000 5119 1282 5179 alﬂuenter
1317 5127 1558 5194 emittat,
1595 5146 1894 5205 .omnesquc

302 5213 365 5266 ad
398 5209 772 5278 excipiendum
797 5212 984 5266 lumen
1013 5215 1346 5283 cobortetur,
1375 5218 1418 5276 si
1449 5222 1665 5291 quidam
1696 5227 1896 5283 clausis

302 5307 474 5359 oculis
501 5303 842 5373 splendorem
873 5304 1036 5373 ipsius
1068 5307 1260 5364 intueri
1285 5311 1484 5380 nolint,
1517 5331 1622 5370 non
1655 5330 1898 5386 prepter-

303 5415 362 5450 t-a
411 5395 888 5469 reprehensionem
929 5407 1186 5464 meretur,
1217 5411 1308 5456 aut
1358 5419 1386 5455 a
1438 5406 1660 5477 reliquis
1703 5413 1898 5481 negligi

307 5491 496 5556 debet,
533 5502 633 5542 nec
660 5487 967 5555 splendoris
1003 5489 1167 5557 ipsius
1191 5493 1356 5562 gloria
1387 5497 1454 5552 ob
1477 5497 1689 5557 illorum
1721 5505 1898 5562 stulti-

303 5585 431 5635 tiam
467 5583 517 5635 in
550 5588 858 5648 contemptu
907 5589 1177 5648 versatur;
1213 5588 1337 5654 quin
1371 5589 1544 5655 potius
1569 5591 1646 5646 illi
1678 5597 1892 5662 quidem

303 5677 511 5745 seipsos
564 5671 767 5726 lumine
811 5671 1092 5739 orbantcs,
1144 5685 1395 5747 tanquam
1447 5687 1610 5752 c;t-ci,
1665 5691 1898 5756 pariete;

303 5768 552 5836 palpant,
584 5772 742 5835 atque
769 5764 824 5818 in
857 5764 1052 5819 multas
1097 5770 1314 5826 scrobes
1363 5778 1670 5846 prtecipites
1699 5793 1896 5850 ruunt,

305 5862 600 5929 multisque
630 5859 801 5928 spinis
831 5873 1016 5914 eorum
1049 5864 1189 5917 oculi
1233 5883 1568 5938 punguntur;
1599 5875 1678 5928 sol
1708 5887 1894 5931 contra

308 5957 653 6026 splendorem
684 5967 840 6011 suum
890 5955 1152 6030 retinens,
1187 5975 1282 6017 eos
1327 5963 1562 6022 illustrat
1603 5969 1692 6039 qui
1739 5969 1908 6040 ipsius

2001 4763 2281 4817 consilium
2308 4763 2537 4816 actionis
2561 4777 2718 4816 causa
2743 4773 2794 4817 et
2825 4771 3040 4830 propter
3068 4761 3331 4815 actionem
3361 4759 3591 4826 suscipi-

2001 4866 2108 4916 tur.
2137 4856 2214 4910 Ita
2241 4855 2522 4910 consilium
2551 4853 2766 4924 quidem
2800 4855 3118 4910 electionem
3150 4851 3447 4915 antecedit,
3480 4849 3594 4902 ele-

2002 4949 2106 5003 ctio
2149 4957 2324 5001 autem
2367 4960 2579 5000 onmem
2626 4947 2912 5001 actionem.
2965 4947 3224 5012 Quocirca
3273 4959 3379 4998 non
3429 4941 3594 4996 modo

2003 5041 2262 5104 actiones,
2297 5040 2388 5096 sed
2441 5054 2504 5094 ea
2547 5039 2705 5096 etiam
2751 5055 2870 5110 quae
2911 5041 3096 5094 animo
3139 5038 3406 5108 agitantur
3451 5036 3598 5104 (quae

2005 5133 2217 5202 quidem
2246 5132 2536 5188 electiones
2563 5133 2864 5203 exhibent),
2884 5142 2992 5190 tum
3021 5144 3268 5194 coronas,
3286 5137 3392 5182 tum
3410 5143 3596 5197 ptenas

2003 5231 2308 5278 accersunt.
2336 5222 2544 5278 Etenim
2575 5225 2766 5280 electio
2787 5226 2838 5280 iu
2865 5225 2945 5278 his
2969 5225 3126 5278 rebus
3149 5236 3266 5292 quae
3289 5224 3343 5278 in
3369 5221 3595 5275 arbitrio

2006 5326 2190 5372 nostro
2216 5316 2334 5372 sita:
2361 5327 2485 5373 sunt
2513 5333 2752 5383 versans,
2783 5329 2890 5374 tum
2921 5317 3144 5388 peccati,
3169 5326 3280 5370 tum
3305 5316 3433 5384 justi
3464 5331 3598 5386 ope-

2005 5410 2081 5464 ris
2108 5409 2259 5480 origo
2298 5421 2400 5466 est.
2446 5409 2578 5464 Nam
2621 5425 2844 5479 quarum
2891 5424 3066 5464 rerum
3109 5409 3388 5464 facultates
3428 5424 3594 5478 penes

2009 5517 2109 5558 nos
2133 5513 2286 5571 sunt,
2322 5503 2509 5560 harum
2539 5503 2700 5560 etiam
2731 5503 2964 5558 actiones
2993 5501 3332 5558 facultatibus
3359 5519 3587 5559 consen-

2013 5605 2184 5652 taneae
2225 5612 2387 5666 penes
2428 5612 2526 5652 nos
2572 5605 2716 5652 sunt.
2747 5595 3101 5662 Quamobrem
3147 5611 3264 5650 cum
3313 5596 3598 5652 facultates

2011 5693 2193 5747 virtuti
2220 5701 2596 5748 consentaneae
2622 5692 2676 5746 in
2722 5701 2903 5746 nostra
2935 5702 3198 5762 potestate
3223 5695 3362 5759 sint,
3400 5695 3451 5747 in
3501 5710 3598 5747 uo-

2011 5793 2123 5838 stra
2151 5799 2359 5853 quoque
2393 5792 2655 5853 potestate
2679 5785 2844 5856 278
2867 5786 3085 5841 virtutes
3111 5786 3219 5840 sint
3244 5800 3466 5843 necesse
3489 5794 3592 5840 est.

2012 5877 2232 5943 l’r0prie
2259 5877 2400 5930 enim
2431 5879 2482 5931 in
2512 5879 2731 5934 arbitrio
2765 5888 2947 5934 nostro
2988 5884 3286 5936 consistunt
3325 5895 3390 5936 ea
3417 5881 3595 5934 omnia

2013 5986 2134 6040 quae
2182 5972 2413 6028 animam
2464 5973 2757 6045 attingunt,
2790 5982 2842 6030 et
2883 5975 2951 6032 de
2989 5975 3182 6050 quibus
3212 5975 3598 6033 deliberamus.
