4158 6354
600 362 704 415 ὕυὸ

1647 357 1733 413 DE
1777 356 1953 413 VlTlS
1991 355 2276 414 PA'I‘RUM
2316 353 2520 412 LIBER
2563 355 2836 415 PRIMUS.

3768 361 3874 422 5οι

599 478 678 534 Ad
729 476 873 532 hunc
914 476 1074 545 igitur
1102 474 1317 530 modum
1349 472 1515 528 libere
1559 470 1987 527 consultantibus
2017 471 2189 525 homi-
2219 471 2273 533 Α
2298 469 2560 525 idolorum
2591 470 2736 526 cultu
2769 469 3090 526 constrictus
3117 476 3412 528 teneretur.
3447 471 3580 530 Erat
3614 483 3796 532 autem
3825 477 3875 535 ei

598 570 782 635 nibus,
813 584 876 622 ac
904 567 1069 622 libera
1101 566 1226 620 item
1257 564 1533 618 voluntate
1556 562 1898 633 eligentibus,
1922 571 2184 633 quatenus

597 663 860 732 quispiam
907 661 1084 730 eligit,
1139 659 1397 714 hactenus
1451 673 1666 728 quoque
1716 657 1954 711 divinam
2012 657 2184 711 lucem

596 754 855 824 percipit,
887 762 1047 822 atque
1078 752 1130 806 in
1163 751 1516 820 philosophiae
1546 750 1737 805 studiis
1770 763 2082 822 progressus
2111 750 2187 803 fa-

595 848 688 903 cit.
721 845 878 901 Varia
908 845 1052 900 enim
1076 844 1398 900 electionum
1427 853 1552 898 sunt
1581 857 1799 914 genera.
1833 844 1900 897 Et
1930 844 2185 912 quemad—

596 939 815 996 modum
861 937 1072 1008 quidam
1127 951 1386 1007 aquarum
1428 938 1602 991 fontes
1630 950 1662 991 e
1693 945 1851 990 terrae
1894 934 2187 990 visceribus

598 1033 991 1097 scaturientes,
1048 1031 1235 1099 partim
1286 1045 1317 1085 e
1365 1030 1648 1100 superﬁcie
1704 1037 1864 1084 terrae
1914 1029 2183 1094 oriuntur,

594 1125 789 1194 partim
818 1125 1090 1194 aliquanto
1129 1121 1465 1192 profundius,
1505 1121 1697 1192 partim
1741 1121 2185 1191 profundissime;

593 1227 754 1285 atque
805 1216 992 1269 harum
1043 1230 1298 1285 aquarum
1344 1215 1463 1269 alie
1504 1231 1534 1269 e
1583 1215 1886 1285 propinquo
1935 1223 2188 1269 emanant

594 1319 859 1382 gustuque
888 1310 1071 1364 dulces
1095 1318 1248 1374 sunt,
1281 1309 1398 1364 aliae
1427 1324 1492 1363 ex
1538 1309 1644 1363 imo
1686 1317 1882 1386 exeunt
1921 1323 1982 1362 ac
2030 1308 2187 1362 salsae

592 1410 687 1456 aut
726 1401 1030 1469 sulphurea:
1062 1408 1219 1466 sunt,
1252 1408 1413 1468 atque
1457 1401 1586 1454 item
1619 1399 1736 1454 aliae
1767 1399 2037 1454 uberrime
2066 1414 2189 1467 pro-

592 1490 795 1556 ﬂuunt,
825 1491 946 1546 alia:
982 1491 1238 1560 paulatim
1269 1492 1507 1558 stillant;
1537 1491 1728 1547 eodem
1772 1491 1933 1545 modo
1960 1490 2031 1559 .in
2076 1490 2186 1546 ele-

593 1582 862 1638 ctionibus
888 1597 1102 1653 quoque
1148 1584 1342 1653 cogita,
1392 1583 1525 1637 alias
1571 1584 1773 1638 celeres
1818 1599 1882 1638 ac
1931 1598 2185 1653 perquam

595 1674 831 1732 fervidae
873 1692 1013 1743 esse,
1060 1676 1192 1733 alias
1240 1692 1430 1755 segnes
1473 1687 1528 1732 et
1575 1678 1816 1748 frigidas,
1861 1691 1923 1732 ac
1970 1692 2184 1732 rursum

502 1800 510 1806 -
594 1769 727 1824 alias
754 1770 821 1824 ad
850 1771 1097 1826 virtutem
1139 1773 1359 1826 omnino
1389 1786 1709 1842 propensas,
1739 1771 1870 1826 alias
1900 1770 1965 1826 ad
1998 1771 2184 1826 vitium

2289 561 2488 632 probus
2517 561 2733 632 quidam
2777 560 3132 632 consiliarius,
3163 578 3227 620 ac
3272 575 3384 620 tum
3411 579 3535 636 erga
3569 565 3738 624 Deum
3767 569 3877 636 pie-

2291 662 2419 720 tate,
2454 666 2564 710 tum
2596 657 2809 712 caeteris
2852 658 3138 714 virtutibus
3184 660 3578 729 ornatissimus,
3617 665 3712 734 qui
3755 679 3876 722 cum

2286 747 2431 817 regis
2460 761 2644 804 errore
2673 759 2977 818 angeretur,
3025 765 3252 821 eumque
3299 753 3624 821 permoleste
3670 753 3874 827 ferret,

2289 846 2449 908 atque
2479 839 2655 907 ipsum
2687 840 2791 894 hoc
2822 842 3039 896 nomine
3067 857 3357 914 coarguere
3390 847 3442 900 in
3481 846 3662 902 animo
3712 848 3876 906 babe-

2288 938 2408 995 ret,
2443 938 2621 985 tamen
2653 929 2753 986 hac
2778 931 2846 986 de
2883 946 3039 987 causa
3069 947 3190 989 sese
3232 937 3585 1005 reprimebat,
3615 939 3755 1008 quod
3785 956 3879 995 ve-

2289 1031 2518 1089 reretur,
2545 1039 2611 1078 nc
2633 1032 2688 1079 et
2711 1025 2810 1080 sibi
2837 1034 2889 1080 et
2915 1025 3075 1082 sociis
3097 1028 3211 1082 suis
3235 1029 3528 1098 perniciem
3551 1042 3874 1102 accerseret,

2289 1128 2518 1185 eamque
2550 1116 2831 1171 utilitatem
2860 1132 2978 1187 quae
3006 1133 3071 1174 ex
3113 1119 3229 1190 ipso
3257 1121 3322 1174 ad
3361 1122 3494 1177 alios
3534 1126 3882 1193 promanabat

2289 1215 2609 1276 amputaret.
2636 1207 2983 1264 Occasionem
3010 1223 3186 1268 autem
3213 1213 3560 1272 nihilominus
3581 1221 3878 1290 quaerebat,

2289 1309 2392 1366 qua
2440 1299 2722 1353 commode
2767 1300 2938 1370 ipsum
2986 1302 3052 1356 ad
3094 1302 3291 1359 bonum
3341 1309 3701 1376 pertraheret.
3737 1311 3876 1368 Dixit

2289 1387 2451 1459 igitur
2493 1397 2650 1446 nocte
2679 1392 2906 1462 quadam
2938 1393 3005 1448 ad
3050 1409 3170 1450 eum
3203 1412 3295 1451 rex
3331 1415 3343 1448 :
3380 1399 3680 1467 Adesdum,
3721 1419 3875 1473 egre-

2291 1483 2523 1553 diamur,
2551 1499 2615 1538 ac
2639 1487 2904 1542 civitatem
2930 1490 3500 1559 circumeamus,‘num
3525 1495 3658 1550 forte
3679 1497 3880 1568 aliquid

2290 1577 2436 1647 quod
2466 1577 2519 1632 in
2553 1594 2664 1634 rem
2707 1581 2942 1635 futurum
2976 1582 3044 1638 sit
3083 1584 3492 1654 perspiciamus.
3528 1588 3660 1644 Cum
3703 1600 3880 1647 autem

2292 1668 2369 1723 illi
2402 1686 2494 1738 per
2523 1672 2711 1728 urbem
2753 1673 3193 1742 obatnbularent,
3236 1677 3370 1733 lucis
3414 1678 3756 1749 splendorem
3791 1698 3882 1751 per

2295 1763 2536 1821 foramen
2591 1767 2859 1837 quoddam
2915 1770 3210 1825 radiantem
3267 1785 3541 1828 cernunt:
3586 1789 3712 1841 cui,
3759 1790 3880 1834 cum

591 1863 841 1920 omnibus
871 1866 1070 1920 viribus
1115 1866 1419 1922 inclinatas.
1451 1867 1613 1937 igitur
1643 1868 1828 1937 quales
1873 1882 2057 1923 earum
2101 1867 2180 1922 al"-

2289 1855 2474 1910 oculos
2500 1856 2826 1926 adjecissent
2843 1900 2857 1927 ,
2887 1861 3296 1917 subterraneum
3321 1863 3587 1935 quoddam
3614 1877 3671 1922 et
3697 1882 3884 1925 caver-

592 1955 854 2013 fectiones
903 1968 1058 2022 sunt,
1105 1960 1237 2016 tales
1280 1975 1492 2031 quoque
1533 1961 1598 2015 ad
1645 1961 1907 2030 agendum
1957 1963 2187 2031 impetus

595 2059 1015 2119 consequuntur.

666 2167 793 2222 Car.
821 2167 962 2222 XVI.
1007 2198 1076 2208 —
1118 2165 1268 2221 Dixit
1314 2175 1493 2222 autem
1540 2168 1607 2222 ad
1650 2180 1833 2223 senem
1882 2167 2180 2238 Josaphat:

595 2262 804 2318 Suntne
834 2262 992 2317 etiam
1035 2263 1124 2316 alii
1169 2261 1444 2329 nonnulli,
1476 2262 1564 2332 qui
1595 2262 1781 2318 eadem
1813 2277 1932 2330 quae
1963 2272 2016 2317 tu
2049 2277 2188 2333 prae-

597 2354 809 2420 dicent,
838 2369 906 2408 an
954 2369 1083 2410 vero
1117 2362 1176 2408 tu
1225 2354 1485 2409 hodierno
1515 2353 1601 2408 die
1651 2357 1794 2409 solus
1832 2370 1890 2410 es
1930 2355 2019 2424 qui
2068 2353 2187 2409 haec

593 2447 778 2514 doces,
805 2461 869 2502 ac
900 2457 1218 2516 praesentem
1250 2448 1414 2502 vitam
1445 2463 1617 2517 usque
1656 2449 1793 2504 adeo
1832 2450 2184 2506 aversandam

591 2548 753 2609 atque
781 2540 905 2594 odio
935 2541 1298 2596 insectandam
1323 2556 1443 2597 esse
1475 2542 1698 2598 mones?

667 2631 759 2684 llle
791 2640 968 2686 autem
1000 2633 1064 2686 ad
1095 2631 1235 2687 hunc
1265 2634 1482 2688 modum
1525 2635 1844 2704 respondit:
1876 2635 1932 2690 ln
1964 2636 2065 2691 hac
2093 2652 2185 2694 ve~

590 2733 699 2777 stra
729 2723 1091 2779 infelicissima
1121 2725 1341 2796 regione
1373 2727 1645 2782 neminem
1675 2729 1820 2784 novi.
1851 2728 1984 2783 Nam
2017 2730 2183 2798 patris

592 2815 668 2868 tui
700 2816 943 2885 tyrannis
974 2818 1272 2872 innumeris
1302 2820 1491 2873 mortis
1517 2819 1808 2889 generibus
1837 2835 1930 2875 eos
1960 2821 2185 2876 mulcta-

596 2911 699 2970 vit,
732 2906 984 2976 deditque
1012 2923 1231 2976 operam
1282 2923 1350 2963 ne
1397 2923 1614 2978 prorsus
1659 2911 1800 2966 inter
1845 2926 1942 2967 vos
1988 2912 2184 2968 divinas

590 2999 912 3070 cognitionis
938 3001 1252 3072 praedicatio
1277 3002 1577 3058 audiretur.
1620 3004 1776 3074 Apud
1814 3007 2046 3078 reliquas
2087 3023 2183 3062 au-

593 3102 701 3146 tem
736 3092 982 3146 nationes
1017 3092 1134 3147 htec
1164 3102 1451 3149 cantantur
1479 3110 1542 3150 ac
1570 3097 1932 3164 celebrantur,
1967 3099 2034 3152 ab
2064 3098 2183 3154 aliis

586 3184 800 3255 quidem
833 3185 1131 3241 rectissima
1162 3188 1388 3255 ratione,
1418 3188 1487 3243 ab
1530 3189 1648 3242 aliis
1678 3199 1856 3245 autem
1907 3207 2180 3260 perverse,

2291 1963 2484 2004 nosum
2510 1951 2838 2008 domicilium
2872 1956 3274 2026 conspicantur,
3305 1961 3356 2015 in
3402 1977 3510 2024 quo
3554 1964 3878 2033 praesidebat

2289 2041 2373 2096 vir
2403 2043 2618 2113 quidam
2649 2054 2889 2102 extrema
2920 2048 3100 2117 in0pia
3129 2049 3402 2120 laborans,
3443 2068 3506 2108 ac
3531 2054 3730 2112 vilibus
3759 2059 3879 2128 qui-

2291 2136 2516 2193 busdam
2559 2149 2616 2195 et
2668 2140 2859 2198 laceris
2904 2144 3095 2213 pannis
3140 2146 3379 2204 indutus.
3428 2149 3652 2208 Astabat
3701 2163 3880 2210 autem

2290 2228 2460 2301 ipsius
2489 2247 2643 2297 uxor,
2668 2234 2848 2290 vinum
2879 2237 2978 2307 ipsi
3011 2246 3339 2309 temperans.
3374 2240 3612 2314 Cumque
3643 2245 3760 2316 ipse
3789 2261 3883 2317 po-

2290 2324 2469 2378 culum
2501 2325 2748 2381 manibus
2773 2329 3100 2398 accepisset,
3132 2331 3220 2386 illa
3261 2347 3425 2388 suave
3467 2335 3738 2405 quoddam
3766 2353 3884 2395 car-

2263 2429 2416 2471 -men
2445 2431 2662 2486 canens,
2693 2419 3019 2490 voluptatem
3049 2421 3149 2492 ipsi
3176 2423 3463 2493 allerebat,
3492 2427 3695 2486 saltans
3724 2432 3884 2487 nimi-

2292 2524 2450 2576 rum,
2499 2525 2564 2565 ac
2619 2513 2869 2567 maritum
2918 2513 3163 2570 laudibus
3213 2516 3497 2574 deliniens.
3553 2520 3665 2577 Rex
3722 2527 3882 2597 igitur

2289 2607 2674 2679 aliquantisper
2705 2610 2820 2667 haec
2859 2613 3211 2685 perspiciens,
3242 2618 3538 2674 mirabatur
3565 2620 3710 2690 quod
3757 2637 3880 2678 cum

2290 2707 2438 2754 tanta
2466 2711 2705 2772 egestate
2732 2715 3120 2774 premerentur,
3149 2717 3208 2764 ut
3255 2726 3353 2766 nec
3375 2711 3565 2767 domus
3589 2728 3690 2768 nec
3715 2715 3884 2770 vestis

2265 2789 2424 2860 ipsis
2449 2803 2786 2862 suppeteret,
2817 2803 2995 2851 tamen
3019 2813 3186 2867 usque
3209 2801 3344 2856 adeo
3374 2802 3547 2858 laetam
3575 2812 3630 2859 et
3652 2803 3882 2861 hilarem

2291 2883 2456 2939 vitam
2485 2884 2762 2944 ducerent.
2796 2888 2971 2959 Atque
3011 2890 3076 2946 ad
3107 2892 3416 2964 primarium
3445 2909 3597 2949 suum
3631 2897 3884 2952 consilia-

2291 2978 2428 3034 rium
2479 2980 2563 3036 his
2603 2982 2781 3038 verbis
2825 2985 3028 3040 utitur:
3061 2987 3106 3042 Ο
3151 3002 3264 3042 rem
3315 2989 3540 3054 miram,
3589 3004 3625 3045 ο
3673 2991 3879 3046 amice!

2290 3072 2434 3142 quod
2459 3074 2694 3143 scilicet,
2723 3092 2823 3132 nec
2850 3079 2978 3135 mihi
2999 3124 3013 3149 ,
3043 3095 3140 3136 nec
3164 3081 3291 3148 tibi,
3325 3082 3431 3136 vita
3457 3093 3662 3150 nostra,
3693 3100 3884 3155 quam-

2292 3167 2374 3220 vis
2405 3167 2604 3238 alioqui
2644 3177 2790 3224 tanta
2818 3171 2986 3240 gloria
3028 3183 3081 3227 et
3107 3172 3313 3228 deliciis
3341 3182 3398 3230 et
3427 3175 3697 3245 voluptate
3725 3177 3882 3232 undi-

583 3278 782 3348 quippe
812 3293 933 3333 cum
959 3279 1258 3335 animarum
1289 3290 1593 3336 nostrarum
1627 3283 1798 3338 hostis
1838 3299 1931 3340 eos
1961 3302 1990 3340 a
2035 3297 2180 3342 recta
2215 3260 2261 3326 δ
2292 3273 2398 3329 que
2443 3261 2740 3329 ⁶⁰¹¹¹¹⁰θ¹¹⁸ν
2787 3279 2958 3335 usque
3005 3265 3143 3321 adeo
3197 3282 3429 3337 ""quam
3485 3267 3782 3338 placuer't’
3828 3283 3884 3325 ω

588 3371 673 3425 via
724 3382 1056 3426 transversos
1103 3373 1302 3442 egerit,
1352 3382 1513 3443 atque
1551 3374 1606 3429 in
1657 3375 1861 3430 alienas
1900 3379 2182 3448 opiniones

585 3463 861 3531 diviserit,
890 3479 1091 3534 eosque
1118 3467 1233 3521 loca
1263 3467 1507 3534 quaedam
1534 3468 1728 3523 divinre
1768 3468 2059 3540 Scriptura:
2088 3473 2183 3528 ali-

585 3563 670 3609 ter
711 3568 888 3624 quam'
919 3570 1206 3627 germanus
1250 3572 1441 3614 sensus
1483 3559 1651 3626 ferat,
1695 3561 2038 3632 interpretari
2085 3565 2180 3620 do-

585 3645 776 3701 cuerit.
806 3646 1072 3701 Caeterum
1107 3662 1208 3702 una
1253 3658 1337 3704 est
1382 3650 1599 3716 veritas,
1635 3668 1756 3721 qua:
1784 3655 1852 3708 ab
1883 3655 2180 3712 illustribus

595 3740 853 3807 apostolis
881 3750 935 3795 et
960 3741 1154 3798 divinis
1181 3743 1419 3812 patribus
1451 3745 1735 3813 przrdicata
1768 3757 1884 3814 est,
1925 3759 1978 3804 et
2009 3766 2061 3806 tn
2092 3766 2182 3806 ca-

589 3831 808 3900 tholica,
839 3843 998 3907 atque
1027 3837 1095 3891 ab
1125 3838 1380 3893 extremis
1406 3839 1550 3896 orbis
1591 3841 1785 3896 ﬁnibus
1812 3845 1879 3898 ad
1907 3852 2180 3903 extremos

583 3929 754 3999 usque
789 3931 921 3987 ﬁnes
965 3931 1157 3988 dill‘usa
1198 3933 1434 3989 Ecclesia
1481 3935 1596 3990 sole
1634 3936 1966 4006 splendidius
2014 3940 2177 3997 lucet.

583 4019 754 4087 Quam
777 4023 991 4091 quidem
1015 4037 1115 4095 ego
1135 4031 1195 4079 ut
1219 4025 1315 4080 tibi
1339 4025 1687 4096 praedicarem
1709 4043 1772 4083 ac
1795 4031 2084 4099 traderem,
2106 4034 2175 4088 ad

585 4124 641 4168 te
666 4116 863 4170 missus
886 4129 1027 4171 sum.

655 4226 803 4282 Dixit
827 4237 1004 4286 autem
1034 4232 1099 4286 ad
1129 4247 1250 4288 eum
1280 4233 1574 4306 Josaphat:
1610 4234 1827 4293 Nihilne
1860 4236 2052 4294 horum
2083 4253 2178 4311 pa-

584 4328 669 4375 ter
696 4336 845 4377 meus
871 4339 1105 4394 unquam
1138 4325 1363 4382 didicit?

662 4438 955 4508 Respondit
984 4456 1185 4498 senex:
1212 4443 1500 4514 Perspicue
1530 4444 1778 4514 quidem,
1809 4454 1969 4516 atque
1995 4455 2053 4502 ut
2083 4462 2177 4518 par

583 4543 728 4600 erat,
763 4535 897 4590 nihil
941 4535 1148 4593 didicit.
1192 4537 1435 4594 Occlusis
1481 4541 1625 4596 enim
1673 4542 1941 4607 sensibus,
1974 4542 2174 4600 bonum

588 4630 657 4684 de
686 4630 948 4686 industria
978 4632 1260 4702 repudiat,
1291 4643 1454 4704 atque
1499 4635 1553 4689 in
1583 4636 1783 4690 malum
1811 4635 1977 4691 libera
2008 4637 2174 4694 animi
2201 4652 2257 4714 Ῑ)
2282 4630 2485 4724 ωθῇιθ,

585 4722 896 4778 inductione
925 4726 1243 4794 propendet.

651 4837 720 4891 At
749 4836 974 4906 vellem,
1021 4840 1193 4909 inquit
1219 4840 1516 4912 Josaphat,
1549 4843 1637 4900 ille
1676 4859 1889 4916 quoque
1935 4845 2035 4904 hac
2077 4848 2174 4905 do-

580 4929 749 4984 ctrina
775 4929 1125 4986 imbueretur.

652 5029 951 5100 Respondit
980 5046 1144 5088 senex
1172 5049 1187 5088 :
1216 5034 1344 5090 Haec
1374 5035 1512 5106 apud
1546 5035 1794 5094 homines
1819 5047 1945 5094 sunt
1970 5041 2171 5111 impos-

579 5121 790 5188 sibilia;
821 5124 961 5191 apud
994 5123 1162 5180 Deum
1193 5136 1372 5181 autem
1424 5128 1554 5183 nihil
1585 5140 1666 5184 est
1705 5131 1849 5197 quod
1898 5133 2014 5188 ﬁeri
2063 5149 2170 5190 non

579 5217 752 5285 possit
776 5216 1002 5286 (Matth.
1029 5219 1164 5287 xix).
1194 5218 1398 5289 Ecquid
1446 5221 1588 5276 enim
1629 5224 1735 5278 scis
1764 5221 2076 5281 futurumne
2103 5229 2172 5281 sit

578 5313 635 5358 ut
665 5306 799 5371 patri
832 5314 924 5360 tuo
950 5307 1175 5362 salutem
1207 5307 1422 5379 afferas,
1450 5320 1613 5380 atque
1657 5313 1971 5370 admirando
2012 5316 2172 5372 modo

577 5401 746 5469 patris
771 5399 843 5452 tui
875 5409 1024 5468 pater
1047 5401 1261 5457 tandem
1287 5403 1531 5458 voceris?
1558 5403 1839 5460 Narratum
1866 5409 2009 5463 enim
2038 5408 2170 5464 mihi

576 5503 660 5547 cst
690 5509 868 5563 regem
913 5498 1198 5564 quemdam
1227 5500 1524 5567 exstitisse,
1560 5500 1650 5570 qui
1694 5501 1950 5569 praeclare
1979 5502 2168 5559 admo-

574 5585 703 5642 dum
737 5588 932 5657 regiam
964 5604 1117 5645 suam
1140 5589 1451 5659 dignitatem
1477 5591 1916 5659 administrabat,
1951 5595 2169 5651 leniter-

574 5694 682 5747 que
711 5694 773 5733 ac
806 5679 1014 5745 placide
1045 5681 1299 5750 populum
1325 5698 1415 5752 qut
1447 5684 1616 5754 ipsius
1642 5682 1829 5739 ditioni
1867 5696 2027 5755 atque
2069 5687 2168 5742 im-

575 5773 729 5839 perio
757 5770 976 5825 suberat
1005 5771 1293 5836 tractabat,
1336 5773 1390 5828 in
1425 5776 1523 5830 hac
1567 5783 1743 5833 autem
1785 5791 1890 5832 una
1928 5794 1986 5835 re
2017 5779 2164 5837 labe-

578 5863 753 5930 batur,
777 5863 917 5931 quod
948 5861 1142 5918 divinae
1174 5865 1490 5936 cognitionis
1513 5869 1711 5927 lumine
1733 5881 1973 5939 careret,
2003 5883 2163 5946 atque

2289 3351 2410 3406 vilis
2441 3350 2556 3407 haec
2592 3363 2648 3408 et
2687 3369 2990 3412 mrumnosa
3026 3357 3134 3411 vita
3180 3359 3440 3416 vecordes
3486 3359 3619 3416 istos
3649 3361 3886 3418 oblectat

2289 3455 2345 3500 et
2367 3445 2656 3515 exhilarat,
2690 3457 2748 3502 ut
2774 3463 2915 3519 quae,
2949 3451 3160 3506 tametsi
3188 3451 3385 3522 alioqui
3416 3468 3607 3525 aspera
3645 3463 3702 3509 et
3726 3469 3882 3510 avcr-

2289 3537 2477 3606 sanda,
2509 3536 2680 3594 facilis
2711 3539 2845 3610 ipsis
2874 3557 2938 3598 ac
2982 3542 3176 3598 blanda
3208 3544 3475 3601 videatur.
3507 3546 3882 3616 Opportunam

2285 3641 2466 3687 autem
2500 3631 2686 3687 horam
2731 3642 2919 3690 nactus
2966 3637 3218 3707 princeps
3263 3638 3353 3694 ille
3393 3639 3756 3707 consiliarius,
3803 3641 3883 3695 in-

2287 3727 2437 3799 quit:
2473 3728 2554 3783 Tu
2581 3744 2734 3798 vero,
2764 3745 2798 3786 o
2825 3747 2942 3802 rex,
2986 3733 3286 3804 cujusmodi
3318 3735 3530 3790 tandem
3572 3735 3765 3790 horum
3796 3735 3884 3789 vi-

2287 3828 2393 3874 tam
2421 3834 2545 3876 esse
2573 3822 2888 3878 existimas?
2927 3826 3206 3892 Omnium,
3254 3827 3430 3897 inquit
3474 3827 3586 3894 ille,
3619 3842 3751 3898 quas
3781 3844 3885 3885 un-

2283 3927 2444 3981 quam
2473 3913 2702 3970 viderim
2724 3955 2740 3980 ,
2788 3915 3217 3973 insuavissimam
3249 3927 3303 3974 et
3341 3918 3700 3975 miserrimam
3721 3962 3737 3989 ,
3782 3937 3886 3976 ex-

2283 4004 2690 4075 secrationeque
2728 4005 2943 4079 dignam
2983 4019 3039 4066 et
3079 4012 3455 4067 aversandam.
3501 4013 3652 4068 Tunc
3689 4015 3766 4068 ait
3812 4014 3887 4074 ad

2283 4111 2405 4153 eum
2447 4101 2612 4172 279
2650 4103 2933 4169 primarius
2978 4104 3073 4161 ille
3101 4106 3484 4163 consiliarius:
3519 4107 3601 4164 Ad
3630 4110 3884 4169 eumdem

2281 4191 2355 4247 ita
2386 4194 2607 4249 modum
2638 4193 2769 4250 mihi
2815 4197 3001 4267 crede,
3026 4212 3060 4253 ο
3089 4214 3205 4266 rex,
3238 4214 3301 4255 ac
3331 4201 3500 4257 multo
3528 4204 3688 4258 etiam
3721 4219 3884 4261 acer-

2280 4284 2399 4340 bior
2437 4287 2547 4341 vita
2597 4296 2779 4344 nostra
2815 4288 2883 4344 iis
2929 4304 3050 4346 esse
3087 4291 3319 4361 videtur,
3348 4294 3438 4364 qui
3486 4298 3882 4366 sempiternam

2279 4377 2425 4434 illam
2457 4381 2685 4451 gloriam
2705 4425 2718 4452 ,
2755 4397 2821 4438 ac
2849 4384 2987 4439 bona
3017 4385 3107 4439 illa
3137 4401 3257 4455 quae
3301 4401 3516 4443 omnem
3560 4390 3758 4445 mentis
3785 4406 3880 4447 ca-

2280 4480 2429 4543 ptum
2483 4486 2778 4544 superant,
2827 4479 3262 4548 contemplantur
3307 4489 3469 4551 atque
3523 4496 3878 4554 cognoscunt.

2280 4563 2455 4633 Atque
2478 4578 2611 4620 auro
2640 4565 2922 4622 rutilantes
2965 4569 3130 4638 mdes,
3172 4584 3235 4626 ac
3267 4572 3530 4642 praeclara
3563 4575 3678 4629 haec
3721 4576 3882 4630 indu-

2527 4668 2844 4731 cmteraeque
2889 4663 3012 4717 vita:
3055 4663 3293 4732 deliciae,
3327 4666 3392 4722 iis
3437 4668 3526 4736 qui
3574 4653 3878 4725 cmlestium

2285 4750 2757 4806 tabernaculorum
2800 4767 2907 4808 non
2948 4769 3110 4809 manu
3154 4755 3446 4824 factorum,
3481 4761 3754 4829 vestisque
3792 4761 3881 4817 di-

2282 4840 2481 4898 vinitus
2505 4853 2794 4913 contextae,
2822 4861 2885 4902 ac
2919 4847 3280 4904 diadetnatum
3309 4853 3668 4922 corruptionis
3698 4858 3881 4912 omnis

2281 4936 2612 5004 expertium,
2653 4954 2771 5008 quae
2814 4954 2992 4996 rerum
3032 4944 3272 4998 omnium
3314 4945 3639 5002 architectus
3669 4962 3733 5003 ac
3762 4949 3877 5006 Do-

2278 5027 2456 5083 minus
2475 5028 2814 5101 diligentibus
2835 5047 2895 5088 se
2923 5037 3267 5104 prteparavit,
3293 5039 3616 5095 stercoribus
3638 5051 3692 5096 et
3716 5057 3879 5099 emno

2277 5118 2550 5177 fetidiores
2582 5125 2848 5180 videntur.
2875 5127 2926 5199 (ι
2959 5127 3080 5183 Cor.
3106 5130 3188 5202 tt).
3221 5131 3680 5198 Quemadmodum
3726 5139 3877 5194 enim

2276 5210 2364 5265 isti
2389 5211 2589 5281 judicio
2617 5225 2802 5271 nostro
2828 5233 2891 5274 ac
2929 5223 3192 5276 sententia
3237 5224 3532 5294 desipiunt,
3567 5228 3636 5282 ita
3665 5231 3832 5285 etiam
3856 5272 3876 5300 ,

2276 5319 2340 5359 ac
2371 5305 2540 5361 multo
2566 5310 2756 5380 magis,
2787 5326 2886 5367 nos
2912 5315 3000 5384 qui
3032 5314 3083 5369 in
3115 5317 3316 5373 mundo
3338 5321 3675 5389 aberramus,
3710 5338 3877 5396 atque

2277 5397 2331 5452 in
2361 5400 2605 5456 mendaci
2637 5405 2734 5457 hac
2779 5406 2968 5474 gloria,
3002 5409 3288 5480 stultisque
3318 5412 3526 5470 deliciis
3555 5417 3714 5473 nobis
3758 5421 3876 5484 pla-

2277 5506 2481 5560 cemus,
2523 5495 2577 5548 in
2602 5511 2788 5553 eorum
2825 5499 2997 5557 oculis
3027 5504 3117 5573 qui
3150 5504 3413 5561 bonorum
3439 5507 3654 5564 illorum
3685 5511 3878 5569 dulce-

2269 5585 2452 5644 dinem
2475 5589 2823 5660 degustarunt
2847 5593 2990 5650 luctu
3017 5605 3072 5651 et
3102 5597 3354 5669 lacrytnis
3375 5601 3519 5672 digni
3550 5619 3759 5660 sumus.

2343 5681 2434 5735 His
2463 5691 2641 5739 autem
2671 5686 2849 5742 verbis
2890 5688 3167 5759 perculsus
3213 5705 3308 5748 rex
3329 5735 3343 5760 ,
3386 5692 3597 5765 inquit:
3631 5698 3870 5765 Quinam

2267 5776 2428 5846 igitur
2455 5777 2531 5832 illi
2558 5787 2685 5834 sunt
2711 5785 2799 5851 qui
2827 5785 3250 5853 praestantiorem
3283 5787 3435 5843 nobis
3466 5791 3628 5844 vitam
3656 5794 3867 5860 agunt?

2266 5868 2486 5940 Omnes,
2516 5870 2688 5954 inquit
2714 5874 2824 5945 ille,
2857 5876 2949 5960 qui
2976 5880 3302 5955 sempiterna
3332 5881 3549 5940 caducis
3578 5894 3634 5941 et
3661 5884 3865 5961 fragili-
