4104 6356
274 339 381 398 505

704 342 860 400 νιτΑ
902 343 1322 408 SANCTORUM
1365 352 1695 412 BARLAAM
1725 355 1825 427 ER

1939 357 2074 414 lT/E
2118 360 2205 418 ET
2243 361 2594 421 JOSAPHAT
2637 365 2844 425 iNDL‘E
2885 368 3114 428 REGIS.

3440 379 3542 436 506

268 457 368 513 bus
399 459 763 528 prmtulerunt.
794 460 1035 534 Cumque
1064 481 1158 522 rex
1189 483 1400 525 rursum
1432 488 1679 542 quienam
1708 490 1849 530 sem-
1879 477 1930 537 Α
1955 478 2164 533 cuidam
2187 479 2392 550 juveni,
2416 498 2575 553 quem
2604 485 2836 554 copiosis
2856 495 3015 558 atque
3037 487 3418 548 illustrissimis
3442 509 3539 564 pa-

265 553 480 624 piterna
510 552 604 608 illa
649 564 833 611 essent
861 559 1227 627 quaesivisset;
1261 565 1536 633 respondit
1584 567 1710 621 ille:
1743 568 1848 622 Re-

267 662 430 716 gnum
466 647 533 702 ab
572 650 718 704 omni
763 653 1108 710 successione
1157 657 1422 728 alienum,
1453 676 1517 716 ac
1547 661 1650 717 vita
1692 664 1851 719 morti

264 740 484 796 minime
512 740 766 808 obnoxia,
800 751 854 798 et
884 759 1013 811 opes
1038 755 1329 814 egestatem
1375 767 1481 806 non
1515 764 1848 823 metuentes,

261 831 443 890 laetitia
472 834 598 891 item
630 845 684 891 et
712 837 996 895 oblectatio
1023 840 1092 896 ab
1121 844 1267 897 omni
1299 846 1554 902 maestitia
1579 857 1634 904 et
1663 850 1847 906 dolore

255 923 522 993 Sejuncta,
557 941 765 998 paxque
793 940 1048 1000 perpetua
1077 974 1090 998 ,
1124 942 1180 990 et
1209 935 1278 990 ab
1305 939 1450 993 omni
1484 940 1764 996 inimicitia
1795 953 1849 1000 et

256 1019 598 1074 contentione
640 1019 825 1078 libera.
858 1023 949 1078 llis
979 1024 1134 1081 bonis
1159 1069 1172 1093 ,
1223 1029 1414 1098 quibus
1459 1032 1713 1089 divinitus
1744 1035 1847 1091 frui

254 1109 556 1179 contigerit,
577 1110 716 1167 beati
749 1113 824 1167 illi
847 1129 909 1169 ac
939 1131 1083 1186 sazpe
1121 1117 1291 1184 beati;
1330 1126 1496 1178 vitam
1523 1125 1664 1180 enim
1695 1129 1843 1184 omni

255 1200 444 1258 labore
474 1213 528 1260 et
559 1189 813 1262 mmstitia
853 1224 1074 1265 vacuam
1108 1213 1158 1266 in
1211 1228 1371 1272 omne
1396 1232 1567 1274 savum
1602 1219 1843 1285 ducent,

251 1295 504 1351 omnibus
547 1299 694 1368 regni
726 1299 822 1356 Dei
858 1301 1287 1372 jucunditatibus
1331 1319 1388 1364 et
1435 1310 1845 1370 oblectamentis

248 1387 366 1444 sine
394 1389 503 1446 ullo
526 1391 708 1448 labore
738 1395 996 1461 fruentes,
1046 1412 1109 1452 ac
1137 1415 1259 1455 cum
1289 1401 1504 1460 Christo
1551 1405 1602 1460 in
1654 1423 1844 1478 perpe-

247 1489 400 1536 tuum
450 1494 755 1552 regnantes.
814 1485 1057 1559 Cumque
1109 1506 1203 1546 rex
1252 1493 1478 1550 dixisset
1519 1515 1533 1552 :
1585 1498 1840 1567 Quisnam

245 1575 462 1632 tandem
494 1576 611 1632 haec
638 1581 891 1651 consequi
926 1586 1361 1652 promerebitur?
1388 1592 1666 1659 reSpondit
1707 1593 1797 1649 ille
1824 1615 1836 1649 :

240 1669 445 1727 Omnes
474 1672 563 1743 qui
596 1676 760 1730 vitam
792 1677 920 1732 illuc
949 1678 1236 1738 ducentem
1281 1685 1638 1755 arripuerint;
1693 1690 1838 1745 aditu

238 1763 386 1819 enim
411 1779 573 1849 gemo
593 1766 926 1838 prohibetur,
949 1773 1038 1842 qui
1068 1775 1229 1831 modo
1255 1778 1506 1836 voluerit.
1539 1781 1672 1836 Tum
1697 1799 1790 1838 rex
1818 1800 1834 1838 :

1958 568 2198 624 rentibus
2225 580 2405 626 natum
2439 588 2561 630 esse
2593 575 2867 644 intellexi,
2905 578 3141 636 similem
3175 589 3225 635 te
3253 582 3542 650 praebebis.

1956 658 2051 714 Cui
2081 675 2202 716 cum
2236 673 2388 733 pater
2415 666 2608 723 nobilis
2638 668 2915 739 cujusdam
2961 681 3119 743 atque
3148 673 3199 728 in
3231 676 3417 742 primis
3449 693 3544 733 co-

1955 751 2089 820 piosi
2154 755 2256 809 viri
2321 757 2483 812 filiam
2550 761 2744 832 insigni
2809 764 3202 832 pulchritudine
3261 772 3539 840 prmditatn

1952 841 2345 913 despondisset,
2381 864 2444 904 ac
2476 850 2542 906 de
2575 851 2882 923 hujusmodi
2915 861 3254 916 matrimonio
3282 877 3402 919 cum
3427 866 3539 923 filio

1952 947 2258 992 sermonem
2288 943 2694 1011 conseruisset,
2728 948 2959 1020 quidque
3009 951 3062 1006 in
3104 955 3284 1009 animo
3316 957 3541 1016 haberet

1950 1033 2308 1104 exposuisset,
2339 1035 2456 1093 hrec
2484 1046 2541 1094 ut
2563 1040 2653 1095 ille
2676 1043 2897 1110 audivit,
2923 1061 3074 1116 quast
3096 1047 3354 1105 absonum
3379 1053 3536 1122 quid-

1949 1123 2071 1179 dam
2100 1141 2164 1182 ac
2193 1142 2604 1203 praeposterum,
2635 1134 2939 1206 hujusmodi
2963 1155 3074 1195 rem
3109 1145 3410 1210 excutiens,
3443 1164 3530 1203 re-

1949 1215 2078 1272 licto
2108 1231 2256 1288 patre
2279 1225 2526 1296 profugit.
2551 1225 2793 1300 Cumque
2822 1231 2925 1287 iter
2947 1230 3164 1299 faceret,
3189 1238 3328 1306 apud
3349 1255 3532 1297 senem

1953 1313 2236 1379 quemdam
2273 1330 2599 1388 pauperem,
2627 1330 2742 1377 uta
2773 1323 2874 1380 diei
2903 1334 3036 1380 aestu
3076 1341 3197 1383 sese
3234 1340 3534 1401 recrearet,

1947 1401 2184 1460 divertit.

2020 1492 2150 1549 Filia
2197 1511 2357 1564 porro
2399 1501 2544 1556 senis
2581 1504 2724 1560 illius
2752 1521 2868 1575 quae
2903 1509 3055 1564 unica
3101 1510 3172 1566 illi
3199 1511 3346 1585 virgo
3376 1526 3524 1581 erat,

1947 1601 2045 1654 pro
2076 1588 2280 1646 foribus
2308 1594 2528 1664 sedens,
2561 1599 2806 1654 manibus
2836 1603 3178 1672 operabatur,
3223 1621 3320 1661 ore
3356 1617 3533 1664 autem

1946 1678 2113 1735 Deum
2163 1683 2279 1739 sine
2328 1684 2433 1740 ulla
2483 1688 2890 1748 intermissione
2934 1695 3216 1761 laudabat,
3249 1714 3314 1753 ex
3348 1699 3535 1754 intimo

1946 1783 2170 1842 pectore
2201 1779 2410 1844 gratias
2442 1781 2543 1850 ipsi
2573 1799 2761 1854 agens.
2795 1785 2965 1853 Ipsius
2999 1799 3173 1844 autem
3218 1792 3425 1848 laudem
3451 1794 3534 1861 ju-

239 1853 317 1910 Ει
342 1871 606 1937 quamam,
637 1860 830 1931 inquit,
854 1876 935 1918 es;
960 1865 1040 1920 via
1067 1883 1168 1937 qua
1198 1869 1325 1925 mue
1364 1872 1507 1928 “ur?
1533 1874 1835 1945 Respondit
1865 1874 1914 1935 B
1942 1868 2093 1922 venis
2116 1870 2366 1938 audiens,
2393 1877 2465 1926 ait
2490 1890 2504 1935 ;
2531 1853 2829 1942 Quodnam,
2867 1895 2899 1932 o
2935 1882 3128 1948 puella,
3157 1892 3300 1938 tuum
3324 1884 3533 1940 institu-

235 1945 334 2003 ille
385 1949 626 2019 praeclari
668 1953 832 2008 animi
869 1955 986 2011 vir:
1022 1959 1362 2030 Cognoscere
1414 1967 1587 2022 solum
1646 1985 1832 2025 verum

235 2039 431 2109 Demn,
460 2052 513 2098 et
540 2042 721 2100 Jesum
751 2047 1029 2106 Christum
1063 2053 1394 2124 unigenitum
1429 2058 1598 2128 ipsius
1626 2060 1789 2116 filium
1815 2105 1828 2130 ,

233 2142 292 2191 et
318 2147 559 2192 sanctum
591 2153 654 2194 ac
689 2140 955 2197 vivilicum
981 2144 1239 2216 Spiritum
1269 2149 1453 2219 (Joau.
1489 2153 1645 2224 xvn).

309 2229 424 2285 Rex
449 2230 629 2302 igitur,
661 2233 806 2305 regia
837 2251 967 2292 sane
989 2240 1269 2307 prudentia
1301 2245 1578 2314 praeditus,
1610 2247 1677 2302 ad
1701 2264 1826 2305 eum

232 2319 413 2392 inquit
439 2339 454 2378 :
479 2323 545 2379 Et
569 2325 821 2394 quidnam
853 2328 1178 2388 hactenuste
1205 2336 1496 2406 prohibuit,
1541 2343 1830 2410 quominus

230 2413 364 2470 mihi
392 2415 502 2471 haec
523 2421 862 2486 exponeres?
885 2421 1070 2494 Neque
1090 2427 1234 2482 enim
1260 2429 1374 2486 haec
1396 2437 1744 2492 cunctatione
1767 2451 1830 2493 ac

230 2508 487 2565 dilatione
533 2511 664 2567 tnihi
696 2513 854 2583 digna
885 2530 1006 2572 esse
1033 2519 1304 2588 videntur,
1352 2524 1397 2577 si
1442 2525 1660 2594 quidem
1701 2543 1828 2583 vera

226 2613 377 2657 sunt.
411 2602 562 2668 Quod
585 2604 634 2677 si
665 2605 822 2661 dubia
855 2618 1000 2664 sunt.
1024 2611 1212 2666 sedulo
1245 2622 1297 2667 et
1317 2625 1567 2671 accurate
1597 2617 1828 2673 investi-

226 2695 460 2767 gandum
477 2711 580 2764 εει,
600 2697 946 2771 quoadusque
974 2718 1035 2758 ea
1066 2705 1199 2760 citra
1225 2707 1384 2764 ullam
1407 2710 1820 2781 ambiguitatem

220 2805 291 2848 ac
321 2791 708 2851 dubitationem
737 2797 1098 2854 inveniamus.
1134 2801 1249 2858 Non
1294 2804 1614 2875 negligentia
1646 2817 1700 2862 et
1731 2823 1826 2863 so-

227 2883 414 2940 cordia
462 2883 660 2941 factum
711 2896 821 2956 est,
870 2890 944 2945 ait
984 2892 1110 2959 ille,
1146 2904 1202 2949 ut
1252 2895 1350 2951 tibi
1394 2897 1509 2954 haec
1555 2914 1826 2969 exponere

224 2986 531 3044 cunctarer,
561 2993 684 3036 cum
728 2996 854 3038 vera
881 2984 995 3039 sint
1021 2993 1184 3056 atque
1209 2987 1280 3043 ab
1309 2991 1454 3044 omni
1488 2990 1822 3050 dubitatione

221 3080 465 3138 remota;
488 3087 678 3128 verum
707 3075 850 3146 quod
875 3079 1231 3136 excellentem
1260 3083 1444 3152 gloriae
1477 3092 1580 3139 tuae
1603 3088 1818 3155 magni~

224 3166 470 3223 tudinem
497 3183 734 3239 vererer,
762 3182 924 3242 atque
954 3173 1083 3230 illud
1117 3191 1435 3244 metuerem,
1471 3196 1538 3236 ne
1569 3182 1663 3237 tibi
1693 3199 1816 3255 gra-

1944 1966 2051 2012 tttm
2082 1961 2208 2013 est?
2237 1962 2306 2016 Et
2335 1979 2497 2032 quam
2533 1966 2602 2020 ob
2629 1983 2842 2024 causam
2871 2013 2886 2036 ,
2919 1989 3040 2028 cum
3076 1975 3124 2028 in
3159 1985 3301 2032 tanta
3331 1978 3534 2034 vilitate

1935 2058 1989 2102 et
2038 2051 2217 2120 inopia
2274 2057 2533 2122 verseris,
2583 2067 2830 2130 tanquam
2879 2064 2949 2119 ob
2998 2065 3228 2135 ingentia
3273 2069 3532 2126 beneficia

1935 2153 2184 2212 accepta,
2220 2143 2412 2200 horum
2445 2160 2722 2207 auctorem
2754 2155 2911 2209 laude
2940 2157 3146 2213 afﬁcis?
3183 2159 3300 2228 Ipsa
3345 2173 3527 2218 autem

1934 2236 2000 2291 ad
2032 2252 2152 2293 eum
2187 2243 2501 2309 reSpondit:
2533 2247 2612 2300 An
2664 2249 2838 2303 nescis
2887 2251 3025 2320 quod
3079 2255 3526 2322 quemadmodum

1933 2332 2181 2400 ex'guum
2205 2333 2551 2401 pharmaeum
2570 2353 2600 2393 e
2625 2342 2833 2410 magnis
2859 2344 3168 2416 plerumque
3197 2349 3359 2418 280
3383 2365 3524 2404 utor-

1934 2419 2017 2475 bis
2053 2424 2333 2480 hominem
2367 2427 2558 2497 eripit,
2591 2432 2783 2488 eodem
2817 2435 2978 2491 modo
3009 2437 3172 2491 etiam
3226 2441 3294 2494 ob
3338 2456 3525 2508 parvas

1933 2528 2021 2568 res
2054 2514 2162 2570 Deo
2191 2519 2389 2585 gratias
2417 2535 2578 2590 agere
2603 2563 2619 2587 ,
2655 2525 2888 2594 ingentia
2922 2528 3060 2582 bona
3092 2531 3384 2586 conciliat?
3414 2533 3525 2604 Ego

1932 2605 2091 2676 igitur
2115 2615 2363 2681 pauperis
2395 2616 2540 2670 senis
2571 2618 2704 2681 filia,
2738 2621 2807 2674 ob
2839 2622 3027 2691 exigua
3061 2623 3173 2678 haec
3199 2626 3397 2692 gratias
3423 2643 3523 2697 ago

1930 2713 1993 2754 ac
2021 2700 2305 2758 Dominum
2337 2706 2578 2763 laudibus
2608 2708 2805 2777 aflicio,
2841 2712 2974 2768 illud
3023 2716 3274 2771 nimirum
3323 2719 3518 2787 explo-

1929 2803 2106 2867 ratujn
2143 2797 2346 2855 habens
2373 2841 2388 2866 ,
2419 2804 2562 2872 quod
2595 2805 2685 2875 qui
2719 2806 2831 2862 haec
2862 2807 3048 2877 dedit,
3084 2811 3285 2880 majora
3311 2827 3523 2883 quoque

1928 2887 2059 2946 dare
2090 2899 2280 2958 potest.
2321 2897 2497 2966 Atque
2525 2898 2642 2955 haec
2671 2901 2885 2970 quidem
2913 2903 2981 2959 de
3003 2904 3163 2962 rebus
3186 2907 3426 2962 externis
3453 2923 3518 2964 ac

1929 2984 2150 3040 minime
2182 2989 2378 3042 nostris
2399 3032 2414 3056 ,
2445 3006 2511 3046 ex
2538 2996 2733 3062 quibus
2765 3011 2865 3052 nec
2897 2997 2980 3053 his
3025 3001 3112 3070 qui
3149 3001 3315 3055 multa
3351 3003 3521 3071 possi-

1933 3079 2062 3135 dent
2091 3082 2292 3139 fructus
2325 3085 2463 3141 ullus
2484 3128 2499 3153 ,
2539 3081 2645 3142 imo
2682 3090 2840 3146 etiam
2872 3107 3016 3163 saepe
3043 3095 3297 3150 damnum
3327 3099 3518 3166 oritur,

1927 3186 2027 3227 nec
2057 3174 2137 3227 his
2160 3176 2249 3245 qui
2281 3179 2529 3246 pauciora
2553 3193 2895 3253 acceperunt,
2923 3186 3320 3242 incommodum
3347 3190 3512 3246 ullum

224 3261 305 3315 τίς
336 3275 400 3316 ac
429 3261 687 3319 molestus
715 3279 916 3322 essem,
954 3267 1217 3336 Quocirca
1251 3272 1297 3325 si
1334 3271 1464 3326 mihi
1489 3273 1693 3330 famulo
1725 3287 1814 3332 ιυο
1846 3256 1895 3321 C
1925 3278 1986 3319 ac
2012 3264 2395 3323 detrimentum
2429 3271 2632 3340 existit,
2661 3275 2859 3344 quippe
2887 3291 3008 3332 cum
3043 3279 3250 3350 utrique
3272 3282 3519 3339 eamdem

221 3352 331 3410 hoc
359 3354 608 3424 imperas,
633 3366 692 3411 ut
722 3366 775 3414 te
799 3359 868 3415 de
899 3359 986 3415 his
1018 3362 1181 3418 rebus
1205 3362 1260 3418 in
1295 3374 1568 3434 posterum
1595 3370 1818 3426 submo-

218 3462 381 3505 neam
406 3489 420 3514 ,
454 3449 680 3519 imperio
707 3461 800 3508 tuo
824 3454 1111 3526 obsequar.
1143 3456 1310 3521 Sane,
1346 3457 1516 3528 inquit
1547 3476 1640 3516 rex
1671 3500 1685 3526 ,
1710 3477 1818 3520 non

221 3541 454 3600 interdiu
479 3545 674 3613 solum,
706 3547 802 3602 sed
831 3548 989 3604 etiam
1012 3550 1249 3620 qualibet
1281 3551 1411 3607 hora
1446 3554 1575 3608 mihi
1625 3554 1816 3611 barum

220 3650 404 3694 rerum
436 3637 748 3694 memoriam
779 3656 997 3698 renova.
1023 3643 1209 3714 Neque
1229 3645 1372 3700 enim
1397 3647 1730 3716 negligenter
1753 3663 1817 3704 ac

221 3729 624 3802 perfunctorie,
662 3747 849 3788 verum
898 3750 1112 3792 summo
1158 3736 1337 3794 studio
1366 3754 1428 3794 ac
1476 3742 1692 3797 fervore
1735 3743 1817 3799 bis

219 3823 385 3883 rebus
414 3824 655 3880 animum
702 3826 983 3883 intendere
1032 3839 1266 3901 oportet.
1297 3831 1489 3888 Audivi
1531 3833 1711 3904 igitur,
1745 3837 1818 3890 ait

222 3917 488 3987 Barlaam,
518 3918 659 3975 hunc
680 3935 858 3990 regem
888 3920 1146 3992 deinceps
1176 3925 1262 3993 pie
1289 3939 1352 3979 ac
1375 3925 1628 3998 religiose
1650 3927 1814 3983 vitam

221 4008 542 4077 instituisse,
558 4013 947 4084 praesentisque
962 4015 1084 4070 vita:
1102 4015 1371 4072 curriculo
1384 4017 1588 4087 placide
1603 4032 1666 4074 ac
1681 4028 1818 4073 trana

219 4103 386 4175 quille
414 4103 680 4173 confecto,
711 4108 1094 4176 sempiternam
1127 4109 1518 4167 beatitudinem
1551 4126 1814 4168 Consecu-

223 4207 336 4256 tum
368 4215 506 4256 esse.
539 4202 899 4269 Quamobrem
930 4205 975 4260 si
1014 4206 1132 4275 quis
1180 4207 1342 4262 etiam
1397 4219 1606 4278 patrem
1662 4219 1812 4264 tuum

219 4292 290 4348 de
315 4291 398 4348 his
419 4294 578 4350 rebus
604 4295 921 4364 tempestive
942 4296 1250 4366 admoneat,
1285 4298 1530 4354 fortassis
1556 4301 1816 4371 intelliget

221 4397 386 4456 atque
425 4387 764 4458 exploratum
797 4387 1016 4445 habebit
1060 4392 1275 4461 quantis
1325 4391 1478 4447 malis
1517 4392 1814 4463 implicitus

221 4487 487 4549 teneatur,
522 4490 682 4552 atque
709 4481 776 4538 ab
803 4483 868 4536 iis
916 4497 1038 4539 sese
1083 4494 1373 4551 avertens,
1424 4486 1566 4556 quod
1612 4487 1812 4542 bonum

219 4582 333 4640 est,
379 4573 730 4644 amplectetur
758 4575 847 4647 (II
884 4575 1000 4632 Pet.
1035 4577 1102 4648 ι).
1128 4577 1262 4634 Nam
1290 4579 1343 4634 in
1370 4581 1656 4650 praesentia
1683 4585 1808 4654 qui-

1924 3358 2063 3412 viam
2097 3359 2333 3431 obeant,
2363 3371 2524 3433 atque
2553 3366 2619 3420 ad
2665 3367 2912 3422 eumdem
2963 3371 3123 3424 linem
3171 3374 3516 3430 contendant.

1921 3448 1994 3504 At
2025 3452 2072 3504 in
2105 3453 2167 3506 iis
2198 3469 2318 3523 quae
2352 3460 2520 3527 magis
2553 3461 2854 3516 necessaria
2892 3461 3218 3533 majorisque
3260 3469 3515 3523 momenti

1922 3553 2068 3612 sunt,
2094 3547 2275 3604 multis
2301 3551 2657 3624 maximisque
2679 3595 2693 3619 ,
2720 3562 2881 3626 atque
2914 3557 3049 3612 adeo
3084 3559 3382 3614 innumeris
3425 3562 3517 3616 be-

1923 3637 2129 3692 neficiis
2159 3654 2190 3694 a
2219 3640 2332 3696 Deo
2361 3642 2552 3698 affecta
2585 3659 2741 3713 sum;
2768 3649 2967 3704 etenim
2998 3649 3065 3704 ad
3101 3649 3189 3705 Dei
3230 3651 3516 3724 imaginem

1921 3731 2157 3800 condita,
2191 3733 2464 3806 ipsiusque
2489 3740 2795 3807 cognitione
2815 3740 3040 3809 imbuta,
3062 3751 3115 3797 et
3141 3744 3346 3799 ratione
3371 3761 3514 3813 pra:-

1927 3833 2007 3880 ter
2055 3829 2235 3884 omnia
2280 3830 2572 3887 animantia
2626 3844 2908 3900 exornata,
2965 3845 3019 3890 et
3064 3851 3131 3892 ex
3183 3848 3378 3904 morte,
3421 3855 3516 3910 per

1921 3919 2131 3976 viscera
2175 3922 2566 3980 misericordia:
2613 3926 2711 3983 Dei
2764 3928 2929 3982 nostri
2976 3927 3044 3983 ad
3072 3929 3234 3984 vitam
3265 3931 3516 3987 revocata

1921 4027 2041 4070 sum
2067 4056 2084 4082 ,
2118 4029 2179 4070 ac
2210 4016 2678 4086 percipiendorum
2713 4019 2880 4090 ipsius
2925 4032 3382 4077 sacramentorum
3430 4039 3517 4093 pos

1923 4117 2170 4164 testatem
2223 4111 2428 4181 accepi.
2479 4112 2720 4182 Denique
2769 4114 3000 4184 paradisi
3055 4125 3206 4185 porta
3253 4115 3516 4186 patefacta

1920 4209 2022 4266 est,
2059 4201 2283 4259 liberum
2315 4204 2474 4271 mihi,
2503 4205 2547 4259 si
2579 4206 2798 4276 quidem
2826 4207 3045 4264 voluero
3072 4250 3088 4274 ,
3120 4209 3325 4263 aditum
3377 4225 3515 4278 pra:-

1920 4295 2076 4352 bens.
2114 4298 2188 4353 De
2216 4306 2292 4353 tot
2321 4298 2484 4369 igitur
2508 4315 2572 4356 ac
2606 4301 2768 4356 tantis
2799 4302 3096 4369 beneficiis,
3129 4319 3356 4374 quorum
3385 4319 3514 4372 pau-

1921 4404 2078 4459 peres
2124 4406 2275 4460 aeque
2325 4407 2388 4447 ac
2437 4393 2628 4448 divites
2682 4395 2972 4464 participes
3002 4404 3158 4460 sunt,
3190 4396 3378 4465 dignas
3407 4396 3514 4452 Deo

1920 4483 2119 4553 gratias
2149 4500 2309 4554 agere
2342 4500 2564 4554 prorsus
2587 4502 2818 4557 nequeo.
2850 4486 3002 4553 Quod
3026 4488 3070 4540 si
3098 4488 3345 4553 exiguam
3373 4487 3512 4540 hanc

1925 4591 2140 4647 quoque
2193 4577 2407 4632 laudem
2435 4578 2484 4632 ei
2515 4579 2602 4646 qui
2630 4594 2717 4633 me
2747 4587 2824 4632 tot
2875 4577 3185 4633 muneribus
3215 4579 3513 4636 cumulavit

217 4667 342 4728 dem
370 4685 545 4728 caecus
570 4681 673 4741 est,
711 4682 766 4728 et
795 4688 954 4729 manu
988 4682 1200 4730 tentans
1220 4716 1234 4740 ,
1263 4677 1431 4746 utqui
1461 4692 1589 4744 vero
1615 4678 1815 4734 lumine
1843 4666 1898 4727 D
1922 4671 2147 4725 minime
2175 4671 2453 4737 obtulere,
2483 4687 2641 4741 quam
2675 4673 2886 4728 tandem
2924 4674 3323 4730 excusationem
3357 4675 3507 4731 habi-

215 4779 344 4823 sese
386 4764 582 4821 orbarit
611 4806 626 4832 ,
656 4773 816 4836 atque
846 4766 914 4820 ad
943 4767 1236 4836 impietatis
1279 4766 1533 4823 tenebras
1582 4769 1818 4823 transfu-

215 4855 386 4930 gerit.

293 4949 435 5004 Dixit
456 4958 633 5007 autem
656 4948 722 5004 ad
751 4964 874 5006 eum
900 4947 1195 5021 Josaphat:
1225 4951 1302 5008 De
1333 4959 1481 5020 patre
1505 4967 1648 5019 meo,
1671 4953 1815 5024 quod

214 5044 479 5102 Dominus
502 5043 745 5114 jusserit,
781 5044 892 5101 fiat.
920 5044 1054 5100 Nam
1085 5046 1223 5114 ipsi,
1257 5046 1400 5101 velut
1427 5046 1590 5102 etiam
1634 5047 1730 5103 abs
1763 5056 1815 5104 te

214 5138 419 5194 dictum
451 5147 554 5206 εει,
584 5152 648 5194 ea
678 5138 858 5194 omnia
891 5139 1168 5210 possibilia
1198 5148 1359 5209 sunt,
1397 5156 1519 5212 qua}
1543 5141 1686 5212 apud
1717 5141 1815 5197 ho-

213 5232 398 5290 mines
425 5229 782 5300 impossibilia
811 5246 934 5288 esse
959 5232 1228 5288 videntur.
1269 5233 1378 5302 Ego
1410 5249 1540 5290 vero
1571 5249 1668 5303 per
1693 5235 1812 5290 exi-

214 5325 355 5380 mios
383 5338 446 5378 ac
472 5323 770 5394 singulares
801 5333 920 5380 tuos
949 5337 1236 5380 sermones
1256 5365 1271 5391 ,
1297 5325 1551 5381 vanitatis
1573 5341 1813 5396 praesen-

215 5422 350 5476 tium
385 5435 564 5476 rerum
587 5428 870 5491 pertaesus,
895 5418 965 5474 ab
985 5418 1068 5473 his
1096 5418 1310 5489 quidem
1336 5420 1554 5475 omnino
1571 5420 1810 5474 animum

213 5515 489 5570 abducere
527 5514 814 5582 constitui,
847 5527 912 5568 ac
964 5521 1179 5582 tecum,
1215 5513 1475 5585 quidquid
1524 5515 1657 5570 mihi
1690 5515 1813 5570 vitae

214 5616 500 5678 superest,
533 5608 845 5674 traducere,
895 5622 964 5663 ne
995 5622 1088 5677 per
1119 5608 1258 5662 fluxa
1290 5616 1343 5663 et
1370 5607 1576 5677 fragilia
1605 5608 1809 5676 sempi-

217 5710 496 5758 ternorum
523 5701 787 5759 bonorum
810 5709 868 5758 et
888 5702 1034 5758 omni
1060 5699 1278 5756 interitu
1306 5700 1605 5757 alienorum
1634 5699 1809 5755 fructu

217 5796 593 5965 “illiganda
635 5909 836 5954 senex:
872 5893 931 5951 Si
981 5895 1082 5951 hoc
1132 5893 1356 5959 feceris,
1392 5892 1808 5964 prudentissimo

1925 4771 2042 4817 tura
2068 4762 2224 4816 sum?

1994 4854 2214 4909 Juveuis
2252 4862 2429 4909 autem
2472 4854 2740 4925 ingentem
2774 4855 2912 4914 hanc
2951 4857 3292 4928 prudentiam
3339 4859 3513 4914 admi-

1921 4961 2077 5011 rans,
2129 4947 2300 5001 accito
2339 4948 2507 5018 ipsius
2560 4957 2751 5018 patre:
2784 4949 2859 5004 Da
2914 4951 3068 5018 mihi,
3103 4952 3312 5023 inquit,
3346 4951 3508 5005 filiam

1922 5049 2064 5096 tuam
2091 5039 2376 5111 (siquidem
2400 5040 2568 5110 ipsius
2598 5042 2935 5110 prudentiam
2964 5057 3025 5097 ac
3050 5043 3301 5112 pietatem
3329 5055 3513 5096 amore

1923 5131 2304 5204 complector).
2340 5132 2519 5188 Senex
2569 5142 2746 5188 autem
2797 5135 2871 5188 ait
2899 5152 2910 5186 :
2937 5133 3052 5188 Non
3084 5134 3210 5189 licet
3251 5132 3374 5195 tibi,
3421 5133 3510 5201 qui

1923 5226 2179 5281 divitibus
2208 5235 2262 5280 et
2291 5226 2525 5294 copiosis
2572 5226 2886 5296 parentibus
2918 5234 3070 5280 ortus
3097 5240 3189 5289 es,
3219 5225 3356 5279 hanc
3379 5239 3508 5293 pau-

1921 5320 2066 5391 peris
2090 5317 2188 5374 viri
2220 5319 2380 5394 filiam
2413 5319 2675 5389 accipere.
2702 5321 2934 5374 Rursum
2966 5326 3142 5372 autem
3161 5317 3374 5386 juvenis
3401 5318 3508 5372 ait:

1908 5414 2078 5482 Certe
2104 5413 2243 5468 hanc
2274 5413 2554 5483 accipiam,
2590 5413 2696 5467 nisi
2726 5420 2779 5466 tu
2814 5410 3121 5480 prohibeas.
3158 5409 3364 5465 Etenim
3395 5409 3502 5464 ﬁlia

1921 5508 2164 5578 quaedam
2198 5507 2391 5562 nobilis
2417 5522 2480 5562 ac
2506 5507 2656 5561 dives
2686 5505 2818 5559 mihi
2861 5503 3126 5574 desponsa
3174 5504 3384 5571 fuerat;
3417 5519 3507 5561 ve-

1920 5617 2036 5657 rum
2071 5617 2132 5656 ea
2163 5600 2436 5669 repudiata
2467 5609 2626 5670 atque
2653 5598 2859 5666 abjecta
2891 5643 2906 5668 ,
2940 5599 2993 5653 in
3026 5597 3202 5669 fugam
3232 5615 3318 5654 me
3356 5598 3505 5654 dedi.

1918 5693 2115 5750 Contra
2146 5693 2266 5748 filice
2315 5703 2447 5759 tute,
2479 5693 2548 5748 ob
2577 5691 2743 5762 ipsius
2774 5706 2898 5761 erga
2943 5693 3108 5748 Deum
3155 5693 3412 5762 pietatem
3442 5706 3506 5749 ac

1918 5790 2254 5861 prudentiam
2304 5803 2488 5843 amore
2534 5793 2852 5856 correptus,
2908 5787 3250 5844 matrimonio
3289 5800 3410 5842 cum
3441 5800 3502 5841 ea

1916 5885 2064 5956 iungi
2098 5893 2312 5957 paratus
2341 5897 2485 5942 sum.
2513 5883 2688 5942 Senex
2717 5888 2896 5939 autem
2927 5881 2993 5938 ad
3023 5881 3194 5953 ipsum
3217 5879 3294 5935 ait
3325 5897 3336 5932 :
3365 5877 3499 5934 Eam
