4158 6354
592 358 698 420 507

1626 359 1715 420 DE
1756 361 1929 420 VlTlS
1969 358 2249 418 PATRUM
2288 357 2492 415 LIBER
2532 354 2807 413 PRIMUS.

3766 356 3869 413 5υό

595 477 691 535 tibi
738 476 870 533 dare
917 490 1145 548 nequeo,
1176 484 1235 533 ut
1261 476 1312 532 in
1340 485 1619 549 paternam
1648 476 1864 533 domum
1894 477 2127 534 abducas
2152 515 2167 543 ,
2195 484 2248 542 Α
2278 472 2398 527 lists
2420 478 2473 525 et
2497 470 2777 539 theologus
2793 467 2972 537 (Joan.
2998 467 3062 538 l),
3084 483 3243 525 nemo
3265 472 3424 544 θοι
3448 472 3582 528 vidit
3608 488 3869 544 unquam.

594 580 754 642 atque
779 584 811 626 a
838 570 975 626 meis
1002 570 1143 625 ulnis
1166 570 1452 626 abstrahas
1473 610 1489 639 ,
1534 571 1690 625 unica
1731 572 1875 626 enim
1909 569 2043 625 mihi
2072 579 2175 625 est.

594 666 667 722 At
691 678 813 734 ego,
837 665 1009 733 inquit
1034 663 1246 732 juvenis
1271 706 1285 731 ,
1317 663 1460 732 apud
1490 676 1585 719 vos
1612 662 1845 718 manebo
1864 705 1878 728 ,
1907 668 2174 718 vestram-

594 773 701 829 que
729 759 848 815 vita
877 758 1137 814 rationem
1170 757 1492 828 suscipiam:
1537 772 1603 814 ac
1645 765 1830 829 postea
1858 798 1872 821 ,
1906 757 2177 813 luculenta

594 861 744 910 veste
767 852 1000 920 abiecta,
1030 852 1174 908 senis
1216 836 1359 908 illius
1390 859 1568 910 vestes
1598 853 1776 922 petiit,
1810 851 1979 921 lisque
2004 866 2065 908 se
2095 852 2178 907 ln-

592 946 729 1002 duit.
751 944 996 1016 Cumque
1024 945 1109 1002 ille
1139 946 1311 1016 ipsum
1357 944 1447 1001 diu
1498 946 1826 1016 multumque
1879 951 2171 1014 tentasset,

593 1039 859 1110 variisque
887 1038 1061 1093 modis
1092 1039 1259 1109 ipsius
1292 1038 1529 1093 animum
1558 1038 1929 1107 explorasset,
1971 1044 2027 1091 ut
2049 1050 2175 1091 eum

591 1131 787 1186 mentis
808 1134 1069 1201 gravitate
1100 1130 1383 1201 praeditum
1413 1145 1535 1187 esse
1555 1131 1838 1203 cegnovit,
1871 1142 1971 1185 nec
2005 1128 2175 1184 stulto

590 1228 820 1299 quodam
849 1242 1035 1284 amore
1059 1230 1341 1283 obsessum
1386 1228 1550 1283 tiliam
1596 1242 1747 1282 suam
1796 1227 1848 1281 in
1894 1224 2177 1280 matrimo-

591 1322 736 1377 nium
769 1331 950 1391 petere
974 1362 989 1388 ,
1021 1338 1204 1377 verum
1239 1322 1451 1391 pietatis
1480 1321 1657 1376 studio
1688 1335 1979 1390 pauperem
2008 1318 2173 1373 vitam

588 1411 908 1482 amplexari,
938 1428 1165 1484 eamque
1189 1414 1375 1483 gloriae
1402 1430 1511 1469 sua:
1538 1429 1602 1469 ac
1632 1412 1897 1470 nobilitati
1934 1411 2173 1468 antefer-

589 1516 669 1571 re,
698 1512 905 1574 arrepta
937 1502 1107 1574 ipsius
1140 1520 1298 1560 manu
1329 1505 1381 1559 1ιι
1413 1505 1668 1561 conclave
1715 1518 1869 1560 suum
1919 1520 2039 1559 eum
2092 1507 2179 1558 in-

588 1595 861 1665 troduxit,
891 1606 946 1652 et
982 1599 1230 1670 iungentes
1277 1613 1407 1669 opes
1455 1600 1568 1655 illic
1617 1599 1921 1655 reconditas
1951 1641 1965 1663 ,
2013 1606 2174 1669 atque

588 1686 1035 1746 innumerabilem
1094 1692 1437 1762 pecuniarum
1503 1693 1699 1749 molem
1735 1733 1750 1759 ,
1804 1703 2171 1763 quantamque

587 1780 799 1851 juvenis
840 1781 934 1840 ille
977 1797 1251 1854 nunquam
1295 1785 1535 1855 viderat,
1564 1784 1666 1856 ipsi
1697 1788 2166 1843 commonstravit.

2295 561 2606 634 Unigenitus
2640 561 2824 628 Filius,
2856 561 2945 632 qtti
2976 571 3060 617 est
3088 562 3141 618 in
3166 563 3285 618 sinu
3316 565 3523 632 Patris,
3560 566 3679 637 ipse
3710 584 3869 626 enar-

2278 657 2436 712 ravit.
2466 654 2591 724 Ejus
2619 668 2782 724 porro
2810 653 2903 726 qui
2930 655 3211 710 oculorum
3245 655 3489 712 obtutum
3517 655 3676 728 fugit,
3706 673 3869 731 atque

2278 749 2573 806 immensus
2603 757 2717 816 est,
2749 746 2977 818 gloriam
3007 756 3064 802 et
3093 747 3464 819 maiestatem,
3498 750 3617 820 quis
3649 756 3869 808 tandem

2275 856 2461 898 eorum
2503 841 2596 912 qui
2643 857 2674 896 e
2725 848 2865 895 terra
2912 841 3152 897 concreti
3194 848 3362 908 sunt,
3407 848 3867 914 comprehensam

2280 936 2477 993 habere
2504 943 2695 1008 queat,
2726 936 2827 991 nisi
2858 936 2972 1005 ipse
2997 936 3256 990 arbitratu
3284 949 3387 991 suo
3431 950 3553 993 eam
3601 939 3874 1010 patefecec

2278 1030 2385 1096 rit,
2423 1027 2876 1100 quemadmodum
2924 1028 3132 1084 scilicet
3160 1029 3432 1100 prophetis
3480 1030 3591 1086 suis
3636 1040 3690 1087 et
3735 1046 3876 1100 apo-

2277 1125 2428 1181 stolis
2478 1125 2759 1195 patefecit?
2808 1124 2917 1180 Nos
2969 1132 3148 1179 autem
3204 1134 3316 1180 tum
3362 1140 3432 1181 ex
3490 1139 3677 1182 eorum
3729 1140 3877 1195 pm-

2279 1218 2582 1287 dicatione,
2632 1227 2745 1274 tum
2793 1230 2859 1272 ex
2911 1218 3026 1288 ipsa
3062 1231 3268 1273 -rerum
3332 1228 3550 1288 natura,
3605 1228 3877 1290 quantam

2276 1313 2490 1382 assequi
2538 1312 2689 1368 nobis
2730 1311 2910 1379 datur,
2948 1325 3065 1365 eam
3107 1310 3386 1365 discimus.
3410 1309 3499 1366 Ait
3537 1312 3683 1367 enim
3709 1312 3878 1368 Scri-

2280 1404 2636 1477 ptura:lei
2692 1410 2947 1458 enarrant
3000 1403 3227 1474 gloriam
3284 1402 3401 1469 Det,
3443 1410 3499 1457 et
3537 1417 3697 1473 Opera
3754 1418 3880 1458 ma-

2278 1512 2441 1552 nuum
2468 1494 2588 1567 ejus
2613 1494 2893 1549 annuntiat
2921 1495 3314 1550 firmamentum
3356 1492 3527 1567 (Psal.
3559 1493 3736 1568 xvttt).
3789 1497 3881 1551 Ac

2277 1604 2497 1646 rursus:
2531 1588 2819 1643 invisibilia
2871 1586 3039 1654 ipsius
3080 1603 3110 1642 a
3141 1596 3386 1643 creatura
3437 1586 3644 1653 mundi,
3676 1601 3783 1657 per
3810 1603 3879 1641 ea

2275 1696 2396 1753 qua
2422 1681 2558 1735 facta
2579 1689 2705 1735 sunt
2733 1718 2749 1745 ,
2783 1677 3054 1733 intellecta
3082 1678 3506 1747 conspiciuntur,
3538 1678 3881 1748 sempiterna

2272 1787 2488 1845 quoque
2516 1771 2683 1842 ipsius
2709 1772 2946 1841 potentia
2972 1778 3027 1826 et
3054 1772 3306 1826 divinitas
3333 1768 3508 1844 (llam.
3545 1771 3584 1842 ι)
3661 1814 3684 1833 .

592 1872 790 1942 Λίιιιιιθ
824 1874 891 1929 ad
922 1890 1043 1930 eum
1078 1891 1093 1930 :
1125 1876 1248 1942 Fili,
1282 1876 1397 1931 haec
1424 1877 1600 1931 omnia
1630 1877 1724 1932 tibi
1754 1877 1895 1932 dono
1923 1878 2016 1944 do,
2050 1894 2175 1949 pro-

2351 1863 2816 1935 Quemadmodum
2869 1863 3011 1919 enim
3042 1865 3305 1935 qeiSpiam
3344 1866 3561 1920 domum
3612 1864 3887 1932 praeclare

594 1976 775 2036 pterea
821 1970 962 2040 quod
1010 1985 1248 2026 mearum
1285 1986 1445 2037 npum
1478 1972 1652 2027 haeres
1701 1986 1823 2029 esse
1853 1975 1907 2027 in
1939 1973 2177 2029 animum

590 2054 867 2115 induxisti.
891 2062 1003 2130 Qua
1028 2063 1341 2119 hereditate
1373 2075 1657 2135 percepta,
1688 2065 1780 2121 ille
1808 2081 1995 2122 omnes
2021 2077 2178 2124 terra:

587 2148 779 2205 divites
802 2162 859 2207 et
882 2155 1053 2210 claros
1077 2155 1322 2212 homines
1348 2160 1643 2228 superavit.

659 2238 787 2297 Car.
824 2243 985 2299 XVII.
1012 2275 1086 2287 —
1110 2246 1253 2302 Dixit
1295 2256 1473 2304 autem
1504 2249 1763 2321 Josaphat
1791 2251 1858 2307 ad
1888 2251 2129 2309 Barlaam
2158 2271 2173 2307 :

588 2334 726 2404 Apte
754 2352 886 2395 sane
917 2338 1032 2396 htec
1049 2341 1209 2397 etiam
1240 2343 1475 2399 narratio
1509 2360 1688 2401 rerum
1713 2361 1953 2402 mearum
1977 2356 2175 2404 statum

587 2430 859 2499 exprimit,
891 2445 954 2487 ac
984 2433 1207 2503 proinde
1233 2434 1302 2490 de
1331 2452 1417 2492 me
1447 2452 1660 2508 quoque
1690 2438 1807 2494 haec
1835 2440 1931 2494 abs
1956 2450 2008 2496 te
2032 2442 2175 2498 dicta

588 2534 709 2576 esse
753 2523 1033 2580 existimo.
1080 2525 1275 2582 Verum
1325 2531 1591 2599 quodnam
1641 2532 1858 2589 tandem
1909 2544 1992 2589 est
2042 2536 2177 2591 illttd

589 2614 1013 2684 experimentum
1047 2634 1141 2688 per
1170 2620 1311 2690 quod
1337 2623 1503 2679 animi
1531 2625 1636 2680 mei
1681 2628 2040 2682 constantiam
2083 2644 2178 2682 ex-

589 2710 847 2778 ploratam
876 2712 1076 2768 habere
1103 2715 1291 2784 cupis?

664 2801 959 2870 Respondit
985 2818 1153 2860 senex
1180 2818 1198 2859 :
1228 2805 1495 2877 Equidem
1527 2806 1643 2879 ipse
1671 2810 1833 2865 etiam
1871 2811 2171 2881 periculum

592 2891 714 2957 feci,
743 2900 798 2946 et
823 2892 1059 2949 intellexi
1084 2906 1285 2964 quanta
1317 2899 1369 2953 in
1398 2906 1452 2955 te
1481 2899 1681 2956 mentis
1708 2902 1982 2968 prudentia
2016 2916 2177 2975 atque

587 2983 888 3041 constantia
913 3024 929 3053 ,
962 3002 1232 3059 quamque
1262 3000 1439 3046 rectus
1469 3001 1524 3047 et
1566 2993 1773 3063 integer
1820 2992 1916 3049 tibi
1964 2996 2177 3051 animus

587 3075 691 3140 sit;
720 3092 909 3132 verum
938 3080 1166 3136 actionis
1196 3090 1299 3138 tum
1328 3081 1448 3138 finis
1476 3085 1593 3141 htec
1614 3086 1975 3143 confirmabit.
2003 3087 2177 3159 Hujus

586 3170 664 3223 rei
714 3169 884 3239 gratia
935 3171 1091 3227 flecto
1147 3188 1321 3245 genua
1378 3192 1497 3234 mea
1568 3178 1633 3233 ad
1689 3179 1858 3236 Deum
1932 3196 2174 3240 nostrum

2279 1974 2344 2015 ac
2368 1973 2578 2015 summa
2607 1970 2725 2015 arte
2750 1967 3136 2024 constructam,
3167 1968 3261 2013 aut
3297 1959 3569 2015 vasculum
3594 1959 3887 2028 eleganter

2281 2056 2663 2112 concinnatum
2706 2053 3075 2124 perspiciens,
3120 2051 3473 2108 architectum
3524 2059 3614 2106 aut
3657 2051 3886 2107 fabrum

2281 2146 2461 2203 statim
2498 2146 2567 2202 ob
2608 2146 2849 2201 animum
2898 2145 3003 2201 sibi
3057 2145 3337 2216 proponit,
3379 2147 3457 2200 sic
3485 2143 3643 2200 etiam
3672 2159 3784 2214 ego
3813 2158 3888 2201 ex

2283 2238 2456 2294 nihilo
2503 2238 2736 2305 efﬁctus,
2779 2246 2942 2308 atque
2983 2238 3037 2292 itt
3084 2247 3262 2293 ortum
3312 2236 3622 2306 productus,
3653 2236 3889 2293 etiamsi

2280 2333 2525 2387 fictorem
2555 2345 2619 2386 ac
2647 2330 3026 2401 productoretn
3078 2345 3257 2384 meum
3307 2342 3530 2385 cernere
3574 2343 3890 2398 nequeam,

2282 2434 2459 2479 tamen
2484 2438 2553 2479 ex
2581 2424 2857 2494 aptissima
2884 2423 3224 2492 maximeque
3249 2422 3562 2478 admiranda
3592 2423 3693 2478 tnei
3730 2433 3890 2478 stru-

2278 2529 2434 2573 ctura
2444 2517 2512 2572 ad
2532 2518 2808 2586 sapientiae
2835 2517 3005 2587 ipsius
3019 2518 3376 2585 cognitionem
3392 2517 3511 2572 veni
3522 2559 3535 2581 ,
3554 2533 3657 2572 non
3678 2527 3893 2588 quate-

2280 2625 2379 2665 nus
2396 2620 2500 2675 est,
2515 2611 2609 2665 sed
2623 2619 2889 2681 quatenus
2906 2609 3203 2681 intelligere
3217 2624 3356 2681 queo
3375 2627 3385 2663 :
3403 2625 3595 2680 nempe
3620 2612 3749 2679 quia
3770 2627 3892 2668 non

2280 2722 2411 2763 casu
2436 2723 2499 2763 ac
2522 2707 2742 2762 fortuito
2767 2706 3057 2776 productus
3075 2722 3215 2774 sum,
3232 2720 3336 2764 nec
3357 2722 3388 2763 a
3406 2723 3491 2764 me
3512 2707 3628 2778 ipso
3656 2708 3895 2776 exstiti,

2283 2816 2470 2857 verum
2502 2801 2619 2872 ipse
2639 2801 2901 2857 arbitratu
2923 2815 3021 2856 suo
3044 2817 3131 2859 me
3152 2802 3360 2858 effinxit
3386 2820 3401 2859 :
3422 2802 3502 2859 sic
3530 2803 3794 2857 nimirum
3834 2812 3898 2860 ut

2284 2896 2371 2950 me
2384 2910 2562 2950 rerum
2579 2894 2817 2949 omnium
2838 2895 3174 2950 conditarum
3192 2896 3485 2967 principem
3509 2897 3897 2966 constituerit,

2281 2987 2600 3058 quibusdam
2650 2994 2830 3043 autem
2876 2987 3184 3043 interiorem
3234 2986 3449 3058 fecerit,
3484 3002 3545 3043 ac
3573 2988 3897 3046 contritum

2282 3081 2443 3137 etiam
2473 3080 2657 3135 divino
2680 3097 2779 3138 suo
2806 3082 3035 3152 imperio
3062 3098 3147 3138 me
3172 3096 3235 3139 ex
3266 3082 3368 3138 hac
3390 3081 3495 3137 vita
3524 3080 3791 3147 edocens,
3828 3084 3900 3141 ad

2234 3234 2242 3243 ,
2284 3173 2506 3229 alteram
2538 3174 2700 3229 vitam
2735 3174 2858 3228 finis
2885 3184 3163 3234 expertem
3195 3189 3257 3229 ac
3283 3176 3661 3246 sempiternam
3692 3183 3900 3232 trans-

589 3259 811 3333 (Eplm.
858 3264 969 3335 ut),
1000 3266 1093 3336 qui
1123 3267 1175 3322 in
1207 3268 1472 3326 Trinitate
1516 3271 1848 3340 celebratur,
1893 3276 1960 3329 ad
2010 3292 2131 3333 eum
2158 3320 2172 3344 ,
2200 3252 2253 3320 C
2283 3266 2442 3323 ferat.
2494 3266 2699 3334 Quibus
2737 3267 2985 3324 omnibus
3021 3267 3075 3323 in
3102 3269 3268 3324 rebus
3304 3270 3657 3339 providentiae
3700 3270 3899 3340 ipsius

587 3354 826 3425 inquam,
880 3359 969 3428 qui
1018 3362 1220 3427 omnia,
1272 3370 1381 3416 tam
1432 3378 1551 3433 qua:
1598 3374 1819 3435 aspectu
1870 3367 2178 3424 sentiuntur

588 3462 747 3516 quam
779 3465 898 3519 quae
925 3452 1204 3507 oculorum
1238 3466 1456 3510 sensum
1486 3456 1697 3527 fugiunt
1720 3463 2056 3527 procreavit;
2087 3464 2176 3532 qui

588 3554 714 3594 vere
742 3554 805 3595 ac
832 3544 1157 3613 sempiterno
1207 3555 1288 3600 est
1314 3591 1329 3615 ,
1382 3562 1482 3603 nec
1528 3549 1743 3618 gloriosi
1773 3559 1943 3606 status
1970 3555 2054 3608 sui
2085 3561 2178 3610 aut

582 3632 905 3704 principium
939 3650 1170 3706 unquam
1199 3638 1402 3707 habuit,
1434 3650 1526 3696 aut
1552 3643 1713 3698 finem
1739 3643 2019 3703 habiturus
2048 3660 2129 3703 est
2158 3664 2174 3704 :

588 3726 654 3782 ad
684 3729 853 3796 illum,
880 3732 1121 3803 inquam,
1154 3737 1499 3793 metuendum
1529 3748 1691 3810 atqtte
1722 3741 1958 3797 omnium
1990 3756 2175 3799 rerum

588 3831 970 3890 aprazpmentem
999 3865 1013 3891 ,
1045 3825 1352 3899 bonumque
1392 3838 1449 3885 et
1486 3831 1553 3886 ad
1600 3832 2001 3890 miserationem
2046 3852 2176 3906 ιιι-οη

589 3930 834 3985 pensum,
866 3928 925 3974 ut
949 3922 1125 3978 cordis
1156 3926 1230 3979 tui
1260 3927 1445 3982 oculos
1472 3928 1740 3985 illuminet
1768 3972 1782 3996 ,
1834 3929 2033 4001 detque
2078 3931 2175 3987 tibi

586 4009 835 4079 spiritum
866 4015 1142 4083 sapientiae
1172 4026 1221 4072 et
1250 4020 1594 4077 revelationis
1624 4021 1692 4076 ad
1728 4022 1898 4091 ipsius
1942 4025 2177 4093 agnitio—

590 4117 737 4170 nem,
768 4113 825 4157 ttt
853 4118 1147 4175 cognoscas
1195 4120 1316 4180 qua:
1366 4113 1435 4167 sit
1460 4128 1585 4183 spes
1616 4114 1913 4170 vocationis
1942 4124 2050 4171 tuae
2072 4160 2086 4183 ,
2121 4127 2176 4174 et

589 4211 709 4266 qua:
736 4196 935 4254 divitia:
963 4201 1145 4270 gloria:
1189 4202 1517 4262 ba-reditatis
1548 4206 1716 4277 ipsius
1766 4209 1821 4263 in
1849 4211 2051 4266 sanctis
2071 4252 2085 4276 ,
2120 4218 2178 4267 et

590 4302 710 4358 quae
731 4292 1139 4359 supereminens
1170 4295 1259 4350 illa
1288 4297 1601 4368 magnitudo
1634 4300 1891 4369 potentite
1920 4301 2088 4371 ipsius
2119 4304 2172 4358 in

590 4394 689 4437 nos
713 4382 807 4454 qui
835 4384 1183 4454 credidimus,
1219 4395 1275 4441 ut
1300 4387 1410 4459 jam
1438 4404 1544 4445 non
1575 4391 1650 4446 sis
1675 4391 1872 4460 hospes
1903 4402 1957 4449 et
2001 4394 2172 4450 adve-

590 4490 681 4544 ns,
703 4478 797 4533 sed
820 4477 956 4534 civis
980 4490 1287 4538 sanctorum
1312 4492 1368 4539 et
1388 4486 1714 4543 demesticus
1742 4487 1835 4543 Dei
1863 4488 2079 4561 (Ephes.
2107 4491 2172 4559 ι),

587 4572 1049 4641 supersediiicatus
1092 4589 1260 4645 super
1290 4577 1692 4635 fundamentum
1724 4583 2088 4649 apostolorum
2119 4593 2173 4638 et

591 4663 1017 4734 prophetarum,
1066 4680 1184 4738 ipso
1247 4682 1461 4725 summo
1516 4673 1753 4744 angulari
1816 4674 1992 4746 lapide
2047 4675 2175 4731 Jesn

590 4751 823 4822 Christo,
871 4757 923 4811 in
953 4772 1055 4827 quo
1082 4762 1257 4815 omnis
1286 4763 1572 4820 aedificatio
1622 4775 1931 4823 constructa
1981 4770 2179 4826 crescit

589 4843 643 4899 in
671 4845 930 4915 templum
956 4857 1201 4904 sanctum
1230 4853 1283 4905 in
1316 4853 1542 4909 Domino
1565 4856 1784 4928 (Ephes.
1815 4860 1877 4930 ιι)

661 4943 919 5016 Josaphat
949 4958 1125 5007 autem
1157 4951 1358 5022 ingenti
1387 4954 1550 5010 animi
1582 4960 1998 5027 compunctione
2042 4959 2175 5015 alle-

588 5049 728 5105 ctus,
756 5041 929 5098 dixit:
957 5042 1084 5100 Haec
1122 5046 1327 5103 scilicet
1380 5048 1557 5103 omnia
1612 5050 1728 5120 ipse
1777 5066 1990 5122 quoque
2036 5054 2177 5109 scire

588 5134 841 5201 gestiens,
871 5134 968 5192 abs
999 5144 1050 5193 te
1078 5148 1224 5207 peto,
1254 5149 1311 5193 ut
1338 5148 1392 5196 et
1420 5140 1613 5196 divinae
1638 5142 1825 5212 gloriae
1854 5144 2087 5209 divitias,
2122 5155 2179 5202 et

590 5229 755 5299 ipsius
784 5233 1034 5301 potentiae
1060 5235 1430 5291 excellentiam
1461 5237 1594 5292 mihi
1625 5238 1889 5295 declares.

664 5323 805 5378 Dixit
853 5335 1028 5381 autem
1077 5326 1143 5382 ad
1192 5327 1369 5397 ipsum
1415 5328 1899 5385 Barlaam:Deum
1954 5332 2180 5401 supplex

591 5430 723 5487 rogo
754 5426 812 5471 ut
842 5419 958 5475 haec
984 5429 1037 5476 te
1064 5420 1275 5489 doceat,
1307 5430 1473 5493 atque
1520 5422 1822 5492 huiusmodi
1865 5438 2043 5480 rerum
2091 5442 2182 5481 co-

594 5512 885 5577 gn'ttonem
920 5510 1101 5568 animo
1147 5521 1241 5568 tuo
1287 5512 1509 5570 inserat.
1547 5515 1991 5587 Quandoquidem
2039 5520 2177 5586 apud

601 5600 847 5657 homines
872 5602 1038 5672 ipsius
1061 5604 1229 5675 gloria
1256 5618 1321 5663 ac
1347 5607 1584 5677 potentia
1596 5606 1743 5661 nullo
1763 5607 1922 5662 modo
1938 5622 2177 5664 comme-

601 5695 801 5749 morari
828 5706 1033 5765 potest,
1070 5702 1315 5768 quamvis
1336 5700 1495 5758 etiam
1526 5716 1715 5758 omnes
1744 5703 1984 5757 omnium
2008 5703 2180 5757 homi-

596 5804 752 5853 num,
772 5798 878 5843 tam
897 5793 986 5857 qui
1015 5805 1159 5847 nunc
1178 5801 1303 5848 sunt
1327 5809 1487 5864 quam
1509 5795 1600 5867 qui
1626 5794 1913 5867 aliquando
1942 5794 2178 5862 fuerunt,

601 5884 795 5977 linguae
816 5883 869 5939 in
896 5898 1061 5951 unum
1090 5894 1301 5947 coeant,
1338 5887 1507 5963 Deum
1535 5889 1709 5975 enim,
1750 5888 1921 5969 inquit
1946 5900 2180 5958 evange-

2278 3368 2482 3423 virihus
2530 3365 2792 3421 obluctari
2840 3380 3085 3437 nequeo,
3115 3376 3218 3418 nec
3261 3362 3392 3416 mihi
3440 3360 3764 3433 quidquam,
3808 3361 3900 3419 vel

2275 3468 2535 3531 quantum
2558 3459 2622 3513 ad
2644 3466 2929 3525 staturam,
2945 3457 3027 3513 vel
3051 3463 3310 3527 quantum
3340 3454 3406 3508 ad
3433 3454 3616 3509 forma:
3645 3454 3899 3522 figuram

2278 3554 2490 3618 attinet,
2525 3553 2760 3620 adjicere
2802 3560 2894 3606 aut
2940 3548 3261 3606 subtrahere
3286 3592 3300 3618 ,
3340 3563 3440 3602 nec
3465 3561 3531 3601 ea
3557 3560 3674 3615 quae
3698 3546 3764 3601 in
3791 3562 3904 3615 ime

2279 3655 2543 3702 vetustate
2575 3645 2818 3702 confecta
2856 3654 3002 3714 sunt,
3036 3656 3320 3709 renovare,
3348 3644 3467 3697 'nec
3509 3656 3626 3711 quas
3669 3640 3902 3699 labefa-

2277 3748 2421 3795 ctata
2448 3749 2504 3794 et
2527 3748 2779 3808 corrupta
2809 3748 2954 3803 sunt,
2981 3739 3032 3792 in
3061 3738 3331 3808 integrum
3352 3735 3638 3793 re5tituere
3681 3736 3900 3807 Neque

2279 3834 2421 3887 enim
2453 3832 2760 3897 mortalium
2790 3830 2931 3885 ullus
2971 3843 3203 3900 unquam
3226 3829 3347 3895 fuit,
3374 3828 3465 3898 qui
3498 3828 3681 3883 horum
3717 3828 3903 3899 quid-

2276 3940 2437 3995 quam
2463 3923 2678 3980 efficere
2700 3932 2899 3993 posset,
2916 3937 3019 3978 non
3036 3936 3131 3977 rex
3146 3963 3159 3987 ,
3174 3937 3279 3977 non
3305 3922 3539 3991 sapiens,
3563 3935 3666 3974 non
3686 3921 3900 3993 dives,

2287 4031 2394 4072 non
2428 4024 2640 4087 potens,
2666 4031 2771 4070 non
2795 4014 3029 4083 denique
3055 4014 3191 4070 alius
3217 4013 3483 4083 quispiam
3513 4012 3745 4068 humana
3774 4024 3905 4070 stu-

2280 4111 2365 4166 dia
2396 4118 2741 4167 consectans.
2790 4109 2980 4164 Nullus
3009 4109 3175 4175 enim,
3212 4108 3387 4178 inquit
3416 4108 3526 4175 ille,
3551 4121 3767 4177 regum,
3799 4118 3906 4167 aut

2279 4224 2467 4266 eorum
2487 4208 2576 4279 qui
2604 4208 2657 4264 in
2677 4206 3008 4263 sublimitate
3031 4212 3178 4270 sunt,
3196 4201 3338 4259 aliud
3362 4202 3546 4258 habuit
3574 4200 3901 4259 nativitatis

2280 4304 2511 4360 initium.
2533 4302 2682 4359 linus
2709 4301 2854 4357 enim
2876 4309 2959 4356 est
2978 4300 3218 4354 Omnium
3242 4296 3497 4352 introitus
3519 4295 3584 4349 ad
3608 4295 3809 4361 vitam,
3835 4306 3906 4354 et

2282 4397 2424 4452 idem
2455 4396 2636 4451 exitus
2663 4393 2819 4465 (Sap.
2848 4392 2973 4463 vtt).

2351 4488 2710 4556 Quamobrem
2740 4501 2807 4543 ex
2837 4484 2905 4540 iis
2947 4499 3067 4555 quas
3105 4483 3171 4538 ad
3204 4496 3290 4538 me
3320 4482 3611 4551 pertinent,
3636 4478 3703 4534 ad
3760 4496 3899 4536 tua-

2281 4580 2602 4651 gniﬁcentiae
2625 4579 2821 4633 summi
2849 4577 2993 4633 illius
3014 4574 3289 4631 architecti
3314 4574 3695 4647 cognitionem,
3728 4575 3901 4633 velut

2286 4681 2530 4742 porrecta
2576 4685 2738 4725 manu
2775 4670 2964 4725 ducor.
3014 4669 3280 4724 Praeterea
3318 4678 3498 4723 autem
3541 4666 3901 4735 aptissimam

2282 4778 2461 4820 rerum
2488 4767 2728 4818 omnium
2754 4762 3089 4817 conditarum
3116 4769 3441 4815 structuram
3463 4767 3626 4829 atque
3650 4772 3899 4814 conser-

2282 4858 2548 4913 vationem
2597 4855 2969 4919 consideravi,
3000 4868 3191 4921 nempe
3235 4853 3379 4923 quod
3424 4859 3617 4920 suapte
3655 4849 3894 4920 quidem

2284 4959 2471 5007 natura
2498 4958 2688 5004 cuncta
2712 4946 2995 5003 mutationi
3040 4956 3199 5017 atque
3238 4944 3584 5000 conversioni
3631 4942 3896 5010 subjecta

2282 5054 2429 5111 sunt,
2461 5047 2710 5101 nimirum
2750 5059 2813 5100 ea
2843 5058 2960 5114 qua:
2987 5055 3169 5099 meme
3197 5042 3417 5111 praedita
3464 5036 3617 5105 sum,
3659 5042 3892 5098 ratione

2282 5138 2576 5193 voluntatis
2601 5175 2616 5202 ,
2661 5146 3084 5207 progressusque
3124 5135 3180 5189 in
3227 5136 3369 5189 bone
3418 5142 3510 5189 aut
3552 5146 3807 5189 recessus
3856 5151 3896 5192 a

2283 5232 2458 5296 bono;
2490 5244 2552 5286 ea
2579 5239 2757 5284 autem
2786 5243 2907 5300 quas
2930 5229 2983 5282 in
3006 5241 3222 5283 sensum
3246 5227 3466 5291 eadunt,
3491 5226 3700 5281 ratione
3722 5239 3893 5282 ortus

2276 5333 2336 5380 et
2364 5323 2632 5387 interitus,
2668 5320 3118 5389 accretionisque,
3148 5326 3205 5373 et
3233 5316 3644 5381 imminutionis,
3675 5327 3736 5370 et
3769 5337 3893 5373 u-tt-

2279 5416 2501 5472 tationis
2533 5415 2651 5485 ejus
2678 5428 2800 5484 quas
2826 5414 2879 5467 in
2920 5411 3179 5482 qualitate
3209 5410 3381 5478 posita
3411 5420 3514 5474 est,
3546 5424 3611 5465 ac
3641 5410 3891 5479 denique

2279 5511 2467 5566 localis
2498 5516 2695 5565 motus.
2740 5512 2817 5562 Ac
2860 5522 2956 5575 per
2982 5520 3045 5561 ea
3086 5506 3263 5561 tacitis
3306 5502 3623 5575 quibusdam
3651 5505 3888 5559 vocibus

2284 5606 2579 5676 praedicant
2607 5618 2667 5659 se
2692 5617 2721 5658 a
2753 5603 2865 5657 Dee
2892 5609 3139 5657 creatore
3164 5614 3229 5654 ac
3259 5598 3569 5654 mutationis
3596 5599 3782 5654 omnis
3824 5609 3887 5656 et

2282 5698 2650 5753 conversionis
2678 5703 2908 5767 experte
2932 5703 3212 5766 procreata
3236 5707 3381 5762 esse,
3412 5701 3573 5763 atque
3598 5694 3883 5750 contineri

2284 5800 2337 5847 ct
2378 5792 2704 5858 conservari,
2746 5805 3063 5861 semperque
3104 5789 3412 5860 gubernari.
3453 5788 3698 5854 Quonam
3731 5797 3884 5842 emt-

2284 5885 2486 5961 aliequi
2530 5885 2693 5943 modo
2734 5892 2948 5944 natura:
2988 5884 3128 5941 inter
3156 5897 3218 5939 se
3253 5890 3552 5953 pugnantes
3598 5879 3669 5936 ad
3716 5879 3889 5937 unius
