4158 6354
319 404 434 466 509

763 401 922 458 VTITA
960 400 1376 461 SANCTORUM
1419 401 1752 460 BARLAAM
1794 399 2121 457 EREMIT/E
2164 401 2250 456 ET
2283 400 2630 462 JOSAPIIAT
2673 403 2879 458 INDI/E
2918 403 3146 462 REGIS.

3505 407 3610 464 510

319 521 510 580 mundi
557 525 803 576 ornatum
855 518 1106 574 omnibus
1151 518 1389 574 numeris
1429 519 1808 576 absolvendum
1855 518 1910 573 in
1937 515 1986 578 Δ
2016 524 2134 582 pter
2159 516 2548 586 ptenitentiam.
2579 515 2859 572 Neminem
2883 518 3025 572 enim
3051 533 3114 573 ex
3142 518 3210 574 iis
3231 520 3318 587 qui
3341 519 3404 573 ad
3433 518 3604 588 ipsum

317 631 484 671 unum
515 613 788 672 coiisseut,
823 625 884 665 ac
914 609 1280 666 dissolutionis
1306 619 1557 678 expertes
1585 609 1913 680 permansis-

316 717 460 775 sent,
487 707 589 760 nisi
620 720 700 759 vrs
728 704 970 774 quzudam
1002 704 1340 772 omnipotens
1365 703 1478 759 lucc
1499 713 1554 757 et
1579 703 1905 771 copulasset,

315 811 370 858 et
401 816 613 870 semper
638 815 667 854 a
690 796 1040 854 dissolutione
1065 797 1237 851 aliena
1269 805 1632 854 conservaret.
1666 797 1910 865 Quonam

314 896 459 952 enim
491 901 668 964 pacto,
711 891 808 947 nisi
841 891 1087 946 voluntas
1136 888 1303 960 ipsius
1335 889 1401 943 ita
1451 888 1677 954 tulisset,
1711 888 1909 959 aliquid

313 985 644 1043 mansisset?
685 993 775 1040 aut
814 998 1045 1054 quonam
1098 992 1283 1054 pacto,
1315 993 1372 1037 ut
1415 983 1703 1051 Scriptura:
1733 982 1909 1036 verbis

311 1092 457 1147 utar,
484 1079 626 1152 quod
678 1078 746 1135 ab
796 1094 863 1134 eo
913 1075 1136 1133 minime
1181 1085 1426 1132 vocatum
1475 1084 1580 1144 est,
1603 1078 1907 1131 conservari

310 1175 609 1248 potuisset?

389 1267 522 1323 Nam
576 1281 698 1323 cum
748 1280 899 1320 navxs
946 1272 1155 1320 remoto
1201 1263 1563 1335 gubernatore
1609 1245 1907 1316 consistere

310 1368 566 1431 nequeat,
593 1373 781 1413 verum
832 1356 1013 1411 statim
1057 1371 1270 1430 pessum
1300 1363 1414 1422 eat;
1449 1369 1549 1410 nec
1578 1353 1703 1420 ulla,
1735 1368 1906 1423 quan-

311 1451 558 1508 tumlibet
599 1449 812 1522 exigua,
843 1449 1036 1504 domus
1079 1459 1224 1505 stare
1254 1448 1443 1520 possit,
1481 1447 1587 1501 nisi
1616 1446 1687 1501 sit
1713 1445 1904 1516 aliquis

307 1545 399 1615 qui
424 1545 591 1616 ipsius
620 1558 803 1599 curam
834 1553 1006 1613 gerat,
1038 1557 1268 1612 quonam
1305 1541 1517 1595 tandem
1558 1548 1715 1609 pacto
1747 1555 1906 1594 mun-

308 1639 434 1706 dus,
467 1652 601 1710 0pus
630 1652 800 1708 usque
828 1637 963 1692 adeo
987 1637 1195 1706 ingens,
1222 1647 1380 1706 atque
1409 1636 1480 1690 ita
1509 1634 1823 1704 praeclarum
1848 1644 1905 1690 et

307 1730 707 1794 admirandum,
729 1731 847 1786 sine
879 1730 1073 1786 eximia
1105 1729 1276 1800 aliqua
1310 1739 1362 1786 et
1389 1729 1591 1799 ingenti
1616 1737 1776 1799 atque
1805 1728 1902 1782 ad-

307 1822 553 1880 miranda
582 1822 968 1893 gubernatione
998 1819 1502 1889 sapientissimaque
1538 1818 1894 1888 providentia,

2015 617 2340 672 accurrunt.
2373 621 2702 679 exsecratur,
2752 624 2850 664 nec
2881 622 3156 665 aversatur
3186 612 3336 666 solus
3389 614 3480 668 illc
3512 615 3608 669 bo-

2017 718 2138 768 nus,
2170 712 2330 773 atque
2358 704 2656 758 animorum
2685 715 2870 758 amans
2893 702 3149 760 Dominus
3181 704 3335 776 (Sap.
3367 706 3465 775 ιι).
3504 707 3604 762 Bs.

2017 801 2289 858 nedictum
2317 801 2387 857 sit
2413 818 2608 856 nomen
2638 802 2825 872 glorize
2845 801 3012 870 ipsius
3041 811 3306 868 sanctum,
3332 811 3386 858 et
3416 804 3605 858 lauda-

2015 893 2140 959 bile,
2174 903 2228 949 et
2256 895 2713 960 superexaltatum
2759 895 2809 949 in
2858 893 3073 949 saecula.
3105 896 3276 952 Amen
3307 894 3468 962 (Dan.
3500 896 3604 966 ιιι).

2085 985 2214 1040 Car.
2249 985 2432 1040 XVIII.
2458 1014 2527 1026 —
2572 986 2713 1040 Dixit
2743 994 2921 1042 autem
2959 985 3025 1040 ad
3057 1002 3186 1040 eum
3224 986 3484 1056 Josaphat
3507 1005 3519 1040 :
3545 988 3602 1044 Si

2013 1078 2266 1135 diuturno
2309 1087 2548 1148 tempore
2602 1088 2776 1134 tecum
2812 1089 3117 1148 reputasses
3147 1122 3161 1146 ,
3191 1082 3274 1136 vir
3321 1081 3606 1149 sapientis:

2012 1175 2171 1242 sime,
2201 1191 2430 1247 quonam
2459 1185 2613 1244 pacto
2644 1176 3038 1246 propositarum
3071 1175 3427 1246 quaestionum
3458 1176 3603 1232 solu-

2014 1267 2212 1323 tionem
2237 1269 2368 1322 mihi
2390 1269 2723 1337 perspicuam
2747 1267 3021 1334 redderes,
3037 1283 3157 1322 meo
3172 1267 3383 1337 quidem
3401 1268 3603 1337 judicio

2011 1362 2061 1420 id
2085 1362 2276 1420 melius
2305 1369 2560 1433 prtestare
2592 1376 2696 1416 non
2722 1361 3010 1431 potuisses,
3031 1375 3188 1430 quam
3217 1376 3281 1418 ea
3304 1361 3459 1428 mihi,
3481 1376 3601 1430 quae

2009 1469 2154 1512 nunc
2200 1455 2492 1524 exposuisti
2517 1467 2987 1509 commemorans:
3015 1453 3212 1522 quippe
3237 1455 3328 1523 qui
3357 1455 3596 1510 omnium

2009 1547 2225 1620 quidem
2267 1561 2446 1602 rerum
2487 1545 2792 1603 eITectorem
2839 1555 2893 1600 et
2941 1556 3370 1602 conservatorem
3431 1547 3598 1602 Deum

2007 1654 2130 1695 esse
2161 1639 2427 1703 docueris,
2463 1638 2864 1709 maiestatisque
2920 1638 3085 1706 ipsius
3114 1638 3338 1708 gloriam
3380 1655 3598 1695 omnem

2007 1733 2202 1788 mentis
2233 1734 2477 1788 humana:
2504 1741 2714 1802 captum
2745 1731 3024 1800 excedere,
3074 1733 3385 1788 clarissimis
3427 1734 3588 1788 ratio-

2007 1825 2165 1884 nibus
2195 1826 2614 1892 demonstraris;
2647 1841 2821 1894 neque
2873 1826 2974 1880 ulla
3032 1825 3132 1881 alia
3182 1830 3388 1882 ratione
3419 1843 3598 1896 quem-

306 1927 418 1973 tatn
449 1917 697 1971 diuturno
718 1915 970 1986 temporis
998 1916 1168 1982 Spatio
1192 1915 1554 1968 constitisset?
1582 1914 1717 1969 Ecce
1746 1913 1894 1968 enim
1929 1920 1977 1985 Β
2003 1937 2160 1993 quam
2191 1937 2308 1975 enin
2337 1920 2595 1990 consequi
2627 1935 2801 1990 posse,
2830 1920 2932 1975 nisi
2953 1920 3036 1975 cni
3059 1922 3174 1989 ipse
3201 1922 3462 1976 arbiirain
3487 1937 3596 1978 ευο

303 2020 562 2080 quantum
588 2009 695 2078 jam
728 2008 983 2079 temporis
1013 2007 1180 2071 ﬂuxit,
1208 2022 1270 2061 ex
1303 2022 1406 2075 quo
1440 2007 1635 2062 etclam
1667 2013 1768 2073 est,
1800 2019 1900 2062 nec

303 2109 486 2155 tamen
516 2098 898 2155 obscuritatem
946 2097 1231 2164 contraxit,
1263 2112 1362 2152 nec
1408 2106 1566 2151 terrae
1602 2096 1682 2150 vis
1716 2095 1897 2150 tandiu

302 2207 504 2268 parens
533 2193 792 2263 elanguit,
826 2208 923 2247 nec
950 2191 1143 2259 fontes,
1185 2207 1251 2246 ex
1281 2206 1387 2261 quo
1417 2194 1516 2244 orti
1545 2198 1688 2255 sunt,
1720 2198 1892 2244 scatud

301 2288 412 2342 rire
443 2286 786 2348 destiterunt,
817 2299 915 2340 nec
946 2298 1094 2338 mare
1122 2292 1198 2337 tot
1226 2282 1414 2336 ﬂuvios
1447 2282 1720 2352 excipiens
1749 2296 1899 2334 men-

300 2395 481 2436 suram
516 2395 666 2434 suam
696 2378 944 2448 excessit,
970 2392 1068 2432 nec
1092 2376 1219 2432 solis
1246 2376 1465 2430 aclnntc
1494 2390 1680 2430 cursus
1705 2377 1899 2429 immu-

300 2471 559 2527 tationem
592 2472 748 2525 ullam
781 2471 1083 2536 subierunt,
1110 2484 1214 2524 nec
1246 2469 1350 2523 diei
1380 2483 1443 2522 ac
1473 2468 1647 2524 noctis
1676 2467 1896 2522 ordines

299 2565 503 2621 inversi
547 2571 693 2618 sunt.
726 2563 801 2617 Ex
833 2562 917 2617 his
958 2562 1208 2616 nimirum
1251 2561 1501 2616 omnibus
1535 2559 1628 2614 Dei
1659 2559 1894 2630 potentia

300 2667 354 2713 et
403 2655 822 2725 magnificentia,
854 2669 973 2724 qua:
1018 2669 1233 2708 omnem
1287 2653 1558 2721 orationis]
1586 2651 1894 2708 facultatem

297 2761 542 2821 superat,
575 2750 730 2806 nobis
776 2749 1098 2815 declaratur,
1135 2747 1518 2819 prophetarum
1571 2756 1731 2818 atque
1769 2761 1899 2816 apo-

298 2847 558 2898 stolorum
582 2841 886 2898 testimonio
903 2841 1239 2902 conﬁrmata,
1264 2839 1456 2895 Verum
1482 2837 1648 2910 ipsius
1669 2837 1895 2911 gloriam

299 2951 462 2994 nemo
491 2951 724 3006 unquam
773 2949 867 3005 pro
914 2935 1175 3006 dignitate
1206 2935 1444 3007 c0gitare
1473 2942 1566 2989 aut
1591 2932 1897 2991 collaudare

299 3032 515 3105 poterit.
571 3029 845 3101 Siquidem
892 3028 1107 3085 divinus
1150 3029 1461 3100 Apostolus,
1493 3028 1602 3096 ille,
1652 3028 1893 3100 inquam,

299 3130 386 3202 qui
417 3129 685 3184 Christum
719 3130 770 3183 in
826 3129 1003 3199 seipso
1053 3130 1357 3199 loquentem
1392 3129 1620 3184 habebat
1649 3127 1738 3202 (ΙΙ
1773 3129 1892 3185 Cor.

297 3227 400 3292 xi),
430 3238 550 3277 cum
582 3237 643 3277 ea
676 3221 879 3291 omnia,
912 3231 1019 3276 tam
1050 3237 1168 3291 quae
1200 3220 1473 3277 intellectu
1500 3221 1891 3291 percipiuntur,

2006 2030 2125 2072 eam
2154 2015 2457 2086 patefaciat.
2476 2014 2593 2082 Quo
2615 2014 2830 2084 quidem
2859 2015 3078 2070 nomine
3099 2014 3594 2084 eloquontissimam

2005 2117 2151 2164 tuam
2179 2108 2498 2178 sapientiam
2532 2109 2789 2179 majorem
2823 2108 2874 2164 in
2907 2106 3125 2163 modum
3154 2109 3413 2166 admiror.

2075 2203 2180 2260 Sed
2230 2202 2361 2258 illud
2407 2202 2562 2257 velim
2613 2203 2743 2258 mihi
2775 2202 2943 2269 dicas,
2987 2203 3072 2258 vir
3103 2203 3435 2270 beatissime,
3465 2220 3596 2274 qua-

2004 2312 2128 2354 nam
2156 2295 2269 2366 ipse
2302 2303 2460 2351 (etate
2496 2295 2594 2361 sis,
2627 2304 2681 2350 et
2709 2295 2902 2365 quibus
2947 2295 3001 2348 in
3044 2295 3176 2349 locis
3220 2299 3590 2366 commoraris,

2005 2403 2247 2461 quosque
2282 2386 2632 2456 philosomtize
2664 2386 2842 2442 socios
2873 2385 3097 2452 habeas,
3125 2387 3386 2456 siquidem
3415 2390 3592 2444 anima

2005 2496 2122 2536 mea
2176 2488 2280 2535 tua:
2323 2477 2624 2534 arctissime
2671 2478 2873 2543 lueret,
2910 2488 3071 2549 atque
3120 2495 3212 2547 per
3261 2495 3422 2538 omne
3469 2482 3594 2537 vitae

2003 2581 2215 2642 tempus
2246 2587 2316 2630 ne
2345 2573 2507 2627 latum
2555 2572 2770 2644 quidem
2799 2588 3029 2644 unguem
3058 2589 3088 2628 a
3120 2583 3170 2629 te
3195 2573 3475 2631 discedere
3501 2591 3594 2631 cu-

2001 2668 2110 2735 pio.

2078 2755 2168 2814 Ait
2219 2765 2397 2814 autem
2447 2755 2860 2814 senex:Anoos
2888 2797 2904 2823 ,
2938 2758 2990 2812 ni
3041 2755 3229 2826 fallor,
3259 2759 3492 2830 quinque
3539 2766 3597 2817 et

2003 2850 2353 2928 quadraginta
2385 2860 2542 2906 natus
2568 2866 2712 2917 sum,
2742 2859 2902 2920 atque
2928 2849 2984 2905 in
3031 2859 3190 2907 terrae
3220 2851 3466 2907 Sennaar
3492 2853 3591 2909 de-

2001 2941 2160 2999 sertis
2201 2943 2363 2997 vitam
2413 2942 2570 3014 dego.
2625 2940 3037 2998 Commilitones
3090 2958 3247 3012 porro
3278 2959 3371 2998 eos
3401 2945 3596 3014 habeo,

2003 3038 2091 3108 qui
2123 3034 2190 3091 ad
2221 3037 2438 3105 superni
2482 3035 2690 3091 itineris
2735 3049 2951 3091 cursum
3001 3051 3210 3092 mecum
3261 3037 3508 3095 laborant
3531 3053 3596 3096 ac

2003 3137 2236 3184 certant.

2079 3222 2217 3291 Quid
2245 3221 2360 3276 ais?
2391 3220 2562 3291 inquit
2604 3218 2881 3292 Josaphat.
2929 3218 3060 3275 Mihi
3085 3219 3228 3276 enim
3260 3223 3596 3292 septuaginta

298 3332 459 3387 quam
494 3331 612 3386 quae
653 3315 900 3370 sensibus
950 3314 1192 3385 subjecta
1236 3321 1382 3380 sunt,
1413 3327 1534 3368 cum
1586 3314 1768 3369 animo
1797 3327 1894 3367 suo
1921 3307 1970 3372 ϐ
2002 3331 2172 3392 annos
2204 3314 2465 3372 excedere
2491 3313 2715 3368 videris.
2746 3312 2883 3381 Quid
2912 3313 3067 3384 igitur
3099 3321 3200 3378 est,
3243 3315 3590 3386 quamobrem

297 3408 735 3474 considerasset,
770 3407 900 3460 dixit
929 3425 941 3460 :
973 3407 1048 3460 Ex
1101 3417 1254 3476 parte
1305 3406 1700 3476 cognoscimus,
1735 3415 1783 3458 et
1827 3421 1892 3460 ex

297 3513 456 3574 parte
482 3505 870 3573 prophetamus
895 3518 909 3556 :
935 3516 1055 3555 cum
1105 3509 1281 3555 autem
1310 3499 1518 3555 venerit
1548 3499 1688 3568 quod
1721 3498 1896 3568 perle-

294 3610 450 3655 ctum
481 3606 581 3665 est,
603 3595 947 3652 evacuabitur
978 3593 1117 3664 quod
1143 3611 1206 3650 ex
1241 3604 1394 3664 parte
1419 3592 1569 3663 est(l
1601 3593 1718 3648 Cor.
1749 3592 1894 3662 xm).

295 3690 377 3746 Ac
427 3702 705 3758 prepterea
757 3704 823 3740 ex
872 3686 1151 3740 immensis
1184 3686 1462 3756 sapientia:
1505 3684 1674 3754 ipsius
1705 3686 1896 3754 opibus

295 3782 654 3837 admiratione
683 3797 746 3837 ac
776 3791 994 3852 stupore
1016 3782 1294 3850 perculsus
1320 3789 1503 3850 aperte
1529 3780 1850 3836 exclamavit
1877 3797 1891 3835 :

294 3874 342 3930 0
365 3875 589 3928 altitudo
612 3873 916 3928 divitiarum
941 3873 1218 3943 sapientiae
1244 3881 1298 3928 et
1318 3873 1554 3928 scientiae
1582 3873 1704 3928 Dei!
1733 3889 1893 3942 quam

293 3965 863 4032 incomprehensibilia
890 3965 1229 4035 suntjudicia
1258 3965 1395 4037 ejus,
1415 3976 1469 4023 et
1492 3965 1894 4038 investigabiles

294 4060 398 4114 vim
431 4060 546 4129 ejus
580 4059 754 4130 (Rom.
794 4059 900 4130 XI)!

369 4154 531 4225 282
560 4154 708 4220 Quod
742 4153 786 4208 si
821 4153 909 4208 ille
937 4153 1025 4223 qui
1085 4153 1150 4207 ad
1205 4151 1424 4209 tertium
1481 4168 1648 4223 usque
1701 4152 1894 4209 coelum

295 4257 641 4322 pervenerat,
666 4257 826 4318 atque
850 4263 1045 4303 arcana
1069 4248 1228 4303 verba
1252 4247 1494 4304 audierat
1516 4247 1600 4319 (Il
1626 4247 1743 4304 Cor.
1773 4247 1893 4319 xu),

293 4339 611 4412 huiusmodi
646 4354 807 4395 voces
829 4338 1035 4404 emisit;
1071 4340 1256 4409 ecquis
1285 4340 1389 4395 mei
1412 4339 1669 4394 similium
1696 4339 1748 4394 in
1774 4349 1892 4396 tan-

293 4443 478 4492 torum
513 4434 891 4507 mysteriorum
914 4434 1166 4505 abyssum
1192 4435 1376 4490 oculos
1407 4435 1710 4502 advertere,
1737 4445 1896 4504 atque

293 4527 496 4598 aliquid
528 4543 622 4598 pro
646 4527 928 4597 dignitate,
962 4542 1067 4581 non
1098 4527 1271 4582 dicam
1316 4527 1520 4594 dicere,
1558 4528 1652 4584 sed
1683 4543 1750 4583 ne
1781 4527 1897 4600 qui-

292 4621 421 4677 dem
444 4622 677 4687 cogitare
703 4619 917 4691 poterit,
947 4620 1046 4676 nisi
1076 4622 1189 4690 ipse
1213 4622 1489 4692 sapientia:
1520 4623 1897 4678 subministra-

2005 3417 2055 3462 te
2079 3406 2428 3477 quadraginla
2461 3406 2697 3477 quinque
2729 3414 2932 3462 tantum
2960 3420 3128 3462 annos
3163 3407 3361 3464 habere
3393 3408 3539 3464 dicas
3563 3412 3588 3463 ‘I

2004 3514 2178 3569 neque
2207 3499 2350 3555 enim
2382 3499 2482 3554 hac
2513 3499 2565 3552 in
2598 3513 2656 3552 re
2681 3497 2809 3553 mihi
2842 3512 2964 3553 vera
2998 3498 3142 3570 loqui
3166 3499 3382 3555 videris.

2080 3591 2220 3649 Dixit
2268 3602 2445 3648 autem
2477 3592 2543 3647 ad
2590 3607 2712 3647 eum
2745 3591 2992 3648 Barlaam
3022 3609 3034 3645 :
3061 3591 3116 3648 Si
3145 3608 3316 3649 annos
3349 3608 3501 3650 meos
3531 3594 3598 3652 ab

2000 3686 2120 3758 ipso
2149 3685 2271 3740 vitae
2299 3695 2417 3740 ortu
2438 3698 2596 3742 nosse
2617 3689 2835 3755 quaeris,
2860 3694 3004 3740 recte
3030 3699 3164 3740 sane
3195 3701 3287 3741 eos
3320 3686 3597 3757 plusquam

2000 3778 2337 3850 septuaginta
2385 3793 2505 3833 esse
2554 3777 2855 3847 coniecisti.
2891 3779 2960 3833 At
3002 3777 3132 3831 mihi
3186 3777 3400 3846 quidem
3449 3778 3597 3833 nullo

2001 3874 2222 3930 omnino
2250 3871 2406 3926 modo
2437 3871 2575 3927 inter
2601 3871 2722 3924 vita:
2752 3884 2923 3926 annos
2953 3875 3262 3932 censentur,
3289 3870 3376 3940 qui
3402 3869 3455 3925 in
3492 3869 3594 3924 hn-

1997 3968 2084 4039 jus
2113 3965 2296 4022 mundi
2327 3966 2560 4020 vanitate
2589 3963 2892 4033 consumpti
2943 3972 3087 4018 sunt.
3125 3963 3257 4019 Nam
3290 3978 3434 4029 cum,
3465 3978 3565 4034 pec

2002 4061 2137 4116 catis
2166 4059 2218 4114 in
2250 4058 2559 4113 servitutem
2593 4055 2856 4123 addictus,
2881 4055 3027 4111 carni
3062 4056 3318 4125 viverem,
3340 4066 3596 4128 quantum

2001 4157 2066 4212 ad
2125 4155 2437 4210 interiorem
2493 4151 2770 4207 hominem
2830 4151 3060 4216 attinet,
3122 4161 3365 4207 mortuus
3423 4167 3594 4207 eram.

2001 4247 2359 4317 Quamobrem
2392 4246 2578 4300 mortis
2607 4261 2799 4309 annos,
2832 4246 2956 4301 vitae
2981 4258 3156 4300 annos
3199 4259 3469 4315 nunquam
3502 4261 3596 4315 ap-

1999 4343 2267 4416 pellarim.
2304 4341 2378 4394 Ex
2411 4354 2516 4408 quo
2541 4351 2721 4395 autem
2758 4339 2992 4394 mundus
3016 4338 3147 4393 mihi
3173 4340 3462 4394 cruciﬁxus
3489 4348 3595 4406 est,

2000 4443 2053 4488 et
2084 4448 2184 4502 ego
2213 4430 2412 4487 mundo
2457 4429 2602 4502 (Gal.
2640 4431 2746 4499 vr),
2779 4438 2939 4500 atque
2965 4439 3125 4484 exuto
3155 4439 3322 4484 veteri
3353 4430 3593 4497 homine,

2001 4525 2089 4598 qui
2145 4525 2438 4581 secundum
2486 4523 2684 4578 erroris
2736 4523 3005 4578 desideria
3057 4524 3451 4593 corrumpitur,
3487 4539 3594 4582 non

1998 4617 2106 4689 jam
2135 4618 2280 4672 carni
2313 4616 2454 4682 vivo,
2480 4614 2572 4670 sed
2600 4615 2731 4670 vivit
2753 4613 2807 4669 in
2834 4628 2920 4670 me
2946 4613 3220 4679 Christus;
3252 4614 3391 4687 quod
3414 4627 3592 4676 autem

290 4723 382 4770 tor
412 4722 569 4786 atque
599 4714 968 4786 insipientium
1001 4723 1275 4797 corrector
1310 4715 1560 4772 dederit?
1596 4716 1805 4773 Etenim
1839 4717 1892 4773 in
1921 4697 1972 4762 D
2000 4711 2144 4775 vivo,
2179 4710 2228 4762 in
2264 4708 2367 4762 Iide
2396 4707 2520 4761 vivo
2547 4705 2668 4760 Filii
2705 4705 2820 4774 Dei,
2845 4707 2933 4776 qui
2962 4705 3148 4762 dilexit
3176 4723 3283 4775 me,
3310 4716 3365 4764 et
3391 4723 3487 4779 pro
3509 4725 3595 4766 me

290 4808 466 4878 ipsius
493 4823 654 4863 manu
679 4814 733 4863 et
763 4822 860 4864 nos
886 4815 940 4863 et
968 4823 1250 4864 sermones
1279 4808 1446 4863 nostri
1470 4817 1616 4874 sunt,
1636 4817 1691 4864 et
1720 4809 1896 4864 omnis

292 4902 579 4971 prudentia
611 4919 672 4958 ac
703 4901 940 4959 solertiae
966 4903 1210 4960 scientia.
1236 4902 1410 4971 Atque
1437 4902 1602 4972 ipsius
1633 4901 1894 4959 beneﬁcio

289 5009 481 5050 Veram
514 5010 698 5050 earum
729 5010 905 5050 rerum
932 5010 1050 5066 qua;
1075 5002 1197 5048 sunt
1224 4992 1583 5064 cognitionem
1609 4992 1890 5062 habemus,

289 5089 591 5157 mundique
639 5089 1038 5145 concretionem
1086 5087 1430 5159 intelligimus
1455 5129 1470 5156 ,
1500 5087 1890 5142 elementorum

289 5184 474 5249 vires,
510 5191 812 5252 temporum
865 5181 1072 5238 initium
1120 5192 1174 5237 et
1225 5181 1564 5234 medietatem
1605 5189 1658 5235 et
1706 5177 1887 5244 linem,

291 5277 527 5351 partium
579 5275 704 5331 anni
756 5273 1174 5338 vicissitudines,
1203 5288 1265 5327 ac
1297 5281 1671 5341 tempestatum
1718 5281 1889 5324 muta-

291 5374 473 5427 tiones
499 5387 514 5428 :
539 5369 789 5441 quoniam
816 5365 994 5422 omnia
1027 5381 1078 5419 tn
1113 5367 1272 5421 modo
1304 5373 1355 5418 et
1400 5379 1650 5418 mensura
1687 5363 1890 5416 consti-

295 5467 420 5523 tuit.
470 5464 746 5536 Siquidem
800 5461 1022 5516 multum
1075 5474 1270 5530 posse,
1300 5457 1401 5530 ipsi
1433 5471 1649 5528 semper
1696 5463 1890 5526 praesto

289 5570 405 5627 est;
438 5570 492 5616 et
542 5557 747 5614 brachii
799 5555 963 5623 ipsius
1010 5551 1192 5607 robori
1238 5553 1356 5622 quis
1396 5549 1648 5606 resistet?
1677 5549 1887 5604 Etenim

289 5662 548 5723 tanquam
581 5659 915 5706 momentum
948 5643 1164 5701 staterae
1185 5686 1199 5712 ,
1233 5646 1308 5700 sic
1339 5653 1421 5699 est
1449 5650 1571 5697 ante
1599 5657 1720 5696 eum
1750 5641 1894 5698 orbis

289 5751 589 5810 terrarum,
636 5751 689 5797 et
747 5750 1003 5810 tanquam
1064 5745 1209 5808 gutta
1259 5735 1395 5790 roris
1453 5734 1724 5802 matutini,
1777 5748 1895 5804 qua:

291 5835 578 5892 descendit
624 5835 679 5888 in
725 5841 946 5888 terram.
992 5829 1098 5886 Sed
1148 5827 1434 5883 miseretur
1479 5826 1740 5894 omnium,
1771 5827 1892 5896 quia

291 5926 472 5982 oumia
519 5933 718 5996 potest,
747 5933 804 5981 et
831 5923 1136 5982 dissimulat
1182 5929 1401 5992 peccata
1448 5919 1724 5978 hominum
1771 5934 1894 5989 pro-

2004 4801 2237 4871 seipsum
2270 4798 2487 4854 tradidit
2512 4796 2728 4869 (Ep/res.
2756 4798 2833 4870 tv)
2859 4815 2872 4853 :
2900 4797 2996 4853 hos
3020 4799 3141 4853 vita:
3170 4813 3339 4855 annos
3367 4809 3422 4856 et
3451 4801 3592 4856 salu-

2004 4896 2070 4949 tis
2110 4894 2227 4949 dies
2256 4891 2460 4962 Optimo
2485 4890 2606 4961 jure
2647 4891 2970 4947 vocaverim.
3022 4891 3166 4960 Quos
3194 4892 3408 4961 quidem
3441 4893 3593 4964 quin-

2000 5003 2106 5059 que
2148 4997 2202 5042 et
2249 4985 2599 5057 quadraginta
2651 4999 2773 5040 esse
2804 4999 3050 5041 asserens
3073 5026 3088 5052 ,
3120 4993 3476 5040 consentanea
3508 5001 3594 5040 ra-

2000 5079 2170 5148 tione,
2216 5093 2277 5132 ac
2320 5095 2424 5133 non
2473 5077 2724 5148 absurde,
2753 5079 2940 5133 horum
2989 5093 3272 5133 numerum
3324 5076 3415 5130 tibi
3457 5077 3589 5132 dixi.

2000 5172 2137 5241 Quin
2189 5182 2241 5227 tu
2286 5186 2499 5243 quoque
2535 5187 2597 5227 ea
2634 5187 2852 5242 semper
2896 5181 3075 5228 mente
3105 5186 3166 5225 ac
3197 5171 3462 5226 sententia
3515 5173 3592 5226 sis

2000 5265 2184 5332 velim,
2203 5264 2453 5320 nimirum
2477 5275 2532 5317 ut
2557 5279 2651 5320 eos
2679 5264 2770 5335 qtti
2794 5275 3049 5335 quantum
3079 5263 3145 5315 ad
3175 5277 3336 5317 omne
3363 5263 3588 5330 probum

2001 5373 2135 5426 opus
2168 5358 2360 5412 mortui
2394 5367 2537 5422 sunt,
2584 5359 2815 5427 peccatis
2863 5365 3039 5410 autem
3069 5354 3279 5422 vivunt,
3312 5363 3472 5424 atque
3498 5371 3592 5410 eo-

1999 5468 2118 5507 rum
2163 5451 2272 5521 qui-
2301 5451 2444 5504 humi
2487 5449 2750 5520 provoluti
2781 5455 2907 5503 sunt
2937 5446 3159 5518 principi
3192 5446 3584 5517 obsequuntur,

2001 5555 2055 5602 et
2085 5547 2136 5601 in
2170 5545 2529 5614 voluptatibus
2572 5557 2632 5598 ac
2684 5541 2948 5614 pestiferis
2996 5540 3381 5609 cupiditatibus
3424 5542 3585 5596 vitam

1998 5642 2316 5705 absumunt,
2355 5640 2502 5692 nullo
2532 5637 2693 5692 modo
2724 5637 2907 5692 vivere
2932 5636 3244 5698 existimes.
3275 5650 3460 5690 verum
3493 5651 3589 5690 eos

1996 5733 2291 5788 exstinctos
2339 5745 2458 5785 esse
2506 5729 2598 5783 tibi
2644 5729 3009 5801 persuadeas,
3042 5731 3278 5799 vittaque
3323 5726 3587 5783 I'nnctioni

1995 5835 2256 5881 mortuos.
2297 5821 2430 5877 Nam
2477 5832 2755 5892 peccatum
2792 5822 3107 5878 immortalis
3138 5823 3330 5877 animae
3357 5829 3585 5877 mortem

1993 5931 2116 5975 esse
2149 5915 2363 5987 sapiens
2392 5914 2606 5987 quidam
2637 5930 2743 5971 non
2785 5915 3055 5972 immerito
3080 5912 3462 5987 pronuntiavit.
3489 5910 3586 5968 At-
