4158 6354
552 404 645 461 5η

1594 385 1683 443 DE
1723 384 1902 443 Vl'l'lS
1943 380 2233 442 PATRUM
2272 379 2481 437 LIBER
2522 378 2801 438 PRIMUS.

3754 380 3853 438 512

555 535 659 593 que
708 518 867 575 etiam
913 527 994 569 ms
1046 510 1225 568 verbis
1276 505 1563 577 Apostolus
1593 504 1760 560 utitur
1785 519 1799 555 :
1822 500 1954 557 Cum
2003 498 2148 554 servi
2176 500 2229 557 Λ
2257 494 2383 562 mis,
2416 504 2471 550 et
2495 495 2774 564 stirpibus,
2794 507 2927 565 quas
2952 492 3210 562 solitudo,
3232 492 3438 549 ccelesti
3466 509 3592 551 rore
3620 498 3853 567 perfusa,

528 615 750 672 'essetis
792 610 1017 683 peccati,
1052 607 1204 663 liberi
1235 606 1397 661 eratis
1418 602 1658 674 justitiae.
1692 603 1858 669 Quem
1888 614 2015 669 ergo
2043 597 2155 652 fru-

560 688 702 765 ctum
750 704 1011 761 habuistis
1042 703 1093 756 in
1140 700 1225 756 his
1261 698 1314 755 in
1354 700 1545 769 quibus
1596 711 1736 752 nunc
1782 692 2153 750 erubescitis?

566 804 709 859 Finis
752 799 893 856 enim
920 798 1129 852 illorum
1164 810 1308 850 mors
1338 805 1438 849 est.
1472 793 1622 848 Nunc
1668 801 1845 844 autem
1882 786 2091 842 liberati
2123 801 2155 840 a

565 907 807 968 peccato,
840 891 978 947 servi
1010 900 1187 946 autem
1219 889 1342 945 facti
1370 887 1627 959 justitite,
1662 884 1872 938 habetis
1920 880 2155 936 fructum

568 999 803 1045 vestrum
832 989 881 1041 in
906 982 1587 1049 sanctificationem,finem
1611 991 1787 1036 autem
1814 978 1976 1032 vitam
2001 984 2160 1031 teter-

567 1098 711 1140 nam.
764 1080 1040 1152 Stipendia
1094 1080 1238 1135 enim
1288 1080 1719 1148 peccati,mors;
1761 1074 1930 1145 gratia
1980 1081 2158 1127 autem

569 1176 686 1241 Dei,
720 1174 826 1228 vita
879 1182 1115 1239 aeterna,
1150 1172 1201 1226 in
1252 1172 1464 1228 Christo
1507 1169 1631 1227 Jesu
1690 1167 1917 1224 Domino
1973 1174 2161 1220 nostro

571 1268 745 1337 (nam.
770 1266 866 1337 vr).

646 1360 781 1414 Dixit
810 1367 987 1415 autem
1020 1358 1086 1413 ad
1119 1373 1241 1412 eum
1286 1355 1547 1427 Josaphat
1574 1352 2053 1424 :Quandoquidem
2080 1351 2162 1406 vi-

554 1464 680 1512 tam
704 1468 824 1525 quae
848 1455 900 1509 in
924 1467 1086 1509 carne
1112 1452 1346 1519 ducitur,
1368 1452 1531 1506 vitam
1554 1465 1672 1505 esse
1700 1448 1920 1504 minime
1950 1461 2163 1512 censes,

574 1564 671 1621 par
701 1560 781 1604 est
813 1549 972 1618 igitur
1000 1556 1058 1603 ut
1090 1563 1157 1603 ne
1187 1557 1415 1603 mortem
1446 1545 1665 1616 quidem
1698 1544 1833 1599 hanc
1861 1558 2019 1615 quam
2050 1557 2167 1597 om-

575 1655 673 1697 nes
699 1640 928 1695 subeunt
958 1648 1185 1695 mortem
1208 1653 1331 1694 esse
1358 1652 1603 1693 censeas.

651 1736 946 1807 Respondit
962 1750 1123 1792 senex
1143 1754 1154 1788 :
1174 1734 1303 1791 Sine
1318 1734 1420 1789 ulla
1435 1733 1767 1789 dubitatione
1781 1732 1846 1788 de
1859 1731 1942 1787 his
1959 1743 2171 1802 quoque

580 1829 650 1886 ita
674 1830 1101 1901 censeo,quippe
1130 1830 1221 1899 qui
1252 1830 1633 1900 temporariam
1658 1829 1795 1883 hanc
1815 1837 2041 1883 mortem
2070 1824 2173 1881 mi-

2260 606 2315 652 et
2344 596 2608 652 creatoris
2638 595 2866 665 imperio
2898 608 3116 664 parens,
3150 594 3265 659 alit,
3293 594 3447 651 nobis
3479 597 3740 666 suppetit.
3780 599 3857 656 0b

2262 705 2382 761 qua:
2414 704 2570 744 nemo
2602 700 2685 745 est
2707 688 2799 757 qui
2831 687 3117 743 adversum
3149 702 3246 742 nos
3279 703 3508 761 pugnam
3540 690 3687 745 ineat
3703 701 3861 762 atque

2263 783 2578 849 contendat,
2613 782 2983 853 majoremque
3016 792 3247 852 partem,
3268 792 3325 837 ut
3352 786 3595 840 avaritia:
3626 786 3708 842 lex
3736 804 3863 856 pra-

2264 879 2468 946 scribit,
2524 877 2765 946 arripere
2810 884 3042 947 quaerat;
3078 889 3261 929 verum
3311 877 3582 934 uberrime
3612 880 3867 937 omnibus

2266 972 2582 1027 illaboratus
2612 969 2789 1036 cibus,
2818 977 2874 1025 et
2903 971 3286 1039 extemporalis
3314 987 3499 1027 mensa
3526 975 3863 1042 proponitur.

2265 1062 2417 1132 Quod
2447 1062 2494 1117 si
2539 1062 2752 1133 quando
2801 1063 3009 1131 piorum
3067 1062 3312 1130 fratrum,
3360 1064 3453 1133 qui
3506 1064 3661 1119 nobis
3704 1065 3869 1121 vicini

2266 1168 2411 1227 sunt,
2447 1160 2641 1230 aliquis
2683 1158 2835 1229 panis
2867 1157 3300 1215 benedictionem
3331 1159 3543 1225 afferat,
3574 1160 3721 1214 hunc
3750 1170 3871 1215 tan-

2267 1270 2427 1325 quam
2453 1253 2516 1307 ad
2537 1267 2722 1309 eorum
2747 1251 2835 1323 qui
2865 1268 2986 1307 cum
3016 1251 3122 1307 fide
3149 1250 3483 1317 obtulerunt,
3538 1253 3870 1310 benedictio-

2269 1363 2395 1405 nem
2421 1363 2451 1403 a
2482 1347 2661 1402 divina
2696 1345 3026 1417 providentia
3058 1346 3280 1400 missum
3312 1346 3660 1415 suscipimus.
3683 1346 3873 1404 Vestes

2270 1449 2450 1495 autem
2476 1439 2628 1494 nobis
2648 1454 2713 1492 ex
2740 1437 2950 1509 asperis
2978 1438 3169 1493 ciliciis
3199 1448 3251 1491 et
3278 1436 3456 1491 ovium
3477 1437 3707 1507 pellibus
3729 1449 3875 1506 sunt,

2271 1543 2501 1590 vetusta:
2530 1548 2743 1600 omnes,
2775 1541 2937 1602 atque
2968 1547 3033 1587 ex
3073 1529 3235 1585 variis
3256 1530 3449 1600 pannis
3480 1540 3748 1597 consutae,
3778 1532 3876 1587 im-

2273 1625 2524 1681 becillam
2557 1634 2795 1679 nostram
2827 1637 3045 1678 carnem
3078 1630 3393 1677 atterentes.
3436 1620 3647 1676 Etenim
3679 1622 3877 1679 eadem

2275 1717 2433 1772 nobis
2462 1725 2545 1772 est
2576 1726 2686 1771 tum
2711 1715 2914 1770 aestatis
2939 1724 3048 1770 tum
3081 1713 3275 1769 hiemis
3292 1713 3475 1769 vestis.
3510 1715 3682 1781 Quam
3709 1717 3875 1772 etiam

2279 1820 2341 1866 ut
2364 1811 2530 1867 semel
2563 1810 2857 1877 induimus,
2916 1824 3117 1866 exuere
3170 1818 3355 1879 postea
3411 1810 3566 1865 nobis
3598 1827 3704 1866 non
3732 1812 3877 1881 licet,

582 1924 727 1978 nime
761 1921 1158 1989 pertimescam,
1179 1921 1287 1975 imo
1310 1936 1409 1974 nec
1438 1920 1656 1974 omnino
1682 1928 1909 1974 mortem
1933 1934 2049 1973 eam
2078 1933 2172 1989 ap-
2201 1890 2252 1953 Β
2280 1920 2560 1978 quousque
2616 1914 2880 1961 νειυειειιε
2910 1904 3158 1960 conicum
3203 1919 3425 1973 Prorsus
3477 1905 3749 1961 ἀειθθῑυτ-
3804 1905 3883 1964 Ad

584 2014 796 2086 pellem,
840 2015 884 2068 si
932 2014 1145 2084 quidem
1172 2028 1376 2083 meper
1418 2012 1725 2067 divinorum
1777 2021 2171 2081 praeceptorum

586 2108 723 2162 viam
758 2107 1092 2162 incedentem
1146 2106 1449 2176 arripuerit,
1484 2106 1611 2176 quin
1634 2106 1810 2175 potius
1838 2104 2117 2159 transitum
2144 2118 2174 2158 a

584 2212 756 2257 morte
777 2202 841 2256 ad
861 2202 1286 2272 prmstantiorem
1302 2210 1356 2255 et
1377 2200 1750 2270 perfectiorem
1770 2199 1933 2253 vitam
1948 2207 2107 2267 atque
2122 2198 2174 2252 in

587 2294 747 2367 283
767 2294 983 2350 Christo
1003 2294 1372 2350 absconditam
1397 2292 1620 2367 (Colon.
1646 2291 1748 2363 ιιι).
1773 2293 1937 2362 Cujus
1960 2292 2174 2362 quidem

585 2387 976 2457 consequendae
1017 2387 1307 2457 cupiditate
1337 2385 1624 2457 flagrantes
1650 2382 1840 2455 optimi
1874 2385 2010 2449 viri,
2042 2398 2180 2453 pra:-

586 2490 792 2535 sentcm
824 2479 960 2534 hanc
990 2480 1149 2533 vitam
1182 2480 1506 2548 permoleste
1536 2478 1796 2535 ferebant.
1831 2477 1985 2534 Unde
2016 2479 2178 2532 etiam

588 2572 660 2627 ait
705 2572 1271 2641 Apostolus:Scimus
1321 2572 1464 2627 enim
1512 2573 1765 2644 quoniam
1814 2572 1861 2629 si
1908 2571 2182 2628 terrestris

588 2666 781 2721 domus
814 2676 996 2722 nostra
1027 2668 1183 2738 hujus
1216 2667 1560 2722 habitationis
1590 2667 1925 2731 dissolvitur,
1948 2666 2182 2721 aedifica-

589 2763 787 2817 tionem
817 2778 881 2818 ex
916 2764 1026 2818 Deo
1057 2762 1336 2829 habemus,
1368 2761 1589 2818 domum
1634 2777 1741 2816 non
1790 2761 2178 2827 manufactant,

576 2864 848 2911 aeternam
900 2856 954 2911 in
998 2856 1169 2912 ctelis.
1229 2857 1362 2911 Nam
1408 2864 1462 2912 et
1498 2856 1552 2911 in
1600 2855 1701 2911 hoc
1756 2854 2180 2926 ingemiscimus,

592 2947 972 3004 habitationem
1004 2957 1264 3015 nostram,
1298 2964 1417 3019 qua;
1444 2948 1512 3004 de
1557 2948 1697 3004 caelo
1734 2956 1837 3015 est,
1869 2948 2185 3018 superindui

592 3043 892 3112 cupientes,
920 3044 965 3098 si
1018 3052 1198 3100 tamen
1243 3042 1420 3099 vestiti
1459 3050 1514 3099 et
1549 3057 1657 3099 non
1687 3044 1815 3098 nudi
1846 3042 2186 3098 inveniamur

601 3132 694 3207 (II
721 3134 837 3190 Cor.
874 3132 950 3206 v).

661 3227 792 3283 Nam
824 3230 982 3300 etqui
1031 3242 1216 3285 sumus
1246 3230 1299 3286 in
1351 3229 1455 3286 hoc
1495 3231 1859 3296 tabernaculo,
1882 3227 2187 3301 ingemisci-

594 3337 713 3379 mus
744 3321 973 3394 gravati,
1005 3336 1069 3378 eo
1094 3321 1235 3392 quod
1267 3322 1513 3377 nolumus
1533 3321 1843 3391 exspoliari,
1872 3322 1967 3377 sed
1998 3336 2188 3390 snper-

594 3413 798 3477 vestiri,
831 3421 888 3467 ut
915 3412 1268 3468 absorbeatur
1294 3412 1437 3484 quod
1485 3415 1710 3469 mortale
1755 3422 1838 3469 est
1867 3427 1896 3467 a
1926 3413 2055 3468 vita.
2112 3418 2188 3468 Ac

595 3522 807 3563 rursum
835 3526 847 3560 :
872 3506 1079 3577 Infelix,
1103 3508 1295 3579 inquit,
1318 3524 1417 3579 ego
1447 3508 1630 3571 homo,
1675 3509 1795 3578 quis
1825 3523 1909 3561 me
1942 3506 2190 3561 liberabit

595 3598 663 3656 de
692 3614 917 3671 corpore
947 3600 1135 3655 mortis
1180 3599 1338 3667 hujus
1399 3598 1578 3671 (Rom.
1612 3598 1741 3666 vn)?
1784 3599 1848 3653 Et
1892 3598 1997 3652 alio
2029 3598 2186 3651 loco:

596 3693 765 3764 Cupio
803 3694 1044 3761 dissolvi,
1103 3704 1155 3749 et
1194 3707 1315 3750 esse
1340 3707 1461 3749 cum
1506 3692 1721 3747 Christo
1751 3691 1972 3764 (Philip.
2010 3690 2071 3763 ι).
2124 3691 2193 3747 Et

600 3787 865 3858 pmpheta
896 3787 1061 3841 David
1095 3803 1109 3842 :
1143 3786 1367 3855 Quando
1392 3787 1628 3855 veniam,
1682 3797 1737 3843 et
1768 3788 2038 3858 apparebo
2069 3796 2193 3842 ante

603 3880 789 3936 faciem
823 3880 916 3935 Dei
946 3878 1119 3952 (Psal.
1146 3880 1293 3950 xu)?
1321 3880 1473 3949 Quod
1505 3890 1682 3936 autem
1702 3895 1804 3949 ego
1835 3894 2047 3951 quoque
2077 3894 2194 3933 om-

600 3975 746 4029 nium
774 3971 1021 4028 infirmus
1048 3986 1361 4042 corpoream
1394 3983 1623 4029 mortem
1677 3974 1825 4028 nullo
1864 3974 2026 4029 modo
2054 3972 2196 4028 exti-

606 4080 861 4131 mescam,
896 4065 1021 4119 hinc
1050 4065 1205 4119 facile
1236 4066 1327 4119 tibi
1353 4064 1650 4134 intelligere
1682 4065 1825 4131 licet,
1856 4065 1997 4135 quod
2031 4066 2198 4133 patris

603 4157 681 4213 tui
709 4158 870 4211 minis
898 4158 1224 4226 contemptis
1256 4172 1317 4212 ac
1347 4172 1444 4228 pro
1482 4156 1653 4212 nihilo
1683 4157 1903 4224 habitis,
1930 4158 2198 4228 intrepide

604 4249 669 4304 ad
700 4258 752 4303 te
782 4248 1123 4315 accesserim,
1152 4260 1212 4304 ut
1240 4248 1564 4303 salutiferam
1589 4248 1885 4304 doctrinam
1920 4249 2010 4304 tibi
2033 4265 2200 4320 expo-

606 4357 827 4409 nerem;
885 4342 1097 4396 tametsi
1147 4342 1345 4411 alioqui
1396 4342 1885 4412 compertissimum
1942 4343 2197 4401 haberem

607 4435 724 4492 fore
755 4443 812 4490 ut
840 4434 885 4490 si
921 4436 1037 4490 haec
1058 4435 1396 4500 rescisceret,
1426 4436 1695 4491 sexcentis
1718 4452 1825 4503 me,
1863 4436 1907 4490 si
1941 4437 2052 4491 fieri
2079 4451 2203 4507 pos-

607 4536 711 4598 set,
742 4528 1004 4583 mortibus
1032 4526 1293 4583 afficeret.
1358 4526 1552 4582 Verum
1597 4541 1708 4596 ego
1749 4526 1846 4582 Dei
1894 4542 2201 4583 sermonem

607 4621 858 4677 omnibus
880 4621 1042 4676 rebus
1071 4629 1423 4691 anteponens,
1456 4621 1678 4691 ipsoque
1708 4620 1807 4675 frui
1830 4622 2071 4691 cupiens,
2100 4635 2201 4676 nec

2279 1999 2423 2054 hunc
2444 1998 2589 2053 enim
2621 1998 2838 2053 modum
2868 2008 2921 2052 et
2944 1996 3157 2066 frigoris
3181 2005 3234 2052 et
3277 2006 3440 2052 :estus
3468 1998 3735 2052 molestiis
3762 2013 3882 2054 cor-

2281 2107 2379 2163 pus
2407 2092 2749 2156 afllictantes,
2799 2091 2987 2146 futura:
3019 2091 3443 2147 immortalitatis
3474 2100 3681 2148 vestem
3730 2093 3883 2151 nobis

2279 2198 2686 2255 comparamus.

2353 2273 2596 2347 Cumque
2626 2275 2709 2329 hic
2739 2273 3353 2344 Josaphatquazsivisset
3379 2275 3652 2330 undenam
3675 2284 3883 2333 vestem

2284 2367 2429 2422 illam
2462 2383 2567 2437 qua
2599 2368 2820 2423 indutus
2849 2377 2963 2423 erat
2990 2368 3092 2423 sibi
3147 2378 3536 2439 comparasset,
3597 2372 3886 2440 respondit

2280 2467 2445 2518 ’scnex
2483 2479 2497 2517 :
2531 2462 2576 2517 A
2604 2462 2837 2532 quodam
2871 2464 3080 2532 piorum
3114 2463 3336 2518 fratrum
3388 2478 3529 2529 eam,
3584 2480 3709 2519 cum
3744 2466 3811 2519 ad
3840 2474 3887 2522 te

2287 2554 2624 2623 profecturus
2646 2569 2847 2622 essem,
2870 2556 3121 2609 utendam
3152 2555 3334 2626 accepi
3352 2571 3367 2621 ;
3409 2570 3583 2627 neque
3611 2556 3761 2612 enim
3794 2573 3887 2626 par

2294 2657 2411 2703 erat
2442 2657 2501 2702 ut
2526 2664 2648 2703 cum
2677 2664 2737 2703 ea
2766 2664 2926 2720 quam
2973 2650 3113 2705 ferre
3164 2654 3314 2706 soleo
3366 2660 3514 2708 veste
3545 2653 3886 2710 accederem.

2287 2742 2751 2810 Quemadmodum
2783 2740 2927 2798 enim
2967 2743 3228 2814 quispiam
3276 2746 3654 2801 charissimum
3691 2763 3883 2816 quem-

2288 2834 2412 2890 dam
2441 2845 2723 2904 cognatum
2754 2835 2807 2889 in
2839 2834 3068 2890 alienam
3100 2837 3373 2906 regionem
3423 2837 3694 2906 captivum
3724 2837 3890 2892 abdu-

2290 2940 2461 2996 ctum,
2497 2931 2643 2986 illinc
2671 2932 2902 2988 educere
2930 2932 3180 3002 cupiens,
3226 2932 3433 3003 abjecta
3464 2942 3616 2988 veste
3645 2947 3769 2998 sua,
3816 2943 3892 2990 at-

2291 3041 2396 3097 que
2424 3025 2656 3080 hostium
2679 3034 2928 3097 suscepta
2959 3040 3187 3096 persona
3208 3066 3222 3094 ,
3275 3027 3339 3080 ad
3372 3041 3558 3081 eorum
3614 3028 3892 3095 regionem

2289 3131 2409 3173 sesc
2438 3116 2668 3183 confert,
2700 3117 2971 3189 variisque
2998 3118 3200 3171 artibus
3242 3118 3597 3188 propinquum
3630 3133 3790 3172 suum
3822 3135 3891 3175 ex

2280 3210 2489 3265 acerba
2521 3212 2804 3282 tyrannide
2834 3211 2888 3266 in
2920 3211 3218 3265 libertatem
3251 3212 3473 3279 asserit;
3504 3211 3695 3267 eodem
3731 3213 3895 3269 modo

2297 3318 2397 3373 ego
2428 3318 2641 3373 quoque
2672 3303 2738 3359 de
2762 3303 2866 3359 tuis
2888 3304 3049 3359 rebus
3074 3303 3271 3359 certior
3313 3306 3504 3373 factus,
3560 3305 3663 3361 hoc
3709 3306 3894 3365 habitu

2293 3406 2550 3467 suscepto
2575 3398 2723 3463 veni,
2771 3405 2827 3451 ut
2858 3396 3035 3451 divina
3086 3398 3469 3468 praedicatione
3502 3407 3688 3468 pectus
3743 3410 3895 3458 tuum

2296 3504 2666 3559 consererem,
2685 3496 2843 3559 atque
2870 3504 2901 3543 a
2928 3490 3211 3545 truculenti
3239 3492 3495 3561 principis
3518 3492 3702 3548 mundi
3721 3495 3895 3551 servi-

2293 3589 2411 3637 tute
2443 3593 2493 3637 te
2524 3583 2875 3637 vindicarem.
2918 3584 2996 3637 Ae
3027 3598 3168 3638 nunc
3197 3598 3293 3653 per
3338 3585 3589 3639 virtutem
3623 3586 3887 3654 divinam,

2299 3684 2560 3747 quantum
2595 3677 2808 3744 quidem
2843 3676 2894 3732 in
2925 3691 3011 3733 me
3040 3676 3159 3735 fuit.
3193 3677 3494 3734 ministerio
3525 3694 3645 3735 meo
3677 3682 3895 3750 perfun-

2296 3776 2416 3823 ctus
2444 3783 2585 3823 sum.
2617 3768 2824 3823 Etenim
2852 3768 3017 3837 ipsius
3041 3769 3404 3837 cognitionem
3437 3770 3891 3841 tibiannuntiavi,

2297 3874 2361 3917 ac
2384 3860 2769 3931 pr0phetarum
2803 3869 2857 3916 et
2889 3860 3259 3929 apostolorum
3307 3862 3746 3931 przedieationem
3802 3884 3895 3923 ex-

2302 3956 2474 4025 posui,
2502 3968 2736 4023 vereque
2760 3968 2822 4009 ac
2845 3954 2964 4009 sine
2992 3952 3100 4007 ullo
3129 3969 3317 4010 errore
3340 3957 3686 4024 praesentium
3716 3974 3892 4014 rerum

2300 4049 2594 4104 vanitatem
2621 4047 3015 4115 demonstravi,
3044 4050 3367 4121 quantisque
3388 4050 3543 4106 malis
3564 4053 3897 4109 hicmundus

2300 4151 2524 4205 scateat,
2579 4157 2674 4198 eos
2719 4144 2807 4214 qui
2834 4143 2933 4212 ipsi
2963 4145 3340 4214 obtemperant
3383 4146 3435 4199 in
3469 4145 3709 4203 fraudem
3743 4148 3897 4203 indu-

2301 4248 2453 4301 cens,
2485 4234 2757 4305 variisque
2784 4234 2958 4290 modis
2986 4236 3253 4291 irretiens.
3308 4235 3572 4307 Deinceps
3603 4240 3787 4308 igitur,
3834 4254 3900 4296 eo

2304 4329 2445 4385 unde
2494 4330 2598 4384 huc
2644 4328 2790 4399 veni,
2849 4329 3230 4387 revertendum
3276 4340 3389 4397 est,
3452 4345 3514 4387 ac
3567 4340 3680 4385 tum
3720 4334 3899 4391 alieno

2304 4421 2487 4478 habitu
2519 4421 2787 4492 deposito,
2820 4438 2997 4479 meum
3022 4424 3260 4479 induam.

2376 4515 2694 4571 Obsecravit
2723 4524 2898 4571 autem
2924 4531 3107 4571 senem
3140 4515 3422 4587 Josaphat,
3473 4526 3527 4572 ut
3555 4534 3613 4574 se
3644 4518 3746 4589 ipsi
3780 4535 3903 4576 cum

2312 4618 2569 4665 consueta
2595 4618 2745 4664 veste
2775 4611 3107 4666 ostenderet.
3139 4610 3273 4666 Cum
3309 4613 3490 4681 itaque
3516 4613 3762 4668 Barlaam
3812 4631 3905 4668 ve-

611 4718 991 4785 temporariam
1043 4715 1181 4771 hanc
1223 4725 1452 4771 mortem
1511 4716 1884 4785 perhorresco,
1939 4731 2038 4771 nec
2080 4730 2186 4770 eam

2304 4710 2439 4758 stem
2454 4718 2571 4758 eam
2593 4717 2752 4773 quam
2776 4704 2994 4772 gerebat
3014 4705 3268 4772 exuisset,
3294 4704 3623 4760 horrendum
3645 4705 3911 4778 Josaphat

611 4810 916 4879 hujusmodi
940 4810 1156 4866 nomine
1179 4810 1548 4880 appellandam
1575 4810 1735 4875 duco,
1764 4809 1971 4865 Domini
1996 4810 2201 4864 scilicet

612 4902 867 4958 mandato
919 4902 1301 4970 obtemperans
1357 4902 1629 4957 dicentis:
1686 4901 1861 4957 Nolite
1892 4902 2083 4957 timere
2110 4913 2204 4956 eos

615 4998 704 5068 qui
729 4995 977 5052 occidunt
1008 5008 1222 5065 corpus,
1250 4996 1487 5051 animum
1521 5004 1697 5051 autem
1728 5011 1831 5050 non
1856 5003 2082 5066 possunt
2112 5008 2207 5049 oc-

613 5092 822 5157 cidere;
848 5091 941 5145 sed
976 5090 1154 5160 potius
1195 5093 1376 5145 timete
1408 5105 1528 5144 eum
1552 5088 1642 5159 qui
1677 5099 1852 5158 potest
1882 5088 2116 5142 animam
2150 5096 2204 5142 et

614 5200 809 5254 corpus
834 5185 1057 5254 perdere
1084 5183 1135 5239 in
1158 5184 1456 5253 gehennam
1488 5182 1701 5254 (Matth.
1728 5184 1805 5253 ιι).

692 5276 838 5342 llaec,
890 5276 1060 5344 inquit
1111 5275 1389 5345 Josziphat,
1434 5290 1575 5331 vera:
1607 5284 1801 5329 vestrae
1848 5275 2206 5344 philosophiae

616 5367 873 5438 pra-clara
900 5366 1159 5434 facinora,
1216 5376 1554 5423 terrenorum
1588 5365 1863 5420 hominum
1890 5366 1977 5435 qui
2009 5382 2038 5420 a
2068 5382 2207 5437 prte-

617 5460 757 5517 senti
782 5462 879 5516 hac
907 5463 1013 5517 vita
1044 5462 1129 5517 vix
1158 5464 1317 5518 avelli
1342 5472 1582 5532 possunt,
1617 5470 1859 5515 naturam
1892 5462 2050 5533 longe
2072 5462 2204 5518 mul-

619 5562 838 5624 tumque
864 5563 1139 5625 superant.
1172 5555 1251 5609 Ac
1278 5569 1370 5608 vos
1390 5553 1554 5621 beati,
1599 5554 1685 5624 qui
1710 5555 1808 5609 hac
1837 5556 2206 5611 strenuissima

622 5656 801 5703 mente
833 5648 1041 5717 praediti
1072 5647 1223 5702 estis.
1266 5645 1492 5712 Quinam
1518 5661 1678 5715 porro
1710 5647 1802 5702 tibi
1831 5663 1893 5703 ac
1917 5649 2078 5703 sociis
2110 5649 2213 5705 tuis

619 5739 673 5796 in
699 5740 1010 5811 huiusmodi
1035 5738 1321 5794 solitudine
1347 5740 1520 5794 victus
1544 5742 1809 5810 sit,atque
1833 5740 1957 5797 item
1984 5740 2143 5806 unde,
2162 5750 2217 5796 et

621 5832 923 5906 eujusmodi
947 5833 1105 5888 vobis
1133 5840 1313 5887 vestes
1353 5840 1660 5902 suppetant,
1679 5846 1806 5888 vere
1828 5831 1958 5887 mihi
1986 5846 2216 5898 expone.

698 5928 944 5989 Barlaam
974 5933 1152 5983 autem
1176 5925 1308 5983 dixit
1333 5943 1347 5982 :
1393 5927 1579 5982 Victus
1607 5916 1822 5996 quidem
1851 5927 2004 5982 nobis
2034 5942 2097 5984 ex
2128 5942 2220 5998 po-

2296 4796 2671 4867 spectaculum
2704 4810 2825 4851 sese
2853 4796 3066 4851 obtulit.
3122 4796 3332 4852 Etenim
3372 4806 3483 4853 tota
3512 4799 3691 4855 carnis
3739 4801 3911 4869 ipsius

2307 4898 2536 4970 qualitas
2558 4896 2762 4970 [πιότης
2787 4898 3009 4968 fortasse
3034 4898 3333 4970 legendum,
3384 4899 3437 4952 id
3460 4910 3557 4965 est,
3615 4900 3912 4974 pinguedo]

2312 4992 2599 5062 absumpta
2631 5001 2768 5061 erat,
2799 5008 2863 5047 ac
2885 4993 3037 5063 pellis
3066 5009 3132 5049 ex
3163 4993 3297 5049 solis
3339 5004 3472 5049 testu
3506 5002 3667 5064 atque
3714 4996 3915 5053 ardore

2311 5086 2513 5143 circum
2541 5102 2665 5143 ossa
2692 5097 2841 5144 tensa
2864 5098 3003 5155 erat,
3049 5104 3153 5143 non
3186 5103 3344 5145 secus
3388 5104 3450 5144 ac
3478 5090 3525 5147 si
3557 5090 3680 5160 quis
3713 5092 3912 5161 pellem

2313 5179 2601 5235 subtilibus
2645 5178 2867 5234 calamis
2927 5180 3266 5237 tetendisset.
3323 5180 3571 5237 Pannoso
3626 5197 3793 5251 porro
3850 5198 3916 5239 ac

2316 5290 2571 5345 perquam
2598 5289 2789 5344 aspero
2820 5274 2998 5331 cilicio
3025 5292 3057 5331 e
3085 5277 3279 5332 lumbis
3301 5291 3470 5349 usque
3491 5279 3556 5333 ad
3583 5293 3755 5350 genua
3800 5280 3919 5336 ciu-

2313 5368 2563 5439 gebatur,
2596 5367 2841 5438 idemque
2871 5368 3089 5437 pallium
3122 5368 3360 5425 humeris
3379 5372 3621 5441 gerebat.

2390 5463 2704 5518 Admiratus
2761 5462 2938 5532 itaque
2969 5460 3233 5532 .losaphat
3264 5462 3571 5535 hujusmodi
3606 5465 3731 5521 vitae
3773 5465 3922 5521 duri-

2322 5555 2450 5610 tiam
2474 5562 2526 5609 ct
2558 5553 2925 5623 asperitatem,
2956 5561 3116 5624 atque
3146 5570 3210 5610 ex
3243 5553 3444 5627 ingenti
3471 5570 3534 5612 ea
3561 5565 3616 5611 et
3654 5557 3920 5627 singulari

2322 5647 2601 5703 tolerantia
2632 5658 2852 5717 stupore
2880 5646 3104 5704 affectus
3140 5648 3438 5721 ingemuit,
3472 5652 3812 5720 prolusisque
3844 5652 3921 5704 la-

2324 5740 2521 5813 crymis
2544 5740 2610 5795 ad
2642 5755 2824 5794 senem
2854 5739 2962 5793 ait:
3000 5740 3263 5808 Quoniam
3311 5756 3373 5797 ea
3408 5741 3504 5797 tibi
3536 5741 3638 5796 huc
3669 5743 3917 5799 veniendi

2325 5847 2485 5889 causa
2516 5833 2631 5899 fuit,
2680 5842 2734 5885 ut
2764 5848 2848 5887 me
2878 5848 2941 5887 ex
2971 5835 3163 5889 acerba
3195 5834 3394 5891 diaboli
3421 5840 3683 5892 servitute
3739 5847 3919 5891 extra-

2325 5927 2506 5995 heres,
2537 5923 2799 5984 beneficio
2832 5933 2925 5983 tuo
2963 5934 3260 5984 extremam
3310 5928 3472 6003 284
3495 5945 3719 5986 manum
3742 5931 3915 6002 impo-
