4158 6354
313 364 422 431 5'13

747 380 903 438 VlTA
945 375 1362 440 SANCTORUM
1402 379 1734 444 BARLAAM
1775 385 1899 444 ERE

1998 384 2112 443 ΤΑΞ
2156 383 2242 442 ΕΤ
2281 380 2637 446 «108ΑΡΗΑΤ
2676 387 2885 447 ΙΝΟΙᾸΞ
2925 391 3149 450 REGIS.

3479 391 3589 458 514

313 503 407 557 ne,
440 493 600 561 atque
629 509 859 549 animam
906 512 1078 551 meam
1119 497 1186 552 de
1233 497 1476 555 custodia
1531 501 1669 556 educ
1723 500 1896 572 (Psal.
1927 500 2311 565 Aantecellat,
2337 499 2474 569 icum
2523 503 2680 568 paulo
2728 513 2850 557 ante
2880 511 2932 556 tu
2962 488 3134 558 eosin
3188 520 3375 579 magna
3406 510 3590 580 inopia

312 587 482 656 cxm),
513 601 576 642 ac
600 603 687 643 me
716 587 922 645 itineris
948 592 1021 644 tui
1050 592 1252 647 socium
1269 592 1484 663 adhibe,
1517 603 1571 648 ut
1597 594 1778 649 mundi
1803 593 1904 647 im-

314 688 535 745 postura
596 693 817 748 prorsus
867 682 1144 749 liberatus,
1201 693 1311 738 tum
1371 685 1602 756 denique
1654 686 1904 742 salutaris

311 770 566 838 baptismi
596 772 829 840 sigillum
863 772 1144 843 accipiam,
1198 778 1511 844 sociumque
1546 792 1632 831 me
1673 777 1763 832 tibi
1808 778 1904 833 ad-

311 860 574 916 mirandae
623 862 776 932 hujus
810 863 1160 933 philosophiae
1210 879 1370 937 atque
1399 870 1609 925 eximiae
1636 873 1904 926 exercita-

313 953 473 1006 tionis
509 954 798 1022 praebeam.

387 1046 524 1099 Dixit
557 1056 732 1101 autem
765 1048 830 1102 ad
861 1063 980 1103 eum
1007 1051 1247 1106 Barlaam
1280 1069 1294 1108 :
1359 1053 1579 1124 Caprea:
1623 1056 1902 1111 hinnulum

310 1137 462 1192 dives
491 1137 750 1209 quispiam
793 1141 918 1196 olim
943 1144 1119 1198 alebat
1150 1163 1162 1198 :
1215 1161 1335 1200 cum
1361 1157 1536 1203 autem
1566 1149 1680 1219 ipse
1703 1152 1906 1207 crevis-

311 1239 415 1296 set,
440 1231 667 1285 naturali
696 1232 886 1288 aﬂ’ectu
915 1245 1214 1305 pertractus
1245 1241 1564 1297 solitudines
1595 1246 1902 1313 expetebat.

310 1321 574 1391 Egressus
597 1323 754 1393 igitur
802 1327 1030 1396 quodam
1063 1330 1172 1396 die,
1224 1346 1541 1401 caprearum
1575 1350 1787 1405 gregem
1813 1351 1906 1406 pa-

309 1415 416 1468 stui
445 1429 662 1484 operam
694 1417 910 1472 dantem
936 1419 1189 1486 invenit;
1217 1432 1378 1493 atque
1431 1425 1496 1479 ad
1530 1441 1621 1480 eas
1667 1441 1788 1483 sese
1809 1427 1906 1483 ad-

303 1506 555 1577 jungens,
609 1522 705 1578 per
759 1525 918 1578 agros
971 1522 1024 1566 et
1061 1528 1280 1583 campos
1331 1517 1634 1586 oberrabat,
1670 1534 1732 1575 ac
1779 1535 1904 1578 sero

304 1600 525 1667 quidem
556 1600 780 1656 domum
823 1617 882 1657 se
931 1605 1205 1661 referebat
1232 1625 1245 1672 ;
1279 1624 1438 1664 mane
1469 1620 1643 1666 autem
1676 1611 1904 1668 famulo-

305 1707 426 1746 rum
457 1693 776 1765 negligentia
810 1696 953 1752 foras
986 1699 1387 1769 egrediebatur,
1439 1713 1601 1769 atque
1656 1721 1776 1759 eum
1805 1707 1902 1761 sil-

302 1786 574 1841 vestribus
602 1791 778 1857 capris
801 1806 859 1845 se
884 1795 1224 1862 aggregabat.
1260 1795 1428 1852 Porro
1457 1812 1576 1852 cum
1606 1799 1711 1853 illae
1736 1800 1901 1869 pabu-

2007 591 2185 646 vivere
2215 603 2374 662 atque
2404 602 2641 647 extrema
2666 603 2979 663 paupertate
3018 597 3315 655 conﬂictari
3364 600 3586 658 dixeris.

2008 682 2273 749 Quidnam
2298 689 2426 742 item
2468 690 2554 757 sit,
2587 692 2933 761 quamobrem
2977 710 3114 749 nunc
3170 711 3257 751 me
3296 712 3585 768 pauperem

2008 775 2270 844 appelles,
2327 795 2447 834 cum
2487 793 2662 836 autem
2717 785 3058 853 amplissimis
3103 787 3292 856 opibus
3334 791 3588 858 praeditus

2007 866 2183 934 fuero,
2217 871 2437 928 minime
2461 873 2736 930 liberalem
2767 876 2882 931 fore
2917 878 3084 945 dicas,
3114 881 3202 949 qui
3225 896 3363 936 nunc
3391 883 3457 936 ad
3481 883 3588 936 lar-

2007 961 2256 1031 giendum
2288 975 2567 1035 promptus
2597 983 2660 1022 ac
2689 983 2984 1038 pr0pensus
3014 985 3153 1026 sum.

2079 1056 2376 1125 Respondit
2403 1060 2646 1115 Barlaam
2694 1079 2707 1116 :
2763 1062 2874 1117 Non
2906 1079 2997 1119 eos
3041 1076 3348 1136 paupertate
3399 1069 3591 1125 conlli-

2006 1149 2142 1202 ctari
2172 1148 2305 1214 dixi,
2335 1151 2429 1204 sed
2448 1151 2780 1208 inexhaustis
2801 1155 2976 1223 potius
2995 1158 3183 1225 Opibus
3213 1159 3425 1215 ﬂorere.
3451 1161 3582 1217 Nam

2008 1239 2197 1307 opibus
2224 1254 2353 1310 opes
2381 1256 2594 1312 semper
2624 1244 2936 1314 adjungere,
2961 1263 3060 1303 nec
3095 1249 3439 1318 cupiditatem
3472 1263 3587 1306 tan-

2007 1347 2164 1400 quam
2198 1334 2350 1390 freno
2377 1349 2652 1404 coercere,
2699 1354 2883 1394 verum
2913 1341 3027 1395 sine
3042 1341 3144 1395 ulla
3163 1344 3406 1400 satietate
3434 1346 3588 1414 plura

2008 1436 2298 1494 appetere,
2374 1440 2628 1485 extremae
2674 1435 3003 1501 paupertatis
3053 1448 3425 1506 argumentum
3484 1451 3588 1495 est.

2007 1518 2224 1585 Contra,
2257 1523 2346 1592 qui
2375 1525 2820 1592 sempiternarum
2842 1543 3016 1583 rerum
3043 1529 3330 1597 cupiditate
3354 1547 3588 1600 praesen-

2006 1613 2080 1666 tia
2104 1616 2280 1669 omnia
2301 1625 2668 1682 conteu'munt,
2694 1634 2863 1689 eaque
2888 1637 2982 1685 pro
3011 1623 3337 1678 stercoribus
3365 1624 3586 1689 ducunt,

2008 1713 2068 1758 ut
2097 1705 2369 1761 Christum
2401 1708 2573 1763 solum
2602 1709 2874 1764 lucrentur
2900 1711 3126 1783 (Philip.
3160 1715 3278 1785 In),
3336 1717 3590 1785 omnique

2010 1797 2253 1854 ciborum
2286 1810 2342 1854 et
2395 1801 2829 1858 indumentorum
2881 1820 3078 1860 excusa
3120 1819 3280 1878 atque
3329 1809 3380 1862 in
3421 1809 3588 1865 Deum

305 1878 477 1933 latum
509 1880 716 1949 longius
754 1886 1156 1954 processissent,
1213 1889 1330 1957 ipse
1360 1906 1574 1960 quoque
1613 1907 1704 1947 eas
1733 1894 1900 1950 comi-
1934 1877 1979 1938 Β
2010 1888 2243 1958 projeCla
2299 1905 2448 1957 cura,
2499 1892 2756 1962 majorem
2804 1910 2868 1949 ex
2916 1897 3089 1967 inopi?!
3140 1901 3463 1968 voluplatetlt
3495 1915 3586 1955 ca-

304 1978 450 2024 tatus
479 1980 580 2026 est.
609 1976 673 2027 At
695 1989 825 2029 vero
844 1976 1185 2034 divitisillius
1209 1982 1306 2037 viri
1337 1982 1544 2049 famuli,
1570 2001 1628 2040 re
1657 1989 1893 2056 cognita,

304 2065 627 2117 conscensis
657 2067 807 2134 equis
830 2083 921 2122 eas
942 2085 968 2122 a
1005 2081 1154 2139 tergo
1185 2073 1408 2129 insecuti
1437 2085 1580 2144 sunt,
1632 2093 1696 2131 ac
1743 2094 1894 2136 suam

301 2154 521 2222 quidem
545 2170 791 2224 capream
815 2161 990 2216 vivam
1015 2174 1249 2234 captam,
1273 2166 1596 2237 domumque
1619 2170 1896 2226 reductam

300 2249 528 2316 posthac
554 2252 625 2305 ita
656 2261 960 2321 tenuerunt,
989 2269 1044 2313 ut
1067 2259 1195 2313 nulli
1224 2260 1290 2315 ad
1310 2276 1427 2316 eam
1454 2263 1626 2318 aditus
1656 2275 1893 2334 pateret;

297 2339 566 2410 reliquum
598 2353 776 2400 autem
809 2363 1022 2419 gregem
1074 2356 1267 2421 partim
1311 2357 1666 2425 trucidarunt,
1697 2363 1892 2428 partim

298 2434 440 2487 male
470 2435 786 2493 multarunt.
839 2441 1040 2496 Eodem
1073 2444 1232 2499 modo
1258 2462 1326 2503 ne
1371 2450 1523 2503 nobis
1551 2450 1758 2505 accidat
1781 2468 1896 2508 meo

299 2532 414 2592 tuo,
442 2528 488 2581 si
523 2528 648 2583 mihi
679 2538 731 2584 te
760 2535 1009 2590 comitem
1044 2537 1324 2611 adiungas.
1359 2541 1471 2597 Hoc
1495 2554 1594 2610 est,
1620 2560 1686 2598 ne
1717 2554 1770 2598 et
1797 2555 1893 2600 tuo

296 2620 654 2676 contubernio
692 2625 891 2693 priver,
945 2635 1002 2683 et
1031 2629 1274 2700 ingentes
1315 2635 1478 2689 sociis
1511 2638 1644 2691 meis
1671 2638 1891 2693 calami-

297 2719 462 2779 tates,
490 2729 552 2770 ac
579 2720 960 2788 sempiternam
987 2726 1121 2793 patri
1153 2736 1243 2782 tuo
1269 2730 1768 2788 condemnationem
1793 2749 1888 2789 ac-

296 2820 526 2861 cersam.
560 2808 683 2864 Vult
707 2812 885 2882 itaque
932 2827 984 2871 te
1014 2818 1266 2876 Dominus
1299 2838 1441 2878 nunc
1471 2826 1687 2895 quidem
1719 2827 1888 2883 divini

295 2897 552 2968 baptismi
574 2901 1083 2977 sigilloconsignari,
1105 2922 1264 2983 atque
1284 2916 1371 2971 hic
1402 2927 1709 2975 manentem
1739 2921 1887 2976 omni

295 2990 514 3058 pietatis
542 2998 724 3065 generi
777 3003 1014 3068 studere,
1063 3008 1453 3077 praeceptisque
1513 3010 1623 3065 suis
1662 3027 1883 3079 operam

297 3084 440 3140 dare.
494 3088 846 3162 Posteaquam
902 3103 1078 3151 autem
1131 3098 1272 3154 illius
1325 3101 1585 3157 bonorum
1635 3104 1880 3161 omnium

297 3176 500 3235 datoris
527 3197 746 3240 munere
777 3188 989 3244 occasio
1039 3206 1157 3247 sese
1184 3193 1454 3259 obtulerit,
1505 3205 1615 3252 tum
1664 3199 1875 3255 demutr

2004 1983 2160 2052 pitmt
2189 1998 2344 2052 quam
2387 1987 2667 2057 quisquam
2723 2003 2906 2043 eorum
2961 1992 3049 2060 qui
3076 1993 3260 2047 mundi
3292 2010 3473 2050 amore.
3496 1995 3586 2051 [1³-

2001 2085 2180 2144 grant,
2211 2093 2275 2132 ex
2306 2092 2464 2148 opum
2511 2091 2561 2136 et
2621 2082 2967 2150 pecuniarum
3016 2085 3337 2142 abundantia
3370 2089 3584 2158 capiat;

2003 2169 2206 2240 quique
2255 2173 2618 2240 amplissimas
2647 2176 2900 2231 virtutum
2948 2178 3158 2234 divitias
3201 2181 3299 2235 sibi
3339 2197 3585 2251 aggesse-

2004 2273 2151 2330 runt,
2201 2274 2364 2335 atque
2413 2267 2793 2323 immortalium
2837 2270 3093 2325 honorum
3145 2286 3239 2341 spe
3267 2289 3386 2328 sese
3415 2275 3583 2344 alunt,

2001 2355 2100 2410 hos
2128 2371 2228 2427 ego
2257 2359 2458 2427 Optimo
2510 2361 2631 2430 jure
2687 2371 2736 2416 te
2783 2372 2940 2432 atque
2969 2364 3106 2418 adeo
3135 2366 3324 2433 quovis
3375 2375 3585 2423 terreno

1999 2469 2126 2522 rege
2144 2457 2514 2525 locupletiores
2537 2458 2790 2513 dixerim.
2829 2459 2980 2526 Quod
3005 2461 3070 2526 si,
3099 2460 3206 2517 Dco
3235 2463 3326 2517 tibi
3354 2463 3584 2530 favente,

2000 2555 2057 2599 tu
2080 2562 2291 2616 quoque
2323 2549 2629 2618 spirituales
2678 2551 2984 2620 hujusmodi
3025 2553 3236 2609 divitias
3265 2557 3580 2626 arripueris,

2004 2649 2097 2691 eas
2126 2652 2338 2692 summo
2369 2639 2544 2694 studio
2566 2655 2627 2696 ac
2657 2641 2929 2711 diligentia
2955 2644 3219 2714 servabis,
3249 2661 3311 2700 ac
3341 2662 3578 2718 semper,

2001 2736 2056 2783 et
2081 2727 2294 2798 quidem
2325 2730 2536 2795 merito,
2581 2746 2775 2802 augere
2813 2736 3015 2802 cupies,
3047 2751 3143 2790 nec
3174 2737 3329 2791 ullam
3361 2741 3584 2795 omnino

1996 2835 2184 2876 earum
2212 2831 2414 2892 partem
2442 2824 2715 2880 ell'underc
2741 2827 3049 2882 sustinebis.
3100 2827 3230 2883 Nam
3279 2831 3331 2885 in
3366 2832 3462 2886 hoc
3489 2831 3582 2888 de-

1995 2927 2140 2968 mum
2167 2927 2306 2970 verae
2329 2915 2525 2975 divitiae
2545 2918 2661 2971 sitae
2687 2926 2829 2974 sunt.
2859 2919 3050 2974 Earum
3074 2931 3249 2976 autem
3274 2938 3433 2992 opum
3462 2939 3581 2994 qua:

1995 3007 2049 3062 in
2073 3024 2286 3064 sensum
2336 3011 2549 3076 cadunt,
2597 3012 2768 3065 moles
2827 3012 3146 3068 detrimento
3194 3016 3369 3084 potius
3419 3032 3577 3083 quam

1993 3102 2278 3157 commodo
2308 3103 2507 3157 amicos
2539 3119 2665 3158 suos
2699 3103 2956 3160 aﬂ'ccerit.
3011 3107 3183 3173 Quare
3236 3121 3340 3161 non
3371 3109 3464 3162 abs
3516 3121 3575 3163 re

1973 3206 2088 3253 eas
2118 3209 2412 3255 extremam
2443 3209 2808 3270 paupertatem
2834 3202 3577 3272 appellavi,quascmlestium

296 3278 350 3326 et
375 3271 443 3326 ad
474 3288 572 3330 nos
598 3278 802 3345 venies,
835 3288 890 3334 et
919 3295 1012 3349 per
1042 3284 1304 3354 reliquum
1323 3301 1482 3343 omne
1505 3289 1726 3359 hujusce
1757 3293 1885 3348 vita:
1917 3266 1967 3329 ο
1998 3292 2258 3346 bonorum
2311 3303 2599 3358 amatores,
2646 3294 2810 3348 rebus
2836 3293 3082 3348 omnibus
3112 3293 3339 3349 remisso
3370 3297 3577 3362 nuntio,

297 3371 513 3434 tempus
534 3368 810 3424 nobiscum
838 3373 1022 3443 deges.
1055 3378 1130 3431 Ac
1170 3378 1378 3434 Domini
1421 3380 1744 3451 benignitate
1775 3386 1922 3457 fre;
1996 3382 2069 3436 ita
2105 3382 2332 3454 fugiunt,
2393 3392 2449 3438 ut
2489 3385 2753 3454 quiSpiam
2804 3394 3109 3454 serpentem
3162 3387 3314 3457 fugit.
3357 3387 3413 3442 Si
3448 3401 3576 3442 vero

293 3467 403 3526 tus,
437 3460 841 3534 haudquaquam
872 3467 1058 3524 dubito
1084 3471 1210 3539 quin
1230 3471 1283 3526 in
1310 3474 1482 3529 futura
1512 3477 1625 3531 vita
1651 3479 1721 3534 ita
1753 3495 1885 3538 con-
1996 3488 2120 3528 eum
2150 3473 2376 3538 hostem,
2428 3489 2585 3545 quem
2637 3477 2741 3530 mei
2776 3478 2875 3544 pia:
2926 3478 3325 3533 exercitationis
3366 3478 3497 3534 socii
3525 3487 3578 3534 et

297 3505 403 3526 -..Ἴ
437 3505 841 3534 -.-υνιιν-Ίυυιι.
872 3505 1058 3524 gum“,
1084 3505 1283 3539 ιμηιιιιι
1310 3505 1482 3529 um".
1519 3505 1625 3531 um
1651 3505 1721 3534 ιω
1753 3505 1885 3538 cuu-
1996 3505 2120 3528 cqu
2151 3505 2376 3538 "uatum,
2428 3505 2585 3545 quem
2637 3505 2741 3530 IIICI
2777 3505 2875 3544 pm:
2926 3505 3325 3533 τιυιυιιᾰιιιυιηδ
3366 3505 3497 3534 δυυιι
3525 3505 3576 3534 CI

291 3551 578 3623 iungamur
598 3599 610 3621 ,
648 3568 702 3612 ut
733 3575 1000 3630 nunquam
1030 3565 1206 3621 divelli
1240 3569 1521 3636 possimus.
1903 3505 1932 3660 ξ
1997 3569 2391 3624 commilitones
2416 3569 2525 3640 jam
2556 3570 2966 3639 obtruncarunt,
3020 3588 3083 3626 ac
3115 3572 3335 3640 pedibus
3363 3573 3576 3642 procul-

366 3646 624 3713 Josapbal
651 3663 828 3708 autem
857 3654 1108 3726 lacrymis
1136 3675 1344 3715 rursum
1369 3663 1635 3732 perfusus,
1668 3665 1732 3721 ad
1755 3646 1929 3733 eum?
1995 3669 2205 3723 carunt,
2268 3664 2443 3716 vivum
2475 3677 2660 3717 rursus
2703 3663 2798 3718 ahs
2831 3673 2882 3717 te
2907 3674 3182 3733 acceptum
3213 3665 3277 3718 ad
3309 3665 3453 3732 ipsos
3481 3664 3576 3720 tle-

290 3740 369 3795 ail
397 3757 414 3796 :
443 3742 498 3798 Si
531 3744 758 3802 Domino
784 3748 853 3802 ita
888 3750 1082 3820 placet,
1108 3754 1273 3824 ipsius
1302 3758 1548 3814 voluntas
1575 3761 1685 3817 ﬁat,
1732 3765 1881 3832 Quo-
1995 3755 2190 3823 tulero,
2242 3755 2614 3826 bellorumque
2639 3770 2701 3810 ac
2748 3757 3202 3825 perturbationum
3244 3771 3401 3812 causa
3445 3757 3575 3825 ipsis

290 3832 434 3887 circa
467 3851 587 3895 cum
618 3837 800 3895 divino
851 3842 1171 3912 baptismate
1220 3863 1306 3903 me
1338 3850 1629 3908 initiaveris
1657 3896 1670 3919 ,
1719 3869 1884 3925 pecu-

1995 3845 2173 3908 fuero,
2206 3862 2422 3914 prorsus
2455 3848 2583 3916 ipsis
2611 3848 2866 3904 exitiosus
2895 3852 3109 3905 nuntius
3131 3865 3242 3905 ero.
3268 3850 3420 3918 Quod
3451 3848 3572 3920 qui-

289 3924 518 3995 niasque
544 3944 574 3984 a
601 3944 687 3986 me
710 3942 764 3987 et
794 3945 990 4003 vestes,
1046 3946 1154 3993 tam
1186 3939 1250 3994 ad
1278 3949 1423 3998 tuum
1448 3960 1604 4014 quam
1629 3948 1693 4000 ad
1720 3924 1883 4003 soda-
1917 3924 1935 4029 ξ
1994 3936 2117 3994 dem
2148 3937 2286 3992 abs“
2313 3946 2370 3992 υι
2393 3939 2601 3996 “Ciam-

1926 4036 1938 4107 ξ
2069 4031 2230 4101 235
2266 4031 2409 4086 ldcm
2442 4045 2623 4089 autem
2653 4033 2720 4088 de
2775 4033 3077 4091 ndumentis
3105 4035 3263 4091 etiam
3310 4036 3573 4107 intelligas

1995 4125 2181 4181 velim.
2207 4124 2336 4179 Nam
2366 4140 2458 4182 eos
2513 4128 2599 4196 qui
2632 4129 2912 4182 vetustatis
2933 4127 3104 4183 labem
3139 4140 3190 4185 et
3216 4129 3572 4200 corruptelam

1912 3728 1933 3868 ἱ

288 4018 422 4073 lium
456 4029 665 4079 tuorum
707 4027 902 4082 victum
938 4044 1000 4083 ac
1031 4031 1278 4086 vestitum
1319 4038 1610 4106 acceperis,
1653 4039 1703 4094 in
1751 4040 1882 4095 reli-

287 4108 456 4179 giosa:
495 4116 895 4175 exercitationis
954 4121 1150 4189 locum,
1206 4124 1399 4182 divina:
1444 4131 1589 4198 pacis
1631 4131 1882 4198 pnnsidio

287 4213 499 4272 septus,
547 4209 804 4278 abscede;
857 4229 1083 4285 meaque
1113 4231 1273 4273 causa
1305 4221 1422 4276 sine
1463 4223 1568 4277 ulla
1616 4225 1884 4280 intermis-
1926 4209 1938 4236 ζ

287 4297 444 4352 sione
463 4297 632 4354 Deum
657 4317 808 4373 roga,
837 4315 895 4360 ut
927 4322 992 4362 ne
1019 4323 1112 4377 spe
1140 4325 1258 4364 mea
1286 4312 1532 4383 l'rustrer,
1561 4330 1742 4371 verum
1770 4318 1879 4387 pri-
1926 4295 1936 4367 ἶ

291 4405 383 4445 Ino
438 4407 651 4462 quoque
709 4406 952 4468 tempore
983 4401 1047 4454 ad
1079 4412 1130 4458 te
1169 4406 1468 4475 pervenire,
1498 4417 1656 4476 atque
1687 4410 1737 4466 in
1770 4410 1880 4466 alta
1927 4387 1936 4417 ’

1935 4506 1941 4544 ς
1995 4509 2228 4563 quonam
2253 4495 2461 4550 tandem
2502 4498 2660 4550 modo
2684 4512 2867 4552 rursus
2897 4499 3131 4564 pelliceis
3161 4501 3351 4552 tunicis
3383 4500 3568 4552 indue-

288 4487 470 4555 quiete
491 4488 774 4546 utilitatem
806 4507 872 4547 ex
902 4501 952 4549 te
985 4495 1260 4566 percipere
1296 4500 1516 4568 possim.

363 4579 610 4636 Barlaam
633 4593 810 4639 autem
833 4586 906 4640 ait
936 4606 950 4644 :
1011 4587 1148 4653 Quin
1175 4589 1373 4646 Christi
1395 4593 1613 4662 quidem
1645 4595 1878 4665 sigillum

1995 4225 2284 4284 exuerunt,
2315 4228 2474 4287 atque
2525 4218 2898 4274 inobedientia:
2956 4230 3464 4291 vestem,quantum
3514 4221 3566 4276 in

1994 4308 2128 4376 ipsis
2180 4309 2712 4380 fuit,deposuerunt,
2741 4311 3012 4366 Christum
3071 4321 3249 4367 autem
3310 4322 3560 4383 tanquam

1994 4401 2370 4456 vestimentum
2395 4402 2663 4470 salutaris,
2694 4411 2748 4457 et
2778 4403 2992 4472 pallium
3018 4403 3214 4458 laetitia
3246 4405 3566 4469 induerunt;

1997 4599 2134 4651 rem,
2166 4587 2398 4656 ipsisque
2429 4587 2732 4656 ignominiae
2760 4589 3010 4643 amictum
3047 4589 3412 4658 imponerem?
3434 4590 3570 4657 Quin

287 4674 546 4742 accipias,
569 4676 700 4730 nihil
743 4689 825 4732 est
851 4679 989 4747 quod
1008 4683 1306 4750 prohibeat.
1326 4685 1499 4751 Quare
1532 4689 1755 4758 teipsum
1766 4691 1876 4759 jam

1994 4680 2197 4749 potius,
2228 4695 2348 4734 cum
2407 4680 2620 4735 sodales
2678 4696 2848 4746 meos,
2873 4692 2928 4736 ut
2959 4683 3047 4751 qui
3109 4683 3190 4751 pia
3224 4693 3279 4739 et
3329 4684 3572 4755 religiosa

285 4765 514 4837 adorna,
565 4783 626 4822 ac
661 4768 768 4825 Deo
809 4771 1030 4841 juvante
1078 4775 1396 4833 Christianae
1427 4778 1547 4834 ﬁdei
1572 4782 1743 4837 sacris
1771 4784 1878 4839 ini-

287 4858 532 4914 tiaberis.
584 4861 658 4916 De
681 4863 743 4916 iis
769 4875 944 4919 autem
979 4868 1243 4935 pecuniis,
1279 4886 1411 4940 quas
1465 4881 1516 4928 te
1570 4883 1679 4928 tum
1721 4875 1878 4943 mihi,
1935 4883 1944 4926 ξ

287 4960 405 5004 tum
441 4952 715 5008 sodalibus
746 4956 880 5011 meis
911 4957 1156 5014 daturum
1181 4960 1379 5028 dixisti,
1409 4965 1497 5032 qui
1524 4966 1738 5021 tandem
1762 4967 1879 5024 ﬁeri

285 5053 471 5113 posset
503 5054 560 5099 ut
607 5055 659 5100 tu
707 5049 796 5117 qui
828 5064 1028 5120 pauper
1052 5066 1131 5118 es,
1188 5053 1441 5111 divitibus
1469 5058 1876 5132 eleemosynam

285 5135 613 5205 impertias?
684 5139 960 5210 Siquidem
1033 5145 1252 5201 divitum
1309 5157 1390 5204 est
1438 5149 1503 5207 de
1551 5154 1879 5222 pauperibus

285 5229 428 5284 bene
459 5233 685 5296 mereri,
741 5250 844 5290 non
876 5246 1055 5292 autem
1085 5249 1268 5294 contra
1315 5255 1606 5312 pauperum
1639 5246 1710 5300 de
1727 5246 1880 5302 locu-

285 5321 526 5389 pletihus
548 5335 600 5379 et
627 5328 882 5396 c0piosis.
914 5330 1044 5385 Nam
1076 5331 1337 5388 sodalium
1362 5339 1597 5394 omnium
1630 5354 1879 5396 meorum
1922 5337 1925 5342 λ

286 5424 596 5484 postremus
614 5419 805 5488 opibus
836 5423 1054 5476 omnino
1085 5434 1136 5480 te
1157 5436 1392 5491 superat.
1448 5429 1642 5485 Verum
1676 5434 1878 5490 divinis

282 5503 724 5563 miserationibus
758 5510 947 5577 fretus,
993 5514 1094 5568 hoc
1127 5516 1252 5570 mihi
1285 5521 1606 5588 persuadeo,
1661 5533 1711 5579 te
1751 5540 1878 5595 pro-

282 5600 496 5668 pediem
533 5603 1006 5674 locupletissimum
1032 5608 1170 5666 fore.
1233 5612 1384 5678 Quod
1406 5630 1527 5670 cum
1560 5620 1874 5689 contigerit,

281 5697 510 5752 minime
537 5698 604 5752 ad
629 5699 964 5770 largiendum
1017 5717 1295 5777 promptus
1326 5725 1388 5766 ac
1438 5714 1692 5781 proclivis
1739 5716 1870 5769 eris.

281 5786 430 5843 Dixit
456 5799 636 5846 autem
668 5792 731 5847 ad
761 5808 885 5850 eum
911 5795 1166 5867 Josaphat
1197 5817 1208 5858 :
1247 5803 1461 5872 Expone
1481 5807 1631 5872 mihi,
1663 5823 1872 5878 quaeso,

280 5896 521 5954 quonam
546 5893 706 5954 pacto
727 5887 989 5945 sodalium
1013 5901 1224 5948 tuorum
1249 5905 1521 5954 extremus
1571 5901 1758 5961 opibus
1786 5915 1873 5960 me

1950 4838 1951 4841 η
1994 4771 2299 4827 solitudinis
2340 4773 2724 4830 exercitatione
2745 4774 2982 4830 contenti
3038 4776 3173 4842 sint,
3209 4793 3431 4848 eamque
3477 4793 3574 4847 pro

1993 4866 2291 4920 verissimis
2344 4867 2549 4922 deliciis
2602 4867 2818 4936 ducant,
2853 4871 3013 4926 nullis
3062 4873 3283 4928 omnino
3311 4871 3572 4942 ejusmodi

1994 4957 2156 5012 rebus
2187 4957 2426 5029 indigere
2463 4971 2795 5031 compertum
2826 4962 3072 5030 habeam,
3115 4965 3355 5034 pecuniis
3400 4974 3452 5019 et
3483 4978 3575 5018 vc-

1995 5049 2192 5117 stibus,
2219 5066 2351 5122 quas
2402 5062 2452 5108 te
2499 5054 2628 5124 ipsis
2657 5055 2904 5112 daturum
2943 5057 3183 5121 dicebas,
3209 5056 3264 5110 in
3313 5069 3574 5124 pauperes

1996 5141 2318 5210 distributis,
2351 5144 2434 5200 fac
2466 5147 2559 5202 tibi
2588 5148 2848 5217 ejusmodi
2900 5150 3209 5203 thesaurum
3255 5147 3308 5201 in
3337 5147 3572 5202 futurum
3616 5139 3624 5147 ’

1997 5234 2278 5304 recondas,
2311 5237 2402 5306 qui
2429 5239 2574 5294 nullo
2603 5241 2760 5296 modo
2812 5242 3007 5310 surripi
3060 5241 3251 5310 possit,
3277 5240 3441 5294 Deum
3472 5242 3576 5295 sci-

1996 5326 2123 5382 licet
2152 5329 2205 5382 in
2262 5330 2377 5398 ipso
2411 5345 2504 5400 per
2556 5331 2771 5388 illorum
2813 5347 3000 5402 preces
3050 5333 3427 5402 opitulatorem
3482 5332 3577 5387 tibi

1998 5421 2315 5493 adjungens.
2346 5424 2435 5481 Sic
2457 5426 2598 5481 enim
2631 5427 2730 5482 hoc
2754 5427 3117 5494 consequeris,
3150 5435 3357 5497 utopes
3389 5427 3450 5481 ad
3481 5444 3576 5497 op-

1939 5530 1956 5543 η
2000 5517 2125 5570 tima
2158 5532 2380 5586 quaeque
2432 5518 2523 5572 tibi
2579 5518 2890 5587 adjumento
2937 5519 3066 5572 sint.
3099 5521 3174 5574 Ac
3208 5519 3424 5585 deinde,
3453 5534 3578 5575 cum

1998 5608 2229 5677 Spiritus
2255 5621 2578 5665 armaturam
2609 5614 2913 5682 acceperis,
2948 5623 3000 5669 et
3032 5613 3241 5670 lumbos
3273 5616 3323 5670 in
3351 5614 3580 5670 veritate

1996 5703 2348 5760 suecinxcris.
2379 5717 2438 5756 ac
2476 5704 2696 5772 justitia:
2755 5706 2968 5761 loricam
3016 5708 3272 5776 indueris,
3305 5718 3361 5764 et
3389 5707 3579 5765 salutis

1995 5792 2207 5860 galeam
2239 5793 2398 5862 capiti
2433 5802 2522 5849 tuo
2569 5795 2920 5865 imposueris,
2947 5809 3000 5854 et
3031 5800 3191 5869 pedes
3220 5801 3274 5856 in
3305 5801 3578 5868 Evangelii

1997 5882 2142 5953 pacis
2195 5886 2639 5956 prmparationcm
2688 5890 2963 5957 calcearis,
2991 5891 3221 5965 ﬁdeique
3271 5904 3478 5950 scutum
3510 5905 3575 5948 ac
