4158 6354
612 291 717 352 Sis

1647 307 1735 366 DE
1778 306 1953 366 VITKS
1990 306 2281 365 PATRUM
2323 309 2530 366 LIBER
2574 310 2851 373 PRIMUS.

3784 329 3887 391 510

607 405 838 484 Spiritus
886 413 1143 489 gladidm,
1171 417 1311 490 quod
1353 428 1437 476 est
1492 421 1713 477 verbum
1770 424 1861 479 Dei
1889 465 1903 490 ,
1935 424 2185 479 manibus
2214 420 2266 485 Δ
2292 422 2460 481 sionis
2487 425 2706 482 modum
2750 429 3220 499 comprehendere
3261 432 3487 493 minime
3513 437 3733 497 studeas
3765 444 3885 515 (nr:-

609 508 904 577 sumpseris
934 507 1147 581 (Ephes.
1182 513 1285 581 v1),
1318 522 1476 583 atque
1508 513 1742 585 undique
1773 525 1824 571 te
1849 519 2188 585 praestantis-

608 600 757 657 simis
777 604 942 657 armis
964 602 1284 662 instruxeris
1325 622 1388 661 ac
1420 610 1744 678 muniveris,
1770 609 1841 666 ita
1872 612 2088 667 demum
2129 609 2192 667 ﬁ-

605 692 755 749 denti
782 696 967 749 animo
991 697 1057 751 ad
1080 697 1277 754 bellum
1302 716 1423 755 cum
1451 702 1730 772 impietate
1745 705 2192 762 committendum

606 784 883 855 egredere,
904 796 952 839 ut
981 800 1041 841 ea
1067 789 1116 842 in
1144 789 1317 862 fugam
1349 808 1525 861 versa,
1550 803 1707 864 atque
1736 795 1902 865 ipsius
1922 798 2059 854 duce
2073 798 2195 853 dia-

604 872 729 932 bol'o
757 877 811 931 in
863 886 1061 934 terram
1119 882 1295 950 alliso,
1327 884 1569 943 adextra
1611 886 1823 945 Domini
1855 906 2013 945 manu
2067 907 2188 961 qum

603 964 727 1022 vita:
776 969 1095 1041 principium
1149 974 1326 1036 aﬂ‘ert.
1358 976 1635 1035 victricem
1681 994 1934 1037 coronam
1990 997 2188 1039 conse-

600 1072 805 1131 quam.

667 1172 797 1230 ΟΑΡ.
823 1172 1039 1235 ΧΙΧ.-
1066 1176 1198 1235 Cum
1232 1181 1474 1239 Barlaam
1502 1185 1807 1256 hujusmodi
1845 1188 2106 1245 doctrinis
2128 1205 2189 1247 ac

596 1263 887 1322 salutiferis
911 1272 1250 1329 sermonibus
1301 1277 1442 1349 regis
1474 1274 1640 1333 ﬁlium
1694 1279 2001 1348 imbuisset,
2028 1292 2188 1355 atque

596 1354 925 1415 addivinum
957 1361 1284 1434 baptismum
1339 1382 1719 1440 prtcparasset,
1753 1374 1940 1443 eique,
1975 1384 2031 1430 ut
2057 1389 2189 1431 con—

594 1451 822 1509 suetudo
876 1453 998 1521 fert,
1031 1457 1099 1512 ad
1156 1460 1363 1529 aliquot
1419 1462 1536 1519 dies
1562 1462 1813 1536 jejunare
1835 1482 1898 1524 ac
1938 1469 2187 1538 precibus

599 1543 911 1602 incumbere
972 1551 1457 1621 prmcepisset,ad
1508 1569 1631 1611 eum
1685 1558 1875 1615 crebro
1925 1564 2188 1635 ventitare

592 1652 699 1693 non
750 1640 1062 1711 desinebat,
1105 1653 1266 1714 atque
1321 1647 1503 1703 omnia
1556 1650 1875 1710 orthodoxae
1918 1655 2039 1712 ﬁdei
2091 1657 2185 1712 do-

593 1744 773 1802 gmata
831 1733 930 1803 ipsi
993 1734 1253 1803 tradebat,
1304 1741 1654 1815 divinumque
1706 1747 2053 1820 Evangeliutn
2084 1767 2177 1806 ex-

2296 537 2401 593 que
2425 526 2566 581 enim
2598 529 2979 597 comprehendi
3009 530 3233 602 potest),
3267 549 3455 591 verum
3480 538 3695 608 integro
3729 551 3888 606 corde

2293 629 2358 671 ac
2376 614 2494 674 sine
2520 618 2626 673 ulla
2671 634 3066 690 supervacanea
3117 623 3530 698 investigatione
3557 632 3689 688 illud
3746 646 3884 713 tene,

2294 709 2550 765 nimirum
2576 713 2790 768 Patrem
2818 725 2873 769 et
2904 712 3097 770 Filium
3133 729 3188 773 et
3214 717 3476 789 Spiritum
3500 737 3747 784 sanctum
3772 747 3861 790 om

2293 800 2453 857 nibus
2476 804 2653 859 modis
2684 822 2847 861 unum
2869 822 3010 869 esse.
3034 820 3268 882 excepta
3294 815 3517 884 ingeniti
3536 822 3885 891 proprietate,

2293 899 2348 947 et
2373 895 2743 963 generatione,
2773 908 2826 953 et
2856 900 3239 969 processione;
3287 904 3528 973 illudque
3576 910 3732 979 item,
3765 917 3883 972 uni-

2290 986 2531 1054 genitum
2588 988 2777 1043 Filium
2829 1004 2894 1047 ac
2934 992 3028 1048 Dei
3084 993 3340 1063 Verbum,
3380 1010 3436 1056 et
3475 1001 3668 1071 Deum,
3699 1008 3883 1065 salutis

2293 1089 2494 1135 nostrae
2543 1095 2704 1138 causa
2736 1080 2913 1140 Patris
2933 1085 3172 1156 decreto,
3204 1105 3267 1146 ac
3300 1091 3532 1161 Spiritus
3562 1099 3737 1155 sancti
3789 1103 3881 1159 ad-

2287 1170 2470 1240 juncta
2519 1189 2701 1244 opera,
2734 1176 2786 1232 in
2840 1187 3038 1234 tetram
3092 1182 3470 1255 descendisse;
3519 1191 3639 1247 sine
3674 1194 3883 1253 setnine

2296 1269 2350 1324 in
2380 1281 2580 1327 sanctae
2606 1272 2837 1345 Virginis
2864 1292 2925 1331 ac
2949 1278 3040 1332 Dei
3072 1282 3349 1349 genitricis
3383 1283 3568 1342 Maria
3597 1295 3755 1346 utero
3787 1307 3881 1360 per

2299 1362 2556 1433 Spiritum
2610 1380 2852 1424 sanctum
2883 1383 3228 1443 conceptum,
3259 1390 3322 1431 ac
3345 1378 3465 1437 sine
3498 1380 3605 1435 ulla
3634 1381 3756 1439 labe
3782 1372 3877 1454 ge-

2291 1456 2483 1524 nitum,
2512 1455 2921 1534 perfectumque
2972 1464 3247 1525 hominem
3304 1469 3592 1542 effectum;
3643 1475 3881 1548 illudque

2292 1559 2554 1620 praeterea
2580 1592 2598 1622 ,
2632 1555 2806 1626 ipsum
2869 1558 3166 1630 perfectum
3208 1562 3377 1621 Deum
3409 1608 3427 1633 ,
3473 1582 3537 1625 ac
3582 1570 3883 1641 periectum

2290 1641 2561 1702 hominem
2614 1664 2757 1717 csse,
2777 1666 2842 1708 ex
2873 1652 3080 1712 duabus
3106 1656 3329 1723 naturis,
3356 1661 3457 1718 hoc
3481 1672 3561 1717 est
3599 1663 3881 1724 divinitate

2289 1748 2344 1792 et
2375 1739 2732 1811 humanitate,
2765 1761 2829 1802 ac
2862 1749 2912 1801 in
2938 1749 3146 1805 duabus
3174 1754 3381 1811 naturis
3428 1755 3782 1829 intelligentia
3824 1772 3879 1819 et

592 1824 845 1897 ponebat,
878 1843 942 1884 ac
992 1842 1252 1901 prmlerea
1310 1837 1637 1906 ερυειοιίοθε
1701 1817 2104 1901 ουδοτίειίοηεε
2130 1856 2187 1902 ει
2216 1817 2265 1883 Β
2289 1831 2564 1890 voluntate
2586 1844 2641 1892 et
2665 1839 2981 1909 operatione
3002 1851 3057 1897 et
3084 1842 3295 1901 arbitrii
3333 1845 3581 1904 libertate
3611 1852 3877 1919 przcditis,

592 1919 979 1988 prophetarum
1014 1921 1129 1979 loca
1157 1925 1271 1994 ipsa
1294 1928 1636 1999 explanahat.
1670 1931 1804 1988 Nam
1829 1949 1948 1991 cum
1973 1936 2054 1991 vir
2096 1938 2186 1995 ille

591 2008 849 2065 divinitus
882 2013 1075 2068 tradita
1110 2015 1350 2072 doctrina
1386 2020 1627 2090 polleret,
1669 2039 1887 2082 omnem
1908 2036 2012 2083 tam
2037 2038 2185 2086 vete-

592 2102 666 2158 ris
692 2119 853 2175 quam
886 2108 1014 2163 novi
1044 2105 1377 2167 Testamenti
1408 2116 1728 2187 scripturam
1758 2124 2069 2179 memoriter
2096 2141 2183 2183 rc-

587 2198 806 2254 citabat.
852 2198 1093 2274 Cumque
1134 2204 1316 2262 divino
1359 2208 1566 2279 Spiritu
1617 2211 1872 2272 incitatus
1924 2216 2179 2288 ferretur,

588 2291 983 2352 adolescentem
1017 2313 1159 2355 verae
1188 2300 1280 2356 Dei
1316 2303 1516 2362 notitia:
1557 2306 1678 2363 luce
1708 2310 2065 2369 eullustravit.
2099 2313 2182 2373 Eo

584 2393 762 2443 autem
795 2388 881 2445 die
910 2406 1014 2461 quo
1044 2393 1400 2464 baptizandus
1453 2410 1594 2468 erat,
1620 2403 1850 2461 docendi
1881 2424 2039 2464 causa
2094 2410 2179 2466 his

583 2474 648 2532 ad
699 2493 821 2535 enm
870 2483 1046 2538 verbis
1101 2487 1482 2547 utebatur:En
1521 2493 1724 2552 Christi
1772 2499 2004 2571 sigillum
2030 2504 2175 2559 acci-

583 2581 730 2637 pere,
756 2582 915 2645 atque
938 2572 1191 2633 dominici
1220 2580 1398 2638 vultus
1424 2584 1625 2644 lumine
1660 2589 1968 2663 consignari
1996 2593 2172 2666 (Psal.

581 2664 681 2735 tv),
707 2662 907 2739 Deique
949 2668 1108 2741 ﬁlius,
1143 2688 1206 2730 ac
1227 2676 1432 2735 viviﬁci
1454 2678 1686 2752 Spiritus
1718 2688 1984 2758 templum
2005 2662 2174 2749 “efﬁci

580 2770 860 2827 properas.

648 2871 905 2940 Quocirca
935 2877 987 2933 in
1010 2879 1222 2938 Patrem
1244 2893 1296 2939 et
1326 2884 1515 2943 Filium
1543 2898 1598 2945 et
1624 2889 1892 2961 Spiritum
1917 2908 2168 2955 sanctum

576 2967 760 3037 crede,
791 2981 1051 3039 sanctam,
1084 2974 1327 3047 inquam,
1351 2995 1417 3036 ex
1472 2998 1576 3052 qua
1605 2986 1709 3042 vita
1737 2988 1945 3046 initium
1987 2992 2168 3061 duxit,

575 3056 914 3129 Trinitatem,
944 3079 1062 3135 quae
1091 3066 1144 3123 in
1172 3071 1340 3127 tribus
1373 3077 1618 3143 personis
1649 3090 1705 3134 et
1748 3097 1853 3138 una
1882 3084 2168 3143 divinitate

580 3150 908 3220 celebratur,
934 3170 1019 3223 ac,
1049 3170 1306 3229 quantum
1329 3164 1546 3235 quidem
1576 3169 1644 3224 ad
1671 3186 1932 3239 personas
1957 3186 2014 3233 et
2038 3192 2163 3247 per-

579 3243 794 3300 sonales
848 3250 1206 3318 preprietates
1235 3256 1445 3327 attinet,
1478 3260 1731 3319 distincta
1772 3277 1877 3334 est,
1902 3243 2163 3340 quantum

572 3343 753 3393 autem
807 3338 874 3395 ad
913 3345 1204 3401 essentiam
1226 3389 1242 3413 ,
1274 3348 1565 3421 conjuncta
1594 3367 1651 3411 et
1674 3338 1966 3431 copulata:
1997 3380 2163 3421 unum

570 3424 740 3483 Deum
764 3430 1061 3501 ingenitum
1086 3452 1407 3509 agnoscens,
1432 3454 1593 3517 atque
1616 3465 1778 3507 unum
1812 3453 2007 3512 Filium
2044 3459 2164 3515 uni-

568 3520 828 3590 genitum,
864 3523 1145 3585 Dominutn
1175 3543 1415 3591 nostrum
1438 3539 1621 3597 Iesum
1653 3542 1948 3618 Christum,
1978 3552 2159 3611 lumen

568 3616 637 3673 de
680 3618 901 3688 lumine,
932 3624 1099 3683 Deum
1126 3644 1312 3686 verum
1361 3634 1430 3690 de
1458 3637 1567 3696 Deo
1591 3654 1741 3708 vero,
1765 3647 2001 3712 genitum
2034 3658 2162 3706 ante

568 3711 746 3769 omnia
775 3716 993 3773 saecula.
1025 3720 1267 3790 (Etenim
1297 3741 1364 3782 ex
1390 3727 1536 3787 bono
1568 3733 1725 3789 Patre
1772 3711 1952 3793 bonus
1983 3739 2157 3798 Filius

565 3803 776 3874 genitus
804 3817 908 3875 est,
938 3819 993 3865 et
1014 3828 1079 3868 ex
1106 3815 1383 3887 unigenito
1414 3820 1620 3880 lumine
1650 3830 2044 3897 sempiternum
2069 3836 2153 3889 ln-

575 3910 699 3952 men
741 3900 960 3970 effulsit,
990 3914 1045 3959 et
1092 3923 1156 3962 ex
1182 3924 1305 3966 vera
1346 3914 1454 3970 vita
1512 3917 1756 3977 viviﬁcus
1785 3924 1902 3981 fons
1931 3928 2152 4001 prodiit,

566 3998 618 4043 et
639 4006 701 4046 ex
725 3991 952 4061 ipsamet
982 4001 1235 4068 potentia,
1271 4004 1385 4062 Filii
1418 4014 1653 4078 potentia
1680 3991 2035 4092 emicuit;an
2069 3991 2156 4081 est

568 4082 825 4150 splendor
852 4087 1037 4156 gloria:
1068 4090 1251 4163 [Helm
1274 4096 1335 4173 l],
1355 4109 1411 4156 et
1429 4102 1659 4161 Verbum
1677 4123 1805 4167 vere
1829 4082 2151 4188 subsistens,

568 4174 659 4243 qui
711 4175 763 4230 in
821 4180 1083 4251 principio
1109 4197 1246 4255 erat,
1274 4202 1329 4247 et
1370 4196 1509 4264 apud
1560 4199 1727 4257 Deum
1758 4216 1898 4275 erat,
1927 4216 1982 4263 et
2011 4174 2153 4270 Deus

563 4279 680 4325 erat
721 4267 908 4346 [leam
936 4274 997 4349 t],
1024 4281 1268 4352 principii
1300 4302 1497 4360 expers
1544 4303 1598 4350 et
1642 4267 2031 4374 sempiternus;
2058 4324 2153 4378 per

565 4378 723 4433 quem
758 4370 935 4425 omnia
967 4370 1104 4429 facta
1122 4384 1269 4445 sunt,
1299 4391 1404 4439 tam
1459 4402 1579 4453 quae
1637 4392 1808 4449 oculis
1858 4370 2152 4459 cernuntur

561 4471 720 4525 quam
752 4466 1049 4559 quaicemi
1082 4477 1403 4547 nequeunt.)
1443 4478 1510 4534 Et
1540 4496 1702 4540 unum
1737 4486 1993 4559 Spiritum
2022 4508 2145 4550 san-

560 4555 727 4616 ctum,
757 4564 821 4605 ex
854 4551 1010 4610 Patre
1037 4560 1439 4633 procedentem,
1471 4551 1793 4643 agnoscens,
1826 4578 1993 4636 Deum
2025 4600 2146 4654 per-

561 4639 784 4713 fectum,
812 4656 865 4702 et
889 4650 1049 4705 vitam
1083 4653 1416 4725 efferentem,
1440 4639 1869 4725 acisanctitatem
1901 4639 2147 4743 praeben-

560 4742 709 4805 tetn,
749 4738 934 4795 eadem
986 4745 1259 4804 voluntate
1309 4754 1591 4821 praeditum
1628 4799 1641 4824 ,
1696 4738 2141 4839 omnipotentem,

558 4828 804 4887 eamdem
861 4838 1216 4895 atternitatem
1250 4843 1558 4918 habentem,
1592 4867 1718 4910 vere
1738 4856 2139 4921 subsistentem.

554 4920 634 4975 Ad
662 4921 803 4980 hunc
824 4924 983 4998 igitur
1011 4935 1228 4991 modum
1262 4936 1473 4997 Putrem
1500 4951 1558 4999 et
1583 4944 1775 5004 Filium
1806 4959 1860 5005 et
1883 4954 2139 5025 Spiritum

553 5029 798 5076 sanctum
830 5023 1017 5095 adora,
1050 5028 1107 5084 in
1128 5031 1299 5088 tribus
1318 5039 1563 5104 personis
1585 5056 1682 5098 seu
1696 5023 2133 5121 proprietatibus,

557 5120 717 5182 atque
756 5111 813 5170 in
864 5132 965 5172 una
991 5121 1294 5181 divinitate.
1323 5129 1632 5190 Communis
1675 5111 1819 5194 enim
1851 5142 1934 5199 his
1965 5111 2136 5205 tribus

548 5212 634 5261 est
661 5206 933 5277 divinitas,
959 5224 1119 5287 atque
1142 5234 1248 5276 una
1270 5221 1505 5290 ipsorum
1538 5239 1729 5288 natura
1756 5244 1860 5303 est,
1884 5252 1987 5294 una
2011 5241 2139 5299 sub-

547 5300 765 5365 stantia,
799 5318 901 5358 una
957 5308 1126 5377 gloria
1149 5352 1164 5377 ,
1196 5329 1358 5371 unum
1414 5334 1637 5391 regnum
1664 5367 1682 5393 ,
1710 5338 1815 5383 rma
1846 5300 2134 5403 potentia,

552 5403 655 5446 una
685 5398 1001 5455 auctoritas.
1027 5399 1327 5463 Commune
1343 5419 1523 5469 autem
1551 5426 1633 5471 est
1663 5418 1803 5474 Filio
1827 5398 1885 5478 et
1911 5398 2135 5494 Spiritui

545 5491 750 5550 sancto,
784 5487 927 5556 quod
945 5504 1009 5546 ex
1039 5492 1197 5551 Patre
1224 5510 1351 5556 sunt
1373 5518 1385 5555 :
1410 5511 1467 5558 at
1496 5521 1622 5563 vero
1670 5508 1813 5567 Patri
1855 5487 2133 5585 proprium

544 5582 629 5684 est
678 5576 972 5648 ingenitam
1020 5600 1174 5658 esse,
1220 5592 1357 5653 Filio
1404 5600 1644 5670 genitum
1700 5576 1872 5679 esse,
1912 5576 2137 5684 spiritui

548 5666 797 5757 denique.
816 5682 1167 5745 processisse.

620 5785 712 5845 Sic
747 5790 907 5865 igitur
938 5794 1052 5856 haec
1094 5802 1361 5865 creuerat
1385 5809 1750 5881 generationis
1794 5828 1886 5878 aut
1911 5836 2132 5894 proces-

2289 1930 2451 1994 atque
2468 1927 2621 2007 omni
2680 1930 2890 1988 ratione
2938 1932 3213 2005 perfectis,
3241 1937 3400 2008 juxta
3429 1956 3672 2001 normam
3701 1959 3768 2000 ac
3791 1960 3875 2001 ra-

2288 2006 2488 2071 tionem
2549 2020 2760 2092 utrique
2816 2033 3043 2094 naturae,
3078 2028 3181 2084 hoc
3209 2006 3514 2090 estdivina':
3542 2044 3599 2091 et
3626 2035 3875 2093 humanas

2285 2122 2727 2183 consentaneam,
2752 2134 2855 2174 una
2884 2130 3063 2176 autem
3095 2125 3258 2199 εδδ
3281 2130 3582 2198 composita
3624 2146 3871 2201 persona.

2284 2199 2436 2271 Htcc,
2479 2206 2717 2277 inquam,
2772 2212 3089 2283 simpliciter
3137 2227 3296 2288 atque
3341 2219 3460 2277 sine
3509 2223 3616 2279 ulla
3664 2226 3873 2283 curiosa

2283 2295 2698 2373 investigatione
2744 2306 2972 2377 accipe:
3007 2325 3108 2365 nec
3148 2311 3281 2367 illud
3336 2314 3644 2386 intelligere
3693 2322 3869 2389 stude,

2280 2407 2514 2463 quonam
2547 2407 2708 2467 pacto
2730 2398 2827 2458 Dei
2856 2400 3023 2461 Filius
3047 2404 3285 2477 seipsum
3308 2410 3691 2481 esinaniverit,
3713 2425 3875 2487 atque

2279 2500 2347 2541 ex
2370 2489 2626 2559 virgineis
2679 2494 3035 2563 sanguinibus
3074 2496 3239 2557 homo
3297 2504 3415 2559 sine
3462 2506 3673 2564 semine
3711 2520 3871 2580 atque

2279 2582 2627 2651 corruptione
2675 2584 2849 2644 factus
2904 2589 3095 2657 fuerit;
3148 2604 3241 2648 aut
3295 2612 3527 2666 quonam
3571 2604 3867 2670 paetodum

2276 2680 2482 2728 natura:
2527 2673 2581 2729 in
2635 2691 2795 2732 unam
2838 2693 3124 2749 personam
3174 2690 3709 2748 convenerint.Nam
3753 2693 3867 2751 hac

2274 2779 2397 2835 quae
2425 2766 2682 2824 divinitus
2731 2771 2887 2828 nobis
2924 2788 2954 2828 a
3003 2775 3278 2847 Scriptura
3330 2791 3516 2838 sancta
3544 2784 3683 2841 dicta
3717 2796 3864 2855 sunt,

2276 2855 2384 2914 ﬁde
2415 2868 2599 2917 tenere
2626 2862 2916 2923 docemur:
2980 2869 3198 2927 modum
3231 2882 3410 2932 autem
3443 2880 3739 2947 nescimus,
3768 2894 3864 2937 nec

2273 2964 2551 3021 exponere
2580 2972 2880 3024 possumus.

2344 3042 2516 3102 Crede
2546 3047 2739 3105 Filium
2790 3052 2907 3120 Dei,
2939 3055 3032 3125 qui
3082 3073 3176 3126 per
3205 3059 3413 3118 viscera
3474 3065 3860 3123 misericordiae

2273 3152 2383 3197 suae
2414 3141 2574 3199 homo
2594 3142 2767 3202 factus
2790 3156 2894 3214 est,
2918 3165 3107 3207 omnes
3123 3167 3217 3209 eas
3247 3154 3507 3214 humanas
3527 3158 3859 3229 aﬂuetiones,

2270 3252 2390 3303 qua:
2419 3239 2689 3295 naturales
2742 3251 2894 3309 sunt,
2925 3258 3024 3300 nec
3071 3246 3206 3301 vitio
3260 3246 3477 3315 dantur,
3526 3254 3861 3323 suscepisse.

2269 3327 2434 3387 Fame
2459 3332 2627 3399 enim,
2655 3345 2913 3405 quantum
2942 3337 3012 3395 ad
3037 3336 3333 3397 humanam
3365 3352 3610 3402 naturam
3642 3350 3863 3415 attinet,

2266 3437 2331 3479 ac
2351 3424 2439 3480 siti
2462 3424 2727 3483 laboravit
2750 3471 2765 3495 ,
2800 3438 2858 3485 et
2906 3431 3181 3500 dormivit,
3213 3433 3342 3490 etin
3366 3449 3567 3506 angore
3612 3452 3856 3497 versatus

2265 3525 2369 3585 est,
2398 3526 2454 3574 et
2491 3535 2591 3590 pro
2622 3522 2824 3579 nostris
2853 3522 3225 3594 iniquitatibus
3273 3527 3339 3583 ad
3380 3539 3609 3587 mortem
3640 3532 3856 3601 doetus,

2263 3611 2516 3683 crucique
2544 3614 2759 3685 afﬁxus,
2785 3633 2847 3672 ac
2876 3618 3158 3687 degustata
3188 3632 3364 3681 morte
3403 3628 3679 3697 sepultura
3727 3628 3855 3686 εσθ-

2262 3712 2380 3759 ctus
2400 3714 2503 3774 est,
2528 3707 2703 3763 divina
2744 3710 2958 3767 interim
3004 3723 3195 3772 natura
3225 3716 3293 3772 ab
3321 3718 3468 3775 omni
3501 3724 3852 3792 perpessione

2260 3812 2325 3853 ac
2355 3802 2650 3858 mutatione
2676 3804 2845 3860 libera
2868 3819 3141 3865 manente.
3171 3810 3382 3870 Nullam
3434 3814 3578 3872 enim
3628 3819 3851 3877 otnnino

2262 3895 2660 3962 perpessionem
2718 3898 2886 3966 ipsius
2939 3912 3147 3959 naturas
3187 3905 3256 3961 ab
3303 3909 3453 3965 omni
3501 3914 3859 3981 perpessio“

2259 3984 2450 4039 alienae
2496 3988 2875 4059 attribuimus;
2926 4008 3113 4051 verum
3165 3996 3218 4051 in
3246 4012 3307 4053 ea
3342 4010 3530 4057 natura
3560 4019 3724 4074 quam
3758 4022 3855 4061 ass

2265 4081 2497 4148 sumpsit
2525 4095 2647 4136 eum
2681 4099 2895 4152 passum
2921 4096 2974 4143 et
3003 4090 3271 4160 sepultum
3305 4109 3429 4151 esse
3472 4100 3846 4169 agnoscimus,

2258 4184 2324 4225 ac
2367 4171 2546 4228 divina
2577 4176 2747 4246 gloria
2772 4193 2803 4233 a
2832 4190 3005 4238 morte
3031 4183 3097 4239 ad
3122 4185 3282 4242 vitam
3312 4196 3369 4246 et
3389 4189 3851 4250 immormlitasem

2259 4264 2550 4321 excitatum
2579 4282 2724 4337 esse,
2748 4277 2911 4342 atque
2953 4275 3005 4329 in
3048 4279 3216 4334 coslos
3243 4284 3574 4352 ascendisse,
3601 4288 3847 4343 tandem-

2254 4371 2360 4425 que
2387 4374 2600 4414 rursum
2626 4377 2745 4417 cnm
2766 4365 2934 4435 gloria
2967 4378 3250 4428 venturum
3278 4389 3425 4442 esse,
3456 4379 3595 4434 utde
3626 4381 3762 4436 vivis
3782 4396 3845 4438 ac

2256 4453 2483 4508 mortuis
2530 4457 2854 4513 sententiain
2914 4459 3071 4529 ferat,
3102 4474 3265 4535 atque
3313 4468 3600 4542 unicuique
3650 4489 3749 4544 pro
3778 4490 3846 4530 eo

2251 4555 2316 4597 ac
2347 4544 2568 4600 meritus
2599 4558 2680 4603 est
2703 4549 2961 4621 rependat
2984 4552 3199 4625 (Matth.
3223 4573 3311 4615 xw
3332 4574 3347 4623 ;
3371 4561 3529 4632 Apoc.
3562 4564 3720 4634 xxn).
3749 4566 3845 4620 ite-

2254 4648 2477 4709 surgent
2499 4642 2641 4696 enim
2676 4646 2892 4709 mortui,
2926 4656 2979 4700 et
3006 4650 3387 4709 excitabuntur
3416 4656 3505 4724 qui
3537 4658 3589 4712 in
3647 4674 3839 4715 tuonu-

2255 4733 2450 4786 tnentis
2478 4745 2620 4791 sunt.
2650 4737 2827 4809 Atque
2854 4739 2929 4795 illi
2955 4742 3171 4813 quidem
3199 4747 3291 4816 qui
3334 4746 3533 4806 Christi
3590 4754 3849 4811 mandata

2254 4823 2685 4896 observaverint,
2702 4842 2758 4887 et
2780 4833 2832 4888 in
2860 4844 3002 4893 recta
3030 4837 3133 4896 ﬁde
3149 4854 3213 4895 ex
3239 4840 3336 4898 bac
3357 4843 3461 4897 vita
3483 4851 3841 4917 excesserint,-

2250 4922 2635 4991 sempiternam
2661 4926 2825 4983 vitam
2855 4928 3195 4990 lnereditario
3214 4938 3601 5007 possidebunt;
3633 4943 3724 5013 qui
3745 4958 3838 4999 au-

2253 5019 2361 5067 tem
2393 5014 2446 5069 in
2489 5021 2722 5086 peccatis
2748 5035 2871 5078 sese
2918 5029 3279 5097 corruperint,
3303 5040 3464 5102 atque
3489 5050 3519 5088 a
3544 5047 3691 5092 recta
3728 5038 3833 5095 ﬁde

2253 5103 2601 5177 deﬁeserint,
2632 5112 2699 5168 ad
2725 5116 3110 5184 sempiternum
3142 5124 3464 5193 supplicium
3483 5129 3681 5186 abituri
3710 5141 3837 5189 sunt

2251 5196 2518 5273 (Joan.v).
2542 5203 2715 5263 Crede
2736 5222 2839 5264 nec
2851 5208 3010 5266 ullam
3026 5213 3151 5269 mali
3166 5219 3479 5286 essentiam,
3495 5237 3595 5278 nec
3612 5238 3837 5295 regnum

2248 5289 2416 5346 ullum
2466 5308 2619 5363 esse;
2667 5312 2770 5354 nec
2822 5301 3067 5373 principii
3095 5318 3289 5375 expers
3316 5308 3444 5365 illud
3489 5328 3611 5371 esse
3632 5289 3833 5387 statue,

2248 5391 2340 5437 aut
2390 5383 2446 5439 in
2501 5387 2679 5457 seipse
2732 5393 3031 5463 exstitisse,
3059 5398 3151 5452 vel
3190 5399 3356 5456 etiam
3412 5418 3446 5460 a
3494 5405 3609 5463 Deo
3653 5383 3831 5465 ortum

2247 5477 2475 5534 traxisse
2500 5480 2761 5551 (procula
2792 5494 2846 5542 te
2872 5489 2941 5543 sit
2964 5490 3078 5547 hinc
3107 5493 3454 5565 absurdius),
3476 5508 3665 5558 venum
3697 5518 3837 5576 opus

2250 5581 2491 5629 nostrum
2520 5590 2582 5632 ac
2614 5578 2811 5636 diaboli
2853 5583 2957 5639 hoc
2980 5600 3121 5652 esse,
3154 5593 3511 5661 quodnosta
3536 5597 3751 5653 incuria’
3779 5608 3841 5655 et'

2242 5664 2568 5736 negligentia
2621 5673 2863 5744 obrepit,
2890 5690 3170 5749 propterea
3224 5686 3365 5756 quod
3418 5687 3585 5744 libero
3610 5691 3845 5747 arbitrio

2242 5760 2455 5828 praediti
2482 5778 2688 5833 sumus,
2719 5784 2781 5826 ac
2825 5783 3019 5841 sponte
3056 5785 3239 5835 nostra
3289 5784 3626 5841 tsm'bonnm
3669 5798 3829 5858 quant

2240 5854 2438 5913 malum
2486 5859 2751 5931 eligimus.
2783 5864 2865 5922 Ad
2888 5866 3003 5926 haec
3038 5885 3213 5928 unum.
3247 5874 3521 5946 baptisma
3569 5890 3638 5937 ex
3688 5854 3831 5955 aqua
