4158 6354
257 348 356 408 517

688 343 855 403 VlTA
893 336 1316 404 SANCTORUM
1358 330 1688 402 BARLAAM
1732 337 2064 400 ΕΒΕΜΙΤΑΞ
2107 337 2191 397 ET
2232 337 2586 398 JOSAPHAT
2627 337 2837 396 INDIIE
2878 338 3103 398 REGIS.

3434 339 3538 399 5l8

253 472 306 518 et
344 462 545 534 Spiritu
575 471 767 517 sancto
795 461 848 515 in
873 471 1215 532 peccatorum
1267 461 1641 517 remissionem
1674 457 1844 515 conﬁ-
1873 460 1919 518 Α
1956 455 2188 525 Spiritus
2244 452 2431 519 sancti,
2459 468 2580 510 eum
2627 455 2677 508 in
2711 454 2911 523 piscina
2963 469 3082 526 quae
3105 454 3157 508 in
3185 453 3354 528 ipsius
3377 455 3537 514 horto

255 565 388 612 tere.

325 653 500 723 Atque
530 649 753 719 insuper
780 647 848 703 ab
876 649 1023 706 omni
1049 649 1168 705 labe
1198 664 1328 721 pura
1355 646 1555 704 Christi
1588 645 1841 718 mysteria

248 749 436 816 accipe
464 790 479 814 ,
517 744 818 801 certissime
865 744 1098 800 credens
1124 787 1137 810 ,
1175 744 1264 800 Dei
1316 745 1482 799 nostri
1539 759 1734 812 corpus
1787 752 1842 798 et

247 841 564 911 sanguinem
606 854 748 905 esse,
779 854 899 909 quae
953 837 1255 892 hominibus
1305 837 1409 892 tide
1467 837 1741 906 praeditis,
1774 835 1842 891 ad

250 943 593 1003 peccatorum
643 931 850 985 veniam
911 930 1052 985 dono
1094 929 1263 984 dedit.
1291 927 1536 983 Christus
1584 928 1723 984 enim
1776 942 1838 982 ea

252 1034 412 1082 nocte
448 1040 554 1096 qua
603 1023 936 1092 tradebatur,
970 1031 1348 1078 testamentum
1382 1038 1577 1078 novum
1605 1021 1841 1094 discipu-

246 1121 308 1175 lis
326 1120 440 1174 suis
471 1132 523 1173 et
553 1117 832 1188 aposmlis,
863 1131 924 1170 ac
953 1131 1047 1183 per
1072 1131 1164 1170 cos
1194 1115 1440 1170 omnibus
1475 1116 1563 1185 qui
1586 1114 1637 1172 in
1665 1117 1838 1185 ipsum

245 1214 500 1269 credituri
523 1219 678 1267 erant
707 1209 755 1282 (1
785 1207 904 1263 Cor.
928 1209 1036 1276 χι),
1069 1210 1121 1262 ἰη
1156 1208 1270 1263 haec
1297 1208 1458 1263 verba
1493 1208 1708 1262 sanxit:
1737 1210 1842 1262 Ac-

246 1308 408 1378 cipite
430 1314 486 1362 et
508 1302 845 1364 manducate,
879 1300 981 1356 hoc
1021 1309 1104 1355 est
1128 1315 1325 1368 corpus
1359 1315 1536 1355 tneum
1566 1298 1706 1370 quod
1741 1315 1838 1370 pro

254 1401 408 1455 vobis
439 1395 703 1466 frangitur
726 1395 777 1449 iu
807 1393 1178 1448 remissionem
1206 1404 1569 1463 peccatorum.
1606 1392 1842 1448 Eodem-

246 1511 352 1566 que
383 1493 545 1548 modo
594 1497 864 1558 sumptum
895 1486 1118 1544 calicem
1144 1487 1270 1556 ipsis
1301 1484 1567 1556 porrexit,
1600 1486 1788 1542 dicens
1823 1502 1837 1539 :

248 1588 348 1643 llic
369 1595 455 1642 est
485 1584 702 1655 sanguis
754 1596 904 1637 meus
935 1580 1059 1637 novi
1096 1579 1423 1646 testamenti,
1455 1578 1542 1649 qui
1569 1593 1666 1650 pro
1687 1578 1838 1635 vobis

245 1679 539 1737 effunditur
580 1679 632 1732 in
681 1677 1052 1732 remissionem
1098 1683 1463 1746 peccatorum.
1494 1674 1606 1729 Hoc
1683 1671 1841 1728 facite

243 1779 298 1833 in
344 1791 517 1832 meam
563 1774 1154 1830 commemorationem.
1181 1771 1298 1842 lpse
1333 1773 1496 1844 igitur
1542 1772 1635 1826 Dei
1660 1786 1837 1827 sermo

1949 554 2068 601 erat
2098 545 2409 612 baptizavit,
2443 560 2504 600 ac
2555 560 2717 616 super
2744 561 2864 600 eum
2893 547 3120 614 Spiritus
3144 546 3316 602 sancti
3361 549 3534 617 gratia

1947 639 2114 693 venit.
2139 637 2381 710 Cumque
2423 638 2489 693 ad
2535 639 2699 709 ipsius
2725 639 3032 694 cubiculum
3087 638 3356 704 rediisset,
3379 651 3538 710 atque

1950 731 2212 785 incruenti
2261 729 2510 785 sacriﬁcii
2574 746 2783 786 sacrum
2831 731 3162 800 peregisset,
3197 731 3539 787 immaculata

1945 820 2143 876 Christi
2197 822 2456 894 mysteria
2488 821 2591 892 ipsi
2635 821 2946 890 impertivit.
2982 822 3276 895 Posteaque
3300 823 3390 878 ille
3420 825 3537 893 spi-

1945 915 2049 968 ritu
2104 914 2428 981 exsultabat,
2452 914 2726 970 Christum
2788 909 2954 971 Deum
2997 915 3156 974 laude
3176 926 3342 988 atque
3367 916 3539 988 gloria

1944 1007 2207 1062 afficiens.

2017 1123 2157 1178 Dixit
2185 1132 2362 1178 autem
2392 1122 2459 1177 ad
2489 1136 2614 1177 eum
2640 1121 2884 1178 Barlaam
2929 1136 2948 1177 :
2992 1122 3311 1179 Benedictus
3366 1117 3538 1191 Deus,

1946 1225 2000 1269 ct
2028 1215 2187 1272 Pater
2221 1215 2432 1270 Domini
2462 1216 2635 1271 nostri
2681 1216 2808 1271 .lesu
2849 1215 3066 1283 Christi,
3098 1216 3189 1286 qui
3217 1231 3312 1286 pro
3340 1218 3544 1288 ingenti

1944 1321 2041 1364 Sua
2088 1307 2456 1362 misericordia
2489 1310 2828 1377 regeneravit
2867 1309 2919 1363 in
2963 1316 3015 1364 te
3055 1323 3204 1377 spem
3255 1309 3455 1375 vivam,
3488 1309 3541 1364 in

1945 1398 2315 1456 haereditatem
2343 1401 2830 1470 incorruptibilem,
2863 1410 2918 1456 et
2960 1402 3456 1468 incontaminatam,
3487 1412 3546 1456 et

1945 1493 2477 1563 immarcescibilem,
2526 1507 2897 1552 conservatam
2947 1496 3001 1554 in
3044 1498 3196 1554 ctelis
3238 1497 3291 1554 in
3331 1497 3544 1553 Christo

1945 1587 2073 1643 .Iesu
2104 1589 2332 1645 Doinino
2365 1600 2549 1644 nostro
2581 1604 2674 1658 per
2702 1589 2961 1657 Spiritum
2984 1597 3227 1645 sanctum
3258 1587 3310 1660 (1
3335 1588 3451 1644 Pet.
3478 1589 3542 1661 ι).

1947 1679 2219 1735 Hodierno
2250 1681 2393 1736 enim
2422 1682 2507 1736 die
2535 1698 2565 1737 a
2607 1691 2825 1752 peccato
2853 1683 3129 1750 liberatus,
3161 1694 3383 1753 accepto
3405 1698 3547 1738 sem-

1948 1771 2175 1843 piternm
2207 1777 2333 1828 vitae
2364 1775 2610 1844 pignore,
2642 1775 2752 1831 Deo
2781 1775 3122 1845 mancipatus
3143 1791 3224 1844 es,
3258 1790 3319 1830 ac
3341 1777 3548 1831 relictis

249 1876 410 1927 vivus
433 1880 485 1926 et
506 1869 693 1925 efficax
721 1866 909 1941 (Hebr.
930 1865 1026 1939 tv),
1051 1874 1210 1939 atque
1238 1883 1333 1923 sua
1356 1868 1551 1923 virtute
1575 1866 1708 1922 nihil
1731 1882 1837 1921 non
1870 1859 1919 1921 B
1951 1866 2196 1922 tenebris
2218 1866 2400 1923 lumen
2424 1868 2641 1923 induisti
2704 1869 2988 1932 adoptatus
3017 1870 3068 1924 in
3098 1869 3402 1925 libertatem
3432 1869 3548 1939 glo-

244 1964 514 2028 efﬁciens,
550 1977 644 2031 per
667 1960 906 2014 divinum
953 1973 1016 2014 ac
1046 1971 1448 2016 sacrosanctum
1507 1974 1839 2026 sermonem,

247 2074 312 2113 ac
357 2056 596 2124 Spiritus
644 2053 814 2108 sancti
848 2051 1158 2122 adventum,
1197 2069 1264 2108 ex
1294 2053 1585 2109 oblationis
1627 2069 1764 2123 pane
1788 2064 1844 2108 et

247 2153 380 2206 vino
412 2163 608 2217 corpus
633 2162 783 2202 suum
815 2159 879 2200 ac
909 2149 1223 2216 sanguinein
1253 2146 1439 2211 efﬁcit,
1465 2155 1622 2217 atque
1646 2147 1843 2200 inuno-

247 2253 347 2312 tat,
378 2251 431 2298 et
461 2242 526 2296 iis
558 2256 585 2293 a
615 2240 808 2310 quibus
834 2239 1030 2311 cupido
1065 2240 1247 2296 animo
1278 2238 1568 2311 percipitur
1591 2240 1844 2296 sancﬁta-

247 2347 278 2392 ις
306 2355 355 2391 ιη
391 2344 443 2390 et
477 2335 649 2388 lucem
682 2331 838 2386 affert

328 2426 698 2483 \‘enerandam
747 2423 1075 2479 characteris
1131 2423 1384 2490 Domini,
1431 2425 1533 2479 hoc
1587 2433 1715 2489 est,
1748 2425 1844 2480 Dei

245 2523 435 2587 Verbi,
456 2519 787 2575 humanitate
810 2528 989 2572 nostra
1011 2533 1170 2574 causa
1194 2518 1386 2587 induti,
1403 2517 1636 2590 efﬁgiem
1655 2517 1840 2585 adora,

243 2634 369 2673 cum
403 2615 507 2670 fide
535 2611 874 2678 exosculans,
901 2619 1061 2684 atque
1106 2613 1178 2667 ita
1212 2612 1525 2668 existimans
1562 2621 1613 2666 te
1641 2612 1844 2680 ipsum-

245 2721 364 2769 met
387 2720 694 2766 creatorem
728 2708 782 2762 in
823 2705 1056 2778 imagine
1083 2709 1349 2763 contueri.
1387 2708 1663 2778 Siquidem
1713 2709 1844 2762 ima-

243 2804 389 2878 ginis
422 2803 705 2884 honorant
751 2813 779 2852 a
830 2812 1018 2858 sancto
1049 2804 1164 2858 viro
1215 2801 1485 2872 proditum
1515 2810 1600 2858 est
1623 2798 1843 2873 (Basil.,

243 2901 342 2955 lib.
375 2900 440 2955 de
469 2901 672 2966 Spiritu
694 2911 867 2956 sancto
892 2916 1009 2966 cap.
1039 2897 1150 2969 18),
1184 2897 1250 2952 ad
1281 2897 1555 2966 exemplar
1585 2896 1841 2952 refertur.

245 2993 552 3062 Exemplar
573 3009 731 3063 porro
755 3001 840 3049 est
866 2993 917 3048 id
946 2991 1099 3062 cujus
1148 2990 1324 3059 imago
1364 2989 1659 3061 efﬁngitur,
1685 2999 1844 3058 atque

245 3089 315 3143 ab
346 3104 412 3142 eo
457 3088 748 3143 derivatur.
781 3087 988 3141 Etenim
1040 3101 1161 3140 cum
1203 3083 1465 3154 picturam
1507 3083 1560 3139 in
1612 3083 1846 3155 imagine

247 3181 547 3245 cernimus,
573 3181 636 3235 ad
663 3195 842 3236 veram
870 3181 1114 3243 formam,
1139 3177 1291 3247 cujus
1315 3177 1489 3247 imago
1515 3185 1619 3244 est,
1650 3177 1844 3233 mentis

1949 1975 2044 2015 riae
2074 1959 2308 2015 ﬁliorum
2341 1960 2438 2015 Dei
2473 1979 2485 2013 :
2515 1963 2785 2030 Quotquot
2817 1964 2984 2029 enim,
3033 1962 3204 2032 inquit
3241 1962 3354 2029 ille,
3391 1976 3549 2018 rece-

1947 2063 2144 2124 perunt
2169 2068 2315 2120 eum,
2349 2054 2495 2109 dedit
2517 2055 2596 2109 eis
2627 2064 2944 2124 potestatem
2978 2054 3115 2111 ﬁlios
3168 2055 3262 2110 Dei
3291 2055 3428 2121 ﬁeri,
3464 2055 3550 2112 his

1945 2143 2038 2213 qui
2067 2143 2288 2199 credunt
2320 2144 2371 2198 iu
2403 2144 2622 2199 nomine
2650 2144 2766 2214 ejus
2791 2144 2973 2215 (Joan.
2998 2145 3062 2214 ι).
3097 2146 3280 2215 Itaque
3308 2160 3413 2199 non
3434 2145 3548 2214 jam

1950 2249 2141 2289 servus
2187 2249 2270 2301 es,
2323 2235 2418 2289 sed
2469 2236 2608 2289 ﬁlius
2637 2244 2691 2290 et
2723 2236 2896 2292 haeres
2926 2236 3043 2303 Dei,
3075 2252 3170 2307 per
3195 2235 3466 2292 Christum
3496 2237 3549 2293 in

1946 2327 2152 2397 Spiritu
2209 2338 2396 2384 sancto
2452 2328 2597 2398 (Gal.
2621 2329 2722 2400 tv).
2779 2329 3066 2398 Quocirca,
3118 2329 3451 2396 charissime,
3497 2330 3547 2386 id

1947 2421 2105 2477 stude
2135 2431 2192 2476 ut
2220 2422 2454 2477 mundus
2482 2421 2929 2478 etimmaculatus
2977 2422 3080 2491 ipsi
3115 2423 3426 2489 inveniaris,
3457 2436 3548 2476 su-

1947 2529 2042 2586 pra
2069 2513 2191 2569 ﬁdei
2230 2511 2640 2568 fundamentum
2669 2513 2832 2581 proba
2865 2528 3025 2584 opera
3058 2522 3361 2568 exstrueus.
3388 2510 3548 2567 Fides

1946 2607 2093 2664 enim
2140 2606 2260 2661 sine
2299 2605 2559 2676 operibus
2602 2615 2808 2662 mortua
2861 2615 2965 2674 est,
3013 2605 3464 2675 quemadmodum
3493 2613 3549 2662 et

1946 2714 2113 2768 opera
2141 2700 2262 2755 sine
2285 2698 2390 2755 ﬁde
2420 2696 2509 2770 (II
2541 2697 2686 2754 Petr.
2719 2714 2808 2766 tu;
2837 2698 2956 2756 Jac.
2986 2698 3070 2770 tt);

2021 2814 2218 2884 Atque,
2248 2822 2307 2870 ut
2330 2812 2441 2884 jam
2486 2814 2631 2883 prius
2657 2826 2744 2869 me
2773 2811 2841 2867 ad
2872 2821 2926 2868 te
2947 2811 3128 2868 dicere
3173 2811 3413 2878 memini,
3458 2811 3552 2867 dea

1949 2909 2123 2982 posita
2151 2910 2260 2980 jam
2288 2909 2435 2965 omni
2464 2909 2687 2975 malitia,
2718 2908 3021 2979 veterisque
3051 2907 3306 2974 hominis,
3336 2906 3427 2977 qni
3455 2920 3547 2962 se-

1947 3005 2184 3060 cundum
2232 3003 2436 3060 erroris
2474 3002 2742 3059 desideria
2785 3003 3147 3072 corrumpitur
3189 3001 3407 3074 (Ep/tes.
3454 3001 3551 3071 tv),

1955 3096 2213 3167 cperibus
2241 3095 2495 3151 omnibus
2531 3094 2660 3151 odio
2689 3091 2906 3160 habitis,
2937 3102 3189 3164 tanquam
3220 3093 3382 3148 modo
3405 3093 3554 3162 geni-

1953 3197 2039 3244 tus
2064 3187 2264 3256 infans,
2297 3186 2619 3243 rationabile
2645 3197 2698 3240 et
2724 3187 2842 3242 sine
2869 3185 2995 3241 dolo
3025 3185 3280 3240 virtutum
3331 3186 3411 3240 lac
3459 3198 3554 3240 sn-

247 3272 886 3341 oculistransimus,eum
910 3270 998 3341 qui
1021 3278 1198 3326 nostra
1225 3284 1384 3325 causa
1404 3282 1618 3324 carnem
1641 3269 1738 3324 sibi
1758 3267 1853 3324 ad-
1877 3253 1927 3321 C
1958 3295 2086 3352 gem
2115 3253 2435 3348 concgpgsce
2465 3276 2519 3348 (1
2550 3275 2671 3334 per,
2702 3276 2786 3347 ιι),
2819 3286 2880 3332 ω
2905 3278 2960 3333 in
2997 3291 3063 3333 eo
3111 3289 3347 3339 οι-εωεε,
3394 3283 3556 3346 atque

247 3367 549 3443 junxigpie
578 3360 900 3433 adorantes;
957 3380 1064 3419 non
1099 3364 1198 3435 ipsi
1247 3362 1461 3434 quidem
1504 3364 1723 3433 pictura:
1770 3362 1850 3416 di-

249 3461 536 3516 vinitatem
587 3460 962 3526 attribuentes,
989 3473 1174 3513 verum
1201 3466 1259 3512 ut
1285 3455 1545 3514 incarnati
1587 3454 1682 3510 Dei
1712 3453 1848 3509 ima-

251 3558 462 3627 ginem,
495 3569 593 3625 pro
626 3563 811 3610 nostro
837 3568 963 3623 erga
985 3567 1134 3619 eum,
1161 3552 1250 3623 qui
1284 3559 1463 3607 nostra
1494 3563 1658 3607 causa
1685 3550 1848 3606 etiam

252 3665 433 3720 usque
454 3648 520 3703 ad
547 3650 685 3706 servi
714 3649 935 3705 formam
967 3661 1089 3703 sese
1110 3647 1424 3716 exinanivit,
1455 3660 1637 3702 amore
1664 3660 1729 3700 ac
1754 3645 1848 3700 be-

251 3741 559 3798 nevolentia
616 3741 1057 3810 complectentes.
1098 3739 1408 3810 Eodemque
1481 3738 1642 3795 modo
1687 3737 1849 3795 etiam

252 3852 407 3908 pura:
462 3835 631 3906 ipsius
687 3835 895 3902 Matris,
917 3843 1079 3907 atque
1127 3835 1366 3890 omnium
1414 3841 1724 3890 sanctorum
1774 3832 1853 3888 cf-

252 3929 437 4001 ﬁgies,
461 3927 647 3984 eadem
672 3928 882 3983 ratione
930 3929 1317 3999 complectens,
1348 3935 1508 3995 atque
1565 3926 1689 3980 item
1721 3923 1853 3979 vivi-

254 4022 377 4077 ﬁcae
424 4035 488 4076 ac
519 4021 836 4076 venerandae
888 4022 1063 4076 crucis
1093 4028 1276 4092 typum
1309 4019 1415 4074 ﬁde
1437 4018 1692 4084 adorans,
1721 4032 1851 4073 exo-

254 4114 509 4181 sculare,
538 4113 606 4168 ob
646 4112 917 4168 Christum
963 4113 1212 4168 videlicet
1260 4126 1321 4166 ac
1367 4111 1533 4166 Deum
1577 4121 1632 4167 et
1662 4108 1852 4165 mundi

256 4207 626 4272 Servatorem,
657 4206 746 4273 qui
796 4205 985 4260 salutis
1037 4214 1234 4260 nostra:
1268 4219 1431 4260 causa
1461 4219 1624 4260 carne
1653 4203 1707 4258 in
1737 4205 1853 4272 ipsa

257 4311 560 4368 suspensus
611 4304 716 4363 est,
750 4293 1010 4368 nobisque
1051 4298 1117 4354 ad
1148 4298 1425 4354 victoriam
1456 4299 1720 4354 adversus
1741 4297 1858 4354 dia-

257 4394 447 4450 bolum
500 4392 848 4448 obtinendam
901 4394 1002 4449 hoc
1051 4394 1262 4465 signum
1311 4393 1477 4449 dedit.
1516 4393 1858 4450 Cohorrescit

260 4489 410 4545 enim
463 4488 553 4544 ille
596 4503 659 4544 ac
713 4498 944 4544 tremore
991 4487 1240 4554 afﬁcitur,
1296 4489 1462 4560 ipsius
1513 4489 1622 4542 vim
1663 4489 1854 4543 intueri

261 4584 492 4639 minime
538 4584 830 4638 sustinens.
874 4582 930 4638 In
955 4581 1039 4637 bis
1094 4581 1449 4652 dogmatibus,
1473 4592 1630 4652 atque
1661 4582 1846 4651 hujus-

1955 3371 2023 3427 ad
2051 3370 2427 3426 mandatorum
2461 3369 2554 3425 Dei
2593 3369 2953 3439 cognitionem
2984 3371 3268 3440 pervenias
3297 3368 3352 3424 in
3379 3369 3552 3425 virum

1953 3464 2274 3533 perfeCtum,
2307 3462 2358 3518 in
2407 3476 2714 3518 mensuram
2763 3462 2938 3516 anatis
2979 3460 3328 3533 plenitudinis
3354 3459 3555 3517 Christi

1954 3555 2173 3628 (Ephes.
2202 3556 2278 3626 tv)
2303 3573 2320 3623 ;
2351 3563 2407 3611 ut
2433 3570 2538 3612 non
2566 3555 2678 3627 jam
2708 3556 2784 3611 sis
2813 3555 3064 3626 parvulus
3093 3555 3362 3619 sensibus,
3400 3553 3556 3608 vitio-

1959 3669 2142 3711 sarum
2172 3653 2515 3709 aﬁ'ectionum
2539 3650 2790 3707 ﬂuctibus
2811 3664 2876 3706 ac
2902 3658 3221 3722 tempestate
3246 3649 3480 3718 jactatns
3500 3658 3556 3703 et

1953 3751 2338 3817 circumactus,
2375 3763 2562 3803 verum
2588 3745 2788 3800 malitia
2815 3744 3035 3816 quidem
3069 3742 3324 3813 parvulus
3350 3743 3446 3808 sia,
3481 3740 3546 3795 ad

1956 3841 2156 3898 bonum
2213 3847 2391 3894 autem
2438 3838 2646 3892 ﬁrmam
2690 3851 2754 3892 ac
2803 3835 3028 3890 solidam
3060 3842 3295 3890 mentem
3331 3833 3554 3898 habeas,

1955 3942 2116 4002 atque
2146 3939 2204 3985 ut
2229 3928 2448 4001 dignum
2477 3937 2561 3984 est
2588 3943 2648 3984 ea
2682 3928 2962 3983 vocatione
2988 3941 3094 3997 qua
3121 3934 3346 3981 vocatus
3384 3938 3468 3990 cs,
3500 3927 3554 3978 in

1956 4023 2333 4080 mandatorum
2380 4020 2590 4078 Domini
2633 4019 3008 4077 observatione
3037 4017 3288 4086 ver-seris,
3331 4031 3556 4073 excussa

1957 4120 2210 4174 nimirum
2225 4128 2424 4189 atquea
2441 4125 2492 4172 te
2513 4124 2719 4173 remota
2741 4117 2938 4186 prioris
2959 4116 3079 4171 vitae
3101 4115 3354 4180 vanitate,
3371 4129 3558 4185 quem-

1956 4209 2246 4265 admodum
2278 4218 2465 4281 gentes
2495 4207 2773 4263 ambulant
2816 4208 2868 4262 iu
2916 4208 3154 4263 vanitate
3199 4220 3392 4262 sensus
3443 4205 3554 4271 sui,

1959 4305 2302 4360 obscuratum
2341 4303 2604 4360 habentes
2634 4302 2988 4369 intellectura,
3045 4301 3259 4356 alienati
3307 4315 3336 4353 a
3381 4298 3557 4369 gloria

1960 4395 2081 4462 Dei,
2113 4395 2603 4465 cupiditatibusque
2627 4393 2739 4450 suis
2766 4404 2820 4449 et
2855 4393 3086 4448 motibus
3113 4407 3142 4447 a
3171 4392 3380 4450 ratione
3401 4405 3558 4446 aver-

1961 4492 2038 4546 sis
2068 4489 2312 4559 subjecti.
2346 4489 2427 4544 Tu
2453 4503 2580 4543 vero
2605 4487 3057 4558 quemadmodum
3088 4485 3152 4540 ad
3184 4485 3350 4540 Deum
3382 4485 3557 4539 vivum

1961 4591 2017 4637 et
2051 4597 2234 4637 verum
2285 4580 2585 4644 accessisti,
2613 4580 2692 4634 sic
2719 4578 2879 4634 etiam
2910 4587 2967 4634 ut
2993 4578 3138 4633 ﬁlius
3169 4577 3302 4633 lucis
3323 4578 3558 4632 ambula.

262 4675 410 4731 modi
445 4674 550 4728 fide
571 4673 951 4744 baptizaberis,
975 4689 1092 4729 eam
1126 4651 1441 4729 mutationis
1466 4674 1644 4729 omnis
1663 4688 1858 4743 exper-
1883 4651 1938 4716 D
1967 4676 2194 4731 Fructus
2214 4673 2356 4729 enim
2379 4673 2611 4742 Spiritus
2629 4680 2714 4727 est
2737 4671 2789 4726 in
2814 4672 2959 4727 omni
2979 4672 3236 4738 bonitate,
3258 4681 3308 4728 et
3330 4672 3558 4741 justitia,

263 4780 401 4836 tein,
431 4777 592 4840 atque
643 4769 710 4822 ab
737 4768 882 4825 omni
916 4768 1107 4824 haeresi
1153 4783 1340 4837 puram
1373 4783 1540 4834 usque
1592 4767 1656 4821 ad
1681 4776 1856 4821 extrc-
1881 4811 1893 4825 .

265 4878 411 4918 nium
445 4861 569 4916 vitae
600 4862 846 4932 spiritum
878 4861 1156 4916 retinens:
1186 4875 1400 4916 omnem
1442 4870 1617 4915 autem
1660 4859 1859 4918 doctri-

266 4965 589 5024 nam,atque
605 4953 784 5008 omnia
804 4953 1074 5024 dogmata,
1094 4969 1213 5025 qua:
1243 4953 1364 5007 huic
1390 4969 1418 5007 a
1443 4953 1860 5022 reprehensione

265 5048 463 5101 alienae
493 5045 615 5100 ﬁdei
641 5044 1011 5110 adversantur,
1039 5060 1342 5111 exsecrere,
1373 5053 1532 5108 atque
1589 5045 1860 5098 abaliena-

272 5130 471 5196 tionem
503 5155 532 5192 a
567 5138 675 5195 Deo
731 5153 851 5194 esse
905 5139 1173 5194 existima.
1204 5138 1294 5193 Ait
1341 5138 1483 5193 enim
1530 5137 1856 5206 Apostolus:

271 5235 495 5289 Etiamsi
525 5233 763 5303 Angelus
794 5232 863 5289 de
895 5233 1032 5289 casio
1078 5231 1409 5301 evangelizet
1431 5229 1581 5283 vobis
1634 5237 1860 5298 praeter-

269 5341 431 5395 quam
485 5325 628 5396 quod
693 5324 1176 5395 erangelizavtmus
1228 5324 1377 5378 vobis
1405 5362 1420 5389 ,
1463 5320 1748 5374 anathema
1793 5319 1863 5376 sit

268 5405 416 5487 (Gal.
445 5418 507 5488 ι).
542 5415 727 5488 Neque
755 5419 896 5472 enim
947 5416 1089 5471 aliud
1138 5426 1219 5470 est
1253 5413 1621 5484 Evangelium,
1646 5420 1736 5467 aut
1761 5412 1862 5466 alia

271 5511 427 5580 fides,
453 5524 652 5584 prater
680 5527 799 5568 eam
829 5528 947 5583 quae
974 5510 1042 5566 ab
1072 5511 1331 5583 apostolis
1363 5509 1648 5579 przedicata
1668 5549 1682 5574 ,
1704 5518 1864 5579 atque

272 5618 301 5656 a
333 5605 529 5658 divinis
575 5604 823 5660 Patribus
867 5603 922 5658 in
953 5603 1115 5658 variis
1145 5602 1389 5658 conciliis
1411 5600 1724 5655 conﬁrmata
1757 5610 1862 5654 est.

345 5699 469 5754 Haec
489 5711 615 5753 cum
648 5697 872 5754 dixisset
900 5698 1168 5765 Barlaam,
1200 5709 1359 5767 atque
1401 5697 1530 5751 illud
1564 5695 1688 5751 ﬁdei
1714 5711 1864 5764 sym-

275 5789 478 5857 bolum,
507 5793 651 5862 quod
703 5793 756 5849 in
805 5793 1022 5850 Niceno
1074 5794 1304 5848 concilio
1331 5791 1534 5848 editum
1585 5800 1689 5857 est,
1722 5790 1867 5860 regis

277 5880 788 5953 tilioexposuisset,
831 5886 884 5943 in
934 5886 1157 5944 nomine
1198 5886 1353 5958 287
1382 5885 1555 5943 Patris
1585 5894 1636 5942 et
1664 5884 1782 5940 Filii
1811 5893 1865 5940 ct

1961 4780 2014 4825 et
2037 4771 2265 4825 veritate
2283 4767 2430 4838 (Gai.
2454 4767 2533 4837 v).
2558 4769 2732 4838 Atque
2752 4766 2884 4822 illud
2910 4781 3129 4838 operam
3157 4768 3245 4836 da,
3280 4781 3345 4823 ne
3366 4781 3560 4822 novum

1963 4879 2083 4920 eum
2118 4863 2408 4926 hominem,
2453 4879 2560 4932 quo
2591 4862 2750 4917 hodie
2779 4861 2996 4918 indutus
3023 4877 3103 4931 es,
3141 4864 3303 4933 priori
3335 4857 3558 4930 posthac

1966 4963 2235 5010 vetustate
2286 4955 2603 5022 labefactes,
2637 4970 2826 5011 verum
2868 4955 3108 5026 quotidie
3159 4957 3212 5010 in
3250 4953 3456 5026 justitia
3507 4961 3561 5007 et

1964 5047 2250 5102 sanctitate
2287 5055 2344 5101 et
2382 5047 2606 5102 veritate
2647 5048 2940 5103 renoveris.
2975 5046 3105 5102 Nam
3137 5045 3238 5100 hoc
3267 5059 3425 5100 nemo
3455 5058 3561 5099 non

1969 5147 2163 5210 potest,
2189 5139 2232 5195 si
2263 5139 2409 5202 velit,
2433 5139 2886 5208 quemadmodum
2912 5139 3128 5203 audisti,
3158 5137 3298 5206 quod
3329 5145 3564 5206 potesta-

1968 5242 2075 5288 tem
2101 5231 2312 5288 dederit
2340 5233 2476 5289 ﬁlios
2504 5233 2599 5288 Dei
2626 5235 2764 5301 ﬁeri,
2796 5234 2879 5289 his
2901 5233 2993 5304 qui
3013 5231 3240 5288 credunt
3270 5231 3320 5284 in
3345 5233 3562 5285 nomine

1968 5329 2083 5399 ejus
2107 5327 2288 5401 (Joan.
2321 5329 2385 5399 ι).
2409 5329 2748 5399 Quapropter
2769 5343 2876 5383 non
2901 5328 3013 5397 jam
3040 5326 3140 5380 h'oc
3163 5325 3342 5380 dicere
3375 5335 3562 5395 possu-

1969 5438 2110 5488 mus,
2165 5437 2270 5491 nos
2303 5425 2525 5478 virtutes
2553 5421 2777 5492 adipisci
2825 5422 3046 5476 minime
3075 5433 3252 5490 posse.
3305 5413 3563 5475 Proclivis

1974 5517 2121 5572 enim
2151 5532 2212 5571 ac
2244 5515 2414 5571 facilis
2444 5516 2528 5570 via
2555 5524 2670 5579 est;
2733 5523 2895 5584 atque
2941 5513 3150 5569 etiamsi
3191 5512 3264 5568 ob
3326 5513 3564 5583 corporis

1973 5607 2315 5663 attlictionem
2347 5615 2492 5660 arcta
2521 5603 2916 5675 quodammodo
2940 5613 2996 5659 et
3023 5613 3250 5676 augusta
3285 5605 3428 5660 dicta
3481 5612 3565 5660 est

1976 5698 2193 5771 (Matth.
2219 5701 2318 5770 xi),
2352 5708 2526 5754 tamen
2551 5698 2622 5753 ob
2645 5696 2944 5752 futurorum
2968 5712 3185 5752 suorum
3212 5711 3363 5766 spem
3390 5695 3454 5750 iis
3480 5710 3565 5750 re-

1975 5800 2060 5845 cta
2087 5800 2142 5846 et
2166 5790 2312 5846 clara
2345 5799 2450 5856 est,
2477 5791 2567 5859 qui
2597 5805 2702 5845 non
2733 5789 2899 5846 stulte
2926 5790 3220 5856 ambulant,
3258 5803 3438 5844 verum
3468 5786 3562 5841 Dei

1974 5885 2304 5941 voluntatem
2334 5893 2525 5943 exacte
2555 5884 2877 5956 intelligunt,
2910 5894 3072 5958 atque
3099 5883 3166 5940 ad
3195 5879 3560 5940 dimicandum
