4158 6354
571 398 669 459 519

1606 396 1692 453 DE
1729 361 1908 451 vms
1949 387 2239 451 ρΑτιιυιι
2276 388 2479 450 uasa
2520 388 2795 451 ramus.

3752 387 3849 453 590

574 520 831 577 adversus
876 514 1074 575 diaboli
1122 513 1288 572 hostis
1328 516 1589 572 versutias
1628 516 1796 585 ipsitis
1825 524 2153 570 armaturam
2179 512 2234 575 Α
2260 519 2418 582 atque
2439 510 2587 567 omni
2610 510 2799 567 vitiosa
2819 507 3211 567 consuetudine
3241 522 3294 568 te
3324 521 3564 577 remove,
3587 523 3652 566 ac
3677 510 3850 581 potius

572 615 820 678 induunt,
854 621 908 667 et
945 612 995 666 in
1027 609 1271 665 oratione
1307 619 1466 677 atque
1494 609 1886 675 obsecratione,
1918 622 2037 662 cum
2068 620 2159 676 pa-

572 709 752 764 tientia
775 715 829 761 et
856 721 949 775 spe
979 704 1029 759 in
1062 705 1159 758 hoc
1189 702 1360 772 ipsum
1395 702 1673 773 invigilant
1702 701 1921 775 (Ep/tes.
1953 701 2049 771 Vl).

649 806 723 856 Ac
752 797 975 868 proinde
1005 797 1165 852 facito
1197 805 1254 850 ut
1280 798 1730 864 quemadmodum
1762 812 1790 850 ιι
1836 812 1921 851 me
1965 794 2161 851 audisti

572 906 624 950 ct
664 893 905 949 eruditus
954 907 1036 959 es,
1091 891 1410 955 ﬁrmumque
1448 891 1847 947 fundamentum
1874 890 2070 960 jecisti,
2105 889 2158 944 in

572 988 687 1057 ipso
718 985 987 1052 abundes,
1011 998 1260 1039 crescens
1278 983 1527 1039 videlicet
1546 992 1600 1039 et
1617 983 1921 1053 proﬁciens,
1949 998 2011 1037 ac
2034 980 2161 1037 boni

576 1078 759 1132 militis
800 1076 980 1132 ofﬁcio
1007 1075 1257 1145 fungens,
1291 1076 1445 1130 ﬁdem
1473 1076 1697 1142 habens,
1728 1085 1782 1130 et
1811 1080 2003 1129 bonam
2030 1089 2163 1128 con-

571 1170 846 1225 scientiam
879 1169 1169 1238 proborum
1202 1183 1422 1239 operum
1452 1168 1758 1224 testimonio
1787 1167 2160 1224 confirmatam

574 1262 626 1337 (1
654 1262 791 1318 Tim.
825 1260 921 1332 vt);
949 1262 1209 1331 justitiam
1240 1262 1441 1328 colens,
1473 1263 1746 1332 pietatem,
1780 1260 1961 1328 ﬁdem,
1987 1259 2163 1315 chari-

572 1364 758 1421 tatem,
789 1356 1121 1424 patientiam,
1147 1354 1451 1421 lenitatem;
1474 1354 1635 1409 vitam
1666 1353 2069 1423 sempiternam,
2092 1351 2159 1408 ad

569 1467 728 1519 quam
762 1457 982 1505 vocatus
1012 1464 1090 1510 es,
1125 1447 1567 1519 apprehendens;
1614 1463 1825 1503 onmem
1853 1454 2031 1502 autem
2064 1462 2159 1501 vo-

572 1542 834 1612 luptatum
875 1556 939 1596 ac
983 1540 1299 1597 vitiosarum
1372 1540 1713 1596 affectionum
1770 1539 2159 1608 cupiditatem,

574 1650 679 1691 non
711 1635 871 1689 modo
894 1644 1152 1704 quantum
1182 1637 1248 1688 ad
1279 1634 1565 1700 actionem,
1590 1633 1684 1689 sed
1712 1633 1870 1688 etiam
1900 1642 2159 1704 quantum

572 1730 637 1785 ad
668 1728 1067 1799 cogitationem,
1105 1727 1289 1796 procul
1333 1742 1362 1782 a
1407 1737 1458 1781 te
1501 1742 1805 1794 removens,
1840 1734 1898 1781 ut
1925 1725 2161 1782 animam

571 1830 715 1876 tuam
749 1823 815 1877 ab
843 1821 988 1876 omni
1029 1820 1287 1891 spurcitie
1316 1834 1499 1889 puram
1550 1820 1660 1874 Deo
1713 1819 1991 1875 exhibeas.
2043 1819 2159 1873 Non

2262 603 2547 660 virtutibus
2568 618 2846 681 assuesce,
2880 616 3079 673 easque
3109 605 3181 658 ita
3210 603 3330 658 cole
3368 611 3528 672 atque
3554 615 3771 673 exerce,
3795 610 3854 660 ut

2262 711 2446 754 earum
2478 698 2690 753 habitus
2718 697 2817 753 tibi
2845 707 3207 769 comparetur.
3239 696 3371 754 Nam
3394 697 3438 754 si
3468 696 3682 768 paulum
3705 697 3856 753 labo-

2263 793 2339 846 ris
2371 793 2421 847 in
2452 792 2581 862 ipsis
2611 794 2940 862 susceperis,
2993 804 3153 863 atque
3202 808 3384 849 earum
3442 790 3682 847 habitum
3731 806 3856 847 con-

2264 885 2512 952 traxeris,
2540 894 2748 955 postea,
2793 885 2905 943 Deo
2940 885 3184 957 juvante,
3228 886 3359 942 citra
3400 884 3639 943 laborem
3692 884 3856 941 ullum

2263 978 2534 1050 proﬁcies.
2585 979 2858 1049 Siquidem
2900 981 3115 1037 virtutis
3159 978 3369 1036 habitus
3411 978 3604 1035 animat
3644 978 3859 1045 insitus,

2263 1081 2450 1143 utpote
2473 1072 2771 1129 naturalem
2793 1089 2913 1129 cum
2930 1089 2995 1131 ea
3018 1076 3387 1143 cognationem
3411 1072 3636 1139 habens,
3658 1071 3861 1141 Deique

2262 1180 2366 1237 ope
2393 1167 2624 1237 adjutus,
2658 1166 2742 1222 vix
2770 1168 2989 1224 omnino
3029 1169 3378 1225 mutationem
3429 1167 3590 1224 ullam
3636 1165 3854 1237 recipit,

2264 1270 2426 1330 atque
2455 1261 2508 1317 in
2534 1262 2723 1333 primis
2753 1264 2938 1319 firmus
2963 1274 3065 1333 est,
3094 1263 3545 1335 quemadmodum
3568 1262 3719 1319 vides
3747 1259 3863 1318 for-

2266 1352 2549 1408 titudinem
2579 1362 2634 1410 et
2665 1354 3027 1425 prudentiam,
3068 1354 3581 1427 temperantiamque
3628 1354 3756 1410 item
3804 1365 3867 1409 ac

2262 1441 2555 1515 justitiam,
2602 1446 2689 1501 vix
2719 1445 2939 1502 omnino
2963 1447 3312 1502 mutationem
3345 1445 3507 1501 ullam
3552 1445 3862 1513 admittere,

2263 1548 2551 1608 propterea
2583 1539 2724 1608 quod
2756 1540 2949 1595 animas
2991 1538 3202 1595 habitus
3240 1548 3293 1595 et
3321 1539 3607 1611 qualitates
3653 1547 3710 1595 et
3736 1552 3868 1607 opes

2268 1631 2506 1687 rationes
2551 1632 2679 1699 sint,
2730 1647 2848 1689 eam
2899 1633 3113 1705 penitus
3154 1642 3517 1703 penetrantes.
3568 1630 3701 1687 Nam
3744 1648 3868 1690 cum

2265 1724 2381 1779 vitii
2408 1724 2740 1793 affectiones,
2770 1742 2888 1798 qua:
2917 1727 3070 1784 nobis
3089 1742 3195 1782 non
3222 1724 3512 1795 naturales,
3540 1725 3638 1781 sed
3666 1724 3869 1781 adven-

2268 1816 2399 1872 titite
2428 1828 2574 1886 sunt,
2620 1828 2963 1890 posteaquam
2994 1818 3063 1875 ad
3096 1816 3333 1875 habitum
3365 1820 3723 1889 pervenerint,
3774 1818 3865 1873 vix

570 1915 713 1970 enim
762 1914 1005 1969 actiones
1050 1913 1327 1979 duntaxat,
1369 1926 1552 1967 verum
1604 1911 1765 1967 etiam
1817 1909 2166 1981 cogitationes
2197 1907 2492 1969 Bomnino
2537 1911 2799 1968 dimoveri
2849 1913 3077 1983 possint,
3134 1911 3262 1983 quid
3297 1910 3477 1966 atferri
3504 1918 3705 1979 potest,
3738 1909 3867 1979 quin

572 2015 771 2062 nostra:
796 2006 936 2075 apud
968 2005 1131 2061 Deum
1165 2006 1217 2058 in
1250 2013 1530 2059 numerato
1550 2014 1697 2070 sunt,
1722 2018 2058 2075 coronasque
2076 2012 2169 2079 aut

502 2134 509 2137 -
570 2096 829 2167 supplicia
874 2096 1027 2150 nobis
1056 2096 1364 2151 conciliant.
1399 2095 1673 2163 Siquidem
1705 2096 1979 2151 Christum
2008 2098 2168 2154 simul

569 2207 688 2247 cum
721 2192 878 2246 Patre
909 2205 970 2245 ac
996 2190 1201 2261 Spiritu
1225 2198 1414 2245 sancto
1459 2191 1511 2245 in
1551 2191 1697 2261 puris
1727 2191 1979 2247 cordibus
2007 2191 2165 2248 habi-

570 2294 684 2349 tare
743 2293 1081 2355 perspectum
1134 2282 1413 2338 habemus.
1468 2284 1547 2339 Ac
1598 2299 1809 2340 rursum
1869 2284 1999 2340 illud
2059 2301 2165 2340 non

569 2376 896 2447 ignoramus,
930 2375 1069 2444 quod
1100 2374 1545 2444 quemadmodem
1571 2374 1748 2431 fumus
1774 2391 1902 2445 apes
1926 2418 1941 2440 ,
1975 2376 2166 2432 eodem

570 2468 730 2522 modo
776 2481 960 2532 pravae
988 2465 1338 2537 cogitationes
1366 2466 1530 2521 divini
1584 2466 1815 2524 Suiritus
1860 2468 2086 2539 gratiam
2135 2483 2167 2523 a

569 2564 723 2616 nobis
752 2559 1073 2630 propellunt.

640 2651 1007 2720 Quamobrem
1035 2663 1248 2705 summo
1269 2649 1445 2705 studio
1471 2650 1525 2707 in
1557 2650 1659 2707 hoc
1680 2651 1907 2719 enitere,
1933 2662 1990 2707 ut
2012 2667 2163 2708 omni

572 2746 762 2801 vitiosa
796 2743 1120 2816 cogitatione
1148 2758 1217 2800 ex
1251 2745 1432 2799 animo
1473 2754 1564 2799 tuo
1593 2745 1860 2799 exstincta
1889 2753 1943 2800 et
1965 2745 2163 2811 deleta,

571 2839 801 2909 optimas
821 2851 1060 2908 quasque
1080 2837 1430 2907 cogitationes
1453 2837 1505 2891 in
1525 2853 1587 2892 ea
1613 2838 1840 2904 inseras,
1874 2839 2164 2908 templum-

572 2947 677 3003 que
708 2930 937 2996 Spiritus
977 2929 1149 2986 sancti
1200 2930 1427 3001 teipsum
1474 2930 1698 2986 efﬁcias.
1751 2931 2025 3003 Siquidem
2074 2948 2167 3002 per

492 3044 497 3048 ·
574 3025 920 3097 cogitationes
947 3025 1012 3079 ad
1039 3024 1276 3080 actiones
1307 3023 1453 3095 ipsas
1474 3024 1757 3091 venimus;
1802 3037 1963 3095 atque
2004 3040 2167 3082 omne

575 3134 712 3191 opus
745 3135 776 3174 a
814 3119 1140 3190 cogitatione
1168 3118 1440 3188 animique
1474 3118 1767 3188 agitatione
1799 3118 2165 3190 progrediens,

573 3228 792 3285 parvum
814 3212 988 3283 primo
1015 3211 1224 3266 initium
1245 3210 1453 3280 arripit,
1486 3225 1549 3266 ac
1570 3209 1765 3267 deinde
1787 3210 1960 3265 tacitis
1985 3210 2164 3266 incre-

2269 2005 2463 2073 virtus,
2500 2020 2621 2076 qua:
2650 2015 2703 2061 et
2729 2005 3048 2061 naturaliter
3071 2005 3224 2061 nobis
3243 2021 3271 2060 a
3293 2018 3503 2059 sunnno
3520 2002 3618 2081 illo
3642 2011 3867 2072 parente

2269 2107 2322 2153 et
2353 2096 2610 2153 eﬁectore
2638 2098 2797 2153 insita
2825 2109 2928 2165 est,
2980 2096 3255 2167 ipsiusque
3297 2110 3399 2168 ope
3450 2104 3504 2150 et
3553 2093 3871 2165 adjumento

2269 2188 2475 2257 nititur,
2515 2188 2561 2245 si
2611 2189 2767 2244 nobis
2802 2188 3047 2246 nonnihil
3094 2187 3459 2243 laborantibus
3487 2200 3583 2255 per
3622 2183 3871 2241 habitum

2270 2284 2324 2339 in
2377 2286 2553 2341 anima
2599 2284 2806 2341 radices
2860 2284 3074 2356 egerit,
3140 2282 3308 2340 multo
3360 2282 3537 2338 minus
3596 2280 3873 2338 immutari

2269 2376 2464 2446 queat?

2339 2467 2469 2523 Car.
2510 2468 2707 2525 XX.—
2726 2467 2880 2527 Unde
2900 2478 3062 2525 etiam
3086 2470 3217 2526 mihi
3246 2470 3464 2541 quidam
3488 2470 3658 2539 ipsius
3689 2469 3873 2526 cultor

2269 2575 2383 2616 rem
2408 2561 2717 2632 hujusmodi
2743 2564 2982 2618 narravit
3010 2580 3024 2615 :
3056 2563 3212 2633 Ciam,
3263 2562 3457 2632 inquit,
3499 2562 3874 2619 firmissimum

2269 2656 2466 2712 divina:
2491 2658 2959 2727 contemplationis
2996 2656 3238 2713 habitum
3281 2655 3414 2712 mihi
3443 2669 3876 2727 comparassem,

2268 2750 2545 2820 ipsiusque
2573 2748 2923 2806 meditatione
2952 2751 3130 2805 anima
3159 2763 3279 2805 mea
3306 2749 3465 2805 tincta
3495 2759 3661 2817 esset,
3715 2748 3879 2819 hujus

2270 2845 2349 2900 rei
2394 2843 2686 2914 periculum
2733 2843 3021 2915 aliquando
3080 2844 3257 2901 facere
3312 2846 3577 2916 Cupiens,
3629 2855 3879 2901 mentem

2271 2953 2446 2995 meam
2477 2941 2549 2994 ita
2579 2938 2844 3005 continui,
2874 2948 2930 2993 ut
2954 2954 3074 2994 eam
3104 2954 3201 3010 pro
3229 2954 3329 2995 suo
3361 2954 3512 2995 more
3534 2936 3880 2995 meditationi

2271 3049 2395 3092 sese
2417 3034 2711 3105 adjungere
2738 3034 2959 3090 minime
2980 3033 3236 3090 sinerem.
3259 3034 3409 3102 Quod
3433 3032 3647 3104 quidem
3675 3031 3733 3087 id
3756 3048 3881 3090 eam

2274 3140 2518 3199 peraegre
2543 3113 2608 3183 ac
2638 3126 2965 3197 permoleste
2994 3126 3136 3182 ferre
3164 3124 3422 3194 intellexi,
3456 3136 3615 3197 atque
3656 3125 3725 3179 ad
3756 3139 3881 3182 eam

2271 3220 2529 3277 effrenata
2571 3219 2800 3291 quadam
2854 3217 3143 3289 cupiditate
3174 3232 3486 3289 properare,
3515 3235 3615 3273 nec
3644 3217 3715 3273 ad
3743 3231 3881 3273 con-

574 3307 768 3364 mentis
796 3321 1110 3379 augescens,
1142 3306 1330 3376 ingens
1366 3304 1432 3360 ad
1457 3313 1761 3361 extremum
1799 3305 2053 3361 efficitur.
2087 3305 2169 3361 0b

2276 3315 2496 3372 trariam
2545 3314 2707 3370 ullam
2739 3313 3116 3386 cogitationem
3140 3315 3249 3368 ullo
3270 3314 3432 3369 modo
3459 3313 3663 3369 inflecti
3688 3327 3879 3385 pOSse.

575 3416 801 3470 eamque
829 3414 1071 3469 causam,
1112 3399 1261 3454 nullo
1303 3398 1464 3454 modo
1519 3400 1772 3469 permitte
1824 3409 1883 3455 ut
1925 3399 2168 3469 improba

580 3492 912 3547 consuetudo
944 3492 1039 3547 tibi
1067 3491 1370 3546 dominetur
1396 3508 1410 3557 ;
1442 3504 1627 3547 verum
1649 3490 1823 3547 donec
1842 3504 2035 3547 recens
2064 3500 2165 3558 est,

577 3599 795 3655 parvam
828 3583 1064 3640 radicem
1088 3600 1119 3639 e
1149 3595 1368 3654 pectore
1391 3594 1483 3640 tuo
1502 3584 1707 3649 evelle;
1742 3600 1809 3641 ne
1829 3586 2024 3658 alioqui
2045 3601 2169 3642 cum

578 3677 873 3750 pullularit,
902 3692 964 3733 ac
1004 3677 1215 3734 radices
1256 3692 1383 3733 suas
1409 3677 1517 3734 alte
1552 3679 1816 3747 infixerit,
1848 3690 2033 3751 postea
2061 3696 2169 3737 non

578 3772 684 3829 nisi
716 3773 875 3843 longo
911 3780 1175 3841 tempore,
1207 3786 1271 3827 ac
1297 3786 1491 3842 magno
1514 3787 1635 3829 cum
1668 3772 1856 3829 labore
1884 3775 2169 3845 exstirpari

582 3869 774 3940 possit.
805 3868 885 3924 0h
931 3866 1170 3945 idbenim
1200 3866 1405 3937 majora
1437 3875 1653 3937 peccata
1693 3867 1930 3937 quotidie
1959 3868 2024 3923 ad
2071 3883 2172 3924 nos

579 3960 779 4016 aditum
822 3960 1041 4026 habent,
1089 3970 1247 4030 atque
1295 3960 1348 4015 in
1390 3961 1597 4015 animas
1626 3970 1840 4017 nostras
1884 3962 2171 4031 imperium

580 4051 847 4118 obtinent,
879 4049 1129 4121 quoniam
1160 4052 1226 4106 iis
1252 4066 1373 4123 quas
1401 4053 1607 4109 minora
1636 4067 1759 4110 esse
1790 4055 1954 4126 288
1988 4055 2175 4111 viden-

583 4155 690 4210 tur,
723 4144 827 4200 hoc
853 4152 938 4199 est
962 4143 1220 4213 improbis
1246 4144 1678 4216 cogitationibus,
1728 4146 2029 4204 inhonestis
2053 4164 2173 4205 ser-

586 4239 855 4300 monibus.
902 4238 1163 4308 malisque
1192 4238 1477 4309 colloquiis
1503 4249 1865 4297 consentanea
1910 4243 2177 4299 correctio

584 4331 805 4386 minime
833 4328 1136 4385 adhibetur.
1166 4328 1237 4384 Ut
1274 4330 1417 4385 enim
1464 4332 1517 4386 in
1549 4331 1863 4403 corporibus
1891 4334 1981 4404 qui
2013 4349 2173 4406 parva

584 4423 804 4479 vulnera
828 4423 1106 4494 negligunt
1130 4422 1336 4480 saniem
1370 4423 1683 4496 plerumque
1711 4440 1774 4481 ac
1803 4437 2029 4482 mortem
2075 4428 2176 4483 sibi

584 4516 713 4587 ipsis
738 4523 1044 4583 accersunt,
1076 4514 1144 4570 ad
1174 4515 1423 4571 eumdem
1466 4516 1682 4572 modum
1710 4516 1873 4573 etiam
1900 4516 1956 4573 in
1984 4518 2179 4574 animis

585 4608 688 4662 hoc
711 4622 809 4662 usu
839 4606 1003 4673 venit,
1058 4614 1115 4661 ut
1141 4607 1232 4673 qui
1281 4606 1503 4661 minima
1530 4608 1657 4661 vitia
1686 4620 1749 4663 ac
1778 4616 1994 4677 peccata
2023 4607 2177 4664 nihili

587 4698 850 4769 pendunt,
879 4711 1121 4767 graviora
1142 4697 1243 4753 sibi
1267 4697 1537 4753 invehant.
1562 4700 1838 4767 Quatenus
1856 4709 2034 4755 autem
2056 4716 2179 4771 gra-
2206 4690 2259 4752 D

586 4790 739 4845 viora
789 4798 1010 4860 peccata
1063 4790 1195 4860 ipsis
1246 4788 1581 4856 oboriuntur,
1630 4801 1907 4849 contracto
1958 4794 2175 4850 tandem

587 4883 775 4939 habitu
804 4884 980 4938 anima
1006 4883 1059 4938 in
1085 4891 1449 4953 contemptum
1480 4884 1643 4940 cadit.
1677 4884 1876 4956 Impius
1906 4888 2071 4948 enim.
2102 4888 2177 4944 in-

587 4978 703 5047 quit
728 4977 842 5044 ille,
873 4990 996 5032 cum
1018 4975 1072 5031 in
1096 4974 1415 5046 profundum
1439 4979 1665 5045 venerit,
1689 4981 1986 5036 contemnit
2011 4979 2177 5051 (Pro-

585 5076 721 5126 verb.
777 5071 917 5125 vni).
968 5070 1047 5126 Ac
1093 5068 1379 5139 deinceps,
1430 5078 1490 5125 ut
1534 5085 1626 5126 sus
1671 5071 1725 5126 itt
1764 5086 1922 5129 cteno
1950 5073 2180 5130 volutari

586 5166 782 5236 gaudet
810 5162 898 5237 (II
928 5162 1045 5220 Pet.
1079 5162 1162 5235 tt),
1194 5163 1273 5219 sic
1300 5164 1463 5219 etiam
1494 5165 1669 5220 anima
1699 5165 1789 5223 illa
1834 5181 2013 5238 prava:
2049 5182 2180 5224 con-

586 5258 853 5316 suetudini
902 5258 1174 5325 immersa,
1216 5273 1285 5314 ne
1314 5267 1656 5329 peccatorum
1687 5260 1904 5331 quidem
1955 5263 2178 5320 fetorem

586 5351 769 5417 sentit,
802 5364 989 5406 verum
1016 5350 1209 5421 potius
1258 5350 1391 5421 ipsis
1418 5352 1617 5421 gaudet
1643 5362 1698 5408 et
1725 5353 2044 5425 oblectatur,
2091 5356 2176 5411 vi-

588 5442 825 5512 tiumque
873 5442 1041 5499 instar
1086 5444 1209 5499 boni
1256 5444 1554 5516 cujuspiam
1605 5446 1907 5503 arctissime
1960 5447 2173 5505 retinet.

588 5540 764 5606 Atque
792 5545 852 5591 ut
896 5537 1058 5591 etiam
1097 5538 1407 5610 aliquando,
1449 5550 1663 5609 recepta
1714 5541 1922 5597 meliori
1972 5552 2173 5611 mente,

589 5628 856 5684 scelerum
896 5642 1117 5685 suorum
1158 5645 1319 5687 sensu
1362 5630 1652 5703 afﬁciatur,
1701 5650 1808 5691 non
1840 5644 2017 5691 tamen
2059 5639 2177 5695 sine

592 5736 787 5791 magno
816 5722 1001 5780 labore
1028 5739 1093 5781 ac
1122 5726 1318 5781 sudore
1347 5742 1377 5781 a
1426 5741 1587 5799 prava
1632 5730 2040 5800 consuetudine,
2092 5732 2178 5789 cui

588 5815 731 5871 ultro
773 5832 835 5872 ac
879 5825 1071 5887 sponte
1108 5833 1167 5874 se
1197 5818 1249 5873 in
1288 5822 1598 5877 servitutem
1631 5824 1858 5893 addixit,
1902 5824 2174 5882 liberatur.

660 5908 923 5976 Quocirca
939 5909 1190 5968 omnibus
1209 5911 1412 5968 viribus
1437 5914 1505 5971 ab
1527 5916 1674 5971 omni
1697 5917 1836 5973 mala
1855 5917 2180 5989 cogitatione

2275 3413 2347 3467 At
2371 3424 2494 3464 cum
2526 3408 2765 3465 habenas
2823 3409 2922 3478 ipsi
2960 3406 3205 3463 nonnihil
3256 3405 3647 3477 permisissem,
3692 3405 3880 3460 atatim

2275 3502 2343 3557 ad
2374 3501 2610 3558 studium
2635 3514 2792 3556 suum
2819 3508 2874 3555 et
2913 3513 3131 3571 operam
3161 3498 3445 3555 celerrimo
3473 3512 3631 3555 cursu
3656 3497 3881 3554 fereba-

2277 3602 2396 3658 tur;
2442 3594 2801 3662 exstabatque
2829 3590 2882 3646 id
2913 3590 3054 3662 quod
3085 3590 3160 3645 ait
3187 3590 3453 3663 Propheta
3479 3607 3493 3644 :
3517 3589 3881 3659 Quemadmo-

2275 3682 2403 3738 dum
2428 3683 2701 3738 desiderat
2720 3696 2914 3738 cervus
2943 3679 3009 3735 ad
3033 3678 3210 3735 fontes
3234 3694 3518 3749 aquarum,
3562 3678 3635 3734 ita
3662 3678 3880 3735 deside-

2276 3783 2359 3829 rat
2410 3774 2587 3829 anima
2643 3787 2760 3828 mea
2808 3770 2876 3827 ad
2925 3781 2997 3837 te,
3050 3769 3212 3826 Deus.
3245 3770 3428 3827 Sitivit
3455 3770 3633 3828 anima
3658 3785 3783 3826 mea
3812 3768 3881 3829 ad

2276 3866 2445 3922 Deum
2463 3866 2664 3922 fontem
2683 3862 3051 3935 vivum,(Psaf.
3081 3866 3214 3933 xu).
3239 3862 3317 3918 Ex
3346 3862 3427 3918 his
3448 3863 3605 3935 igitur
3623 3862 3881 3918 omnibus

2276 3959 2705 4017 demonstratum
2734 3968 2817 4015 est
2846 3960 2899 4012 in
2931 3956 3085 4013 nobis
3112 3957 3215 4013 hoc
3243 3959 3406 4013 situm
3434 3973 3575 4027 esse,
3614 3966 3675 4015 ut
3704 3960 3882 4015 virtu-

2276 4062 2388 4110 tem
2432 4052 2824 4124 adipiscamur;
2874 4052 3033 4124 idque
3063 4050 3233 4107 nostri
3264 4050 3470 4106 arbitrii
3501 4065 3564 4107 ac
3592 4052 3881 4123 potestatis

2278 4166 2424 4219 esse,
2453 4165 2644 4208 eamne
2672 4149 2943 4221 amplecti,
2973 4163 3041 4204 an
3065 4156 3254 4204 contra
3284 4156 3565 4219 peccatum
3594 4147 3702 4217 ipsi
3725 4156 3879 4203 ante-

2278 4242 2421 4301 ferre
2448 4244 2697 4299 velimus.
2752 4243 2823 4299 Et
2865 4242 3081 4311 quidem
3113 4241 3148 4297 ii
3192 4242 3281 4312 qui
3312 4241 3442 4298 vitio
3480 4242 3534 4297 in
3563 4242 3883 4299 servitutem

2280 4348 2341 4390 se
2365 4334 2713 4399 addixerunt,
2752 4349 2893 4405 aegre
2928 4334 2998 4390 ab
3022 4348 3090 4390 eo
3130 4333 3368 4389 abstrahi
3400 4343 3663 4405 possunt,
3691 4350 3881 4407 quem-

2280 4413 2567 4484 admodum
2598 4444 2629 4483 a
2656 4441 2743 4484 me
2772 4428 3017 4498 superius
3040 4426 3242 4483 dictum
3269 4436 3371 4482 est.

2350 4519 2429 4574 Tu
2472 4534 2621 4588 vero,
2666 4519 2757 4591 qui
2798 4534 2895 4591 per
2930 4519 3133 4577 viscera
3165 4518 3551 4577 misericordiae
3579 4519 3676 4576 Dei
3706 4522 3880 4579 nostri

2282 4633 2349 4676 eo
2376 4618 2630 4674 liberatus
2658 4632 2739 4688 es,
2772 4632 2836 4675 ac
2864 4632 2962 4690 per
2990 4618 3223 4689 Spiritus
3254 4617 3421 4674 divini
3445 4619 3676 4689 gratiam
3722 4618 3882 4675 Chri-

2285 4718 2428 4766 stum
2458 4709 2699 4779 induisti,
2731 4710 2817 4765 fac
2844 4718 2895 4766 te
2924 4719 3094 4766 totum
3144 4709 3211 4767 ad
3244 4710 3530 4767 Dominum
3563 4711 3882 4783 transferas,

2286 4819 2387 4861 nec
2418 4804 2622 4861 vitiosis
2651 4802 3023 4861 affectionibus
3049 4805 3270 4876 januam
3314 4805 3424 4862 ullo
3452 4805 3615 4863 modo
3642 4807 3881 4877 aperias,

2286 4912 2471 4955 verum
2512 4896 2744 4954 animam
2778 4907 2920 4953 tuam
2961 4897 3111 4953 suavi
3140 4897 3393 4954 virtutum
3421 4898 3588 4955 odore
3612 4914 3678 4955 ac
3702 4900 3883 4971 splen-

2287 4992 2419 5048 dore
2456 5002 2788 5063 coornatam,
2819 5000 3018 5048 sancta
3065 4991 3345 5049 Trinitatis
3373 4993 3630 5065 templum
3658 4993 3881 5065 reddas,

2285 5095 2446 5157 atque
2486 5087 2540 5143 in
2588 5085 2756 5157 ipsius
2807 5085 3260 5157 contemplatione
3302 5100 3492 5143 omnes
3530 5087 3731 5143 mentis
3779 5096 3884 5144 tua

2286 5180 2566 5237 facultates
2591 5195 2848 5251 occupes.
2873 5179 3005 5237 Nam
3033 5195 3156 5236 cum
3177 5179 3223 5236 is
3244 5181 3333 5252 qui
3359 5196 3482 5238 cum
3513 5192 3730 5239 terreno
3758 5196 3886 5254 rege

2284 5272 2429 5344 degit
2460 5282 2620 5344 atque
2663 5274 2988 5344 colloquitur
3017 5273 3207 5331 beatus
3245 5272 3314 5330 ab
3337 5273 3591 5331 omnibus
3621 5275 3884 5347 praedice-

2285 5373 2373 5419 tur
2400 5379 2509 5420 non
2535 5375 2617 5420 est
2647 5365 2865 5421 dubium
2894 5366 3023 5436 quin
3052 5366 3097 5421 is
3128 5367 3216 5422 cui
3242 5366 3426 5424 divino
3461 5366 3732 5424 beneﬁcio
3756 5384 3886 5426 con-

2284 5454 2406 5526 tigit
2434 5462 2493 5509 ut
2518 5465 2698 5511 mente
2724 5471 2844 5511 cum
2875 5456 2987 5513 Deo
3015 5456 3370 5529 colloquatur,
3402 5460 3882 5515 consuetudinem-

2282 5562 2386 5617 que
2406 5562 2525 5602 cum
2548 5562 2613 5603 eo
2636 5546 2852 5619 habeat,
2883 5549 3029 5604 omni
3058 5548 3391 5608 beatitudine
3404 5552 3730 5608 cttmuletur.
3751 5552 3881 5622 Quae

2288 5656 2408 5696 cum
2458 5641 2530 5696 ita
2570 5640 2699 5709 sint,
2730 5656 2852 5697 eum
2881 5656 3097 5714 semper
3138 5644 3209 5699 ob
3246 5647 3432 5702 oculos
3472 5646 3567 5704 tibi
3617 5662 3881 5719 propone,

2287 5743 2445 5803 atque
2485 5750 2608 5791 cum
2657 5738 2774 5805 ipso
2819 5736 3150 5809 colloquere.
3193 5741 3431 5809 Quanam
3462 5752 3640 5799 autem
3671 5743 3884 5799 ratione

2288 5841 2409 5883 cum
2442 5827 2551 5881 Deo
2582 5827 2942 5897 colloqueris?
2978 5830 3237 5886 Nimirum
3272 5846 3365 5902 per
3384 5834 3681 5889 orationem
3705 5843 3757 5888 et
3782 5834 3878 5888 ob-

2286 5923 2641 5980 secratiouem
2663 5919 2731 5978 ad
2748 5919 2919 5978 Deum
2941 5925 3400 5997 appropinquans.
3420 5924 3553 5982 Nam
3574 5928 3663 5999 qui
3689 5925 3882 5984 arden-
