4158 6354
295 442 386 499 521

740 440 902 500 νιτΑ
939 439 1360 499 saucroauu
1402 433 1730 496 eanmau
1773 421 2102 492 saeuum
2142 436 2229 492 ET
2267 419 2617 494 JOSAPHAT
2658 433 2864 492 INDle
2902 432 3122 491 REGIS.

3458 437 3564 492 522

291 561 493 618 tlssimo
519 561 790 618 desiderio
811 576 874 620 ac
906 571 1129 634 purgato
1169 570 1384 632 pectore
1411 568 1548 626 orat,
1600 568 1759 626 atque
1803 556 1870 612 ab
1899 557 1951 619 Α
1975 555 2160 626 sicque
2203 556 2483 611 Dominum
2513 557 2682 612 'suum
2729 555 2960 622 invocat,
3015 554 3323 622 sceleraque
3368 569 3465 610 sua
3509 558 3567 612 in

287 654 533 711 omnibus
561 653 724 709 rebus
750 669 815 709 ex
855 654 1078 712 materia
1105 653 1369 710 concretis
1398 661 1452 708 et
1499 650 1728 706 terrenis
1772 648 1867 702 ab-

284 743 436 801 ducta
465 753 665 810 mente,
692 757 942 815 tanquam
965 761 1147 801 coram
1179 745 1288 800 Deo
1314 753 1471 810 astat,
1495 759 1556 797 ac
1577 758 1698 797 cum
1721 750 1868 798 metu

284 843 335 890 et
363 844 595 892 tremore
624 851 812 907 preces
837 837 904 892 ad
933 853 1054 893 eum
1084 837 1323 904 adhibet,
1356 837 1443 891 hic
1472 836 1720 891 nimirum
1743 849 1865 891 cum

285 941 346 982 eo
367 928 807 984 consuetudinem
833 928 1017 997 habet,
1060 929 1303 1000 facieque
1331 930 1399 986 ad
1429 928 1622 986 faciem
1649 944 1771 986 cum
1800 944 1867 986 eo

283 1015 617 1088 colloquitur.

352 1107 628 1180 Siquidem
659 1109 832 1166 bonus
861 1118 1044 1166 noster
1093 1109 1233 1167 Deus
1272 1125 1336 1167 ac
1385 1107 1640 1167 Dominus
1671 1109 1866 1181 ubique

279 1200 445 1266 adest,
472 1218 568 1258 eos
587 1203 676 1274 qui
699 1204 911 1260 sincero
933 1220 996 1262 ac
1019 1221 1150 1276 puro
1175 1206 1356 1260 animo
1382 1208 1554 1274 ipsum
1581 1214 1867 1270 precantur

277 1296 588 1365 exaudiens,
615 1297 1064 1368 quemadmodum
1089 1299 1164 1354 ait
1194 1299 1463 1368 Propheta
1510 1315 1524 1352 :
1571 1297 1723 1353 Oculi
1757 1298 1864 1352 Do-

277 1388 401 1444 mini
433 1404 595 1458 super
633 1391 824 1459 jUSlOS,
877 1399 932 1448 et
978 1407 1138 1448 aures
1176 1391 1292 1462 ejus
1341 1393 1394 1447 in
1446 1406 1634 1462 preces
1679 1407 1864 1447 eorum

279 1479 441 1554 (Paul.
477 1487 689 1555 χχχιιι).
744 1485 860 1553 Quo
904 1486 966 1540 fit
1014 1496 1071 1541 ut
1116 1486 1302 1542 Patres
1332 1485 1562 1542 hominis
1606 1501 1727 1541 cum
1756 1485 1867 1541 Deo

277 1573 707 1645 conjunctionem
732 1578 1029 1633 orationem
1063 1593 1184 1634 esse
1213 1578 1497 1645 deliniant,
1520 1592 1745 1645 eamque
1770 1592 1866 1631 an-

275 1669 512 1739 gelorum
545 1685 680 1740 opus
703 1687 764 1725 ac
787 1671 980 1727 futura:
1007 1671 1203 1726 laetitiae
1231 1671 1546 1741 prmludium
1568 1669 1862 1740 appellent.

275 1758 544 1831 Siquidem
578 1763 630 1818 in
660 1762 759 1819 hoc
781 1765 960 1835 potius
980 1781 1139 1836 quam
1163 1765 1213 1820 in
1237 1765 1358 1821 ullis
1378 1764 1496 1819 aliis
1517 1764 1681 1820 rebus
1701 1764 1862 1818 situm

276 1865 398 1909 esse
441 1854 700 1910 caelorum
748 1871 971 1928 regnum
1021 1867 1265 1924 censent,
1303 1867 1360 1911 ut
1388 1857 1506 1928 quis
1533 1856 1600 1909 ad
1623 1863 1861 1910 sanctam

1973 649 2283 702 memoriam
2336 657 2570 714 revocat,
2625 662 2688 702 ac
2726 648 2795 702 de
2842 662 3027 702 eorum
3082 646 3398 702 remissione
3438 662 3562 702 cum

1971 737 2082 794 Deo
2119 738 2464 809 colloquitur,
2496 737 2978 807 calentissimisque
3009 736 3262 809 lacryiuis
3309 752 3432 793 eum
3460 741 3564 793 ob-

1969 841 2165 898 secrat,
2207 841 2263 886 ut
2301 845 2398 901 pro
2443 845 2538 886 sua
2577 830 2901 900 benignitate
2931 829 3214 898 propitium
3257 844 3321 884 ac
3353 829 3564 885 facilem

1969 939 2027 980 se
2052 924 2152 995 ipsi
2186 925 2440 994 praebeat,
2477 940 2539 979 ex
2585 924 2886 994 hujusmodi
2919 938 3228 980 sermonum
3258 931 3314 979 et
3351 925 3560 995 cogita-

1971 1017 2174 1073 tionum
2200 1034 2298 1074 usu
2329 1027 2383 1074 et
2413 1018 2804 1074 consuetudine
2837 1019 2937 1073 hoc
2962 1017 3326 1088 consequitur,
3360 1028 3417 1073 ut
3446 1034 3563 1074 om-

1969 1127 2093 1168 nem
2128 1113 2347 1182 hujusce
2372 1115 2494 1169 vitae
2521 1128 2702 1168 curam
2735 1113 2986 1182 deponat,
3017 1121 3179 1182 atque
3207 1113 3454 1168 humanis
3485 1113 3563 1167 af-

1968 1203 2289 1262 fectionibus
2310 1208 2557 1278 superior
2578 1208 2792 1272 existat,
2835 1207 3131 1278 dignusque
3180 1208 3441 1263 habeatur
3469 1207 3567 1279 qui

1972 1302 2064 1357 Dei
2096 1316 2358 1373 congerro
2390 1303 2706 1374 appelletur.
2743 1302 2859 1370 Quo
2890 1301 3014 1372 quid
3045 1302 3253 1358 beatius
3278 1312 3368 1355 aut
3396 1301 3564 1356 subli-

1970 1394 2107 1450 mius
2136 1394 2447 1463 contingere
2479 1395 2687 1463 possit?
2719 1393 2928 1451 Utinam
2962 1393 3142 1465 itaque
3173 1395 3266 1451 Dei
3297 1393 3564 1450 beneficio

1968 1487 2308 1543 beatitudinis
2339 1487 2561 1557 hujusce
2592 1502 2812 1556 compos
2838 1486 2960 1541 fias!
3368 1540 3386 1550 ,
3569 1555 3573 1559 ι

2042 1580 2183 1636 Ecce
2205 1595 2349 1634 enim
2380 1579 2750 1634 mandatorum
2774 1578 2986 1634 Domini
3017 1577 3153 1632 viam
3207 1576 3298 1632 tibi
3331 1577 3560 1633 demon—

1967 1671 2155 1739 stravi,
2197 1685 2294 1727 nec
2335 1671 2622 1742 quidquam
2670 1672 2934 1736 subtraxi,
2964 1670 3251 1741 quominus
3281 1684 3440 1724 omne
3468 1669 3565 1725 Dei

1967 1764 2250 1820 consilium
2282 1765 2376 1820 tibi
2408 1774 2804 1821 annunttarem.
2841 1768 2914 1820 Ac
2931 1765 3042 1834 jam
3076 1764 3293 1834 quidem
3325 1780 3423 1833 ego
3455 1764 3556 1839 tui-

1969 1858 2244 1912 nisterium
2276 1872 2452 1912 meum
2483 1856 2692 1913 absolvi
2723 1857 2860 1926 (Act.
2889 1857 3002 1928 xx).
3038 1857 3314 1926 Superest,
3358 1865 3414 1909 ut
3441 1870 3562 1910 suc-

275 1939 589 2000 Trinitatem
651 1947 1044 2017 appropinquet
1065 1988 1082 2013 ,
1165 1962 1396 2017 eamque
1450 1945 1862 2015 contempletur.
1897 1950 1945 2011 Β
1973 1951 2161 2007 cinctis
2191 1951 2387 2006 lumbis
2429 1951 2622 2007 mentis
2656 1959 2781 2016 tum,
2814 1950 2984 2006 instar
3015 1952 3184 2006 sancti
3215 1951 3357 2005 illius
3387 1948 3477 2020 qui
3510 1958 3562 2004 te

274 2037 440 2105 Quam
465 2038 676 2108 quidem
708 2039 774 2095 ad
808 2056 922 2096 rem
952 2055 1073 2097 cum
1102 2040 1356 2112 precandi
1397 2040 1684 2096 assiduitas
1705 2055 1858 2096 men-

276 2141 379 2186 tem
411 2131 557 2188 velut
589 2148 746 2187 manu
779 2132 956 2201 ducat,
1001 2150 1106 2188 non
1136 2134 1231 2189 abs
1263 2150 1322 2189 re
1344 2133 1690 2188 beatitudinis
1721 2132 1862 2188 illius

276 2225 590 2296 praeludium
637 2241 700 2281 ac
749 2227 894 2283 velut
941 2227 1146 2297 effigies
1192 2228 1434 2298 quaedam
1467 2227 1730 2299 appellata
1758 2236 1860 2283 est.

275 2321 438 2393 289
464 2321 662 2376 Verum
697 2336 800 2377 non
834 2323 1008 2378 omnis
1037 2322 1213 2378 oratio
1237 2322 1500 2392 ejusmodi
1533 2330 1649 2387 est;
1683 2321 1778 2377 sed
1801 2337 1862 2378 ea

274 2411 488 2467 demum
512 2412 612 2466 hoc
645 2413 860 2468 nomine
891 2413 1249 2481 nuncupanda
1275 2422 1380 2478 est,
1405 2427 1524 2482 qua:
1554 2411 1742 2478 Deum,
1772 2411 1862 2482 qui

274 2503 531 2561 orationis
576 2505 854 2560 materiam
903 2505 1248 2574 suppeditat,
1302 2505 1614 2574 magistrum
1668 2504 1859 2572 habet,

274 2613 498 2672 quaeque
537 2614 699 2669 supra
731 2609 940 2654 terrena
988 2598 1167 2654 omnia
1217 2597 1490 2667 assurgit,
1533 2607 1693 2668 atque
1740 2613 1861 2653 cum

275 2693 498 2750 Domino
525 2693 740 2749 Christo
766 2694 884 2749 siue
905 2692 1008 2748 ulla
1041 2693 1355 2748 intermedia
1385 2706 1444 2746 re
1466 2701 1726 2746 versatur.

344 2792 493 2848 Hanc
513 2791 668 2847 velim
698 2789 789 2845 tibi
811 2789 1076 2860 acquiras,
1106 2798 1263 2859 atque
1294 2788 1345 2841 in
1376 2802 1439 2842 ea
1471 2786 1692 2854 provehi
1718 2801 1852 2842 eon-

275 2887 485 2946 tendas.
510 2885 718 2941 Etenim
744 2884 861 2955 ipsa
890 2884 1028 2939 hanc
1057 2883 1161 2938 vim
1194 2884 1372 2950 habet,
1407 2891 1466 2936 ut
1497 2889 1552 2938 te
1578 2898 1605 2936 a
1639 2891 1777 2937 terra
1809 2881 1860 2935 in

275 2982 441 3039 caelos
497 2979 795 3036 subvehere
835 2980 1020 3048 possit.
1065 2979 1332 3034 Caeterum
1376 2993 1481 3032 non
1535 2987 1758 3044 temere,
1799 2992 1865 3033 ac

274 3091 391 3133 sine
422 3077 528 3131 ulla
561 3075 952 3144 prmparatione
973 3074 1024 3128 in
1054 3073 1169 3143 ipsa
1200 3087 1516 3144 progressus
1546 3073 1743 3139 facies;
1773 3089 1862 3129 ve-

276 3184 393 3226 rum
422 3170 496 3224 ita
526 3170 764 3235 demum,
796 3168 839 3225 si
865 3169 1099 3224 animam
1126 3177 1267 3222 tuam
1296 3168 1362 3222 ab
1386 3168 1632 3223 omnibus
1654 3169 1876 3247 VlliOslS.

279 3264 651 3321 all'ectionibus
681 3264 829 3334 prius
859 3264 1187 3335 repurgaris,
1235 3277 1460 3333 eamque
1488 3262 1556 3317 ab
1585 3263 1730 3318 omni
1763 3263 1863 3316 im-

1973 2045 2207 2114 vocavit,
2252 2044 2364 2114 ipse
2391 2059 2603 2115 quoque
2632 2043 2684 2098 in
2717 2044 2861 2098 omni
2889 2045 3012 2098 vitae
3046 2053 3148 2098 tum
3186 2046 3390 2096 ratione
3437 2055 3560 2096 san-

1968 2147 2112 2194 ctum
2143 2148 2193 2194 te
2223 2138 2484 2208 praebeas.
2531 2137 2714 2192 Sancti
2746 2138 2892 2193 enim
2925 2147 3117 2200 estote,
3164 2136 3415 2205 quoniam
3461 2150 3562 2203 ego

1969 2239 2187 2288 sanctus
2215 2245 2356 2297 sum,
2380 2231 2511 2285 dicit
2535 2230 2791 2285 Dominus
2816 2229 2999 2300 (Leuit.
3033 2228 3167 2298 xix).
3195 2230 3369 2296 Atque
3395 2227 3559 2282 etiam

1967 2326 2334 2396 apostolorum
2381 2327 2627 2394 princeps
2661 2325 2728 2378 ad
2771 2324 2910 2379 hunc
2957 2323 3171 2378 modum
3201 2320 3470 2392 loquitur:
3502 2320 3559 2376 Si

1966 2419 2183 2475 Patrem
2237 2418 2496 2473 invocatis
2541 2432 2661 2472 eum
2703 2416 2793 2486 qui
2829 2417 2946 2471 sine
2982 2429 3325 2485 personarum
3372 2427 3560 2483 accep-

1968 2513 2115 2569 tione
2140 2513 2434 2568 secundum
2465 2510 2726 2582 cujusque
2755 2526 2890 2582 opus
2914 2511 3141 2581 judicat,
3176 2511 3227 2564 in
3261 2509 3451 2563 timore
3476 2509 3560 2562 in-

1966 2607 2170 2660 colatus
2197 2605 2364 2661 vestri
2417 2615 2657 2676 tempore
2696 2603 3109 2668 conversamini,
3160 2605 3388 2659 scientes
3426 2617 3558 2672 quo-
3646 2673 3652 2678 _

1968 2697 2110 2752 uiam
2141 2713 2247 2753 non
2293 2697 2729 2768 corruptibilibus
2771 2713 2901 2754 auro
2945 2706 3000 2753 et
3036 2706 3260 2767 argento
3335 2695 3550 2751 liberati

1965 2789 2096 2845 estis
2127 2789 2196 2843 de
2213 2804 2344 2843 vana
2376 2800 2550 2845 vestra
2584 2792 2993 2846 conversatione
3019 2801 3360 2859 paternarum
3394 2791 3558 2843 tradi-

1971 2883 2198 2948 tionum,
2243 2881 2336 2938 sed
2360 2883 2598 2953 pretioso
2628 2884 2887 2955 sanguine
2917 2887 3067 2952 quasi
3096 2882 3220 2955 agni
3242 2883 3558 2939 incontami-

1968 2977 2075 3045 nati
2094 2985 2146 3031 et
2174 2976 2495 3032 immaculati
2522 2977 2647 3033 Jesu
2677 2977 2874 3032 ChriSIi
2921 2976 2975 3047 (I
3009 2975 3124 3034 Pet.
3157 2977 3220 3048 ι).

2040 3069 2166 3124 Haec
2195 3070 2353 3138 igitur
2381 3070 2562 3124 omnia
2600 3071 2652 3124 in
2680 3080 2857 3125 mente
2883 3070 3100 3126 condita
3128 3071 3244 3125 sine
3273 3071 3376 3125 ulla
3398 3070 3560 3124 interc

1969 3159 2228 3214 missione
2259 3160 2566 3224 recordare,
2602 3160 2700 3215 Dei
2725 3175 2924 3216 metum
2957 3170 3011 3214 et
3039 3159 3362 3215 horrendum
3396 3160 3560 3227 ipsius

1971 3251 2229 3313 tribunal,
2281 3263 2334 3307 et
2382 3253 2721 3322 splendorem
2767 3269 2887 3308 eum
2917 3269 3074 3324 quem
3111 3253 3242 3323 justi
3287 3254 3337 3307 in
3387 3251 3561 3306 futuro

280 3358 438 3430 proba
468 3357 792 3429 cogitatione
820 3333 1114 3422 detersam,
1139 3356 1254 3426 puri
1281 3354 1558 3426 cujusdam
1587 3370 1649 3410 ac
1672 3369 1860 3411 recens
1889 3333 1938 3399 (ἶ
1968 3357 2083 3396 3W0
2122 3344 2394 3413 θεεεριωὶ
2426 3353 2570 3408 sum.
2603 3360 2665 3401 ac
2684 3354 2869 3400 conll‘a
2903 3351 3244 3413 peccatorum
3268 3343 3320 3398 in
3351 3345 3561 3398 teterri-

279 3451 509 3510 abstersi
535 3451 736 3521 speculi
768 3451 937 3506 instar
977 3450 1241 3516 effeceris,
1277 3457 1332 3506 et
1359 3451 1427 3505 ab
1470 3450 1614 3505 omni
1646 3449 1866 3520 injuria-

278 3560 397 3604 rum
433 3547 804 3603 recordatione
834 3558 992 3618 atque
1021 3548 1099 3602 ira
1139 3545 1282 3618 (qua:
1307 3545 1498 3615 majori
1527 3561 1688 3617 quam
1735 3546 1866 3603 reli-

278 3656 377 3712 qua
414 3640 597 3697 omnia
627 3640 1011 3710 impedimento
1047 3649 1128 3696 est
1154 3657 1261 3712 quo
1309 3642 1484 3696 minus
1524 3657 1711 3711 preces
1767 3657 1864 3697 no-

279 3742 405 3791 strae
428 3735 496 3788 ad
529 3733 697 3788 Deum
727 3733 981 3789 sublimes
1011 3734 1272 3802 ferantur)
1306 3733 1533 3805 teipsum
1566 3733 1750 3804 procul
1779 3750 1867 3790 re-

280 3829 536 3896 moveris,
582 3827 891 3900 cunctisque
920 3828 1010 3898 qui
1047 3836 1098 3882 te
1127 3827 1386 3896 laeserint,
1420 3827 1770 3882 offensionem
1802 3841 1870 3882 ex

282 3925 463 3976 animo
494 3921 790 3986 remiseris,
812 3928 971 3990 atque
993 3935 1088 3990 per
1107 3919 1480 3991 eleemosynas
1501 3928 1554 3975 et
1574 3934 1866 3990 pauperum

283 4014 680 4082 miserationes,
713 4013 943 4069 orationi
966 4014 1109 4068 velut
1130 4028 1331 4082 pennas
1357 4014 1614 4084 quasdam
1637 4015 1868 4083 additas,

280 4119 397 4162 eam
429 4105 544 4160 Deo
570 4121 691 4160 cum
720 4105 1014 4162 calentibus
1044 4105 1296 4177 lacrymis
1319 4107 1598 4162 obtuleris.
1624 4107 1701 4162 Ad
1730 4107 1873 4163 hunc

281 4201 478 4272 quippe
508 4201 722 4255 modum
748 4215 932 4268 orans,
966 4201 1154 4255 iisdem
1184 4202 1363 4257 verbis
1390 4202 1462 4256 uti
1496 4204 1718 4272 poteris,
1755 4205 1874 4275 qui-

281 4293 381 4350 bus
412 4293 599 4348 beatus
636 4293 726 4349 ille
756 4291 947 4360 David,
972 4295 1060 4363 qui
1093 4310 1186 4351 rex
1217 4304 1354 4367 erat,
1385 4311 1447 4352 ac
1475 4299 1748 4354 sexcentis
1775 4313 1870 4353 cu-

280 4389 358 4444 ris
394 4385 816 4453 distrahebatur,
870 4386 1144 4458 nihiloque
1187 4389 1363 4445 secius
1413 4401 1591 4446 tamen
1640 4391 1875 4448 animam

279 4495 437 4535 suam
467 4495 498 4534 a
523 4478 732 4534 vitiosis
760 4478 1127 4535 affectionibus
1149 4489 1586 4550 perpurgaverat,
1615 4481 1680 4537 ad
1705 4482 1874 4538 Deum

280 4572 558 4637 utebatur,
590 4571 813 4626 dicens:
848 4570 1182 4641 lniquitatem
1214 4571 1340 4626 odio
1370 4570 1550 4641 habui,
1585 4582 1637 4628 et
1668 4573 1874 4628 abomi-

281 4678 446 4722 natus
473 4680 614 4728 sum,
659 4665 830 4735 legem
859 4673 1034 4720 autem
1067 4672 1212 4718 tuam
1245 4665 1424 4720 dilexi.
1466 4665 1676 4736 Septies
1709 4669 1759 4723 in
1785 4667 1872 4723 die

1972 3437 2074 3490 mis
2105 3438 2341 3493 tenebris
2369 3453 2690 3502 maerorem;
2722 3441 3068 3510 praesentium
3103 3441 3229 3495 item
3261 3454 3441 3495 rerum
3469 3439 3563 3494 im-

1977 3529 2323 3586 becillitatcm
2353 3540 2409 3586 et
2441 3533 2754 3598 vanitatem,
2785 3548 2847 3587 ac
2884 3531 3185 3587 futurorum
3208 3534 3564 3588 aeternitatem

1972 3639 2186 3695 semper
2229 3626 2299 3680 ob
2327 3627 2513 3681 oculos
2561 3626 2792 3682 habens:
2829 3626 3062 3696 illudque
3097 3637 3377 3696 praeterea,
3425 3629 3564 3682 quod

1977 3726 2157 3780 omnis
2184 3741 2312 3780 caro
2346 3725 2453 3781 feni
2486 3726 2654 3780 instar
2679 3735 2785 3791 est,
2819 3733 2874 3781 et
2908 3726 3083 3780 omnis
3108 3726 3274 3796 gloria
3307 3727 3422 3793 ejus
3451 3734 3564 3779 tan-

1973 3838 2131 3894 quam
2176 3823 2276 3878 ﬂos
2323 3822 2454 3878 feni.
2492 3822 2830 3878 Exsiccatutn
2870 3829 2958 3878 est
2993 3822 3192 3888 fenum,
3235 3829 3290 3875 et
3329 3821 3425 3875 llos
3452 3820 3567 3889 ejus

1974 3915 2187 3971 decidit.
2231 3915 2465 3972 Verbqu
2513 3928 2690 3972 autem
2743 3916 2950 3973 Domini
2992 3924 3172 3972 manet
3211 3915 3264 3970 in
3307 3923 3565 3969 :eternum

1976 4007 2112 4080 (Isa.
2142 4007 2252 4077 xc).
2293 4007 2418 4063 limo
2448 4021 2663 4077 semper
2701 4007 2957 4064 meditare
2990 4005 3042 4078 (I
3068 4006 3206 4060 Tim.
3239 4007 3349 4078 1v);
3390 4015 3444 4062 et
3467 4023 3566 4077 pax

1977 4100 2071 4156 Dei
2115 4109 2289 4156 tecum
2337 4102 2406 4155 sit
2438 4099 2662 4170 (Philip.
2701 4100 2799 4170 ιν),
2832 4115 2950 4170 qua:
2982 4109 3033 4154 te
3060 4100 3341 4164 illumiuet,
3393 4109 3448 4154 et
3487 4115 3568 4154 sa-

1977 4196 2175 4265 pientia
2206 4197 2454 4261 instruat,
2483 4203 2538 4251 et
2563 4195 2628 4248 ad
2654 4194 2844 4249 salutis
2871 4193 3010 4248 viam
3033 4193 3215 4262 ducat,
3241 4193 3569 4262 improbam-

1976 4305 2079 4361 que
2111 4289 2441 4345 voluntatem
2483 4290 2664 4359 procul
2708 4305 2736 4343 a
2780 4297 2867 4343 tua
2894 4298 3072 4344 mente
3110 4289 3364 4358 depellat,
3407 4298 3567 4357 atque

1977 4383 2210 4438 animam
2244 4394 2385 4437 tuam
2417 4382 2595 4438 crucis
2623 4382 2774 4450 signo
2818 4382 3110 4448 imprimat,
3153 4397 3222 4438 ne
3250 4383 3416 4436 ullum
3447 4398 3568 4451 per--

1976 4477 2117 4532 versi
2160 4477 2376 4546 spiritus
2406 4475 2718 4531 scandalum
2757 4473 2823 4528 ad
2865 4486 2916 4528 te
2947 4475 3164 4543 propius
3205 4475 3444 4542 accedat,
3475 4491 3568 4530 ve-

1980 4583 2096 4623 rum
2130 4568 2314 4623 divino
2356 4566 2618 4624 beneficio
2657 4569 2710 4621 in
2753 4565 2900 4621 omni
2937 4566 3194 4620 virtutum
3241 4565 3570 4637 perfectione

1981 4660 2218 4716 futurum
2251 4658 2382 4715 illud
2413 4674 2476 4714 ac
2511 4658 2630 4712 ﬁnis
2651 4668 2706 4713 et
2736 4658 3093 4713 successionis
3121 4674 3320 4727 expers
3341 4676 3569 4731 regnum

281 4755 500 4814 laudem
522 4755 632 4812 dixi
663 4732 781 4822 tibi,
813 4772 974 4827 super
997 4755 1196 4827 judicia
1222 4756 1441 4826 justitite
1469 4732 1594 4813 tute.
1627 4757 1872 4813 Custodi-
1903 4732 1958 4793 D
1982 4752 2317 4823 adipiscaris,
2340 4768 2402 4806 ac
2433 4751 2598 4807 beata:
2623 4760 2676 4806 et
2703 4750 2826 4805 vitae
2856 4751 3065 4807 initium
3091 4752 3366 4810 aﬂ'ereutis
3395 4754 3437 4809 Τ
3442 4755 3571 4810 rini-

279 4851 356 4908 vit
383 4851 560 4906 anima
590 4865 704 4905 mea
735 4849 1036 4905 testimonia
1063 4858 1150 4904 tua
1170 4891 1183 4915 ,
1212 4857 1266 4905 et
1289 4847 1472 4905 dilexit
1493 4865 1555 4905 ea
1586 4855 1872 4906 vehemen-

283 4953 388 5000 ter.
435 4943 842 5013 Appropinquet
873 4941 1181 5012 deprecatio
1212 4957 1326 4998 mea
1359 4942 1410 4997 in
1444 4952 1733 5013 conspectu
1759 4952 1871 5010 tuo,

281 5039 553 5103 Domine;
600 5036 749 5107 juxta
791 5036 1061 5106 eloquium
1094 5044 1242 5092 tuum
1274 5035 1340 5092 da
1381 5035 1512 5092 mibi
1543 5036 1870 5093 intellectum

278 5129 460 5186 (Paul.
493 5129 700 5199 cxvm).

351 5229 449 5286 Sic
480 5223 731 5279 videlicet
775 5221 1039 5279 clamante
1080 5231 1152 5292 te,
1193 5221 1333 5279 Deus
1371 5223 1648 5291 exaudiet,
1683 5232 1738 5280 et
1779 5225 1873 5280 ad-

278 5317 387 5374 huc
405 5318 659 5387 loquente
682 5323 732 5370 te
749 5314 922 5370 dicet:
956 5314 1096 5372 Ecce
1113 5315 1300 5371 adsum
1317 5314 1452 5388 (Isa.
1479 5318 1700 5389 Lxxxv).
1724 5318 1871 5385 Quo-

273 5412 448 5479 circa,
484 5411 529 5464 si
563 5409 866 5480 hujusmodi
890 5409 1183 5466 orationem
1213 5411 1438 5480 adeptus
1465 5411 1651 5478 fueris,
1682 5411 1869 5467 beatus

273 5506 413 5562 eris.
447 5502 632 5575 Neque
662 5503 802 5557 enim
837 5503 948 5557 fleri
984 5513 1177 5573 potest,
1204 5505 1326 5574 quin
1352 5505 1396 5560 is
1419 5508 1507 5574 qui
1531 5521 1651 5561 cum
1681 5505 1869 5576 hujus-

274 5596 428 5652 modi
452 5595 613 5650 animi
637 5595 913 5650 alacritate
934 5593 1099 5649 Deum
1124 5608 1239 5650 orat
1259 5607 1419 5668 atque
1446 5598 1710 5664 obsecrat,
1740 5614 1873 5669 quo-

273 5689 413 5744 tidie
444 5703 613 5744 novos
641 5687 695 5742 in
721 5686 915 5742 virtute
945 5704 1258 5760 progressus
1289 5689 1470 5761 faciat,
1505 5701 1664 5761 atque
1685 5708 1874 5748 omnes

272 5779 459 5837 hostis
506 5782 726 5851 laqueos
769 5791 1006 5852 superet.
1055 5781 1188 5837 Nam
1221 5783 1307 5852 qui
1341 5797 1571 5840 mentem
1612 5799 1786 5852 suam,
1819 5795 1876 5840 ut

271 5871 564 5941 cujusdam
596 5870 699 5927 viri
740 5871 914 5928 sancti
967 5871 1143 5929 verbis
1188 5884 1326 5943 utar,
1380 5876 1711 5940 excalefecit,
1755 5878 1872 5932 aui—

269 5977 534 6040 tnamque
573 5977 726 6024 suam
760 5965 948 6032 erexit,
981 5974 1141 6032 atque
1178 5967 1231 6022 in
1261 5970 1467 6026 uelum
1497 5986 1553 6027 se
1581 5971 1872 6039 transtulit,

724 6079 1004 6167 ,Pnsot.
1040 6083 1323 6152 LXXIII.

1401 6169 1439 6192 ἐ

1985 4847 2131 4912 tatis,
2158 4860 2275 4916 quae
2305 4844 2356 4898 in
2387 4844 2546 4899 Patre
2577 4854 2630 4900 et
2662 4841 2796 4900 Filio
2825 4854 2878 4899 et
2902 4845 3106 4914 Spiritu
3147 4857 3332 4903 sancto
3369 4847 3570 4916 glorifi-

1984 4951 2156 5001 catur,
2190 4939 2389 4995 lumine
2413 4939 2769 4994 collustreris.

2055 5034 2189 5091 Car.
2222 5032 2368 5088 XXI.
2401 5064 2466 5074 —
2495 5033 2630 5089 Cum
2661 5035 2970 5104 hujusmodi
2994 5037 3272 5093 doctrinis.
3303 5037 3370 5092 ad
3393 5053 3571 5094 mores

1983 5126 2347 5182 iuformandos
2366 5127 2804 5194 accommodatis,
2821 5128 3291 5198 praestantissimus
3303 5144 3469 5186 senex
3483 5147 3569 5188 re-

1983 5224 2063 5294 gis
2092 5221 2257 5278 filium
2290 5223 2648 5288 instruxisset,
2679 5223 2746 5277 ad
2782 5238 2934 5278 suum
2960 5221 3245 5291 hospitium
3288 5237 3348 5279 se
3377 5234 3570 5281 contu-

1987 5317 2067 5372 lit.
2102 5319 2171 5373 At
2199 5317 2556 5373 adolescentis
2585 5316 2815 5372 ministri
2847 5327 2900 5372 et
2931 5325 3295 5385 praeceptores
3322 5314 3572 5391 frequen-

1987 5421 2092 5467 tem
2125 5413 2290 5482 lpsins
2324 5411 2376 5466 iu
2419 5411 2666 5476 palatium
2703 5410 2998 5479 ingressum
3031 5409 3432 5481 perspicientes,
3469 5415 3566 5469 ad-

1979 5504 2264 5558 miratione
2279 5503 2666 5558 efficiebantur.
2688 5501 2835 5556 lluus
2865 5511 3037 5556 autem
3054 5519 3120 5558 ex
3144 5504 3208 5559 iis
3223 5506 3312 5574 qui
3335 5506 3564 5576 priorem

1980 5594 2122 5652 inter
2150 5610 2243 5650 eos
2272 5596 2447 5648 locum
2479 5592 2753 5648 obtinebat
2807 5602 2861 5647 et
2882 5609 3039 5662 quem
3072 5610 3160 5649 rex
3193 5597 3338 5651 velut
3367 5598 3567 5655 fidelis-

1984 5693 2178 5743 simum
2208 5702 2269 5740 ac
2290 5687 2370 5740 sui
2398 5685 2848 5740 studiosissimum
2875 5686 2963 5740 filii
2988 5689 3068 5743 sui
3092 5689 3289 5758 palatio
3315 5690 3568 5760 praefece-

1980 5794 2083 5848 rat,
2111 5779 2319 5834 Zardan
2351 5794 2587 5844 nomine,
2627 5794 2768 5850 regis
2799 5779 2963 5835 filium
2992 5781 3075 5837 his
3105 5784 3283 5839 verbis
3305 5785 3570 5840 allocutus

1980 5887 2098 5934 est:
2126 5875 2237 5931 Non
2273 5886 2323 5930 te
2351 5875 2502 5944 fugit,
2560 5875 2707 5940 bere,
2746 5885 2945 5946 quanto
2977 5877 3140 5948 patris
3177 5878 3251 5933 tui
3277 5886 3420 5933 metu
3453 5877 3571 5930 affi-

1985 5975 2114 6042 ciar,
2147 5987 2356 6043 quaque
2386 5985 2512 6042 erga
2534 5985 2653 6027 eum
2683 5969 2783 6026 fide
2810 5971 2937 6036 sim,
2971 5987 3143 6037 eaque
3171 5972 3330 6025 etiam
3353 5968 3570 6025 nomine

3100 6083 3170 6142 17
