4158 6354
598 375 700 434 5:23

1652 372 1743 430 DE
1783 372 1960 430 VlTlS
1998 371 2284 429 PATRUM
2322 373 2530 429 LIBER
2570 369 2845 429 PRIMUS.

3786 371 3885 430 524

599 520 685 560 me
723 514 972 573 tanquam
1018 498 1333 555 ﬁdissimum
1377 497 1629 552 [amulum
1678 497 1773 553 tibi
1816 497 2189 553 administrum
2218 496 2269 556 Α
2296 494 2512 563 dixerit,
2546 513 2633 553 me
2664 499 2919 554 videlicet
2939 499 3084 554 inani
3113 515 3211 555 suo
3235 500 3523 556 verborum
3547 502 3812 559 lenocinio
3834 506 3884 559 in

599 612 717 654 esse
752 596 932 667 jussit.
978 594 1143 666 290
1170 591 1319 646 Nunc
1355 600 1535 646 autem
1574 600 1815 647 exterum
1848 591 1987 645 httnc
2019 592 2189 645 virum

577 691 793 746 'crebro
825 700 996 743 tecum
1026 686 1256 755 colloqui
1286 685 1492 749 videns.
1528 683 1658 740 illud
1696 699 1885 741 vereor
1933 699 2001 738 ne
2036 682 2192 738 Chri-

552 796 556 801 '
602 785 788 837 stianae
812 780 1102 852 religionis.
1136 794 1293 848 quam
1330 787 1479 847 pater
1507 788 1629 834 tuus
1663 779 1865 851 ingenti
1897 777 2021 832 odio
2048 776 2191 831 inse-

544 864 552 908 ἶ
603 885 797 939 ctatur,
826 874 999 929 cultor
1042 874 1145 939 sit;
1174 873 1356 942 sicque
1397 887 1495 943 ego
1523 870 1735 941 capitali
1779 871 2059 926 sententia:
2098 869 2192 923 ob-

527 996 537 1035 ;
606 968 795 1024 noxius
826 967 1085 1036 reperiar.
1124 966 1355 1022 Proinde
1383 965 1465 1021 vei
1496 963 1564 1019 dc
1586 980 1651 1020 eo
1676 972 1879 1035 patrem
1904 965 2193 1017 certiorem

529 1049 532 1055 ’
606 1061 710 1128 iac,
746 1060 828 1115 vel
858 1058 1080 1130 posthac
1112 1074 1231 1114 eum
1273 1074 1338 1114 eo
1368 1058 1597 1129 colloqui
1648 1057 1867 1123 desine;
1902 1057 1986 1112 vel
2022 1063 2191 1125 certe,

608 1167 677 1209 ne
706 1154 761 1207 in
800 1152 1280 1223 reprehensionem
1314 1152 1604 1219 incurram,
1637 1165 1666 1204 a
1697 1149 1835 1206 facie
1864 1159 1953 1205 tua
1990 1166 2074 1205 me
2099 1149 2195 1205 ab-

602 1247 744 1317 lega,
788 1258 951 1319 atque
993 1248 1157 1301 alium
1188 1246 1281 1317 qui
1325 1245 1452 1301 mihi
1498 1245 1821 1315 subrogetur
1857 1258 1885 1298 a
1925 1255 2075 1315 patre
2106 1252 2199 1300 tuo

605 1340 836 1502 pomi;
875 1440 1051 1487 autem
1090 1429 1231 1487 illius
1271 1429 1338 1486 ad
1372 1444 1495 1486 eum
1525 1429 1697 1484 dixit:
1730 1428 1842 1485 Hoc
1881 1429 2135 1499 primum,
2165 1444 2199 1485 o

604 1524 833 1590 Zardan,
867 1522 1145 1578 faciamus.
1183 1523 1309 1579 Veio
1332 1522 1562 1593 quodam
1586 1522 1852 1578 obductus
1874 1534 1977 1590 sta,
2004 1522 2199 1591 ipsius-

603 1634 705 1692 que
731 1618 797 1673 ad
823 1632 907 1673 me
939 1631 1216 1673 sermones
1244 1614 1390 1683 audi,
1421 1626 1582 1689 atque
1609 1616 1681 1673 ita
1706 1615 1959 1687 quidnam
1989 1616 2083 1671 tibi
2116 1614 2198 1671 fa-

602 1713 850 1768 ciendum
876 1713 945 1766 sit
975 1726 1258 1781 exponam.

670 1800 805 1857 Cum
857 1801 1016 1872 igitur
1049 1801 1291 1856 Bariaam
1336 1802 1403 1855 ad
1449 1802 1625 1871 ipsum
1668 1812 1982 1855 accessurus
2029 1805 2193 1861 esset,

2296 588 2538 643 fraudem
2575 589 2831 645 inducere
2860 591 3101 655 studens,
3133 606 3197 648 ac
3233 592 3471 664 jucunda
3514 592 3617 648 hac
3655 594 3889 653 obiecta-

2297 682 2445 738 tione
2481 692 2536 739 et
2571 686 2881 740 amoenitate
2921 685 3156 757 privare,
3195 693 3357 756 atque
3386 686 3453 741 ad
3486 687 3754 759 peregrini
3801 688 3891 745 Del

2297 776 2497 832 cultum
2530 780 2861 836 traducere?
2892 777 3101 836 Zardan
3139 788 3339 851 autem,
3375 779 3664 847 Quidnam.
3698 780 3890 850 inquit,

2299 867 2390 924 tibi
2434 869 2601 926 visum
2651 880 2757 941 est,
2793 886 2827 927 o
2868 886 2985 940 rex,
3024 870 3280 927 famulum
3306 880 3455 927 tuum
3483 872 3728 929 tentare?
3770 872 3907 931 Per-.

2298 971 2537 1033 spectum
2564 965 2707 1020 enim
2740 965 2913 1021 habeo
2940 964 3038 1020 viri
3061 980 3341 1021 sermones
3366 973 3551 1036 pectus
3574 974 3723 1021 tuum
3750 965 3894 1022 altis-

2299 1059 2433 1112 sime
2464 1069 2798 1127 penetrasse.
2826 1058 2959 1113 Nam
2992 1058 3095 1115 nisi
3124 1058 3195 1113 ita
3224 1067 3390 1127 esset,
3425 1072 3533 1115 non
3562 1065 3668 1114 tam
3703 1059 3893 1116 iuben-

2300 1155 2386 1203 ter
2412 1163 2474 1204 ac
2507 1160 2764 1219 perpetuo
2794 1165 2915 1206 cum
2948 1164 3015 1206 eo
3061 1165 3339 1207 sermones
3370 1152 3648 1209 miseeres.
3696 1152 3763 1206 Et
3792 1154 3901 1222 qui-

2300 1240 2424 1296 dem
2492 1257 2588 1297 nos
2640 1241 2938 1298 istiusmodl
2998 1242 3431 1312 praedicationem
3482 1242 3898 1316 haudquaquam

2302 1332 2629 1401 ignoramus.
2662 1332 2861 1389 Verum
2892 1348 2959 1390 ex
2989 1348 3099 1405 quo
3126 1344 3368 1405 tempore
3396 1344 3548 1407 pater
3582 1342 3709 1391 tuus
3757 1344 3901 1391 atro-

2300 1425 2569 1482 cissimam
2612 1425 2876 1482 adversus
2918 1424 3257 1485 Christianos
3296 1430 3725 1499 persecutionem
3755 1430 3900 1487 exci-

2304 1525 2452 1584 tavit.
2480 1524 2553 1579 illi
2577 1523 2701 1581 hinc
2726 1527 2933 1598 expulsi
2956 1540 3105 1597 sunt,
3137 1538 3299 1603 atque
3319 1530 3554 1602 ipsorum
3579 1531 3901 1603 praadicatio

2303 1619 2582 1674 conticuit.
2618 1620 2770 1685 Quod
2812 1621 2857 1676 si
2894 1621 2985 1677 tibi
3018 1622 3211 1693 dogma
3244 1623 3344 1680 hoc
3371 1620 3593 1688 arridet,
3629 1623 3904 1693 ipsiusque

2303 1711 2557 1768 duritiem
2600 1723 2656 1770 et
2696 1714 2933 1774 laborem
2966 1715 3147 1773 subire
3190 1726 3365 1789 potes,
3402 1717 3631 1773 faustum
3679 1731 3814 1772 sane
3844 1730 3904 1773 ac

2305 1803 2429 1861 felix
2462 1807 2531 1863 sit
2561 1808 2611 1863 id
2653 1807 2795 1879 quod
2827 1809 3008 1865 animo
3039 1820 3129 1865 tuo
3157 1810 3375 1867 insedit.
3411 1811 3522 1885 Ego
3560 1819 3738 1865 autent
3778 1808 3905 1883 quid

604 1894 845 1950 Zardane
878 1896 1013 1947 intra
1044 1894 1219 1947 velqu
1254 1893 1580 1961 introducto,
1606 1894 1671 1947 ad
1700 1906 1884 1947 senem
1907 1893 2015 1947 ait:
2049 1890 2193 1944 Divi-
2225 1884 2273 1945 B
2302 1898 2518 1953 tandem
2554 1899 2771 1970 faciam,
2816 1903 2905 1973 qui
2940 1901 3245 1975 huiusmodi
3277 1884 3527 1960 duritiem
3558 1920 3625 1959 ne
3653 1902 3909 1960 adversis

602 2008 727 2047 nam
752 2001 896 2046 tuam
926 1990 1222 2045 doctrinam
1254 1988 1384 2043 mihi
1417 1987 1725 2042 summatim
1751 1994 1955 2055 repete,
1982 1999 2086 2053 quo
2108 1984 2197 2037 iir-

604 2084 742 2140 mius
765 2085 967 2154 pectori
999 2097 1119 2137 meo
1150 2084 1432 2138 inseratur.
1469 2085 1702 2153 Excepto
1734 2082 1895 2151 igitur
1924 2094 2192 2145 sermone,

601 2175 849 2231 Barlaam
882 2175 1091 2245 longam
1124 2174 1192 2230 de
1224 2176 1332 2229 Deo
1363 2184 1521 2245 atque
1551 2191 1673 2245 erga
1699 2190 1820 2229 eutn
1856 2175 2050 2242 pietate
2078 2188 2198 2226 ora-

598 2268 799 2323 tionem
833 2268 1036 2335 habuit,
1071 2269 1319 2339 quodque
1346 2284 1468 2322 eum
1498 2269 1668 2322 solum
1700 2284 1763 2321 ex
1792 2276 1902 2322 toto
1929 2268 2111 2331 corde,
2143 2273 2198 2321 et

600 2380 663 2418 ex
704 2372 810 2419 tota
841 2364 1041 2429 anima,
1093 2372 1147 2418 et
1183 2379 1249 2418 ex
1293 2372 1400 2417 tota
1450 2373 1625 2417 mente
1665 2378 1871 2429 amare,
1924 2362 2197 2432 ipsiusque

599 2457 849 2513 mandata
881 2474 1002 2514 cum
1032 2458 1228 2514 timore
1256 2473 1317 2512 ac
1348 2456 1613 2512 desiderio
1654 2456 1940 2512 observare
1971 2465 2196 2527 oporte-

600 2562 684 2609 ret
714 2551 931 2624 (Matth.
958 2551 1123 2625 xxtt);
1148 2553 1396 2623 quodque
1431 2554 1543 2621 ipse
1566 2562 1712 2607 esset
1737 2552 1824 2621 qui
1849 2553 2053 2621 omnia,
2086 2561 2192 2605 tam

599 2663 720 2717 quas
748 2646 800 2701 in
829 2646 1087 2701 cernendi
1117 2662 1334 2701 sensum
1364 2646 1561 2699 cadunt
1586 2660 1745 2714 quam
1782 2661 1902 2714 quae
1925 2646 1990 2699 ab
2015 2646 2199 2699 oculo-

596 2752 715 2794 rum
741 2754 903 2793 sensu
935 2750 1137 2792 remota
1160 2749 1302 2803 sunt,
1332 2736 1687 2792 condidisset.
1712 2741 1789 2792 Ac
1818 2738 2013 2792 deinde
2042 2738 2200 2806 primi

599 2833 831 2887 hominis
868 2832 1214 2899 eilietionem,
1265 2831 1680 2901 mandatumque
1723 2831 1823 2899 ipsi
1864 2833 2068 2895 datum,
2123 2832 2197 2885 la-

599 2934 816 2993 tamque
850 2924 901 2977 in
935 2938 1081 2991 eum,
1116 2925 1183 2975 ob
1212 2923 1462 2977 violatum
1489 2921 1725 2978 edictum
1758 2939 1786 2977 a
1810 2930 2055 2978 creatore
2082 2937 2204 2977 sen-

598 3018 824 3071 tentiam
847 3015 1314 3071 commemoravit.
1350 3014 1614 3087 Deinceps
1643 3015 1779 3070 bona
1812 3032 1871 3071 ea
1904 3015 2194 3081 recensuit,

598 3109 789 3180 quibus
820 3123 938 3171 nos,
974 3108 1173 3179 rejecto
1215 3108 1380 3177 ipsius
1424 3108 1698 3174 mandato,
1727 3118 1939 3164 nosmet
1968 3109 2197 3163 exclusi—

598 3214 739 3254 mus.
769 3200 890 3255 Mox
925 3214 1107 3255 earum
1136 3199 1506 3255 molestitrum
1538 3201 1863 3255 mentionem
1904 3202 2043 3266 fecit,
2080 3217 2197 3269 qua:

2301 1992 2517 2063 quidem
2543 1993 2712 2049 oculs
2735 1995 2926 2050 intueri
2956 2012 3194 2067 p0~sum,
3228 2011 3289 2051 ac
3313 1996 3455 2067 regis
3486 2006 3629 2052 metu
3658 1995 3905 2051 animum

2302 2085 2578 2142 doloribus
2602 2094 2762 2158 atque
2782 2085 3166 2144 acerbitatibus
3189 2078 3502 2144 distractum
3527 2086 3737 2144 habeo?
3764 2087 3908 2156 Qua-

2302 2194 2425 2234 nam
2456 2180 2598 2252 apud
2645 2196 2768 2236 eum
2801 2181 3153 2237 excusatione
3184 2193 3325 2247 utar,
3357 2181 3447 2254 qui
3481 2181 3648 2253 ipsius
3680 2180 3909 2251 imperia

2305 2273 2543 2343 neglexi,
2574 2283 2735 2343 atque
2767 2272 2888 2327 huic
2919 2275 3037 2331 viro
3065 2274 3131 2328 ad
3164 2283 3216 2329 te
3239 2275 3442 2329 aditum
3474 2274 3738 2344 permisi?

2377 2364 2517 2418 Dixit
2562 2374 2739 2421 autem
2787 2365 2853 2420 ad
2900 2381 3022 2421 eum
3069 2371 3213 2439 regis
3258 2366 3433 2422 illius:
3473 2365 3736 2436 Equidem
3772 2366 3913 2423 nihil

2308 2454 2458 2513 aliud
2498 2456 2640 2527 quod
2686 2456 2885 2527 ingenti
2918 2466 3020 2513 tuae
3052 2474 3174 2533 erga
3209 2476 3295 2514 me
3333 2458 3727 2515 benevolentia:
3777 2458 3912 2516 satis

2309 2548 2513 2616 prtemii
2547 2547 2764 2604 ati'erret
2806 2564 3123 2618 agnoscens,
3172 2549 3274 2605 hoc
3323 2567 3483 2609 unum
3520 2550 3788 2606 beneficio
3820 2561 3911 2607 tuo

2303 2638 2476 2707 majus
2500 2641 2696 2709 reperi,
2726 2639 2977 2695 nimirum
3010 2652 3065 2695 ut
3098 2641 3191 2695 tibi
3224 2642 3420 2699 bonum
3452 2641 3604 2708 illud,
3636 2643 3782 2713 quod
3816 2659 3909 2698 na-

2302 2741 2472 2787 turam
2512 2744 2749 2803 superat,
2792 2735 3132 2804 perspicuum
3181 2734 3407 2790 reddere
3450 2734 3747 2801 studerem,
3797 2734 3907 2791 hoc

2315 2834 2417 2887 est,
2453 2834 2511 2878 ut
2540 2841 2698 2894 quem
2728 2824 2794 2879 ad
2826 2825 2986 2881 linem
3019 2835 3331 2896 procreatus
3354 2828 3430 2881 sis
3459 2826 3814 2897 intelligeres,
3845 2841 3913 2883 ac

2303 2929 2605 2973 creatorem
2631 2932 2975 2987 agnosceres,
3010 2921 3321 2989 relictisque
3349 2919 3606 2983 tenebris,
3636 2923 3711 2974 ad
3732 2918 3913 2976 lucem

2302 3024 2640 3066 accurreres.
2675 3011 2851 3081 Atque
2881 3009 2933 3066 in
2970 3012 3068 3067 hac
3088 3025 3185 3083 spe
3211 3027 3380 3079 eram,
3407 3012 3523 3066 fore
3550 3021 3608 3066 ut
3636 3012 3801 3066 simul
3831 3022 3914 3065 at-

2301 3120 2404 3175 que
2445 3106 2511 3161 de
2557 3120 2619 3161 ea
2660 3104 2859 3175 aliquid
2906 3105 3189 3172 audiisses,
3242 3104 3615 3161 ardentissima
3669 3105 3909 3173 quadam

2301 3198 2596 3267 cupiditate
2621 3198 2762 3253 illam
2787 3199 3115 3269 sequereris.
3132 3198 3331 3254 Verum
3356 3213 3449 3269 spe
3472 3213 3612 3261 mea,
3634 3207 3698 3253 ut
3719 3197 3908 3259 video.

599 3304 881 3363 postquam
906 3292 1103 3347 abillis
1126 3293 1280 3348 bonis
1302 3292 1622 3358 excidimus,
1654 3296 1853 3350 misere
1872 3310 1968 3349 nos
1991 3297 2199 3350 invase-
2222 3265 2271 3330 ο
2306 3288 2467 3344 falsus
2497 3306 2640 3356 sum,
2684 3301 2743 3345 ut
2770 3291 2859 3360 qui
2881 3290 2948 3346 ad
2972 3306 3031 3346 ea
3055 3307 3174 3363 qua:
3204 3292 3343 3347 dicta
3370 3301 3499 3347 sunt
3527 3290 3707 3361 tepide
3736 3289 3907 3346 affec-

599 3397 742 3439 runt.
776 3386 910 3439 Tum
941 3394 1118 3440 autem
1142 3398 1204 3439 ea
1234 3401 1350 3454 quae
1373 3385 1437 3438 ad
1467 3384 1849 3455 benignitatem
1882 3394 2196 3442 etamorcm

605 3493 731 3549 erga
782 3479 1055 3534 hominum
1099 3494 1268 3549 genus
1307 3480 1647 3549 pertinebant
1677 3482 1973 3552 subjunxit,
2003 3499 2197 3554 nempe

599 3586 831 3641 quonam
866 3574 1026 3626 modo
1054 3587 1296 3627 summus
1328 3572 1418 3628 ille
1444 3571 1620 3640 opifex
1656 3574 1842 3630 salutis
1876 3586 2073 3630 nostrae
2104 3592 2195 3630 cu-

600 3681 714 3721 ram
747 3680 960 3737 gerens,
991 3668 1278 3735 magistros
1309 3682 1369 3721 ac
1400 3667 1693 3737 prophetas
1718 3668 1990 3741 Unigeniti
2022 3670 2199 3725 incar-

600 3759 870 3814 natiOnem
914 3759 1271 3829 prtedicautes
1304 3762 1531 3817 miserit.
1564 3762 1770 3817 Deinde
1809 3765 1973 3818 etiam
2030 3764 2196 3831 ipsius

599 3852 935 3917 descensum,
966 3853 1410 3920 incarnationem,
1442 3854 1721 3921 beneficia,
1755 3856 2028 3921 miracula,
2058 3857 2195 3912 tole:

601 3960 822 4017 rataque
876 3963 971 4017 pro
1013 3949 1167 4004 nobis
1220 3950 1617 4020 ingratitudinis
1649 3952 1781 4007 vitio
1830 3954 2195 4009 laborantibus

600 4040 879 4108 supplicia,
910 4056 1148 4107 crucem,
1178 4042 1441 4113 lanceam,
1475 4045 1827 4099 voluntariam
1860 4056 2107 4113 mortem,
2135 4062 2197 4103 ac

599 4133 831 4199 denique
860 4146 1095 4186 nostram
1141 4134 1190 4186 in
1236 4134 1500 4202 integrum
1539 4136 1931 4193 restitutionem
1964 4150 2015 4193 et
2043 4155 2195 4194 revo.

602 4224 891 4287 cationem,
920 4212 1079 4292 atque
1109 4225 1171 4277 ad
1204 4225 1431 4293 primum
1463 4228 1659 4281 bonum
1680 4228 1938 4296 reditum;
1966 4246 2029 4286 ac
2059 4242 2197 4302 post-

599 4332 662 4371 ea
698 4319 959 4373 caelorum
1004 4333 1249 4390 regnum,
1274 4322 1414 4390 quod
1441 4321 1678 4378 homines
1698 4338 1766 4379 eo
1788 4325 1974 4394 dignos
1992 4337 2191 4395 manet,

600 4412 933 4467 reconditum
966 4413 1227 4484 improbis
1256 4416 1547 4470 cruciatum
1590 4418 1762 4487 ignem
1801 4436 2070 4490 nunquam
2102 4437 2194 4477 ex-

596 4506 998 4573 stinguendum,
1046 4516 1332 4578 perpetuas
1372 4510 1643 4575 tenebras,
1680 4513 2035 4569 immortalem
2070 4531 2192 4569 ver-

597 4614 762 4664 tnem,
793 4611 1125 4671 caeterasque
1155 4617 1344 4657 omnes
1374 4618 1581 4671 poenas,
1624 4622 1755 4676 quas
1791 4610 1825 4663 ii
1870 4610 1956 4680 qui
1990 4614 2189 4679 peccati

597 4691 856 4745 servitute
899 4706 959 4747 se
989 4695 1444 4764 constrinxerunt,
1485 4696 1587 4751 sibi
1642 4698 1770 4768 ipsis
1818 4709 2183 4769 aggesserunt.

599 4784 725 4839 Hzec
762 4799 883 4837 cum
912 4786 1152 4841 oratione
1191 4797 1501 4854 prosecutus
1532 4797 1695 4857 esset,
1729 4805 1789 4846 ac
1816 4792 1917 4845 sub
1946 4792 2103 4846 linem
2136 4794 2185 4847 in

594 4879 895 4933 doctrinam
925 4884 991 4934 ad
1021 4896 1195 4936 meres
1217 4892 1671 4939 accommodatam
1695 4884 1944 4955 delapsus
1977 4886 2186 4953 fuisset,

594 4974 868 5041 multaque
912 4973 980 5028 de
1018 4974 1140 5028 vita:
1187 4979 1418 5044 puritate
1460 4978 1617 5031 verba
1662 4975 1897 5044 fecisset,
1952 4996 2188 5049 praesen-

593 5062 836 5133 tiumque
878 5078 1056 5118 rerum
1086 5066 1374 5121 vanitatem
1415 5066 1742 5136 damnasset,
1775 5084 2067 5141 eorumque
2097 5074 2185 5140 qui

598 5157 682 5211 his
699 5164 843 5212 totos
865 5170 924 5213 se
946 5157 1197 5213 addi‘cnnt
1217 5160 1484 5214 miseriam
1508 5162 1859 5231 coarguisset,
1887 5166 2183 5219 orationem

595 5248 812 5304 tandem
840 5252 1144 5318 precatione
1168 5251 1447 5314 conclusit,
1481 5267 1509 5305 a
1546 5254 1654 5307 [leo
1683 5255 1932 5307 nimirum
1963 5255 2061 5323 ipsi
2095 5258 2186 5309 tir-

593 5358 738 5397 mant
776 5351 831 5397 et
874 5353 1207 5400 constantem
1249 5346 1564 5401 orthodoxae
1607 5347 1726 5401 fidei
1768 5348 2183 5415 confessionem,

595 5440 867 5507 vitamque
894 5439 961 5494 ab
989 5439 1134 5493 omni
1168 5439 1605 5506 reprehensionis
1637 5452 1759 5495 nota
1786 5442 2098 5507 immunem,
2126 5458 2188 5499 ac

594 5531 941 5602 purissimam
995 5534 1233 5587 muneris
1278 5536 1359 5587 sui
1410 5534 1925 5590 administrationem
1974 5550 2179 5605 aptans.

596 5622 676 5679 Ac
723 5634 909 5695 postea
962 5624 1253 5694 precationi
1300 5625 1406 5682 line
1460 5625 1727 5696 imposito,
1781 5627 1846 5682 ad
1896 5628 2185 5699 hospitiqu

597 5732 752 5771 suum
784 5732 967 5772 rursus
998 5731 1056 5770 se
1086 5717 1308 5787 recepit.

671 5819 833 5889 Regis
862 5829 1037 5874 autem
1064 5819 1222 5884 ﬁlius,
1249 5822 1424 5874 accito
1452 5819 1712 5889 Zardane,
1742 5824 1865 5892 quid
1899 5825 2061 5880 animi
2090 5830 2184 5881 ha-

596 5909 751 5965 beret
780 5910 1105 5980 periclitans,
1135 5912 1298 5965 dixit:
1325 5911 1556 5967 Audiisti
1578 5929 1696 5983 qua:
1720 5916 1847 5969 mihi
1880 5916 2058 5972 tabula
2086 5918 2188 5976 iste

2304 3392 2415 3437 tum
2447 3392 2499 3439 te
2528 3384 2879 3454 conSpiciam.
2916 3383 3047 3454 Regi
3087 3394 3263 3440 autem
3296 3400 3358 3441 ac
3392 3387 3533 3456 patri
3557 3399 3682 3440 meo
3710 3384 3759 3440 si
3786 3384 3912 3440 haec

2302 3476 2644 3543 iudicaveris,
2691 3477 2825 3531 nihil
2865 3478 3009 3532 aliud
3056 3477 3179 3533 hinc
3218 3478 3593 3549 consequeris,
3644 3493 3810 3549 quam
3844 3487 3915 3535 ut

2303 3567 2469 3636 ipsius
2499 3568 2733 3621 animum
2774 3570 2919 3622 curis
2945 3583 3008 3625 ac
3037 3570 3361 3626 maeroribus
3391 3570 3665 3626 coniicias.
3705 3570 3917 3627 Verum

2302 3660 2343 3713 si
2389 3660 2619 3714 οςιηάἰιιο
2646 3675 2709 3715 ac
2746 3662 2961 3717 sincero
2992 3663 3044 3718 in
3070 3680 3192 3720 eum
3220 3666 3401 3721 animo
3420 3681 3499 3732 es,
3529 3680 3662 3721 Cave
3690 3681 3760 3722 ne
3788 3667 3915 3736 ipse

2302 3764 2588 3822 antequam
2624 3756 2905 3811 commoda
2953 3760 3170 3814 occasio
3202 3773 3260 3813 se
3302 3758 3574 3826 obtulerit,
3609 3758 3914 3831 quidquam

2303 3848 2611 3919 hujusmodi
2655 3866 2721 3907 ex
2758 3860 2811 3906 te
2837 3852 3112 3908 resciscat.
3156 3853 3265 3909 Hac
3292 3855 3536 3910 oratione
3565 3856 3628 3909 ad
3660 3870 3787 3911 eum
3812 3856 3913 3910 hae

2300 3940 2435 4009 bita,
2487 3954 2739 4016 tanquam
2789 3946 2841 4001 in
2886 3962 3076 4017 aquam
3126 3950 3394 4005 seminare
3429 3948 3547 4022 (12)
3589 3950 3906 4008 videbatur.

2299 4033 2485 4103 Neque
2528 4036 2669 4089 enim
2717 4036 2996 4105 sapientiae
3037 4038 3109 4092 ad
3144 4040 3399 4096 stolidum
3445 4041 3605 4115 291
3652 4042 3905 4100 animum

2304 4125 2482 4181 aditus
2512 4140 2751 4196 unquam
2780 4128 2999 4198 patebit.

2376 4242 2644 4299 Postridie
2678 4251 2858 4298 autem
2890 4244 3130 4300 Barlaam
3163 4248 3226 4299 ad
3256 4262 3378 4304 eum
3401 4249 3683 4315 accedens,
3722 4249 3793 4306 de
3814 4251 3905 4305 di-

2298 4348 2483 4389 scessu
2528 4349 2627 4389 suo
2657 4348 2963 4392 sermonem
3006 4336 3300 4411 ingerebat.
3352 4338 3445 4396 llle
3489 4352 3667 4399 autem
3716 4342 3789 4399 ab
3827 4359 3903 4399 eo

2299 4423 2483 4480 divelli
2514 4425 2737 4480 minime
2778 4433 3071 4494 sustinens,
3122 4432 3303 4485 animo
3331 4435 3763 4503 excruciabatur,
3820 4437 3906 4490 ia-

2298 4521 2606 4589 crymisque
2635 4527 2777 4573 totus
2807 4520 3240 4589 perfundebatur.
3274 4525 3450 4581 Senex
3480 4542 3607 4581 vero
3636 4543 3758 4582 cum
3788 4526 3907 4583 lon-

2298 4627 2422 4681 gum
2464 4612 2528 4664 ad
2560 4626 2681 4667 eum
2735 4628 3039 4669 sermonem
3092 4616 3406 4686 habuisset,
3438 4635 3669 4689 eumque
3717 4631 3777 4676 ιιι
3807 4623 3905 4677 lir-

2298 4703 2573 4758 missimus
2601 4704 2654 4759 in
2705 4704 2848 4761 bono
2873 4716 3133 4774 perstaret
3167 4710 3467 4768 obtestatus
3496 4724 3659 4781 esset,
3692 4716 3906 4771 vertis-

2296 4812 2399 4865 que
2452 4795 2516 4851 ad
2568 4797 2959 4853 cohortandum
3018 4806 3433 4859 accommodatis
3488 4805 3655 4878 ipsius
3708 4820 3903 4879 pectus

2298 4889 2706 4953 confirmasset,
2766 4893 3014 4960 precibus
3063 4896 3129 4947 ab
3161 4912 3225 4951 co
3276 4899 3638 4957 contendebat
3672 4913 3729 4957 ut
3774 4904 3902 4961 laeto

2297 4988 2460 5047 atque
2484 4980 2636 5034 hilari
2660 4979 2841 5035 animo
2863 4981 3172 5039 discedendi
3200 4995 3517 5055 potestatem
3544 4992 3647 5047 sibi
3670 4992 3902 5055 faceret.

2297 5072 2433 5127 lllud
2462 5074 2623 5128 etiam
2654 5074 3011 5147 adiungebat,
3042 5092 3159 5133 eam
3198 5079 3347 5136 brevi
3379 5080 3520 5139 inter
3568 5099 3628 5140 se
3672 5088 3905 5158 conjun-

2295 5168 2527 5220 ctionem
2580 5176 2818 5221 mutuam
2871 5167 3018 5234 fore,
3051 5187 3172 5241 quae
3218 5174 3424 5231 dissidii
3469 5177 3644 5235 omnis
3693 5195 3899 5251 expers

2296 5269 2456 5313 esset.
2484 5262 2549 5314 At
2582 5261 2721 5329 regis
2751 5261 2923 5328 illius,
2963 5279 3085 5319 cum
3117 5282 3215 5322 nec
3241 5268 3437 5325 diutius
3468 5274 3585 5327 seni
3621 5275 3900 5347 negotium

2297 5352 2584 5415 facessere,
2617 5370 2713 5410 nec
2745 5370 2867 5410 eum
2893 5360 3130 5428 expetito
3160 5361 3354 5420 itinere
3376 5364 3663 5434 prohibere
3688 5378 3896 5440 posset,

2298 5462 2361 5501 ac
2394 5456 2648 5515 praeterea
2682 5457 2927 5503 metuens
2953 5467 3016 5505 ne
3041 5451 3249 5508 Zardan
3273 5455 3364 5513 ille
3390 5473 3569 5530 regem
3604 5464 3673 5514 de
3695 5476 3763 5518 eo
3783 5478 3902 5518 cer-

2308 5541 2497 5594 tiorem
2547 5539 2777 5605 faceret,
2814 5556 2875 5595 ae.
2915 5544 3190 5613 suppliciis
3226 5563 3350 5605 eum
3397 5552 3671 5618 alliceret,
3716 5553 3801 5609 his
3832 5551 3898 5607 ad

2296 5646 2420 5685 eum
2454 5633 2632 5685 verbis
2684 5647 2813 5687 usus
2861 5644 2940 5689 est
2978 5653 2990 5688 :
3038 5636 3482 5712 Quandoquidem
3526 5643 3596 5699 ita
3651 5644 3743 5701 tibi
3798 5648 3898 5702 hoc

2296 5725 2478 5781 animo
2508 5726 2727 5796 insidet,
2758 5729 3048 5798 spiritualis
3079 5732 3236 5789 Pater
3265 5750 3327 5792 ac
3358 5747 3749 5808 praceptorum
3791 5758 3891 5812 op-

2296 5819 2453 5887 time,
2486 5820 2722 5892 mihique
2759 5824 2935 5877 omnis
2982 5824 3104 5879 boni
3148 5838 3365 5896 auctor,
3412 5840 3471 5887 ut
3499 5848 3584 5888 me
3624 5832 3677 5887 in
3710 5828 3899 5892 mundi

2294 5918 2531 5975 vanitate
2560 5927 2859 5976 versantem
2889 5922 3126 6023 deseras,
3157 5935 3317 5998 atque
3341 5931 3408 5988 ad
3434 5931 3727 6002 spiritualis
3757 5932 3904 6007 ψύθ-
