4208 6352
318 379 427 438 525

756 374 918 431 VITA
959 373 1377 447 SANCTOBUM
1420 370 1748 432 BARLAAM
1790 366 1915 424 ERE

2024 365 2127 422 ΓᾹΞ
2172 366 2256 424 ET
2295 367 2648 430 JOSAPHAT
2689 371 2896 430 INDl/E
2934 372 3156 434 REGIS.

3492 379 3599 436 5'20

316 492 386 548 tis
435 492 610 548 locum
642 488 1029 561 proficiscaris,
1080 503 1182 543 non
1217 490 1354 544 ultra
1392 497 1442 545 te
1471 488 1705 544 retinere
1746 493 1905 556 atque
1933 483 1989 544 A
2011 479 2227 553 bonum,
2262 489 2403 558 quod
2446 497 2588 545 tanta
2619 492 2855 549 animum
2887 493 3159 566 voluptate
3190 495 3511 566 perfundat,
3543 507 3603 553 ut

315 584 705 658 impedimento
758 582 850 638 tibi
906 598 1026 639 esse
1065 582 1255 638 attdeo.
1293 582 1389 639 Abi
1440 582 1599 652 igitur
1638 581 1732 637 Dei
1778 594 1908 649 pace

315 692 534 752 sepius,
566 695 629 736 ac
657 693 790 734 mete
821 676 1050 732 miseriae
1086 676 1136 732 in
1170 676 1441 747 praeclaris
1481 677 1582 731 tuis
1613 676 1678 730 ad
1723 675 1904 731 Domi-

314 786 445 828 tium
473 771 720 842 precibus
747 771 1060 824 memoriam
1091 787 1156 824 ne
1183 768 1526 835 intermittas,
1560 785 1664 836 quo
1692 767 1905 823 tandem

316 865 383 924 all
416 876 466 921 te
496 863 776 936 pervenire
802 877 866 918 ac
895 862 1084 919 faciem
1116 871 1259 917 tuam
1290 866 1592 934 perspicere
1618 878 1831 934 queam.

392 959 564 1018 Unam
595 968 771 1016 autem
801 975 918 1016 rem
951 975 980 1012 a
1014 970 1062 1014 te
1090 957 1320 1030 postulo,
1354 957 1628 1025 nimirum,
1661 965 1739 1021 ut,
1776 970 1908 1027 quo-

322 1056 462 1111 niam
490 1071 586 1127 pro
618 1053 718 1108 tuis
749 1052 1008 1125 religiosa:
1040 1051 1158 1106 vita:
1189 1051 1457 1108 sodalibus
1497 1049 1626 1105 nihil
1665 1050 1909 1119 accipere

318 1147 570 1214 voluisti,
603 1145 790 1202 saltem
838 1160 932 1214 pro
975 1153 1025 1199 te
1072 1143 1321 1212 exiguum
1352 1141 1550 1210 aliquid
1584 1139 1825 1209 pecunias
1856 1140 1907 1192 in

319 1240 517 1294 victum
541 1253 604 1293 ac
635 1246 833 1293 vestem
859 1235 909 1290 in
944 1235 1312 1290 indumentum
1339 1234 1589 1303 accipias.
1617 1233 1708 1288 lile
1730 1243 1906 1287 autem

319 1331 386 1387 ad
415 1347 537 1386 eum
565 1330 841 1400 respondit
869 1346 879 1381 :
908 1329 1038 1384 Cum
1069 1344 1164 1398 pro
1192 1327 1445 1382 fratribus
1477 1327 1612 1382 meis
1643 1326 1776 1381 nihil
1799 1342 1826 1379 a
1857 1335 1906 1380 te

319 1422 619 1492 acceperim
651 1421 847 1491 (neque
886 1419 1028 1473 enim
1069 1417 1144 1473 illi
1184 1417 1383 1486 aliquid
1415 1433 1481 1473 ex
1521 1417 1680 1484 hujus
1723 1415 1905 1471 mundi

320 1517 502 1578 rebus,
526 1530 553 1568 a
576 1515 768 1585 quibus
792 1518 932 1567 ultro
959 1527 1078 1567 sese
1108 1520 1476 1578 removerunt,
1507 1512 1751 1577 accipere
1773 1522 1909 1578 Opus

323 1604 579 1675 habent),
620 1621 851 1675 quonam
897 1603 1109 1659 tandem
1144 1615 1297 1674 pacto
1340 1601 1473 1660 mihi
1515 1602 1568 1658 id
1599 1605 1905 1673 acquiram,

319 1697 462 1767 quod
511 1697 639 1767 ipsis
696 1695 985 1751 interdixi?
1015 1695 1146 1750 Nam
1175 1697 1216 1751 si
1254 1696 1594 1765 pecuniarum
1637 1694 1909 1765 possessio

321 1789 457 1845 bona
502 1797 681 1854 esset,
725 1787 827 1842 illis
884 1797 1030 1843 certe
1070 1797 1193 1842 ante
1243 1804 1328 1844 me
1371 1804 1463 1845 eas
1505 1787 1903 1858 impertiissem.

2017 577 2155 634 Deus
2197 594 2256 636 se
2287 581 2461 652 ipsum
2511 583 2577 640 iis
2607 600 2636 640 a
2665 587 2857 656 quibus
2887 588 3124 660 diligitur
3168 591 3376 645 donans
3402 607 3414 643 :
3445 606 3600 661 cujus

2013 681 2067 728 et
2097 674 2436 742 pulchritudo
2470 692 2720 734 sermone
2749 683 2893 735 omni
2927 684 3266 751 praestantior
3297 691 3401 750 est,
3423 694 3477 738 et
3508 699 3606 754 po-

2015 768 2180 822 tentia
2210 769 2428 834 invicta,
2463 782 2516 826 et
2541 772 2707 842 gloria
2735 776 3086 844 sempiterna,
3120 785 3169 831 et
3198 776 3354 849 cujus
3381 777 3518 834 bona
3538 792 3602 844 ea

2016 874 2131 930 qua:
2179 861 2346 930 ipsius
2375 864 2580 920 amicos
2611 879 2848 934 manent,
2881 869 3058 924 omnia
3101 884 3220 940 quae
3262 869 3433 926 oculis
3485 886 3606 926 cer-

2014 963 2213 1006 nuntur
2260 952 2774 1024 imcomparabiliter
2817 959 3143 1015 antecellunt
3191 977 3205 1015 :
3247 975 3367 1032 quae
3417 963 3609 1022 oculus

2015 1059 2119 1098 non
2173 1047 2337 1115 vidit,
2390 1063 2490 1105 nec
2537 1049 2684 1106 auris
2732 1051 2966 1123 audivit,
3003 1067 3101 1108 nec
3149 1054 3202 1108 in
3234 1070 3328 1110 cor
3375 1055 3607 1114 hominis

2013 1138 2370 1196 ascenderunt
2400 1139 2458 1212 (I
2503 1142 2623 1199 Cor.
2660 1144 2756 1216 It)?
2783 1134 3020 1213 Quorum
3054 1148 3254 1202 utinam
3301 1148 3395 1204 tibi
3449 1149 3608 1205 robu-

2014 1231 2248 1284 Stissima
2292 1232 2384 1288 Dei
2435 1249 2594 1290 manu
2639 1245 2793 1306 septo
2837 1253 2900 1293 ac
2943 1240 3150 1295 munito
3187 1239 3454 1297 haredcm
3489 1255 3613 1300 esse

2013 1322 2314 1395 contingat!

2089 1415 2252 1486 Regis
2283 1427 2461 1475 autem
2492 1419 2631 1477 illius
2681 1423 2930 1495 lacrymis
2964 1422 3246 1494 perfusus,
3289 1426 3610 1502 angebatur,

2017 1521 2079 1562 ac
2107 1524 2318 1564 summa
2349 1512 2591 1568 molestia
2623 1514 2992 1590 afficiebatur,
3027 1527 3082 1575 ut
3108 1519 3200 1592 qui
3246 1519 3314 1575 ab
3343 1521 3612 1578 amantis-

2017 1607 2153 1663 simo
2185 1621 2335 1680 patre
2375 1627 2438 1667 ac
2470 1615 2912 1683 prazstantissimo
2957 1616 3214 1689 magistro
3252 1618 3478 1689 relinqui
3511 1621 3613 1676 mi-

2018 1702 2166 1760 nime
2215 1706 2527 1762 sustineret.
2573 1708 2637 1762 Et
2679 1711 2922 1779 quisnam
2949 1756 2962 1780 ,
3015 1711 3318 1782 inquiebat,
3355 1729 3387 1768 ο
3433 1715 3612 1782 Pater,

2020 1800 2141 1850 tuas
2195 1804 2372 1866 partes
2412 1799 2683 1868 explebit?
2726 1810 2817 1857 aut
2856 1818 3014 1873 quem
3059 1803 3273 1860 tandem
3307 1803 3615 1876 hujusmodi

321 1880 582 1949 Quoniam
611 1891 787 1937 autem
827 1880 1107 1937 exitiosam
1139 1898 1322 1937 earum
1353 1883 1747 1953 possessionem
1791 1895 1915 1938 esse
1944 1878 1994 1939 Β
2021 1895 2289 1954 pastorem
2316 1905 2378 1944 ac
2403 1890 2596 1948 ducem
2629 1897 2880 1964 consequi
2912 1897 3134 1963 potero?
3164 1905 3218 1950 et
3246 1913 3478 1965 quonam
3522 1912 3614 1952 so-

324 1975 459 2039 scio,
493 1989 590 2029 nec
613 1973 769 2042 illos,
811 1987 912 2031 nec
938 1989 1024 2030 me
1051 1973 1180 2030 item
1223 1975 1527 2046 hujusmodi
1573 1973 1776 2043 laqueis
1814 1975 1912 2029 im-

327 2066 521 2136 plicato
551 2067 590 2120 ⁸.

394 2158 528 2215 Cum
559 2159 718 2231 igitur
747 2176 815 2217 ne
846 2161 946 2216 hoc
974 2176 1185 2233 quoque
1222 2161 1320 2231 ipsi
1353 2161 1672 2231 persuadere
1707 2163 1911 2232 potuis-

321 2264 425 2318 set,
459 2255 522 2308 ad
550 2255 773 2310 alteram
806 2255 1116 2326 petitionem
1151 2270 1359 2311 rursum
1389 2269 1447 2310 se
1475 2258 1758 2322 convertit,
1789 2273 1912 2325 sup-

321 2348 548 2419 plexque
576 2348 642 2402 ah
673 2362 737 2402 eo
770 2347 922 2417 petiit
949 2361 1016 2403 ne
1054 2362 1241 2417 preces
1268 2361 1394 2402 suas
1431 2347 1649 2402 omnino
1683 2348 1916 2418 neglige-

322 2449 426 2502 ret,
463 2455 560 2493 nec
590 2455 648 2494 se
677 2439 824 2494 omni
854 2441 1121 2495 maestitiae
1149 2455 1346 2511 genere
1371 2439 1702 2510 proﬂigaret,
1733 2455 1913 2495 terum

323 2541 382 2585 ut
401 2530 651 2587 detritum
681 2531 812 2587 illud
840 2543 893 2587 et
923 2546 1197 2601 asperum,
1221 2547 1286 2589 ac
1311 2543 1579 2588 vetustate
1611 2532 1914 2588 coniectum

321 2627 540 2697 pallium
568 2627 699 2698 (tum
733 2627 799 2681 ad
833 2627 1098 2697 religiosa:
1130 2628 1368 2699 magistri
1396 2631 1477 2683 sui
1507 2627 1629 2682 vitae
1661 2628 1917 2682 reirican-

321 2722 444 2777 dam
481 2725 825 2789 memoriam,
862 2732 974 2778 tum
1004 2724 1068 2777 ad
1102 2724 1408 2792 prmsidium
1441 2723 1698 2779 adversus
1728 2736 1918 2778 omnes

320 2815 537 2872 Satana-
568 2814 801 2886 amatus)
829 2816 929 2870 sibi
969 2816 1332 2886 relinqueret,
1379 2823 1542 2886 atque
1580 2815 1696 2884 ipse
1726 2831 1821 2883 pro
1851 2829 1917 2869 eo

321 2908 467 2962 aliud
511 2908 774 2977 acciperet
804 2925 816 2962 :
852 2925 955 2978 quo
986 2908 1221 2974 scilicet,
1265 2908 1468 2976 inquit,
1521 2908 1573 2964 id
1602 2907 1746 2976 quod
1774 2924 1803 2962 a
1833 2921 1917 2963 me

322 2999 505 3054 datum
539 3000 733 3066 fuerit,
782 3002 1111 3072 perspiciens
1132 3044 1146 3067 ,
1179 3000 1498 3058 humilitatis
1543 3016 1676 3057 mea:
1707 3015 1910 3056 memo-

321 3096 456 3149 riam
488 3095 741 3149 retineas.

398 3189 485 3242 Ait
504 3198 680 3242 autem
703 3200 867 3242 senex
893 3202 905 3240 :
937 3185 1098 3240 Vetus
1119 3200 1298 3242 meum
1326 3199 1389 3241 ac
1413 3184 1669 3241 detritum
1693 3185 1912 3253 pallium

2019 1975 2150 2031 latio
2176 1978 2500 2036 desiderium
2532 1982 2604 2038 tui
2630 1982 2845 2040 lenibo?
2870 1984 3012 2042 Ecce
3034 1988 3176 2042 enim
3203 2004 3288 2044 me
3311 1989 3616 2060 improbum

2021 2083 2084 2124 ac
2113 2073 2364 2128 rebellem
2398 2088 2614 2131 servum
2646 2077 2712 2132 ad
2742 2077 2910 2133 Deum
2940 2079 3230 2146 adduxisti,
3254 2080 3486 2152 atquein
3519 2079 3616 2139 filii

2021 2172 2075 2218 et
2103 2163 2332 2220 hzeredis
2363 2167 2537 2224 classe
2565 2171 2840 2227 collocasti
2863 2217 2876 2241 ,
2910 2188 2970 2226 ac
3015 2190 3099 2228 tne
3147 2174 3407 2244 perditum
3450 2186 3616 2246 atque

2021 2257 2269 2313 omnibus
2298 2258 2482 2317 besdis
2512 2261 2748 2331 praedam
2771 2264 3071 2335 expositum
3102 2268 3420 2336 exquisiisti,
3452 2269 3615 2342 292

2021 2358 2217 2406 etcum
2247 2351 2311 2406 iis
2338 2352 2432 2407 Dei
2460 2353 2648 2409 ovibus
2673 2372 2791 2425 quae
2833 2357 3051 2412 minime
3094 2363 3476 2414 aberraverant
3520 2377 3615 2414 co-

2023 2446 2213 2514 pulasti
2237 2445 2386 2512 (Luc.
2412 2449 2528 2518 xv),
2553 2459 2713 2520 atque
2730 2452 3182 2521 compendiariam
3203 2456 3444 2509 veritatis
3471 2456 3615 2518 viam

2022 2538 2151 2592 milii
2194 2539 2569 2598 demonstrasti
2605 2542 2779 2614 (Psal.
2817 2543 3035 2617 Lxxxv),
3070 2563 3258 2615 meque
3283 2547 3348 2601 de
3379 2548 3615 2603 tenebris

2022 2640 2074 2683 et
2102 2631 2288 2686 umbra
2318 2635 2505 2689 mortis
2552 2636 2781 2691 eduxisti
2804 2637 2981 2709 (Lucra
3025 2641 3088 2708 ι),
3121 2655 3181 2694 ac
3213 2640 3376 2709 pedes
3407 2656 3553 2696 meos
3586 2656 3616 2696 θ

2023 2723 2224 2779 lubrica
2250 2737 2303 2781 et
2323 2728 2549 2783 exitiosa
2576 2747 2636 2783 ac
2662 2746 2910 2799 perversa
2936 2741 2987 2786 et
3009 2747 3172 2788 curva
3198 2734 3280 2788 via
3311 2736 3615 2789 extraxisti.

2023 2814 2210 2885 Magna
2241 2828 2292 2870 et
2326 2818 2636 2874 admiranda
2666 2821 2793 2876 mihi
2823 2839 2852 2876 a
2885 2832 2936 2879 te
2965 2823 3104 2879 bona
3131 2834 3249 2879 orta
3279 2833 3424 2888 sunt,
3453 2837 3616 2896 atque

2022 2911 2306 2978 ejusmodi,
2337 2925 2393 2966 ut
2423 2914 2745 2983 singularem
2787 2931 2974 2971 eorum
3004 2917 3424 2985 magnitudinem
3469 2919 3614 2974 nulla

2022 3003 2194 3057 oratio
2219 3009 2469 3076 consequi
2503 3009 2692 3077 possit.
2729 3009 3036 3080 Magnorum
3066 3012 3227 3081 igitur
3253 3013 3367 3082 ipse
3402 3027 3616 3084 quoque

2022 3111 2122 3167 pro
2143 3113 2228 3153 me
2254 3099 2448 3169 exiguo
2471 3100 2794 3156 homunculo
2819 3105 2983 3170 ipsius
3008 3105 3388 3160 beneﬁciorum
3415 3107 3618 3165 utinam

2026 3193 2100 3246 sis
2130 3196 2435 3262 particeps!
2471 3205 2630 3267 atque
2664 3196 2715 3251 id
2747 3199 2886 3268 quod
2921 3215 3053 3254 meae
3085 3202 3374 3271 gratiarum
3421 3198 3619 3258 actioni

323 3279 422 3335 tibi
451 3279 592 3335 dono
624 3280 786 3348 dare,
833 3279 1086 3350 aliudque
1116 3293 1310 3334 novum
1362 3278 1734 3334 indumentum
1766 3277 1910 3333 ειοοὶ-
1946 3266 1992 3332 C
2023 3283 2175 3341 deest
2204 3287 2416 3356 expleat
2445 3266 2726 3357 Dominus,
2759 3266 2850 3361 qui
2881 3293 3026 3348 solus
3052 3266 3440 3350 beneficiorum
3482 3295 3619 3351 rela-

325 3389 475 3442 pere,
506 3373 633 3427 mihi
662 3388 765 3428 non
789 3374 933 3439 licet,
954 3388 1022 3428 ne
1049 3371 1225 3442 exigui
1258 3373 1361 3428 mei
1388 3372 1588 3426 laboris
1609 3371 1913 3427 mercedem

326 3465 414 3519 hic
443 3464 710 3534 recepisse
739 3465 913 3520 divina
951 3466 1216 3520 sententia
1248 3463 1576 3533 pronuntiet.
1624 3464 1913 3529 Caeterum,

325 3573 396 3614 ne
425 3567 567 3613 tuatn
596 3559 757 3613 animi
783 3558 1114 3614 alacritatem
1156 3561 1460 3624 retundam,
1493 3568 1725 3627 vetusta,
1761 3574 1858 3614 nec
1887 3573 1920 3614 ι

325 3649 464 3706 meis
486 3652 770 3722 quidquam
801 3650 1035 3718 diversa,
1061 3667 1121 3708 ea
1150 3651 1464 3714 indumenta
1495 3652 1622 3719 sint,
1647 3668 1764 3722 quae
1788 3652 1921 3707 mihi

323 3746 425 3802 abs
454 3755 506 3802 te
536 3749 896 3819 porrigentur.
931 3746 1091 3818 Regis
1117 3748 1301 3819 itaque
1331 3747 1496 3813 illius,
1525 3762 1647 3804 cum
1696 3761 1921 3812 asperos

327 3839 585 3909 quosdam
643 3855 704 3893 ac
758 3851 998 3896 vetustos
1050 3855 1254 3910 pannos
1302 3840 1672 3911 quaesivisset,
1722 3854 1921 3909 eosque

327 3931 446 3987 seni
478 3931 729 3998 dedisset,
767 3932 934 4000 ipsius
964 3943 1114 3988 veste
1143 3931 1370 3986 invicem
1401 3944 1641 4000 accepta,
1675 3946 1920 4002 magnam

330 4024 457 4080 inde
484 4025 719 4079 lmtitiam
753 4028 1017 4097 concepit,
1050 4029 1235 4097 quavis
1283 4042 1513 4096 purpura
1547 4043 1609 4082 ac
1639 4027 1787 4097 regio
1828 4041 1918 4080 or-

328 4127 585 4174 narrento
610 4120 744 4174 citra
766 4135 978 4175 onmem
1005 4122 1461 4191 comparationem
1489 4122 1918 4192 praestantiorem

329 4223 451 4265 eam
485 4209 815 4267 existimans.

407 4302 782 4358 Divinissimus
801 4314 976 4359 autem
1003 4305 1244 4360 Barlaam
1271 4305 1382 4376 jam
1407 4306 1625 4376 jamque
1646 4308 1924 4362 discedere

331 4397 589 4465 cupii-ns,
631 4413 689 4452 ea
719 4413 836 4468 quae
868 4398 930 4451 ad
963 4399 1257 4454 discessum
1291 4400 1631 4468 pertinebant
1671 4401 1924 4470 loqueba-

333 4499 449 4555 tur,
499 4502 928 4559 postremamque
975 4490 1112 4544 hanc
1161 4491 1262 4561 ipsi
1303 4491 1602 4547 doctrinam
1656 4493 1921 4547 adhibuit.

331 4583 659 4638 Charissime
692 4584 888 4652 frater,
928 4585 1133 4656 inquit,
1167 4599 1228 4638 ac
1256 4587 1575 4641 suavissime
1623 4586 1727 4648 liii,
1763 4600 1920 4653 quem

2025 3378 2169 3433 tione
2194 3393 2286 3433 eos
2312 3380 2396 3448 qui
2431 3380 2591 3450 ipsius
2624 3397 2806 3437 amore
2841 3384 3051 3452 praediti
3082 3397 3206 3440 sunt
3245 3397 3478 3457 superat.

2098 3471 2338 3527 Bariaam
2388 3482 2588 3541 autem,
2645 3476 2811 3545 ipsius
2855 3478 3265 3536 lamentationes
3311 3493 3616 3552 amputans,

2025 3564 2277 3631 surrexit,
2329 3575 2488 3636 atque
2533 3567 2598 3621 ad
2631 3568 2891 3624 orandum
2942 3586 3001 3626 se
3028 3575 3396 3642 comparavit,
3455 3573 3619 3628 mani—

2027 3657 2230 3725 busque
2260 3659 2309 3712 in
2336 3659 2529 3712 coelum
2552 3659 2796 3728 sublatis,
2831 3661 2915 3716 hic
2934 3663 3115 3717 verbis
3170 3679 3293 3718 usus
3324 3673 3407 3719 est
3434 3708 3444 3718 .
3483 3666 3621 3720 Deus

2027 3756 2082 3805 et
2111 3748 2270 3804 Pater
2301 3747 2510 3805 Domini
2537 3752 2704 3806 nostri
2724 3753 2850 3808 Jesu
2875 3753 3100 3825 Christi,
3126 3757 3214 3825 qui
3245 3772 3306 3810 ea
3331 3772 3450 3826 quae
3475 3758 3621 3826 prius

2029 3843 2264 3896 tenebris
2306 3841 2532 3898 obducta
2566 3852 2751 3909 erant,
2808 3846 2926 3901 luce
2956 3847 3270 3917 perfudisti,
3328 3860 3484 3920 atque
3535 3864 3621 3906 res

2026 3946 2214 3987 omnes
2243 3933 2485 3989 conditas
2508 3977 2523 4002 ,
2576 3945 2683 3990 tam
2715 3952 2833 4004 qua:
2865 3948 3081 4006 aspectu
3113 3941 3416 3994 sentiuntur
3461 3957 3622 4012 quam

2028 4039 2146 4093 quae
2175 4024 2241 4079 ab
2266 4025 2543 4081 oculorum
2573 4042 2735 4084 sensu
2764 4039 2984 4084 remota:
3013 4040 3157 4094 sunt,
3188 4047 3252 4087 ex
3299 4032 3470 4087 nihilo
3502 4049 3623 4102 pro-

2028 4119 2249 4186 duxisti,
2273 4122 2363 4190 qui
2392 4123 2699 4191 lignientum
2725 4133 2870 4178 tuutn
2896 4127 3231 4193 convertisti,
3254 4142 3350 4184 nec
3374 4144 3472 4184 nos
3504 4137 3625 4196 post

2028 4211 2390 4282 insipientiam
2443 4227 2680 4270 nostram
2725 4217 2873 4271 abire
2925 4220 3243 4284 permisisti,
3297 4221 3497 4289 gratias
3527 4221 3624 4276 tibi

2029 4308 2265 4377 agimus,
2315 4323 2377 4363 ac
2407 4317 2507 4362 tua:
2540 4316 2791 4378 potentiae
2837 4319 2889 4363 et
2920 4312 3219 4380 sapientiae,
3257 4312 3357 4366 hoc
3385 4323 3468 4367 est
3517 4313 3621 4368 Do-

2030 4403 2174 4457 mino
2201 4410 2386 4456 nostro
2412 4399 2536 4456 Jesu
2561 4399 2798 4467 Christo,
2834 4416 2928 4470 per
2955 4417 3113 4472 quem
3137 4402 3297 4458 etiam
3325 4404 3516 4458 saecula
3544 4403 3621 4460 fe-

2029 4493 2148 4549 cisti
2177 4493 2314 4562 (fieb
2366 4492 2427 4563 l),
2455 4509 2655 4564 uosque
2686 4498 2965 4564 prolapsos
2996 4504 3048 4549 et
3070 4495 3311 4566 jacentes
3343 4497 3620 4565 excitasti,

2031 4595 2085 4640 et
2113 4585 2425 4654 delinquent
2454 4585 2550 4639 bus
2578 4594 2794 4655 peccata
2839 4585 3123 4654 remisisti,
3152 4602 3336 4641 errore
3368 4596 3622 4658 vagantes

331 4692 434 4743 ego
466 4694 558 4746 per
584 4677 926 4746 Evangelium
953 4678 1108 4746 genui
1145 4675 1195 4748 (1
1228 4676 1346 4731 Cor.
1382 4677 1489 4746 tv),
1541 4680 1645 4731 scis
1677 4678 1758 4730 cui
1792 4677 1919 4745 Hegi
1954 4651 2012 4715 D
2034 4677 2329 4742 reduxisti,
2383 4679 2621 4745 captivos
2651 4678 2947 4744 redemisti,
2982 4689 3154 4736 morte
3203 4681 3497 4737 exstincms
3530 4697 3624 4752 per

333 4786 530 4826 nomen
574 4770 803 4836 dedisti,
852 4779 906 4823 et
955 4783 1076 4824 cum
1121 4784 1226 4838 quo
1266 4777 1419 4838 pacta
1469 4769 1686 4822 iuivisti.
1743 4771 1920 4834 Quare

335 4866 488 4918 firma
513 4879 575 4919 ea
597 4879 780 4918 serves
804 4876 1025 4917 necesse
1050 4871 1150 4927 est,
1180 4870 1339 4932 atque
1369 4864 1546 4916 omnia
1575 4863 1776 4917 militia:
1806 4879 1921 4917 mu-

331 4958 446 5020 nia,
469 4972 588 5026 qua:
621 4957 673 5011 in
707 4955 1005 5024 hujusmodi
1034 4966 1310 5025 pactorum
1342 4955 1546 5022 charta,
1576 4967 1838 5025 pra-sente
1861 4973 1924 5011 ac

329 5057 604 5114 tcSIaute,
655 5058 815 5118 atque
850 5047 1011 5103 etiam
1061 5057 1214 5116 pacta
1255 5049 1365 5115 ipsa
1400 5049 1590 5103 litteris
1639 5049 1923 5102 mandante

336 5143 591 5198 universo
615 5140 822 5194 cmlesti
867 5140 1140 5207 exercitu,
1176 5140 1502 5210 promisisti,
1536 5142 1698 5197 alacri
1745 5144 1926 5198 animo

334 5232 670 5301 exsequaris.
709 5232 839 5300 Quae
868 5231 1082 5298 quidem
1117 5231 1163 5287 si
1197 5233 1546 5300 praestiteris,
1579 5236 1763 5290 beatus
1795 5239 1920 5290 eris.

334 5325 600 5390 Quocirca
633 5325 723 5378 tibi
768 5325 1153 5393 providendum
1185 5335 1270 5381 est
1321 5341 1386 5381 ne
1416 5326 1541 5394 quid
1581 5331 1923 5395 praesentium

339 5435 518 5476 rerum
547 5419 689 5484 Deo,
721 5418 992 5488 ipsiusque
1040 5418 1195 5474 bonis
1237 5428 1552 5488 anteponas.
1601 5422 1738 5489 Quid
1783 5425 1923 5478 enim

335 5531 522 5572 rerum
568 5514 909 5585 praesentium
963 5520 1164 5567 tantum
1217 5516 1438 5569 terroris
1481 5515 1674 5572 alierre
1717 5527 1923 5587 potest,

337 5619 598 5679 quantum
633 5609 769 5677 ignis
793 5606 980 5661 aeterni
1011 5606 1297 5672 cruciatus,
1330 5607 1419 5676 qui
1447 5607 1517 5661 ita
1547 5609 1720 5674 ardet,
1752 5617 1810 5663 ut
1839 5611 1925 5665 in-

342 5709 500 5761 terim
525 5707 661 5762 lucis
685 5704 863 5759 omnis
901 5715 1094 5770 expers
1123 5705 1220 5764 sit,
1267 5717 1364 5756 nec
1393 5719 1622 5774 unquam
1671 5706 1926 5760 exurendi

341 5801 507 5855 finem
540 5795 731 5852 iaciat?
755 5795 832 5849 Ac
862 5806 1095 5858 rursum,
1127 5792 1393 5860 quodnam
1427 5808 1502 5848 ρει
1543 5793 1698 5859 hujus
1745 5796 1925 5851 mundi

418 5916 432 5945 ¹
465 5910 578 5968 Hoc
612 5908 853 5979 intelligo
883 5906 952 5963 de
978 5905 1198 5966 divitiis,
1229 5906 1422 5977 quibus.
1455 5908 1640 5976 aliquis
1664 5909 1918 5965 abutitur.

2034 4767 2151 4821 Filii
2182 4772 2253 4821 tui
2303 4782 2363 4821 ac
2394 4767 2601 4823 Domini
2643 4767 2808 4823 nostri
2861 4770 3150 4838 pretiosum
3201 4774 3518 4841 sanguinem
3552 4773 3618 4829 ad

2031 4861 2194 4916 vitam
2224 4861 2504 4916 revocasti.

2102 4954 2178 5010 Te
2207 4955 2365 5024 igitur
2411 4955 2636 5023 invoco,
2672 4963 2833 5026 atque
2863 4968 3191 5028 unigenitum
3220 4957 3415 5014 Filium
3449 4968 3618 5024 tuum,

2033 5061 2087 5105 et
2118 5049 2512 5103 sancxissimum
2547 5057 2693 5104 tuum
2726 5050 3008 5118 Spiritum.
3045 5051 3268 5121 Respice
3300 5052 3350 5104 in
3380 5049 3622 5106 oratione

2039 5143 2311 5211 prteditatn
2356 5144 2491 5196 hanc
2523 5157 2676 5196 ovem
2697 5183 2712 5207 ,
2755 5158 2876 5213 qua:
2909 5159 3000 5213 per
3033 5159 3118 5197 me
3148 5143 3422 5211 indignum
3454 5141 3624 5196 homi-

2035 5251 2155 5291 nem
2185 5236 2248 5290 ad
2278 5236 2445 5291 altare
2473 5246 2617 5291 tuum
2641 5239 2866 5305 accedit,
2893 5252 3052 5308 atque
3075 5236 3240 5306 ipsius
3272 5237 3500 5291 animam
3530 5253 3624 5307 per

2037 5329 2287 5385 virtutem
2319 5345 2380 5384 ac
2409 5330 2634 5400 gratiam
2683 5338 2825 5385 tuam
2857 5331 3151 5385 sanctiﬁca.
3203 5329 3367 5385 Visita
3409 5331 3621 5384 vineam

2038 5423 2174 5478 hanc
2205 5423 2374 5494 (Psal.
2403 5426 2616 5494 Lxxtx),
2647 5440 2764 5494 qua":
2794 5440 2889 5494 per
2913 5425 3167 5493 Spiritum
3199 5437 3439 5479 sanctum
3474 5435 3618 5480 tuum

2038 5517 2267 5585 plantata
2295 5526 2396 5582 est,
2430 5527 2590 5586 atque
2617 5519 2718 5573 hoc
2742 5519 2788 5572 ei
2818 5516 2906 5582 da,
2937 5526 2995 5571 ut
3019 5514 3244 5587 justitia:
3281 5519 3510 5572 fructum
3548 5519 3625 5573 ie-

2035 5619 2143 5673 rat;
2199 5610 2485 5664 corrobora
2517 5624 2673 5674 eum,
2725 5619 2936 5679 pactum
2970 5617 3118 5665 tuum
3169 5610 3222 5664 in
3259 5626 3374 5679 IpSO
3417 5609 3616 5667 conilr«

2035 5716 2219 5765 mans;
2281 5717 2340 5753 ac
2390 5717 2483 5770 per
2515 5703 2634 5757 boni
2685 5703 2756 5758 tui
2809 5703 3038 5773 Spiritus
3077 5703 3392 5773 sapientiam
3441 5717 3622 5760 eum:

2034 5796 2226 5848 diaboli
2264 5793 2445 5848 fraude
2474 5805 2631 5864 atque
2665 5796 2955 5864 imposmra
2991 5798 3158 5863 eripe.
3197 5795 3336 5850 Doce
3383 5807 3502 5850 eum
3539 5795 3619 5848 la-
