4158 6354
590 397 693 456 527

1621 398 1708 458 DE
1751 397 1930 459 VITIS
1970 394 2252 457 PATRUM
2292 398 2498 455 LIBER
2536 394 2812 458 PRIMUS.

3768 393 3871 452 528

589 537 716 579 cere
740 521 1067 578 voluntatem
1102 532 1245 577 tuam
1272 520 1443 593 (Psal.
1468 520 1657 591 cxtn),
1680 520 2007 577 etauxilium
2034 530 2180 573 tuum
2211 512 2261 576 A
2288 526 2434 588 ptum
2465 533 2585 574 esse
2614 517 2988 588 perspiciebat,
3021 516 3210 572 sedulo
3247 529 3370 570 eum
3400 513 3688 570 invisebat.
3711 511 3873 570 Cum-

589 616 659 671 ab
702 630 869 671 eone
918 615 1125 670 auferas
1160 613 1329 687 (Paul.
1378 614 1452 685 ι).
1489 614 1664 684 Atque
1710 621 1765 669 et
1797 613 1896 683 ipsi
1944 621 1999 667 et
2046 610 2178 665 mihi

591 724 750 764 servo
778 709 982 776 inutili,
1028 708 1291 763 bonorum
1327 718 1538 764 luormn
1568 722 1689 778 qute
1719 707 1879 762 ﬁnem
1911 696 2178 769 nesciunt,

592 801 962 858 haereditatem
994 804 1249 871 consequi
1284 800 1549 857 beneﬁcio
1578 812 1668 856 tuo
1710 798 2001 867 contingat.
2033 796 2179 865 Quo-

589 896 732 949 niam
778 895 1096 952 benedictus
1144 909 1204 951 es
1250 904 1304 951 et
1332 893 1600 966 gloriosus
1652 893 1706 947 in
1750 890 1964 947 saecula.
2013 890 2181 945 Amen

591 986 754 1059 (Dan.
792 989 892 1058 tu).

662 1080 923 1137 Absoluta
965 1090 1141 1138 autem
1172 1083 1446 1149 oratione,
1480 1095 1809 1149 conversus,
1860 1080 2031 1150 ipsum
2072 1092 2184 1146 jam

593 1162 828 1232 etelestis
856 1176 1030 1233 Patris
1057 1177 1224 1232 ﬁlium
1254 1176 1595 1233 exosculatus
1619 1185 1725 1241 est,
1756 1187 2050 1243 pacemque
2076 1169 2180 1240 ipsi

592 1282 657 1323 ac
681 1269 1060 1339 sempiternam
1092 1270 1317 1325 salutem
1368 1278 1635 1339 precatus,
1664 1285 1732 1325 ex
1776 1268 1894 1322 aula
1924 1265 2182 1331 excessit,

594 1360 855 1430 laetusque
884 1361 1034 1427 abiit,
1066 1361 1264 1433 gratias
1296 1363 1407 1416 Deo
1444 1375 1630 1432 agens,
1681 1360 1838 1431 cujus
1877 1360 2057 1415 favore
2088 1358 2188 1411 iter

595 1450 697 1519 ipsi
729 1466 798 1506 ex
828 1453 992 1507 animi
1021 1453 1285 1509 sententia
1330 1462 1689 1509 successerat.

667 1544 795 1600 CAP.
828 1543 997 1600 XXII.
1029 1575 1099 1585 —
1125 1545 1382 1615 Josapltat
1420 1554 1599 1600 autem
1620 1587 1635 1611 ,
1668 1555 2011 1615 posteaquam
2061 1542 2192 1598 exiit

596 1633 880 1706 Barlaam,
927 1639 1175 1708 precibus
1205 1654 1323 1694 sese
1354 1638 1530 1705 dedit,
1579 1637 2064 1707 calentissimisque
2110 1635 2188 1689 la-

596 1732 799 1798 erymis
826 1730 1060 1801 profusis
1112 1732 1178 1786 ad
1216 1732 1357 1786 hunc
1394 1732 1613 1786 modum
1659 1731 1866 1786 locutus
1897 1740 2017 1786 est:
2051 1729 2191 1783 Deus

598 1819 653 1874 in
677 1820 999 1891 adjutoriunt
1026 1838 1201 1878 meum
1230 1823 1466 1890 intende,
1502 1824 1721 1878 Domine
1744 1824 1809 1878 ad
1827 1823 2189 1892 adjuvandum

2287 626 2388 680 que
2420 610 2584 680 ipsius
2615 619 2810 665 statum
2834 620 3082 665 accurate
3102 608 3522 672 considerasset,
3557 622 3670 678 regi
3691 608 3873 664 confe-

2286 703 2410 757 stim
2460 702 2737 769 indicavit,
2793 703 2951 775 293
3001 718 3061 759 se
3106 703 3237 758 nihil
3281 701 3422 773 quod
3482 701 3729 757 morbum
3777 701 3874 771 ipsi

2290 805 2591 851 accerseret
2611 795 2665 850 in
2687 810 2752 850 eo
2776 796 3012 865 reperire
3036 796 3303 865 potuisse;
3325 810 3388 850 ac
3416 794 3643 865 proinde
3667 796 3740 849 ita
3764 796 3875 851 exi-

2287 888 2511 943 stimare
2538 904 2660 943 eum
2690 888 2870 957 aliquo
2896 888 3061 944 animi
3090 904 3322 946 mcerore
3374 888 3623 944 allectum
3651 888 3706 944 in
3734 902 3873 945 mor-

2290 982 2416 1037 bum
2447 981 2718 1037 incidisse.
2752 981 2863 1037 Rex
2890 991 3068 1037 autem
3100 980 3185 1037 his
3206 982 3383 1038 verbis
3410 980 3629 1047 auditis,
3662 980 3768 1036 hoc
3797 996 3879 1037 ar-

2289 1074 2513 1129 bitratus
2554 1082 2639 1129 est
2685 1090 2805 1129 eum
2854 1088 2885 1129 a
2928 1074 3036 1129 ﬁlio
3077 1075 3319 1144 asperius
3357 1084 3635 1145 acceptum
3684 1074 3876 1143 fuisse,

2297 1180 2456 1239 atque
2501 1170 2599 1224 hac
2649 1170 2717 1224 de
2771 1183 2933 1224 causa
2983 1177 3244 1237 concepto
3274 1182 3509 1224 interere
3566 1166 3875 1223 recessisse.

2290 1261 2552 1328 Quidnam
2607 1268 2784 1314 autem
2843 1258 2893 1313 id
2942 1268 3089 1315 esset
3132 1257 3384 1329 deinceps
3436 1259 3576 1314 scire
3624 1257 3875 1326 cupiens,

2291 1355 2519 1410 Zardaui
2549 1369 2608 1410 se
2638 1369 2788 1420 eum,
2809 1362 2868 1409 ut
2890 1354 3063 1409 oborti
3094 1352 3267 1409 morbi
3294 1369 3509 1409 causam
3539 1353 3875 1425 intelligeret,

2293 1450 2526 1505 crastino
2549 1449 2635 1504 die
2657 1449 2950 1504 invisurum
2974 1449 3314 1519 signiﬁcavit.

2366 1542 2577 1598 Zardan
2604 1552 2785 1599 autem
2836 1542 2992 1615 hujus
3026 1542 3272 1613 promissi
3301 1545 3497 1598 certior
3534 1541 3728 1609 factus,
3771 1554 3876 1599 sta-

2297 1636 2387 1690 tim
2420 1643 2477 1689 ut
2502 1634 2711 1701 diluxit,
2744 1634 3068 1691 indumentis
3097 1636 3362 1707 acceptis,
3393 1634 3460 1691 ad
3501 1653 3677 1708 regem
3723 1637 3877 1707 profic

2293 1729 2532 1793 ciscitur,
2564 1743 2795 1798 eumque
2844 1729 3004 1784 simul
3051 1738 3211 1800 atque
3265 1729 3535 1801 ingressus
3582 1738 3687 1799 est,
3739 1730 3880 1787 hmui

2297 1829 2595 1889 prostratus
2635 1822 2898 1877 adoravit.
2942 1821 3053 1877 ilex
3102 1832 3277 1877 autem
3325 1841 3337 1877 :
3373 1824 3532 1890 Quid,
3566 1824 3759 1895 inquit,
3791 1823 3878 1879 tibi

602 1928 689 1966 me
721 1914 919 1967 festina
946 1913 1119 1984 (Psal.
1156 1917 1325 1985 thx).
1352 1916 1614 1983 Quoniam
1649 1917 1743 1971 tibi
1793 1916 2082 1972 derelictus
2108 1924 2190 1971 est
2224 1925 2269 1985 Β
2297 1914 2400 1970 vim
2430 1915 2675 1983 attulisti,
2704 1926 2761 1971 ιιι
2801 1915 2867 1970 ad
2917 1932 3003 1971 me
3032 1917 3357 1973 accederes?
3381 1919 3514 1974 Nam
3556 1919 3672 1990 ipse
3719 1921 3784 1974 ad
3833 1928 3880 1976 te

601 2006 846 2077 pauper:
881 2010 1124 2079 orphano
1157 2019 1210 2064 tu
1241 2010 1346 2065 eris
1380 2009 1590 2080 adjutor
1622 2009 1791 2081 (Psal.
1829 2010 1928 2083 ix).
1963 2010 2190 2079 Respice

596 2096 650 2152 in
686 2114 792 2166 me,
824 2108 877 2154 et
903 2104 1161 2158 miserere
1186 2102 1288 2157 mei
1318 2101 1485 2173 (Psal.
1521 2103 1747 2174 Lxxxv),
1779 2104 1868 2174 qui
1892 2118 2080 2159 omnes
2114 2103 2191 2159 vis

598 2190 778 2245 salvos
828 2191 980 2257 ﬁeri,
1032 2204 1087 2249 et
1128 2192 1194 2249 ad
1243 2194 1567 2264 agnitionem
1616 2198 1858 2252 veritatis
1888 2198 2073 2252 venire
2101 2194 2187 2267 (Il

600 2286 739 2344 Tim.
771 2289 832 2361 ι).
865 2290 1029 2347 Serva
1063 2308 1171 2361 me,
1203 2310 1404 2363 quaeso,
1437 2295 1710 2365 indignum
1741 2294 1869 2349 licet
1898 2294 2192 2350 homuncu-

597 2382 732 2451 lum,
757 2397 916 2456 atque
940 2388 1254 2457 corrobora,
1286 2399 1343 2444 ut
1377 2391 1425 2444 in
1471 2401 1778 2447 sanctorum
1819 2390 2191 2447 mandatorum

604 2487 812 2535 tuorum
847 2482 925 2537 tia
952 2482 1243 2537 ambulem.
1276 2485 1536 2553 Quoniam
1568 2501 1668 2556 ego
1699 2484 1979 2542 imbecillis
2003 2501 2065 2541 ac
2095 2486 2193 2542 mi-

597 2586 686 2627 ser
709 2588 848 2643 sum,
878 2592 976 2633 nec
998 2578 1062 2634 iis
1085 2580 1308 2647 viribus,
1332 2589 1391 2635 ut
1412 2583 1535 2639 boni
1560 2583 1848 2654 quidquam
1874 2584 2055 2639 facere
2079 2600 2195 2654 pos-

599 2667 722 2720 sim.
753 2666 832 2723 Tu
862 2685 991 2726 vero
1021 2674 1250 2730 salutem
1286 2676 1414 2731 mihi
1449 2677 1645 2733 afferre
1670 2688 1841 2747 potes,
1877 2680 1963 2750 qui
1991 2679 2190 2745 omnia,

599 2765 712 2829 tam
744 2777 864 2829 qute
895 2766 1063 2820 oculis
1084 2778 1379 2823 cernuntur
1400 2785 1556 2839 quam
1590 2787 1707 2840 qua:
1730 2772 1875 2826 cerni
1899 2781 2193 2842 nequeunt,

600 2855 846 2911 contines
875 2865 1035 2927 atque
1065 2874 1372 2916 conservas.
1409 2862 1487 2920 Ne
1518 2880 1602 2919 tne
1635 2874 1754 2934 post
1788 2863 2059 2934 improbas
2078 2879 2195 2920 car-

600 2943 685 2997 nis
712 2960 843 3001 meae
866 2950 1169 3007 voluntates
1191 2953 1340 3009 abire
1363 2956 1509 3022 sine;
1541 2971 1726 3011 verum
1750 2956 1882 3011 doce
1908 2972 1993 3011 me
2016 2957 2194 3013 facere

601 3036 926 3096 Voluntatcm
956 3052 1097 3098 luam
1130 3043 1303 3114 (Psal.
1329 3049 1517 3120 exul),
1543 3058 1703 3121 atque
1729 3050 1780 3104 in
1808 3047 2193 3119 sempiternam

596 3146 661 3185 ac
687 3130 895 3188 beatam
926 3138 1086 3195 vitam
1121 3155 1207 3195 me
1235 3155 1516 3197 conserva.
1552 3144 1596 3198 υ
1642 3143 1831 3209 Pater,
1866 3152 1918 3200 et
1962 3143 2082 3211 Fili,
2142 3153 2197 3199 et

601 3221 779 3280 divine
806 3227 1056 3297 Spiritus.
1087 3234 1578 3300 consubstantialis,
1605 3250 1668 3291 ac
1691 3234 1969 3291 divisionis
1994 3250 2195 3304 expers

2299 2006 2586 2077 proﬁcisci,
2612 2024 2897 2079 meumque
2921 2025 3046 2080 erga
3080 2021 3131 2064 te
3157 2026 3391 2066 amorem
3422 2013 3670 2068 munibus
3702 2013 3878 2069 decla-

2297 2116 2415 2156 rare
2444 2102 2493 2155 in
2520 2102 2701 2158 animo
2733 2103 3014 2159 habebam.
3046 2105 3141 2160 Ille
3173 2114 3352 2161 autem
3394 2108 3669 2175 respondit
3698 2124 3713 2162 :
3741 2108 3878 2164 Mor-

2298 2196 2397 2251 bus
2429 2214 2599 2267 meus,
2631 2213 2665 2253 o
2694 2215 2809 2267 rex,
2855 2215 2959 2254 non
3011 2214 3074 2255 ex
3105 2215 3291 2256 eorum
3322 2217 3548 2257 numero
3573 2215 3655 2258 eSt
3695 2202 3882 2273 quibus

2298 2293 2541 2347 homines
2585 2294 2830 2350 laborare
2858 2295 3064 2363 solent,
3098 2310 3285 2351 verum
3324 2312 3387 2351 ex
3438 2298 3601 2351 animi
3635 2298 3882 2353 mmstitia

2296 2395 2349 2439 et
2378 2386 2651 2441 anxietate
2679 2386 2845 2442 corde
2885 2387 2935 2441 in
2969 2387 3209 2444 dolorem
3240 2389 3490 2458 prolapso
3516 2404 3711 2458 corpus
3756 2405 3883 2460 quo-

2297 2492 2401 2544 que
2438 2477 2733 2533 condoluit.
2759 2480 3023 2535 Ameutite
3056 2495 3215 2551 porro
3240 2481 3367 2536 mihi
3391 2482 3694 2538 ducendum
3723 2495 3880 2549 esset,

2297 2569 2341 2622 si
2376 2585 2495 2624 cum
2520 2571 2587 2624 ita
2622 2587 2707 2627 me
2738 2571 3012 2639 haberem,
3049 2589 3154 2629 non
3199 2583 3256 2629 ut
3285 2589 3498 2630 servum
3528 2575 3706 2641 decet,
3736 2578 3801 2631 ad
3835 2586 3882 2631 lc

2296 2662 2644 2729 accederem;
2673 2678 2856 2719 verum
2881 2674 2937 2719 ut
2956 2667 3103 2738 regia
3129 2676 3212 2721 tua
3242 2667 3492 2737 majestas
3517 2668 3581 2722 ad
3605 2684 3693 2723 me
3719 2669 3883 2724 famu-

2296 2755 2406 2811 lum
2434 2757 2650 2812 veniens
2671 2772 2789 2813 sese
2813 2759 3078 2830 fatigaret,
3106 2771 3497 2830 exspectarem.
3529 2763 3885 2819 Percontaute

2297 2860 2472 2903 autem
2506 2864 2630 2920 rege
2660 2851 2911 2920 quidnam
2942 2867 3066 2907 eum
3102 2853 3155 2907 in
3187 2852 3329 2908 hunc
3374 2870 3660 2911 mterorem
3703 2855 3883 2925 conje-

2296 2942 2478 3007 cisset,
2515 2943 2851 3011 respondens
2878 2944 3089 3000 Zardan
3126 2963 3139 3000 :
3171 2946 3436 3019 Magnum,
3462 2950 3650 3021 inquit,
3683 2952 3883 3020 pericu-

2298 3038 2405 3091 lum
2439 3038 2571 3092 mihi
2619 3040 2913 3109 impendet,
2948 3043 3262 3114 magnisque
3292 3044 3567 3113 suppliciis
3606 3060 3667 3100 ac
3713 3046 3885 3100 multis

2300 3131 2487 3186 mortis
2516 3132 2803 3201 generibus
2828 3132 3046 3204 dignum
3077 3150 3165 3190 me
3188 3149 3443 3206 agnosco,
3477 3137 3729 3207 quoniam
3760 3154 3884 3209 pra:-

2300 3226 2470 3297 ceptis
2498 3228 2601 3283 tuis
2631 3229 2962 3300 negligenter
2988 3230 3333 3302 obsequendo
3363 3232 3637 3305 ingentem
3670 3234 3761 3290 tibi
3780 3232 3885 3304 jam

602 3315 885 3387 Divinitas,
911 3332 961 3379 te
984 3322 1195 3391 invoco,
1232 3335 1283 3382 te
1312 3327 1481 3396 gloria
1513 3326 1709 3382 afﬁcio.
1743 3328 1820 3383 Te
1843 3327 1990 3384 enim
2016 3327 2199 3383 laudat
2224 3308 2270 3372 ί)
2299 3320 2518 3393 jamque
2544 3338 2831 3378 utterorcm
2863 3324 3142 3378 accersivi.

603 3411 850 3481 fiuidquid
883 3426 1119 3471 creatum
1172 3426 1284 3485 est,
1319 3433 1378 3473 ac
1425 3428 1476 3473 te
1502 3419 1674 3489 gloria
1704 3417 1946 3475 afficiunt
1989 3418 2201 3475 intelle-

604 3509 804 3564 ctualcs
865 3526 927 3565 ac
970 3525 1195 3582 corpore
1253 3522 1505 3569 vacantes
1561 3515 1792 3571 virtutes
1850 3516 1902 3570 in
1978 3517 2195 3573 szccula.

604 3598 791 3657 Amen.

675 3694 938 3767 Deinceps
964 3696 1126 3767 igitur
1154 3714 1310 3768 quam
1359 3699 1771 3772 diligentissime
1801 3704 2037 3774 seipsum
2069 3720 2199 3760 con-

605 3789 875 3855 servabat,
908 3797 1067 3861 atque
1098 3791 1167 3845 ita
1198 3792 1567 3861 comparabat,
1603 3802 1660 3848 ut
1689 3801 1744 3848 et
1771 3795 1963 3850 animae
1992 3805 2047 3851 et
2071 3811 2194 3853 cor-

604 3884 750 3953 poris
798 3883 1083 3953 putitatcm
1125 3885 1636 3957 acquireret,~atquc
1667 3886 1719 3942 in
1749 3889 2099 3956 continentia,
2142 3900 2199 3946 et

605 3976 958 4042 orationibus,
1018 3976 1603 4048 obsecrationibusque,
1652 3994 1748 4049 per
1803 3989 1971 4035 totum
2021 3983 2199 4038 noctis

605 4067 933 4122 curriculum
965 4082 1089 4123 sese
1124 4070 1556 4139 prorogautibus,
1593 4072 1757 4126 vitam
1789 4072 2030 4129 duceret.
2060 4073 2193 4130 Nam

606 4174 729 4213 cum
774 4158 1090 4226 plerumque
1120 4158 1313 4215 diurno
1344 4168 1609 4230 tempore,
1647 4170 1755 4217 tum
1788 4165 1856 4219 ob
1883 4180 2069 4221 eorum
2102 4167 2195 4237 qui

606 4266 725 4307 cum
758 4252 873 4319 ipso
904 4251 1280 4315 versabantur,
1311 4254 1745 4320 contubernium,
1773 4264 1881 4312 tum
1912 4258 2073 4313 etiam
2112 4259 2195 4313 in-

609 4348 818 4403 terdum
847 4347 916 4403 ob
940 4346 1079 4417 regis
1111 4347 1177 4401 ad
1209 4361 1332 4402 eum
1363 4362 1661 4416 accessum,
1697 4358 1788 4403 aut
1818 4351 1958 4420 quod
1988 4351 2102 4421 ipse
2120 4353 2196 4407 ab

606 4458 672 4500 eo
700 4442 987 4509 acciretur,
1019 4455 1139 4498 sese
1183 4441 1498 4510 interrumpi
1527 4441 1750 4508 videret,
1779 4458 1883 4498 nox
1908 4443 2025 4513 ipsi,
2058 4445 2197 4515 quod

607 4535 713 4592 diei
736 4537 942 4599 deerat,
974 4534 1275 4604 supplebat,
1308 4543 1364 4589 ut
1392 4535 1478 4605 qui
1504 4534 1557 4591 in
1590 4536 1838 4605 precibus
1869 4546 1922 4592 et
1949 4536 2197 4609 Iacrymis

608 4629 677 4684 ad
708 4629 1001 4683 diluculum
1035 4642 1203 4698 usque
1233 4636 1422 4693 staret,
1454 4642 1516 4683 ac
1545 4628 1638 4683 Dei
1677 4643 1834 4699 Opem
1865 4629 2194 4699 imploraret.

2378 3414 2611 3472 Rursum
2638 3424 2814 3471 autem
2842 3431 2907 3471 ex
2934 3431 3000 3472 eo
3028 3425 3302 3488 quierente
3343 3432 3467 3489 rege
3511 3434 3757 3484 quaenam
3798 3419 3888 3476 huc

2299 3510 2536 3581 jusmodi
2576 3511 2898 3582 negligentia
2926 3520 3089 3579 esset,
3124 3510 3181 3565 in
3207 3526 3367 3581 quam
3399 3511 3697 3579 incidisset,
3728 3513 3887 3584 quod-

2304 3620 2407 3675 que
2439 3604 2731 3675 periculum
2784 3604 2914 3660 illud
2959 3606 3012 3660 in
3064 3620 3169 3675 quo
3215 3614 3502 3661 versatur;
3548 3606 3601 3661 lu
3656 3608 3889 3663 custodit

2302 3699 2506 3755 domini
2532 3700 2635 3757 mei
2667 3700 2760 3755 lilii
2793 3700 2889 3766 tui,
2924 3700 3114 3770 inquit,
3148 3700 3502 3771 negligentem
3550 3719 3637 3757 me
3667 3705 3887 3773 praebui.

2302 3793 2580 3864 [inprobus
2610 3795 2753 3848 enim
2783 3793 2998 3864 quidam
3028 3808 3090 3849 ac
3116 3797 3474 3864 prmstigtator
3504 3796 3799 3864 ingressus,
3827 3797 3888 3853 dc

2301 3884 2620 3942 Christianae
2662 3886 2931 3957 religionis
2977 3886 3219 3942 doctrina
3260 3888 3325 3941 ad
3367 3904 3488 3942 cum
3540 3890 3701 3944 verba
3748 3891 3887 3946 fecit.

2302 3978 2601 4048 Posteaque
2630 3978 2762 4049 regi,
2788 3994 2923 4047 quos
2947 3978 3012 4034 ad
3035 3978 3202 4049 ipsius
3226 3980 3390 4035 ﬁlium
3420 3996 3581 4036 senex
3614 3998 3887 4039 sermones

2302 4070 2577 4127 habuisset
2601 4070 2871 4143 sigillatim
2901 4073 3167 4140 exposuit,
3191 4084 3547 4145 quantumque
3572 4076 3659 4131 ille
3679 4092 3746 4132 ex
3764 4079 3888 4147 ipsis

2302 4165 2629 4235 voluptatem
2660 4167 2912 4237 cepisset,
2942 4169 3192 4239 quodque
3221 4184 3434 4239 prorsus
3461 4169 3675 4226 Christo
3703 4186 3764 4227 se
3806 4172 3873 4229 ad

2302 4260 2543 4317 dixisset.
2600 4260 2736 4329 Quin
2789 4262 2948 4317 etiam
2999 4264 3144 4319 senis
3201 4281 3393 4322 nomen
3441 4266 3539 4336 ipsi
3594 4268 3885 4338 indicavit,

2304 4352 2543 4408 Barlaam
2588 4353 2761 4422 ipsum
2793 4354 3092 4425 nuncupari
3122 4354 3326 4412 dicens.
3362 4357 3492 4411 Nam
3526 4359 3687 4414 etiam
3737 4372 3890 4419 antea

2303 4460 2395 4499 rex
2445 4446 2511 4500 de
2539 4444 2807 4514 Barlaam,
2842 4461 2904 4501 ac
2932 4460 3139 4503 summa
3169 4449 3428 4518 religiosa:
3460 4452 3627 4518 ipsius
3659 4453 3780 4509 vita:
3809 4468 3890 4510 as-

2306 4538 2553 4607 peritate,
2602 4539 2766 4594 multa
2817 4539 3091 4596 auditione
3138 4552 3436 4611 acceperat.
3476 4544 3541 4600 Ut
3568 4555 3749 4601 autem
3781 4549 3890 4604 ha‘c

2303 4631 2367 4685 ad
2398 4632 2536 4701 regis
2564 4645 2723 4687 aures
2752 4642 3130 4703 pervenerunt,
3164 4643 3340 4692 tantus
3362 4640 3408 4692 ei
3443 4654 3642 4694 mceror
3669 4642 3890 4699 obortus

610 4720 767 4777 Unde
794 4719 957 4775 etiam
990 4720 1299 4788 prophetica
1328 4720 1415 4775 illa
1452 4736 1556 4776 vox
1595 4719 1670 4779 in.
1696 4723 1810 4792 ipso
1835 4722 2155 4791 implebatur
2181 4740 2194 4776 :
2226 4706 2280 4766 D
2304 4734 2405 4791 est,
2450 4736 2506 4780 ut
2535 4735 2676 4782 lotus
2704 4737 3100 4793 concuteretur,
3135 4731 3408 4787 iracundia
3438 4746 3709 4803 trstuaret,
3738 4748 3889 4807 atque

610 4816 669 4871 ln
702 4812 952 4870 noctibus
976 4812 1217 4867 extollite
1247 4827 1435 4868 manus
1464 4822 1669 4870 vestras
1698 4815 1753 4871 in
1782 4825 1994 4885 sancta,
2019 4826 2070 4872 et
2098 4817 2195 4873 be-

608 4906 840 4963 nedicite
861 4903 1143 4959 Dominum
1178 4901 1348 4975 (Psal.
1373 4906 1545 4976 exui).

594 5052 595 5055 η
686 5000 896 5057 Zardan
923 5008 1100 5054 autem
1143 4997 1254 5063 ille,
1285 5011 1403 5054 cum
1430 4999 1734 5069 hujusmodi
1763 5001 1933 5071 ipsius
1960 5002 2082 5058 vitae
2111 5018 2198 5059 rae

607 5099 812 5154 tionem
846 5094 1218 5159 intellexisset,
1246 5107 1559 5165 summaque
1584 5094 1707 5153 inde
1732 5097 1985 5154 mtestitia
2017 5101 2203 5155 afﬁce-

611 5198 785 5256 retur,
816 5189 1172 5260 gravibusque
1202 5187 1363 5242 animi
1407 5189 1552 5243 curis
1581 5201 1884 5259 vexaretur,
1937 5207 2037 5247 nec
2072 5191 2199 5260 quid

609 5284 810 5339 faceret
849 5282 1092 5348 haberet,
1141 5279 1209 5336 ad
1259 5289 1562 5337 extremum
1606 5298 1839 5340 mcerore
1886 5299 2199 5361 oppressus,

606 5376 861 5432 simulato
882 5374 1092 5440 morbo,
1132 5374 1183 5428 in
1215 5388 1338 5429 suas
1364 5377 1507 5431 aedes
1532 5378 1818 5433 concessit.
1847 5378 1998 5447 Quod
2025 5387 2083 5434 ut
2106 5395 2200 5436 rex

609 5469 896 5540 comperit,
938 5468 1100 5522 alium
1141 5469 1424 5538 quemdam
1466 5486 1531 5525 ex
1576 5470 1683 5540 his,
1733 5487 1867 5541 quos
1908 5472 2199 5531 ﬁdissimos

607 5562 867 5628 habebat,
900 5561 1065 5625 misit,
1094 5559 1185 5630 qui
1211 5561 1377 5632 ipsius
1408 5564 1527 5619 loco
1565 5562 1674 5618 tilio
1701 5564 2046 5621 ministraret.
2080 5566 2198 5637 Ipse

538 5708 539 5711 η
605 5665 788 5715 autem
817 5654 1137 5711 valetudinis
1166 5654 1425 5711 Zardanis
1461 5672 1643 5712 curam
1674 5673 1888 5727 gerens,
1915 5660 2204 5718 ceteberri-

516 5738 545 5777 δ
608 5765 757 5810 mum
784 5748 851 5806 ad
886 5764 1009 5805 eum
1049 5748 1318 5804 medicum
1357 5746 1541 5815 mittit,
1574 5765 1808 5823 eumque
1844 5762 1901 5808 ut
1936 5770 2198 5811 summam

511 5825 525 5838 ”
609 5844 679 5902 ad
709 5843 875 5915 ipsius
899 5845 1235 5900 curationem
1273 5840 1687 5901 sollicitudinem
1732 5847 1982 5906 adhibeat
2023 5865 2226 5923 rogat..

684 5938 922 5999 Medicus
952 5937 1138 6010 igitur,
1164 5932 1418 6007 quoniam
1446 5949 1568 5995 eum
1600 5939 1712 6010 regi
1742 5953 1947 6013 gratum
1975 5956 2026 6005 et
2049 5962 2200 6006 accc-

2303 4816 2405 4874 hoc
2436 4821 2622 4874 nuntio
2671 4836 2806 4890 pone
2833 4822 3253 4879 exanimaretur.
3289 4826 3367 4881 Ac
3415 4830 3592 4885 statim
3644 4831 3887 4889 Aracbeu

2301 4913 2584 4982 quemdam
2604 4956 2619 4980 ,
2650 4917 2740 4986 qui
2772 4917 2935 4973 etiam
2966 4920 3259 4976 secundum
3288 4922 3355 4978 ab
3380 4939 3445 4980 eo
3474 4925 3747 4996 dignitatis
3772 4946 3891 5001 gra-

2302 5004 2429 5060 dun
2456 5007 2752 5075 obtinebat,
2778 5012 3088 5083 primusque
3120 5015 3173 5068 in
3195 5017 3442 5073 omnibus
3471 5022 3684 5076 arcanis
3710 5026 3890 5079 consi-

2325 5098 2388 5152 iis
2420 5109 2554 5169 erat,
2588 5116 2651 5157 ac
2692 5112 2949 5173 praeterea
2983 5110 3286 5179 astrologia).
3315 5112 3599 5169 scientiam
3650 5119 3885 5184 tenebat,

2309 5191 2371 5246 ad
2400 5207 2458 5247 se
2487 5195 2701 5262 accivit,
2734 5196 2890 5267 eique
2918 5214 3109 5270 magno
3136 5217 3259 5258 cum
3288 5219 3520 5261 maerore
3540 5219 3701 5279 atque
3728 5212 3886 5267 animi

2305 5288 2734 5344 consternatione
2781 5290 2921 5361 quod
2971 5295 3246 5351 acciderat
3291 5300 3545 5355 narravit.
3589 5302 3683 5357 llie
3711 5313 3886 5360 autem

2302 5380 2471 5450 ipsius
2495 5383 2893 5453 perturbatione
2923 5386 3192 5458 animique
3218 5391 3533 5451 confusione
3557 5406 3840 5468 conspecta
3872 5416 3881 5450 :

2302 5476 2513 5543 Muestn,
2545 5478 2735 5549 inquit,
2765 5495 2797 5535 ο
2829 5497 2948 5546 rex,
2993 5496 3056 5537 ac
3088 5486 3401 5551 perturbato
3429 5491 3608 5544 animo
3641 5507 3763 5550 esse
3799 5493 3863 5549 de

2304 5570 2456 5637 sine;
2482 5586 2653 5640 neque
2674 5572 2816 5626 enim
2839 5588 2925 5627 me
2955 5573 3125 5643 ipsum
3148 5580 3214 5631 de
3242 5580 3505 5635 sententia
3533 5581 3882 5640 deducturum

2305 5663 2509 5729 diffide,
2542 5665 2667 5735 quin
2701 5667 2875 5737 potius
2905 5667 3032 5724 illud
3082 5673 3442 5728 certissimum
3496 5674 3689 5744 habeo,
3740 5679 3883 5736 brevi

2306 5760 2418 5813 fore
2451 5770 2500 5813 ut
2530 5761 2619 5814 ille
2651 5761 2957 5830 impostoris
2990 5764 3135 5820 illius
3162 5766 3457 5825 doctrinam
3494 5769 3729 5841 abjuret.
3757 5784 3888 5828 tua:-

2304 5871 2406 5922 que
2434 5856 2684 5910 voluntati
2714 5872 2919 5913 morem
2944 5870 3112 5931 gerat.

2375 5948 2505 6002 Cum
2540 5948 2694 6019 igitur
2724 5950 2802 6007 his
2832 5950 3005 6010 vcrb‘s
3038 5958 3189 6013 Arae?
3215 5975 3271 6016 es
3303 5975 3479 6033 regem
3512 5959 3578 6018 ad
3609 5958 3774 6038 animi
3805 5958 3884 6016 lti-
