4158 6354
340 409 441 466 529

801 408 963 466 VITA
1005 408 1422 469 SANCTORUM
1466 408 1796 467 BARLAAM
1839 406 2172 466 EREMlT/E
2215 412 2297 468 ET
2339 410 2691 471 JOSAPHAT
2733 411 2938 470 ΙΝΟΙΑΞ
2984 413 3206 471 REGIS.

3504 416 3610 472 530

338 534 604 590 laritatem
642 531 1016 599 convertisset,
1047 532 1112 587 ad
1146 533 1451 600 huiusmodi
1502 533 1696 604 negotii
1748 532 1924 588 consi-
1950 535 1994 591 A
2025 537 2224 603 specie,
2257 545 2364 590 tum
2399 536 2580 591 habitu
2611 536 2963 601 venerandos,
2998 535 3354 604 solitarireque
3401 535 3613 590 exerci-

337 627 667 682 derationem
699 626 935 680 animum
965 625 1179 696 adjecit.
1211 627 1289 681 Ac
1320 628 1572 697 primum,
1603 642 1636 682 ο
1675 642 1803 690 rex,
1836 626 1916 680 in-

334 721 468 791 quit,
519 722 620 774 hoc
666 734 884 788 agamus
938 738 950 771 :
1001 719 1196 774 demus
1243 735 1459 790 operam
1509 729 1564 775 ut
1614 720 1922 790 pestiferum

336 814 484 867 illum
519 809 760 866 Barlaam
797 809 1137 881 arripiamus.
1171 812 1323 879 Quod
1365 814 1406 867 si
1450 827 1861 883 consequamur,
1894 827 1922 865 a

334 919 522 973 scopo,
553 903 682 957 mihi
713 902 893 967 crede,
925 917 1028 956 non
1063 902 1452 967 aberrabimus.
1483 919 1585 960 nec
1614 919 1712 974 spe
1742 913 1922 959 nostra

333 997 600 1051 fallemur.
633 997 762 1052 Nam
789 998 878 1053 ille
907 999 1042 1066 ipse,
1075 1008 1166 1054 aut
1193 1000 1370 1056 verbis
1401 1001 1466 1055 ad
1493 1000 1923 1070 persuadendum

332 1091 751 1146 accommodatis
776 1132 791 1156 ,
821 1100 912 1144 aut
942 1091 1100 1146 variis
1133 1101 1517 1148 tormentorum
1553 1091 1926 1148 instrumentis

334 1182 615 1252 impulsus.
641 1183 836 1237 invitus
859 1183 1018 1236 etiam
1043 1197 1104 1235 ac
1136 1199 1460 1254 repugnans,
1487 1184 1614 1240 falsa
1649 1195 1703 1240 et
1722 1185 1923 1239 erroris

331 1275 492 1346 plena
521 1274 679 1330 verba
727 1289 820 1329 sua
869 1288 988 1329 esse
1035 1277 1409 1340 confitebitur,
1443 1287 1601 1347 atque
1648 1277 1923 1332 dominum

333 1383 513 1424 tneum
545 1367 708 1422 lilium
756 1378 902 1422 tuum
935 1369 1002 1424 de
1033 1371 1295 1424 sententia
1326 1370 1638 1437 dimovebit,
1667 1370 1923 1425 adducet-

330 1477 436 1532 quc
467 1468 525 1515 ut
563 1460 726 1530 patris
766 1461 1108 1532 dogmatibus
1155 1462 1389 1530 haereat;
1424 1465 1504 1518 sin
1549 1474 1726 1519 autem
1775 1464 1920 1520 illum

331 1554 576 1624 arripere
593 1569 943 1624 nequeamus,
968 1557 1127 1609 alium
1151 1572 1250 1626 ego
1273 1572 1454 1612 senem
1469 1558 1752 1612 eremitam
1775 1560 1918 1626 novi,

330 1644 547 1702 Nachor
580 1647 815 1713 nomine,
845 1648 934 1718 qui
963 1649 1239 1704 Barlaamo
1266 1652 1333 1702 ita
1367 1665 1587 1718 prorsus
1610 1651 1800 1705 similis
1817 1662 1919 1718 est,

331 1749 389 1795 ut
417 1741 504 1795 vix
536 1739 721 1794 abillo
767 1743 1053 1795 internosci
1085 1743 1275 1812 possit.
1327 1742 1423 1796 llic
1468 1758 1626 1811 porro
1676 1744 1920 1800 eamdem

333 1833 607 1890 nobiscum
638 1833 933 1890 doctrinam
958 1835 1254 1903 profitetur,
1286 1851 1513 1906 eumque
1539 1839 1590 1892 in
1622 1838 1917 1893 mathema-

332 1927 490 1982 tbicis
519 1929 826 1996 magisrrum
866 1928 1046 1983 habui.
1097 1929 1176 1984 Ad
1223 1930 1366 1985 httnc
1398 1931 1560 1999 igitur
1607 1947 1706 2001 ego
1757 1941 1916 1988 noctu
1948 1913 1996 1974 B

329 2035 418 2076 me
458 2019 753 2085 conferam,
803 2019 958 2090 eique
1005 2021 1181 2074 omnia
1228 2021 1495 2091 sigillatiut
1541 2038 1826 2092 exponam,
1858 2039 1920 2080 ac

326 2111 524 2166 deinde
556 2125 772 2166 rumore
799 2111 900 2166 hoc
930 2125 1141 2180 sparso,
1175 2112 1513 2168 Barlaamum
1540 2115 1746 2170 scilicet
1772 2130 1920 2170 com-

327 2203 654 2274 prehensum
687 2219 828 2272 esse,
859 2204 1032 2275 ipsum
1059 2205 1458 2260 exhibebimus.
1490 2207 1590 2274 Qui
1614 2207 1773 2261 etiam
1808 2208 1921 2276 ipse

324 2295 596 2350 Barlaami
635 2295 734 2350 sibi
783 2311 977 2352 nomen
1007 2298 1328 2361 attribuens,
1382 2313 1440 2352 se
1489 2298 1916 2353 Christianorum

324 2403 482 2444 sacra
528 2390 709 2444 colere
735 2390 1027 2454 simulabit,
1061 2405 1230 2460 eaque
1276 2391 1472 2446 intueri
1523 2406 1585 2445 ac
1633 2390 1919 2448 defendere

324 2501 440 2556 prae
469 2500 527 2540 se
553 2483 708 2540 feret.
741 2485 816 2539 Ac
867 2495 1071 2553 postea,
1106 2489 1258 2554 longa
1309 2486 1667 2554 diSpntatione
1718 2486 1916 2552 habita,

325 2576 542 2631 tandem
577 2575 796 2643 fractus,
823 2591 1014 2632 manus
1055 2575 1224 2630 dabit.
1255 2575 1406 2643 Quod
1454 2592 1575 2630 cum
1605 2574 1747 2630 ﬁlius
1799 2587 1918 2632 tuus

323 2668 682 2738 perSpexerit,
715 2667 814 2723 hoc
843 2677 946 2734 est,
980 2669 1313 2723 Barlaamum
1341 2669 1536 2724 victum
1557 2685 1697 2736 esse,
1732 2685 1795 2724 ac
1821 2670 1918 2726 do-

320 2761 558 2814 ctrinam
614 2766 848 2813 nostram
902 2760 1128 2829 palmam
1178 2759 1379 2826 tulisse,
1414 2775 1517 2815 non
1566 2770 1649 2816 est
1699 2760 1917 2818 dubium

319 2856 452 2925 quin
485 2855 550 2910 ad
583 2856 843 2910 victorum
875 2861 1052 2922 partes
1081 2868 1202 2908 sese
1247 2853 1596 2921 adjuncturus
1625 2855 1712 2910 sit.
1746 2855 1916 2924 Quam

316 2947 485 3003 etiam
512 2945 575 2999 ad
616 2961 728 3001 rem
777 2945 916 3000 istud
959 2946 1134 3014 magni
1189 2947 1444 3001 momenti
1487 2957 1590 3012 est,
1636 2948 1779 3016 quod
1828 2948 1916 3003 ille

318 3040 659 3107 majestatem
689 3046 832 3092 tuam
865 3046 1101 3103 veretur,
1126 3037 1326 3107 tibique
1347 3037 1568 3107 obsequi
1594 3055 1917 3111 magnopere

316 3130 520 3186 studet.
555 3130 703 3186 Adde
732 3130 872 3201 quod
897 3129 985 3184 ille
1016 3130 1176 3185 etiam
1208 3131 1296 3198 qui
1328 3131 1591 3186 Barlaami
1629 3149 1914 3202 personam

317 3231 508 3293 geret,
543 3222 837 3292 resipiscet,
870 3236 1033 3291 seque
1062 3222 1112 3275 in
1144 3235 1327 3276 errore
1370 3233 1638 3278 versatum
1671 3240 1790 3280 esse
1831 3227 1913 3282 af-

317 3313 575 3368 ﬁrmabit.

397 3407 513 3461 lloc
538 3421 788 3464 sermone
813 3422 905 3463 rex
939 3406 1234 3464 delectatus
1263 3417 1366 3476 est,
1404 3409 1742 3482 hominisque
1787 3430 1912 3470 con.

317 3499 507 3556 silium
545 3503 804 3569 optimum
857 3516 977 3556 esse
1018 3501 1300 3571 judicavit,
1335 3503 1477 3557 inani
1530 3504 1775 3560 videlicet
1819 3521 1915 3576 spe

317 3596 499 3648 nixus.
552 3594 808 3662 Quocirca
857 3610 977 3649 cum
1019 3595 1354 3651 Barlaamum
1404 3611 1575 3664 nuper
1627 3598 1915 3655 recessisse

317 3685 697 3750 cctnperisset,
731 3699 850 3739 eum
897 3685 1354 3754 comprehendere
1393 3685 1697 3742 festinabat.
1734 3687 1914 3758 Itaque

315 3775 583 3831 militibus
623 3790 685 3829 ac
732 3776 1134 3831 centurionibus
1192 3776 1386 3842 missis,
1441 3777 1619 3832 varios
1664 3778 1911 3835 itinerum

317 3871 504 3926 exitus
531 3871 828 3939 occupavit,
863 3886 924 3925 ea
955 3879 1129 3925 autem
1161 3871 1245 3925 via
1272 3887 1429 3940 quam
1455 3886 1520 3926 ex
1549 3873 1795 3928 omnibus
1824 3889 1913 3928 su-

317 3962 642 4031 spectiorem
669 3962 1065 4030 habebat,ipse,
1091 3963 1399 4017 conscensis
1425 3962 1596 4033 equis,
1623 3979 1740 4018 cum
1765 3967 1910 4022 omni

317 4054 602 4108 celeritate
633 4055 1072 4126 persequebatur,
1105 4063 1266 4125 atque
1296 4057 1439 4111 omni
1464 4058 1670 4112 ratione
1699 4061 1909 4130 assequi

315 4145 612 4216 cogitabat.
645 4145 930 4216 Caeterum,
963 4161 1082 4202 cum
1114 4161 1205 4202 sex
1238 4155 1376 4203 totos
1400 4148 1511 4204 dies
1553 4149 1694 4205 inani
1726 4151 1910 4208 labore

319 4235 488 4308 294
517 4251 636 4292 sese
667 4237 956 4306 fatigasset,
989 4237 1102 4306 ipse
1149 4238 1363 4307 quidem
1399 4239 1449 4293 in
1497 4241 1641 4309 regio
1679 4242 1909 4311 quodam

317 4329 541 4399 palatio,
577 4329 716 4397 quod
748 4330 855 4384 ruri
889 4329 1045 4384 situm
1077 4338 1213 4398 erat,
1241 4341 1504 4386 remanet.
1537 4333 1783 4388 Arachen
1812 4350 1908 4390 att-

318 4433 430 4477 tem
463 4437 584 4476 cum
615 4422 878 4493 equitibus
908 4421 1044 4476 haud
1076 4424 1258 4492 paucis
1288 4424 1351 4476 ad
1386 4424 1552 4492 ipsam
1580 4442 1748 4496 usque
1771 4428 1909 4484 Sen-

319 4517 641 4570 naaritidem
685 4514 1025 4570 solitudinem
1069 4517 1416 4584 conquirendi
1452 4519 1712 4574 Barlaami
1753 4536 1910 4577 causa

321 4607 492 4662 misit.
525 4609 623 4674 Qui
654 4624 773 4663 cum
805 4609 870 4662 ad
911 4625 1030 4665 eum
1066 4609 1239 4663 locum
1275 4611 1638 4678 pervenisset,
1671 4614 1908 4668 omnium

321 4700 621 4755 incolarum
652 4702 858 4756 animos
887 4701 1249 4772 perturbavit;
1279 4711 1436 4770 atque
1465 4718 1586 4757 cum
1619 4705 1691 4758 illi
1735 4706 1904 4762 virum
1935 4675 1988 4738 Β

319 4809 446 4847 eum
495 4808 520 4846 a
551 4809 608 4847 se
637 4794 806 4848 visum
838 4808 956 4849 esse
1003 4803 1308 4862 negassent,
1354 4795 1405 4849 in
1454 4796 1818 4864 solitudinem,
1853 4809 1911 4854 ut

322 4888 442 4955 pios
474 4886 614 4938 viros
648 4895 951 4950 venaretur,
980 4900 1098 4940 sese
1129 4885 1370 4940 contulit.
1402 4886 1641 4958 Cumque
1663 4891 1908 4944 solitudi-

298 4995 448 5047 nem
477 4977 618 5032 illam
664 4994 854 5048 magna
881 4995 955 5037 .ex
1007 4989 1152 5049 parte
1203 4990 1554 5049 peragrasset,
1589 4997 1651 5037 ac
1700 4993 1909 5040 montes

320 5071 602 5135 cinxisset,
619 5071 884 5139 vallesque
905 5072 1160 5141 quasdam
1185 5071 1403 5125 minime
1428 5072 1600 5138 tritas,
1617 5083 1672 5128 et
1692 5089 1908 5130 accessu

323 5163 591 5229 difficiles,
622 5179 740 5218 cum
771 5178 829 5218 ea
864 5164 1135 5218 hominum
1162 5179 1319 5219 manu
1350 5180 1506 5234 quant
1539 5181 1721 5220 secum
1748 5167 1908 5225 habe-

325 5259 435 5323 bat,
472 5257 694 5327 pedibus
723 5259 1064 5327 pervasisset,
1095 5257 1160 5311 ad
1185 5259 1444 5313 tumulum
1473 5261 1753 5330 quemdam
1787 5278 1910 5332 pro-

325 5349 520 5415 fectus,
554 5349 606 5403 in
638 5351 753 5419 ejus
783 5348 994 5418 fastigio
1020 5351 1364 5406 eremitarum
1400 5364 1624 5407 turmam
1656 5354 1907 5410 inambu-

326 5444 522 5497 tantem
550 5444 752 5506 cernit;
787 5445 1033 5512 nullaque
1065 5443 1378 5512 interposita
1421 5461 1589 5511 mora,
1624 5461 1714 5500 eos
1740 5447 1804 5502 ad
1851 5462 1909 5503 se

323 5535 512 5590 adduci
541 5535 713 5604 jubet.
756 5535 947 5589 Milites
996 5541 1171 5604 itaque
1222 5536 1503 5590 celerrimo
1535 5553 1713 5604 cursu,
1748 5549 1908 5609 atque

322 5627 413 5682 alii
447 5628 580 5682 alios
609 5636 942 5681 antevertere
964 5627 1378 5691 contendentes,
1406 5629 1664 5682 tumulum
1700 5641 1905 5698 petunt.

323 5715 510 5787 quue
539 5732 660 5771 cum
703 5715 1090 5783 pervenissent,
1142 5715 1606 5772 circumdederunt
1652 5734 1744 5772 eos
1795 5730 1910 5774 tan-

324 5824 482 5878 quatn
512 5824 669 5863 canes
703 5808 851 5862 multi
885 5806 1055 5879 (Paul.
1089 5810 1220 5878 XXI),
1255 5820 1343 5863 aut
1370 5820 1616 5880 tanquam
1642 5813 1909 5881 pestiferae

325 5901 569 5970 quadam
599 5909 656 5955 et
703 5902 960 5955 immanes
991 5897 1223 5966 bellum;
1257 5908 1415 5970 atque
1445 5902 1590 5971 ipsos
1641 5911 1750 5956 tum
1797 5905 1908 5960 oris

2031 629 2246 683 tationis
2297 638 2446 683 notas
2491 631 2541 683 in
2599 630 2743 684 voltu
2795 629 3050 696 ferentes,
3101 629 3604 698 comprehendunt,

2027 729 2374 791 raptatosque
2402 721 2594 776 Arachi
2627 722 2901 786 exhibent,
2930 722 3007 775 sic
3037 721 3216 776 animo
3245 728 3608 789 comparatos,

2029 824 2085 870 ιιι
2115 831 2212 870 nec
2242 815 2348 869 ullo
2380 815 2538 870 modo
2587 817 3042 886 perturbarentur,
3078 830 3176 870 nec
3218 815 3465 886 ignavqu
3512 813 3614 868 ali-

2026 907 2153 978 quid
2198 923 2260 962 ac
2302 909 2452 962 triste
2481 908 2562 962 vel
2593 923 2701 976 pra:
2731 922 2787 961 se
2831 907 3049 972 ferrent,
3097 907 3183 961 vel
3229 906 3602 975 loquerentur.

2027 1001 2124 1067 Qui
2156 1009 2331 1056 autem
2365 1000 2506 1070 ipsos
2538 1015 2727 1055 omnes
2755 1008 3004 1069 tanquam
3029 999 3252 1054 antistes
3277 997 3520 1068 praeibat,
3543 1009 3613 1051 ex

2026 1094 2199 1150 cilicio
2254 1105 2558 1150 contextam
2622 1107 2843 1162 peram,
2894 1091 3247 1161 quorumdam
3301 1099 3608 1144 sanctorum

2028 1187 2263 1249 Patrum,
2293 1189 2380 1258 qui
2407 1203 2473 1242 ex
2523 1187 2621 1242 hac
2651 1186 2754 1240 vita
2785 1185 3161 1252 discesserant,
3196 1182 3433 1254 reliquiis
3480 1196 3610 1242 con-

2028 1277 2215 1334 fertam
2247 1279 2508 1349 gestabat.

2097 1369 2416 1440 ConspeCIis
2445 1379 2619 1426 autem
2667 1370 2794 1439 ipsis
2845 1368 3121 1433 Araches,
3166 1374 3224 1421 ut
3272 1364 3610 1421 Barlaamum

2026 1463 2242 1518 minime
2272 1464 2402 1517 vidit
2434 1463 2579 1534 (nam
2627 1479 2746 1517 cum
2780 1462 2956 1533 norat)
2989 1470 3233 1518 mteroro
3265 1458 3612 1512 conturbatus

2023 1564 2125 1622 est,
2157 1563 2316 1625 atque
2343 1555 2405 1609 ad
2437 1569 2531 1646 eois
2561 1555 2696 1610 dixit
2723 1572 2735 1608 :
2764 1555 2988 1610 Ubinam
3014 1561 3093 1608 est
3121 1552 3380 1621 impostor
3403 1549 3493 1605 ille
3519 1549 3614 1619 qui

2022 1651 2163 1721 regis
2189 1652 2349 1707 lilium
2380 1653 2433 1706 in
2461 1647 2700 1708 errorem
2734 1652 2986 1707 induxit?
3015 1651 3063 1707 Is
3093 1662 3271 1706 autem
3302 1651 3392 1720 qui
3424 1660 3610 1718 peram

2000 1743 2266 1813 ,geStahat
2293 1745 2566 1812 respondit
2603 1762 2618 1800 :
2650 1744 2761 1800 Non
2793 1754 2874 1799 est
2907 1744 2994 1799 ille
3025 1746 3164 1798 inter
3196 1758 3314 1811 nos,
3349 1740 3487 1795 absit
3519 1739 3612 1808 (si-

2025 1837 2263 1907 quidem,
2294 1839 2490 1894 Cbristi
2522 1840 2688 1910 gratia
2721 1839 2922 1908 pulsus,
2956 1853 2984 1892 a
3017 1838 3170 1892 nobis
3201 1836 3390 1905 fugit),
3424 1845 3610 1888 verum

2023 1932 2159 2001 apud
2195 1946 2287 1986 vos
2318 1932 2645 1988 domicilium
2679 1931 2856 1987 habet.
2893 1932 3021 1986 Eum
3069 1945 3215 2002 ergo,
3266 1927 3437 2000 inquit
3483 1926 3612 1992 dux,

2025 2023 2201 2079 nosti?
2228 2022 2410 2092 Certe,
2443 2025 2612 2094 inquit
2639 2025 2892 2088 eremita,
2926 2039 3048 2079 eum
3076 2024 3165 2093 qui
3194 2023 3453 2091 impostor
3480 2019 3615 2075 dici-

2023 2123 2108 2170 tur
2135 2117 2280 2182 novi,
2305 2116 2406 2172 hoc
2434 2125 2516 2173 est
2546 2117 2839 2182 diabolum,
2871 2118 2959 2187 qui
2990 2117 3039 2170 in
3067 2116 3244 2171 medio
3270 2115 3432 2169 vestri
3462 2111 3612 2166 habi-

2023 2217 2119 2272 tat,
2153 2216 2311 2278 atque
2343 2224 2372 2262 a
2413 2209 2561 2264 vobis
2589 2210 2842 2266 adorator
2869 2217 2923 2265 et
2965 2209 3181 2264 colitur.
3215 2207 3311 2262 Hic
3341 2207 3448 2262 dux
3489 2223 3502 2260 :
3535 2205 3614 2287 .De

2021 2299 2266 2355 Barlaam
2299 2315 2397 2369 ego
2420 2316 2625 2370 quzero,
2658 2302 2830 2371 deque
2879 2315 2945 2356 eo
2993 2299 3348 2370 percontabar
3398 2297 3615 2354 ubinam

2023 2400 2188 2446 esset.
2221 2392 2511 2447 Monachus
2539 2400 2717 2448 autem
2754 2409 2767 2446 :
2798 2392 2905 2447 Cur
2934 2393 3121 2464 igitur,
3157 2390 3357 2459 inquit,
3397 2403 3612 2459 praepo-

2021 2493 2163 2538 Stere
2189 2483 2396 2538 locutus
2424 2497 2483 2539 es
2506 2483 2574 2538 de
2604 2498 2668 2538 eo
2689 2484 2776 2554 qui
2808 2485 2949 2554 regis
2975 2484 3083 2538 lilio
3105 2484 3453 2552 impostttrant
3484 2480 3611 2536 fecit

2023 2591 2108 2630 tne
2155 2576 2525 2646 interrogans?
2553 2576 2686 2631 Nam
2717 2576 2761 2630 si
2794 2576 3130 2631 Barlaamum
3161 2574 3459 2645 quaerebas,
3493 2587 3610 2630 om-

2023 2667 2149 2720 nino
2179 2668 2250 2720 ita
2278 2667 2422 2737 loqui
2453 2667 2733 2737 oportebat
2765 2685 2776 2719 :
2807 2667 3035 2723 Ubinam
3080 2667 3171 2721 ille
3203 2675 3284 2722 est
3331 2666 3422 2737 qui
3467 2663 3612 2734 regis

2022 2757 2186 2812 lilium
2216 2760 2283 2813 ab
2310 2774 2494 2815 errore
2526 2760 2577 2814 in
2610 2759 2753 2814 viam
2791 2759 3024 2826 reduxit,
3057 2774 3119 2815 ac
3150 2759 3324 2814 salute
3350 2757 3611 2813 donavit?

2021 2848 2150 2905 Nam
2179 2851 2266 2905 illc
2297 2851 2462 2906 frater
2488 2861 2670 2907 noster
2699 2861 2800 2917 est,
2835 2866 2896 2908 ac
2923 2852 3186 2921 religiosae
3207 2847 3611 2905 exercitationis

2019 2943 2215 2997 socius.
2247 2942 2396 2998 Multi
2431 2953 2609 2998 autem
2647 2944 2755 3014 jam
2794 2944 2909 2999 dies
2947 2952 3071 2999 sunt
3098 2957 3217 3000 cum
3249 2957 3369 2998 eum
3398 2957 3501 2997 non
3531 2941 3611 2997 vi-

2018 3035 2212 3088 tlimus.
2245 3035 2378 3090 Tum
2426 3036 2705 3092 Araches:
2753 3037 2979 3092 Domum
3029 3036 3190 3102 illius,
3237 3035 3427 3106 inquit,
3480 3033 3610 3088 mihi

2019 3126 2351 3182 demonstra.
2383 3126 2680 3197 Respondit
2709 3127 3007 3182 monachus
3040 3145 3055 3182 :
3082 3127 3137 3183 Si
3169 3126 3268 3197 ipsi
3299 3142 3398 3180 vos
3426 3123 3606 3179 videre

2020 3217 2168 3272 cordi
2209 3228 2384 3286 esset,
2417 3219 2629 3274 obviam
2663 3219 2813 3275 vobis
2843 3219 3068 3288 ipsemet
3116 3218 3422 3288 prodiisset,
3456 3216 3610 3272 nobis

1944 3295 1988 3360 C
2022 3320 2197 3364 autem
2224 3311 2390 3378 ipsius
2412 3310 2629 3365 domum
2659 3310 2897 3366 indicare
2927 3311 3145 3366 minime
3173 3310 3317 3367 licet.

2091 3403 2202 3471 Qua
2250 3403 2318 3458 de
2366 3417 2524 3457 causa
2573 3401 2936 3473 indignatione
2986 3403 3217 3470 percitus
3266 3401 3402 3468 dux,
3446 3411 3607 3470 atque

2020 3498 2154 3552 irato
2183 3512 2243 3551 ac
2276 3495 2481 3550 furioso
2527 3497 2676 3550 vultu
2710 3513 2830 3551 cum
2883 3499 3116 3563 intuens,
3146 3497 3210 3552 ad
3255 3511 3374 3552 eum
3423 3496 3556 3551 dixit
3591 3513 3605 3550 :

2019 3591 2181 3646 Novis
2211 3600 2265 3646 et
2292 3591 2560 3646 inusitatis
2588 3605 2683 3645 vos
2711 3592 2898 3646 mortis
2921 3592 3208 3663 generibus
3239 3606 3380 3647 nunc
3405 3600 3605 3646 macta-

2018 3684 2109 3751 bo,
2136 3684 2234 3739 nisi
2256 3686 2430 3738 statim
2458 3684 2792 3738 Barlaamum
2818 3684 2945 3739 mihi
2968 3683 3342 3740 cxhibueritis.
3370 3684 3433 3738 Et
3453 3683 3604 3754 quid,

2019 3776 2191 3846 inquit
2221 3777 2514 3830 monachus
2535 3817 2547 3839 ,
2581 3775 2633 3830 in
2670 3776 2823 3829 nobis
2855 3775 3134 3844 perSpicis,
3166 3775 3315 3844 cujus
3347 3773 3523 3829 studio
3553 3783 3608 3828 ct

2017 3880 2202 3920 amore
2231 3865 2297 3919 ab
2330 3866 2426 3920 hac
2457 3869 2560 3919 vita
2594 3881 2736 3936 aegre
2762 3866 3099 3933 divellamur,
3129 3875 3464 3935 mortemque
3493 3880 3522 3920 a
3551 3877 3601 3919 te

2018 3960 2174 4014 nobis
2203 3959 2555 4013 invehendam
2600 3959 3083 4029 pertimescamus?
3115 3957 3252 4027 Quin
3282 3959 3458 4029 potius
3488 3971 3607 4024 gra-

2021 4051 2143 4105 tiam
2178 4051 2270 4105 tibi
2303 4050 2533 4104 habituri
2560 4065 2765 4119 sumus,
2791 4051 2930 4120 quod
2958 4050 3166 4106 virtutis
3195 4049 3374 4104 studio
3402 4051 3605 4104 haeren-

2019 4153 2097 4197 tes
2147 4157 2176 4198 e
2217 4143 2318 4197 vita
2360 4143 2629 4197 eduxeris.
2664 4141 2846 4212 Neque
2877 4143 3017 4198 enim
3052 4144 3254 4197 incerta
3289 4141 3464 4197 exitus
3493 4142 3606 4196 alea

2019 4249 2239 4304 parvum
2274 4235 2429 4290 nobis
2459 4245 2657 4289 metum
2689 4235 2878 4304 injicit,
2906 4236 3046 4307 quod
3075 4235 3300 4302 scilicet,
3333 4251 3440 4306 quo
3468 4243 3607 4290 statu

2018 4340 2116 4380 nos
2147 4338 2423 4396 arreptnra
2456 4340 2600 4381 mors
2631 4327 2717 4392 sit,
2753 4325 2972 4381 minime
3021 4335 3352 4396 compertum
3404 4326 3606 4381 babea~

2017 4433 2169 4484 mus;
2198 4434 2267 4472 ne
2313 4417 2450 4471 forte
2495 4429 2584 4470 aut
2614 4416 2904 4471 voluntatis
2951 4417 3231 4481 lubricum,
3266 4427 3356 4471 aut
3391 4417 3606 4486 quidam

2018 4510 2216 4565 diaboli
2246 4510 2473 4579 impetus
2499 4509 2728 4565 instituti
2761 4508 2930 4564 nostri
2956 4511 3312 4564 constantiam
3347 4509 3604 4574 inﬂectat,

2019 4605 2278 4673 aliterque
2308 4603 2460 4658 nobis
2490 4619 2646 4673 quam
2679 4612 2732 4657 ut
2765 4604 2931 4672 pactis
2956 4618 3076 4658 cum
3111 4604 3223 4659 Deo
3249 4619 3279 4658 a
3309 4602 3466 4660 nobis
3506 4604 3605 4660 ini-

2017 4699 2084 4754 tis
2111 4705 2528 4753 consentaneum
2561 4705 2662 4762 est,
2696 4707 2782 4750 aut
2813 4697 3012 4751 sentire
3053 4705 3145 4752 aut
3175 4697 3349 4754 facere
3381 4714 3598 4769 persna-

2019 4792 2160 4846 deat.
2186 4790 2444 4857 Quocirca
2477 4804 2596 4843 cum
2629 4803 2689 4844 ea
2722 4805 2838 4861 qua:
2871 4792 3022 4846 vobis
3051 4793 3178 4862 ipsis
3210 4795 3604 4864 pollicebatnini

2018 4883 2271 4952 consequi
2312 4883 2422 4951 jam
2469 4884 2688 4936 omnino
2736 4884 3052 4952 desperetis,
3088 4887 3202 4942 sine
3253 4888 3355 4941 ulla
3388 4896 3604 4942 cuncta-

2019 4977 2164 5031 tione
2185 4975 2325 5044 quod
2359 4975 2504 5030 lubet
2535 4975 2712 5031 facite.
2742 4977 2928 5048 Neque
2954 4982 3094 5034 enim
3129 4981 3196 5048 pii
3229 4981 3407 5033 fratris
3433 4982 3602 5035 nostri

2020 5067 2373 5134 domicilium,
2415 5067 2658 5138 quamvis
2708 5069 2861 5124 nobis
2908 5072 3199 5141 cognitum,
3233 5072 3600 5140 ostendemus,

2018 5174 2116 5214 nec
2145 5160 2245 5213 alia
2287 5159 2389 5214 ulla
2422 5160 2574 5214 vobis
2617 5161 2794 5231 ignota
2831 5165 3153 5216 monasteria
3189 5163 3511 5233 prodemus,
3546 5173 3604 5220 ut

2013 5251 2260 5306 videlicet
2299 5251 2396 5306 hac
2444 5253 2652 5308 ratione
2697 5263 2923 5309 mortem
2976 5255 3200 5322 turpiter
3241 5255 3602 5324 effugiatnus:

2014 5344 2136 5412 quin
2171 5346 2343 5412 potius
2393 5345 2649 5413 praeclare
2699 5354 2924 5398 mortem
2972 5354 3308 5414 oppetemus,
3349 5356 3406 5401 ut
3456 5350 3603 5418 prius

2013 5437 2224 5492 virtutis
2252 5437 2493 5502 sudores,
2529 5438 2571 5492 si
2605 5452 2744 5492 nunc
2774 5437 3095 5491 fortitudinis
3134 5439 3294 5493 animi
3345 5455 3594 5499 cruorem

2015 5529 2124 5584 Deo
2150 5530 2458 5585 oﬂ'crentes.
3061 5520 3066 5524 ’

2011 5635 2014 5638 λ
2092 5623 2233 5676 llanc
2274 5636 2456 5675 eorum
2501 5621 2766 5674 sermonis
2813 5619 3113 5676 libertatem
3168 5623 3460 5680 sceleratus
3513 5625 3602 5682 ille

2015 5718 2233 5769 minime
2275 5717 2449 5768 ferens
2481 5755 2498 5781 ,
2548 5730 2733 5769 verum
2775 5731 2842 5771 ex
2903 5716 3206 5787 hujusmodi
3267 5721 3430 5776 animi
3479 5737 3597 5776 ma-

2013 5810 2290 5880 gnitudine
2339 5810 2656 5880 gravissima
2701 5809 2972 5866 iracundia
3025 5823 3346 5882 commotus,
3413 5815 3597 5870 multis

2017 5915 2104 5957 ess
2138 5903 2444 5958 verheribus
2473 5917 2536 5960 ac
2584 5905 2860 5960 tormentis
2887 5903 3084 5962 affecit.
3112 5906 3245 5972 Quae
3287 5917 3464 5964 tamen
3517 5908 3594 5961 illi
