4158 6354
630 427 727 486 551

1661 426 1747 485 DE
1782 430 1964 488 Vl'l‘lS
2002 428 2285 489 PATRUI
2322 432 2525 491 LIBER
2561 432 2835 492 PRIMUS.

3792 442 3895 501 5‘52

558 607 571 629 ﬂ
626 556 705 600 sic
736 542 1085 613 pertulerunt,
1120 552 1177 596 ut
1215 556 1398 597 eorum
1446 542 1607 597 animi
1632 544 1799 599 robur
1846 560 1908 600 ac
1953 544 2205 601 fortitudo
2234 544 2287 606 Δ
2387 546 2502 603 Rex
2522 555 2701 604 autem
2731 549 2843 607 ait:
2872 550 2981 606 Vos
3002 553 3359 622 utpestileros
3379 554 3628 614 homines
3644 562 3895 634 acpopuli

563 622 578 707 ξ
628 637 731 707 ipsi
767 651 984 706 quoque
1025 645 1254 708 tyranno
1300 635 1711 693 admirationem
1762 649 2024 695 moveret.
2070 636 2210 696 Cum

563 727 565 729 ’
622 742 803 786 autem
828 730 1013 785 multis
1043 728 1205 785 illatis
1227 730 1502 801 suppliciis
1528 745 1623 787 eos
1650 741 1827 787 tamen
1856 733 2072 789 ﬂectere
2102 748 2210 789 non

624 823 910 893 potuisset,
936 837 1042 878 uec
1070 822 1348 892 quisquam
1372 824 1517 878 inter
1545 838 1640 878 eos
1669 826 1918 880 inventus
1949 834 2091 881 esset
2117 840 2211 896 qut

620 915 959 972 Barlaamum
1008 917 1109 987 ipsi
1146 917 1435 972 ostendere
1480 918 1792 986 sustineret,
1828 930 2069 989 arreptos
2115 934 2211 976 eos

556 1005 567 1026 ⁴
624 1012 690 1068 ad
718 1025 899 1082 regem
919 1010 1063 1078 duci,
1086 1018 1246 1082 atque
1272 1012 1414 1066 inter
1438 1012 1672 1068 eundum
1703 1016 1908 1082 percuti
1933 1024 2212 1070 contume-

616 1105 814 1176 iiisque
840 1104 982 1162 afﬁci
1002 1105 1178 1176 jubet,
1205 1105 1552 1177 reliquiarum
1581 1107 1741 1161 etiam
1777 1121 1957 1177 peram
1989 1108 2206 1163 interim

619 1208 909 1271 gestantes.

689 1313 817 1371 Car.
849 1313 1039 1377 XXIII.
1064 1343 1132 1357 —
1157 1313 1454 1387 interiectis
1476 1316 1655 1384 itaque
1686 1314 1827 1373 haud
1868 1317 2048 1383 paucis
2093 1316 2209 1371 die-

618 1410 739 1475 bus,
763 1408 828 1475 ad
856 1423 1035 1492 regem
1064 1407 1208 1478 ipsos
1238 1406 1479 1470 adduxit,
1513 1407 1685 1477 deque
1706 1421 1890 1464 eorum
1913 1417 2052 1467 statu
2079 1424 2203 1466 eum

615 1500 898 1563 certiorem
929 1499 1069 1557 fecit.
1104 1501 1179 1554 Ac
1205 1499 1398 1559 deinde
1424 1500 1522 1567 ipsi
1554 1499 1898 1559 acerbissima
1928 1502 2204 1558 iracundia

612 1594 941 1649 inﬂammato
989 1608 1085 1649 eos
1113 1593 1274 1653 sistit.
1307 1592 1513 1660 Quibus
1554 1595 1869 1665 perspectis,
1900 1594 2014 1664 ipse
2061 1596 2204 1651 indi-

611 1687 863 1755 gnatione
910 1696 1162 1754 aestuans,
1197 1685 1423 1742 furentis
1464 1685 1698 1741 hominis
1728 1687 1963 1754 speciem
1992 1686 2201 1757 prtebe-

613 1780 719 1833 bat.
771 1780 1011 1853 Cumque
1067 1780 1211 1855 ipsos
1279 1778 1652 1835 crudelissime
1708 1778 1841 1841 czedi
1906 1778 2199 1849 iussisset,

606 1880 956 1951 posteaquam
986 1871 1156 1945 plagis
1180 1880 1415 1925 atrocem
1444 1872 1495 1924 in
1524 1871 1744 1926 modum
1774 1872 2018 1926 concisos
2044 1871 2197 1938 v'dit,

608 1962 694 2025 vix
739 1962 951 2017 tandem
979 1977 1045 2023 ex
1088 1960 1291 2030 ingenti
1324 1960 1503 2017 furore
1528 1975 1827 2031 emergens,
1858 1961 2198 2017 carniﬁcibus

608 2055 924 2119 verberaudi
958 2056 1115 2110 tinem
1147 2056 1321 2111 iacere
1346 2055 1651 2124 imperavit,
1684 2063 1843 2127 atque
1863 2066 1927 2109 ao
1955 2069 2048 2110 eos
2077 2056 2152 2109 ait
2182 2073 2195 2109 :

606 2150 849 2228 Quanam
897 2149 963 2207 de
992 2165 1149 2205 causa
1184 2150 1299 2205 haec
1330 2159 1663 2207 mortuorum
1686 2167 1806 2207 ossa
1836 2152 1996 2224 295
2026 2160 2201 2222 gesta-

606 2242 708 2298 tisi
729 2242 784 2307 Si
814 2258 1021 2309 eorum,
1047 2242 1111 2296 ad
1135 2257 1270 2313 quos
1294 2243 1566 2312 pertinent
1593 2241 1862 2298 desiderio
1887 2242 2000 2299 lucc
2026 2242 2198 2314 fertis,

606 2336 707 2392 hac
740 2340 852 2405 ipsa
881 2336 1014 2395 hora
1045 2352 1139 2390 vos
1168 2335 1331 2393 etiam
1359 2351 1483 2391 cum
1515 2336 1620 2391 illis
1645 2335 1957 2407 coliocabo,
1990 2343 2070 2401 ut,
2099 2349 2196 2390 vo-

600 2436 782 2485 torum
816 2437 1117 2489 vestrorum
1149 2437 1429 2503 compotes
1458 2427 1656 2497 etl'ecti,
1684 2430 1910 2503 gratiam
1939 2427 2072 2485 mihi
2097 2429 2195 2485 ba-

604 2518 793 2574 beatis.
826 2518 1031 2581 Divinte
1084 2527 1261 2575 autem
1293 2519 1435 2574 illius
1466 2520 1705 2581 cohortis
1747 2520 1853 2575 dux
1899 2529 2060 2592 atque
2104 2536 2198 2575 an-

604 2612 755 2671 tistes
781 2611 956 2683 regias
993 2612 1166 2671 minas
1216 2626 1314 2681 pro
1360 2609 1527 2673 nihilo
1554 2610 1758 2667 ducens
1790 2611 2009 2679 perinde
2058 2627 2122 2669 ac
2149 2613 2197 2669 si

600 2704 731 2805 nihil
758 2706 856 2783 ipsi
880 2705 1092 2760 adversi
1120 2705 1452 2805 cogtigisset,
1478 2703 1644 2763 libera
1668 2720 1801 2760 voce
1821 2720 1885 2760 ac
1915 2706 2195 2777 splendido

600 2791 771 2862 vultu,
814 2795 1147 2863 gratiamque
1188 2788 1242 2855 in
1277 2788 1442 2863 ipsius
1474 2792 1651 2848 anima
1682 2795 2001 2851 insidentem
2031 2796 2193 2869 signi-

601 2880 815 2946 ﬁcante,
864 2882 929 2936 ad
963 2883 1104 2938 hunc
1152 2884 1372 2947 modum
1426 2885 1910 2963 responditziiaec
1960 2902 2087 2958 pura
2138 2899 2195 2946 et

599 2985 783 3031 sancta
824 2990 944 3039 ossa
988 2976 1190 3039 idcirco
1217 2978 1673 3047 circumferimus,
1706 2988 1765 3035 ut
1791 2981 2191 3039 admirabilium

600 3072 855 3137 virorum,
908 3086 1133 3141 quorum
1183 3072 1298 3152 ipsa
1346 3082 1491 3140 sunt,
1540 3072 1867 3139 desiderium
1919 3086 2192 3151 utcunque

600 3167 887 3238 leniamus,
916 3181 1208 3245 eorumque
1231 3167 1533 3245 religiosam
1557 3169 2023 3241 exercitationem,
2051 3172 2187 3228 Deo-

597 3276 701 3333 que
743 3259 960 3315 cbaram
989 3261 1150 3331 vitam
1184 3261 1337 3317 nobis
1379 3262 1433 3317 in
1483 3264 1803 3319 memoriam
1850 3280 2183 3337 revocemus,

596 3366 754 3428 atque
781 3357 855 3411 ad,
875 3358 1117 3437 ejusdem
1146 3358 1271 3414 vitae
1299 3358 1533 3422 studium
1564 3375 1662 3423 nos
1686 3361 1833 3433 ipsos
1860 3363 2184 3432 excitemus,

596 3464 656 3506 ac
684 3451 925 3520 requiem
953 3465 1070 3505 eam
1112 3459 1167 3505 et
1195 3450 1413 3507 delicias
1439 3468 1532 3507 eas
1558 3452 1611 3507 in
1656 3453 1847 3523 quibus
1876 3471 2018 3515 nunc
2065 3471 2187 3513 ver-

596 3549 780 3596 santur
810 3543 879 3594 ob
919 3540 1104 3601 oculos
1151 3543 1307 3597 nobis
1342 3554 1728 3615 proponentes,
1776 3546 1923 3625 ipsos
1970 3547 2185 3615 quidem

599 3633 783 3691 beatos
817 3634 1187 3707 praedicamus,
1238 3650 1335 3691 nos
1363 3645 1538 3693 autem
1571 3637 1637 3699 ad
1678 3640 1949 3707 sequenda
1995 3655 2183 3705 eorum

595 3727 817 3809 vestigia
852 3743 948 3784 nos
974 3730 1121 3799 ipsos
1149 3738 1335 3793 mutuo
1360 3734 1622 3797 acuimus.
1644 3732 1783 3803 Quin
1804 3734 1967 3790 etiam
1996 3738 2185 3795 mortis

597 3820 937 3895 memoriam,
966 3836 1086 3901 quae
1109 3836 1448 3894 permagnam
1481 3825 1768 3889 utilitatem
1809 3825 1996 3898 aﬂ‘ert,
2024 3839 2185 3901 atque

596 3916 662 3970 ad
691 3916 957 3987 religiosm
988 3919 1108 3975 vita:
1139 3920 1432 3976 certamina
1462 3930 1739 3995 promptos
1786 3937 1881 3979 nos
1924 3937 1987 3981 ac
2033 3924 2186 3985 velut

592 4017 855 4079 pennatus
884 4008 1077 4077 reddit,
1113 4011 1265 4065 nobis
1297 4012 1418 4069 hinc
1445 4026 1840 4086 comparamus.
1869 4030 1935 4071 ac
1965 4026 2184 4089 practer-

592 4109 653 4153 ea
684 4109 748 4148 ex
775 4108 960 4161 eorum
992 4102 1240 4150 contactu
1264 4098 1601 4156 sanctitatem
1634 4100 1933 4165 haurimus.

669 4186 898 4243 Rursum
932 4187 1089 4261 igitur
1119 4203 1252 4244 rex:
1297 4189 1379 4259 Si,
1424 4191 1614 4261 inquit,
1665 4194 1851 4249 mortis
1882 4195 2181 4257 recordatio

593 4289 773 4345 vestra
804 4280 1070 4349 sententia
1099 4282 1379 4347 utilitatem
1414 4284 1573 4359 parit,
1603 4283 1850 4361 quidnam
1880 4300 2058 4347 causae
2099 4296 2183 4351 est

590 4390 686 4433 cur
722 4391 826 4435 non
859 4377 910 4441 in
935 4391 1219 4445 corporum
1247 4378 1421 4447 putius
1464 4387 1763 4441 vestrorum
1799 4381 2031 4449 ossibus,
2061 4398 2179 4452 qua:

589 4479 767 4526 vestra
801 4478 945 4545 sunt,
997 4485 1060 4539 ac
1102 4471 1410 4545 propediem
1462 4472 1772 4539 interibunt,
1806 4490 1961 4545 quam
2011 4476 2063 4532 in
2096 4477 2178 4535 bis

590 4563 783 4627 alienis
812 4572 972 4633 atque
1000 4566 1266 4639 corruptis
1296 4567 1430 4627 hanc
1456 4568 1771 4629 memoriam
1799 4569 2106 4639 usurpatis?

663 4652 957 4723 Respondit
987 4642 1282 4723 monachus
1316 4674 1330 4710 :
1376 4655 1511 4717 Cum
1542 4660 1773 4735 quinque
1802 4676 1991 4725 causas
2036 4672 2178 4718 attu-

2312 640 2624 697 seductores
2646 642 2925 712 suppliciis
2950 643 3149 713 alticio,
3185 649 3437 719 quoniam
3460 665 3649 708 omnes
3674 654 3728 709 in
3763 644 3895 715 fian-

2306 730 2432 787 dem
2456 732 2747 803 impellitis,
2766 745 2927 807 atque
2941 753 2970 792 a
2984 738 3109 795 vitae
3127 739 3549 808 iucunditatibus
3563 748 3819 817 avocatis,
3836 765 3895 809 ac

2311 840 2409 895 pro
2432 825 2579 884 dulei
2606 828 2713 883 vita
2739 840 2792 885 et
2819 832 3138 888 suavissima
3167 833 3457 903 cupiditate
3484 837 3591 894 huc
3610 853 3703 895 eos
3732 843 3895 911 adigi.

2308 920 2402 987 tis,
2430 932 2487 976 ut
2514 922 2701 977 duram
2741 932 2797 979 et
2833 925 3102 981 sordidam
3149 938 3309 999 atque
3355 945 3709 987 :erumnosam
3761 936 3893 991 bant

2307 1012 2434 1066 vitm
2482 1013 2749 1070 rationem
2797 1016 3190 1086 amplexentur,
3246 1019 3578 1095 deorumque
3635 1025 3889 1084 honorem

2307 1103 2435 1161 Iesu
2463 1107 2803 1163 tribuendum
2834 1123 2954 1165 esse
2978 1112 3300 1181 praedicatis.
3323 1114 3605 1184 Quocirca,
3640 1134 3706 1173 ne
3731 1136 3894 1188 popu-

2309 1197 2411 1264 lus,
2438 1198 2789 1269 imposturam
2831 1212 3064 1258 vestram
3096 1220 3347 1278 sequens,
3398 1208 3661 1265 desertam
3697 1220 3892 1269 terram

2303 1288 2593 1359 relinquat,
2619 1296 2778 1357 atque
2799 1306 2826 1345 a
2854 1294 3044 1363 patriis
3067 1294 3172 1349 diis
3193 1295 3472 1365 deﬁciens,
3499 1297 3729 1354 alienum
3761 1299 3888 1356 ado-

2307 1392 2410 1447 ret,
2454 1384 2730 1454 suppliciis
2754 1399 2854 1442 vos
2907 1402 2973 1443 ac
3012 1397 3183 1445 morte
3232 1391 3457 1447 multare
3501 1393 3718 1462 dignum
3774 1409 3892 1450 esse

2303 1474 2555 1543 iudicavi.
2584 1475 2877 1534 Monachus
2906 1488 3082 1535 autem
3132 1482 3354 1552 inquit:
3403 1482 3459 1538 Si
3504 1496 3693 1539 omnes
3727 1487 3891 1539 bono-

2307 1582 2423 1623 rum
2471 1569 2697 1639 hujusce
2759 1573 2884 1628 vita:
2936 1574 3221 1645 participes
3268 1591 3387 1632 esse
3425 1578 3595 1647 cupis,
3644 1592 3741 1634 cur
3786 1594 3888 1634 non

2307 1663 2553 1719 omnibus
2579 1680 2644 1721 ex
2697 1680 2850 1736 equo
2891 1666 3112 1723 delicias
3168 1678 3222 1723 et
3269 1685 3398 1739 opes
3444 1678 3561 1726 tuas
3614 1670 3891 1742 impertis?

2306 1754 2504 1811 Verum
2535 1757 2625 1811 alii
2672 1758 2886 1829 quidem
2934 1759 3314 1832 quampiurimi
3354 1772 3665 1832 paupertate
3712 1763 3889 1819 coniti-

2304 1856 2534 1913 Ctantur,
2569 1856 2622 1903 tu
2652 1864 2780 1905 vero
2809 1851 3042 1920 ipsorum
3091 1853 3371 1911 facultates
3396 1869 3491 1925 per
3527 1856 3633 1911 vim
3680 1866 3888 1923 ereptas

2229 1926 2279 1989 B
2305 1936 2412 1992 tuis
2451 1938 2730 2008 adiungis?
2757 1941 2834 1995 Ex
2858 1957 2968 2011 quo
3000 1944 3335 2013 perspicuum
3374 1954 3458 2001 est
3484 1955 3537 2001 te
3560 1945 3751 2000 salutis
3799 1962 3887 2016 po-

2306 2030 2413 2098 puli
2442 2044 2569 2085 cura
2603 2033 2822 2089 minime
2878 2035 3042 2105 tangi,
3076 2051 3260 2091 rerum
3298 2052 3517 2094 carnem
3567 2046 3714 2093 tuam
3745 2040 3885 2112 sagi-

2300 2137 2457 2188 nare,
2488 2126 2763 2181 materiam
2794 2126 3046 2184 ﬁdelieet
3088 2131 3390 2185 corrosuris
3432 2128 3704 2186 vermibus
3747 2144 3885 2205 pra:-

2302 2225 2602 2287 parantem.
2638 2219 2714 2274 Ac
2758 2230 3035 2291 propterea
3078 2222 3317 2278 omnium
3358 2223 3470 2280 Deo
3499 2224 3765 2295 abjurato,
3798 2240 3888 2283 eos

2303 2310 2392 2380 qui
2418 2324 2522 2365 non
2550 2321 2694 2381 sunt,
2740 2320 2795 2368 et
2820 2315 2908 2385 qui
2940 2328 3098 2371 omne
3128 2314 3445 2388 ﬂagitiorum
3475 2333 3640 2390 genus
3668 2319 3887 2375 invene-

2302 2411 2446 2469 runt,
2487 2402 2621 2461 deos
2647 2407 2944 2476 appellasti,
2980 2416 3037 2463 ut
3080 2408 3203 2466 dum
3228 2410 3297 2466 ad
3327 2426 3511 2467 eorum
3536 2411 3885 2470 imitationem

2296 2494 2583 2551 libidinose
2604 2511 2667 2552 ac
2692 2496 2955 2569 ﬂagitiose
2985 2501 3141 2569 vivis,
3197 2501 3249 2557 id
3301 2505 3622 2574 assequaris,
3673 2514 3731 2560 ut
3757 2505 3857 2562 deo

2298 2601 2417 2642 rum
2451 2588 2688 2645 imitator
2714 2606 2834 2647 esse
2864 2593 3192 2661 pra-diceris.
3236 2594 3372 2650 Nam
3412 2596 3536 2660 quid
3582 2596 3763 2653 afferri
3798 2613 3889 2668 po-

2298 2692 2423 2753 test,
2455 2686 2579 2751 quin
2631 2703 2749 2757 qua:
2793 2689 2954 2743 vestri
2995 2687 3066 2744 dii
3116 2689 3383 2758 fecerunt,
3434 2692 3619 2747 eadem
3675 2708 3889 2763 quoque

2298 2780 2566 2848 homines,
2607 2783 2695 2854 qui
2728 2784 2857 2854 ipsis
2897 2784 3131 2839 animum
3180 2785 3453 2858 adjiciunt,
3487 2784 3718 2842 faciant?
3748 2789 3887 2857 Qua-

2298 2884 2517 2947 propter
2542 2876 2592 2931 in
2626 2892 2818 2950 magno
2874 2877 3111 2945 profecto
3158 2896 3343 2936 errore
3392 2883 3641 2947 versaris,
3686 2897 3720 2937 0
3770 2898 3883 2938 rex.

2300 2967 2514 3025 Vereris
2558 2979 2733 3025 autem
2782 2986 2850 3026 ne
2888 2972 3145 3041 quosdam
3194 2972 3477 3043 populares
3506 2982 3624 3029 tuos
3652 2972 3886 3030 adduca-

2296 3076 2415 3116 mus
2441 3069 2501 3116 ut
2527 3063 2723 3119 nostris
2753 3063 2983 3119 decretis
3026 3064 3401 3130 assentientes,
3452 3081 3481 3120 a
3521 3074 3613 3122 tuo
3660 3067 3887 3139 imperio

2294 3154 2617 3222 desciscant,
2646 3166 2805 3227 atque
2834 3156 2899 3211 ad
2930 3158 3045 3228 ejus
3073 3158 3162 3229 qui
3203 3158 3381 3213 omnia
3409 3158 3643 3214 continet
3675 3174 3739 3213 ac
3770 3168 3887 3215 tne-

2299 3262 2385 3310 tur
2412 3262 2593 3324 partes
2623 3268 2683 3309 se
2704 3253 3012 3324 adiungant.
3044 3252 3205 3323 Cupis
3224 3255 3363 3309 enim
3406 3254 3603 3309 multos
3639 3263 3694 3308 te
3718 3255 3889 3309 avari-

2209 3326 2261 3395 ο
2293 3348 2383 3403 tia:
2414 3356 2517 3402 tua;
2548 3345 2892 3403 administros
2918 3347 3136 3413 habere,
3170 3355 3225 3401 ut
3247 3347 3345 3416 ipsi
3373 3347 3586 3418 quidem
3617 3361 3888 3401 aerumnas

2290 3443 2538 3509 subeant,
2578 3440 2673 3495 tibi
2716 3452 2893 3495 autem
2936 3455 3120 3496 eorum
3167 3455 3328 3511 opera
3375 3449 3610 3510 quaestus
3650 3456 3890 3511 augean-

2292 3542 2382 3588 tur
2410 3550 2424 3587 :
2469 3531 2918 3602 quemadmodum
2943 3530 3193 3590 videlicet
3231 3532 3274 3587 si
3305 3531 3568 3603 quispiam
3600 3546 3764 3588 canes
3792 3541 3891 3587 aut

2290 3639 2417 3680 aves
2444 3623 2510 3679 ad
2560 3623 2797 3694 praedam
2848 3625 3111 3680 cicuratas
3156 3626 3327 3690 alens,
3358 3639 3450 3680 eos
3495 3623 3713 3697 quidem
3761 3634 3890 3682 ante

2288 3717 2523 3789 praedam
2566 3718 2886 3783 demulceat,
2919 3726 3265 3793 posteaquam
3295 3728 3472 3774 autem
3505 3714 3702 3787 aliquid
3748 3716 3890 3772 arri-

2289 3810 2521 3880 puerint,
2546 3823 2612 3865 ex
2640 3824 2733 3863 ore
2764 3808 2997 3877 praedam
3049 3809 3181 3879 ipsis
3212 3818 3543 3879 extorqueat.
3592 3805 3674 3862 Ad
3723 3822 3883 3863 eum-

2286 3903 2409 3959 dem
2439 3904 2581 3958 enim
2607 3900 2823 3959 modum
2858 3911 2909 3957 tu
2942 3918 3152 3980 quoque
3183 3903 3379 3957 multos
3401 3901 3600 3957 habere
3630 3901 3883 3972 cupiens,

2287 3997 2377 4068 qui
2408 3996 2505 4052 tibi
2534 3996 2725 4067 partim
2756 4010 2789 4052 e
2818 4006 2981 4061 terra,
3012 3996 3202 4066 partim
3234 4011 3265 4052 e
3306 3993 3440 4050 mari
3474 3995 3670 4049 tributa
3701 4004 3755 4049 et
3784 4010 3883 4049 ve-

2286 4088 2496 4159 ctigalia
2546 4087 2822 4153 deferant,
2880 4088 2956 4143 ais
3006 4088 3219 4158 quidem
3278 4088 3372 4143 tibi
3420 4102 3604 4144 eorum
3655 4086 3883 4144 salutem

2286 4164 2429 4237 cura:
2457 4196 2597 4249 esse,
2625 4190 2879 4238 caeterum
2924 4185 3309 4253 sempiternum
3368 4183 3517 4255 ipsis,
3572 4184 3884 4257 priusquam

2284 4276 2447 4330 etiam
2478 4275 2573 4330 tibi
2606 4274 2708 4345 ipsi
2754 4276 2975 4332 exitium
3022 4277 3274 4343 accersis,
3324 4278 3525 4347 tibique
3570 4276 3699 4330 illud
3752 4280 3883 4331 satis

2284 4376 2387 4435 est,
2421 4377 2479 4421 ut
2504 4384 2634 4437 opes
2665 4368 2855 4437 quovis
2880 4377 3122 4423 stercore
3162 4383 3224 4423 ac
3254 4382 3410 4425 caeno
3440 4368 3656 4427 viliores
3685 4368 3778 4422 tibi
3809 4369 3883 4423 ai-

2285 4460 2477 4527 iluant,
2522 4475 2622 4516 nec
2653 4460 3036 4516 animadvertis
3087 4471 3139 4516 te
3193 4460 3409 4517 luminis
3461 4460 3581 4516 loco
3632 4464 3883 4516 tenebras
3942 4532 3943 4537 η

2283 4555 2589 4623 complecti.
2617 4553 2816 4608 Verum
2840 4570 2907 4609 ex
2931 4553 3033 4608 hoc
3056 4552 3201 4623 gravi
3230 4568 3442 4621 somno,
3472 4570 3678 4623 quaeso,
3702 4570 3882 4609 emcr-

2283 4659 2371 4715 ge,
2406 4646 2726 4713 clausosque
2771 4653 2888 4700 tuos
2921 4645 3106 4700 oculos
3135 4646 3305 4717 aperi,
3338 4661 3399 4700 ac
3432 4645 3523 4699 Dei
3558 4648 3726 4699 nostri
3761 4646 3875 4716 glo-

586 4745 743 4801 lerim
795 4746 1140 4817 quamobrem
1192 4749 1444 4821 reliquias
1492 4726 1953 4823 circumferamus,
2004 4765 2058 4813 tu
2106 4757 2174 4819 ad
2205 4726 2260 4789 D
2284 4741 2439 4805 riam,
2469 4740 2717 4794 omnibus
2740 4738 3320 4809 undiqueillucentem,
3343 4754 3524 4804 cerne,
3552 4738 3878 4810 tandemque

586 4854 745 4894 unam
807 4837 1066 4894 duntaxat
1119 4842 1472 4914 respondens,
1521 4846 1727 4901 cavillis
1772 4847 1825 4909 in
1855 4862 1953 4913 nos
1983 4851 2171 4907 uteris.

586 4931 785 4987 Verum
811 4931 1134 5002 expressius,
1166 4932 1291 4988 mihi
1315 4936 1494 5003 crede,
1521 4952 1708 4995 eorum
1733 4940 1820 5013 qui
1845 4940 1954 5011 jam
1985 4942 2173 4997 deces-

582 5033 771 5081 serunt
798 5041 919 5080 ossa
949 5027 1138 5082 mortis
1190 5031 1501 5089 memoriam
1557 5044 1966 5101 rej‘irzesentant,
2015 5051 2175 5111 quam

582 5134 768 5176 eorum
810 5121 898 5197 qui
973 5121 1131 5191 hujus
1184 5121 1309 5183 vitae
1366 5139 1523 5189 usura
1585 5122 1851 5193 fruuntur.
1907 5126 2173 5199 Caeterum

583 5212 836 5283 quoniam
867 5220 922 5277 tu
953 5210 1021 5267 de
1054 5213 1135 5275 his
1180 5214 1250 5267 ita
1278 5216 1486 5283 statuis,
1529 5226 1687 5293 atque
1716 5226 1843 5281 ossa“
1876 5234 1939 5275 ea
1971 5235 2086 5293 quae
2118 5221 2171 5281 in

581 5319 745 5361 carne
776 5312 863 5371 tua
895 5314 1019 5360 sunt
1067 5316 1295 5381 mortem
1328 5309 1422 5371 tibi
1451 5310 1620 5373 oculis
1671 5311 1950 5385 objiciunt,
1979 5313 2068 5382 qui
2116 5317 2173 5371 lit

582 5404 640 5451 ut
678 5396 792 5468 ipse
816 5395 925 5477 jam
951 5397 1165 5477 jamque
1195 5408 1434 5465 ventura:
1465 5402 1651 5465 mortis
1684 5418 1911 5475 memor,
1954 5404 2057 5465 tuis
2088 5421 2174 5467 re-

580 5485 683 5540 bus
706 5494 851 5541 recte
878 5501 981 5541 non
1011 5492 1280 5552 consulas,
1310 5506 1495 5545 verum
1543 5493 1778 5557 animam
1836 5504 1983 5555 tuam
2022 5501 2169 5559 omni

580 5576 904 5648 ﬂagitiorum
934 5580 1115 5659 generi
1144 5582 1410 5653 addictam
1437 5583 1659 5653 habeas,
1696 5588 1786 5644 liei
1816 5598 1907 5647 aut
1935 5590 2168 5647 cultores

578 5684 644 5725 ac
667 5670 876 5745 pietatis
924 5672 1218 5754 studiosos,
1273 5676 1365 5745 qui
1412 5685 1465 5735 te
1521 5679 1653 5745 nihil
1711 5680 1986 5751 lzeserunt,
2039 5688 2170 5746 nihil

582 5766 921 5845 praesentium
952 5781 1133 5822 rerum
1164 5774 1339 5835 tecum
1382 5784 1667 5837 commune
1697 5772 1911 5843 habent,
1942 5786 2033 5835 aut
2073 5779 2168 5836 tibi

580 5857 792 5928 eripere
813 5861 1166 5931 contendunt,
1216 5861 1501 5927 immanem
1551 5875 1607 5937 et
1652 5868 1925 5935 crudelem
1968 5871 2019 5927 in
2052 5888 2167 5929 mo-

580 5946 707 6008 dum
735 5948 803 6007 de
829 5950 1010 6013 medio
1039 5950 1232 6010 tollas?

2285 4832 2573 4901 aliquando
2600 4832 2666 4887 ad
2699 4834 2924 4901 teipsum
2974 4829 3109 4886 redi.
3149 4829 3435 4905 lntelligite
3480 4831 3647 4898 enim,
3680 4832 3877 4901 inquit,

2287 4926 2597 4995 insipientes
2630 4926 2682 4979 in
2711 4925 2998 4999 populo,et
3020 4924 3169 4980 stulti
3188 4923 3472 4995 aliquando
3492 4924 3667 4996 sapite
3696 4924 3876 4996 (Psai.

2286 5017 2493 5089 xxxix).
2532 5017 2665 5072 illud
2709 5018 2886 5084 scias,
2945 5016 3104 5072 alium
3150 5017 3309 5073 deum
3352 5031 3458 5073 non
3511 5032 3633 5073 esse
3684 5028 3878 5086 prmter

2288 5110 2455 5165 Deum
2483 5120 2721 5166 nostrum
2752 5107 2927 5187 (Paul.
2963 5110 3122 5187 xvn),
3156 5124 3256 5172 nec
3291 5111 3474 5185 ullam,
3504 5109 3605 5167 nisi
3654 5108 3708 5169 in
3759 5110 3877 5181 ipso

2284 5202 2530 5258 salutem.

2354 5322 2465 5375 Rex
2492 5327 2709 5377 autem:
2741 5316 2951 5388 Stultis,
2996 5317 3192 5389 inquit,
3240 5316 3324 5375 bis
3374 5314 3481 5375 tuis
3514 5314 3669 5391 nugis
3712 5315 3875 5370 tinem

2284 5412 2520 5479 impone,
2551 5425 2615 5465 ac
2653 5408 2780 5467 mibi
2814 5409 3057 5480 protinus
3105 5409 3444 5469 Barlaamum
3504 5406 3754 5471 ostende,
3786 5422 3878 5467 am

2279 5502 2475 5572 alioqui
2505 5501 2765 5572 ejusmodi
2805 5515 3084 5570 poenarum
3142 5501 3501 5559 instrumenta
3555 5500 3877 5571 experieris,

2279 5608 2504 5669 quorum
2536 5607 2805 5664 nunquam
2833 5594 2928 5650 abs
2957 5601 3010 5649 te
3050 5593 3345 5663 periculum
3375 5592 3569 5649 factum
3602 5601 3706 5657 est,
3742 5597 3875 5653 For-

2280 5689 2520 5747 tissimus
2561 5696 2739 5745 autem
2768 5686 2879 5757 ille,
2906 5703 2969 5751 ac
2999 5688 3271 5759 praestanti
3302 5686 3467 5753 animi
3499 5691 3874 5765 magnitudine

2281 5781 2595 5851 monachus,
2634 5783 2977 5855 cmlestisque
3017 5781 3368 5853 philosophiae
3407 5797 3621 5846 amator
3670 5788 3739 5843 ob
3786 5800 3876 5843 ra-

2275 5875 2390 5949 glas
2419 5875 2591 5939 minas
2651 5876 2802 5945 nullo
2852 5876 3109 5947 modon
3152 5876 3420 5947 sententia
3473 5880 3870 5948 dilaniabatur.

2276 5968 2371 6025 sed
2412 5967 2678 6045 intrepido
2706 5982 2928 6045 pectore
2955 5986 3124 6047 stans,
3159 5977 3322 6051 296
3360 5975 3572 6037 dicebat
3600 5994 3613 6033 :
3646 5974 3719 6034 Ea
3743 5986 3871 6049 qua
