4208 6352
283 400 397 462 533

761 398 924 457 VITA
960 383 1381 458 SANCTORUH
1419 387 1749 453 BABLAMI
1795 381 2130 447 EREMITXE
2169 385 2263 447 ET
2302 383 2655 448 JUSAPHAT
2699 392 2906 450 lNDl/E
2949 393 3172 451 REGIS.

3465 386 3572 452 554

292 534 398 582 ate
432 506 710 594 jubentur,
767 531 800 574 o
837 531 954 583 rex,
993 502 1194 582 facere,
1252 516 1470 570 minime
1491 527 1518 567 a
1567 514 1717 567 vobis
1748 510 1885 565 indi-
1911 507 1966 571 Α
1989 519 2213 565 comites
2241 525 2358 565 eam
2387 511 2713 566 celeritatem
2743 508 3095 568 adhibuerant
3119 521 3174 567 ut
3196 513 3466 568 hominem
3492 527 3572 568 ar-

292 629 437 675 ctum
467 628 584 682 est,
627 613 720 670 sed
748 625 866 684 quae
893 623 922 665 a
957 611 1185 666 Domino
1214 615 1402 662 nostro
1433 607 1689 670 imperata
1719 611 1876 664 sunt;

291 711 381 781 qui
414 723 511 762 nos
539 705 911 776 temperantiae
937 702 1174 766 studere,
1218 708 1377 770 atque
1406 711 1596 753 omnes
1628 698 1872 765 voluptas

295 817 376 860 tes
399 811 454 857 et
491 799 812 870 cupiditates
841 797 895 851 in
925 800 1188 865 petestate
1229 801 1434 856 tenere,
1483 789 1882 844 lbrtltudiaem

292 895 609 966 quecolere,
639 905 703 947 ac
727 891 965 946 laborem
993 902 1204 942 omnem
1230 885 1635 942 etafllictiouem
1659 882 1880 952 justitire

292 1001 455 1045 causa
483 987 750 1042 Sustincre
779 984 955 1039 docet.
991 984 1106 1047 Quo
1137 980 1297 1045 igitur
1325 978 1566 1049 graviora
1596 977 1750 1031 nobis
1781 976 1879 1042 pie

295 1089 424 1136 tatis
480 1091 640 1134 causa
691 1077 829 1131 mala
884 1076 1152 1139 intuleris,
1201 1087 1266 1127 eo
1297 1071 1605 1138 praeclarius
1632 1068 1699 1123 de
1727 1066 1881 1120 nobis

292 1175 522 1229 meritus
557 1171 740 1226 fueris.
771 1169 1026 1236 Quocirca
1068 1163 1327 1236 quidquid
1360 1164 1503 1218 lubet
1536 1162 1653 1226 fac;
1711 1171 1882 1229 neque

287 1268 433 1322 enim
463 1264 857 1319 commutemus
884 1259 1156 1329 utaliquid
1179 1256 1317 1328 quod
1351 1271 1379 1309 a
1408 1263 1557 1310 recto
1588 1251 1882 1307 abhorreat

292 1359 571 1424 faciamus,
604 1370 667 1411 ac
695 1363 914 1425 peccato
935 1368 1033 1407 nos
1065 1350 1398 1406 addicamus.
1450 1348 1558 1403 Nec
1583 1348 1724 1402 enim
1768 1347 1883 1401 leve

291 1452 394 1506 hoc
421 1451 600 1505 scelus
629 1461 750 1504 esse.
781 1457 962 1518 putes,
993 1446 1036 1499 si
1077 1445 1477 1498 coliuctatorem
1523 1453 1586 1494 ac
1623 1438 1885 1495 commilit-

288 1553 470 1597 tonem
495 1550 734 1596 nostrum
777 1541 871 1593 tibi
902 1541 952 1593 in
990 1551 1182 1591 manus
1225 1536 1516 1589 tradamus.
1555 1534 1747 1587 Verum
1780 1535 1882 1587 hoc

290 1637 507 1690 nomine
535 1632 755 1688 minime
804 1643 900 1685 nos
953 1625 1221 1689 irridebis,
1273 1626 1511 1694 quamvis
1551 1624 1710 1679 etiam
1755 1638 1878 1678 sex-

289 1739 476 1786 centas
500 1737 700 1784 mortes
729 1729 884 1782 nobis
908 1726 1128 1781 inferas.
1160 1724 1341 1794 Neque
1369 1724 1512 1778 enim
1539 1723 1674 1776 adeo
1705 1721 1882 1790 ignavi

288 1835 498 1884 sumus,
539 1828 598 1886 ut
627 1827 1016 1874 tormentorum
1051 1829 1261 1871 tuorum
1309 1823 1450 1869 metu
1483 1814 1877 1883 philosophiam

1987 603 2482 672 riperenteumque
2523 604 2586 659 ad
2619 605 2791 673 ipsum
2823 605 3168 661 adducerent.
3211 606 3282 660 De
3316 619 3421 674 quo
3448 619 3571 662 cum

1987 697 2231 764 quisnam
2258 705 2418 762 esset,
2450 711 2717 768 quamque
2747 698 3054 769 religionem
3084 698 3304 765 coleret,
3347 707 3403 753 et
3436 713 3568 770 quo-

1989 799 2111 840 nam
2143 788 2356 841 nomine
2381 795 2684 853 vocaretur,
2715 791 3067 858 qumsivisset,
3091 788 3451 844 Christianum
3485 791 3573 844 ille

1989 893 2048 932 se
2097 895 2217 934 (δερ
2273 880 2545 941 professus
2617 887 2720 947 est,
2787 882 3227 948 Barlaamumque
3277 883 3569 950 nuncupari

1987 973 2454 1042 (quemadmodum
2487 975 2732 1029 videlicet
2757 975 2824 1027 ab
2870 977 2996 1044 ipsis
3028 977 3320 1030 instructus
3365 975 3563 1043 fuerat)

1988 1083 2093 1138 quo
2122 1070 2334 1124 nomine
2361 1067 2554 1141 gaudio
2586 1068 2826 1139 perfusus
2856 1071 3112 1136 Araches,
3147 1081 3202 1124 ut
3223 1070 3436 1142 quidem
3464 1083 3573 1138 pra

1985 1171 2046 1215 se
2075 1161 2295 1225 lv-rcbat,
2320 1173 2538 1231 accepto
2567 1179 2653 1229 eo,
2681 1164 3071 1232 quamprimum
3090 1161 3155 1217 ad
3181 1179 3358 1232 regem
3390 1175 3574 1217 rever-

1988 1255 2137 1324 titur,
2169 1256 2328 1324 eique
2381 1257 2550 1325 ipsum
2583 1253 2820 1310 exhibet.
2873 1248 3068 1323 Aitque
3101 1269 3190 1308 rex
3237 1253 3574 1309 audientibus

1990 1348 2055 1404 iis
2087 1351 2174 1417 qui
2220 1347 2464 1402 astabant
2499 1363 2512 1402 :
2565 1348 2715 1402 Tunc
2742 1363 2801 1401 es
2852 1347 2940 1402 Ille
2973 1347 3230 1401 daemonis
3261 1345 3576 1401 administer

1992 1440 2266 1495 Barlaami
2297 1442 2388 1495 llle
2418 1450 2592 1496 autem
2621 1442 2897 1510 respondit
2929 1455 2943 1494 ε
2979 1441 3072 1494 Dei
3095 1441 3411 1496 administer
3429 1455 3570 1503 sum,

1991 1548 2053 1587 ac
2077 1546 2180 1587 non
2205 1534 2532 1598 daemonum,
2563 1535 2910 1602 quamobrem
2954 1547 3020 1587 ne
3069 1548 3156 1587 me
3200 1532 3454 1586 conviciis
3495 1533 3576 1584 in-

1992 1641 2193 1681 cessas.
2229 1628 2496 1682 Plurimas
2511 1629 2654 1681 enim
2679 1628 2806 1680 mibi
2826 1628 3024 1696 gratias
3048 1641 3206 1695 agere
3235 1625 3418 1686 debes,
3444 1637 3577 1694 quo-

1991 1719 2136 1773 niam
2183 1717 2348 1771 filium
2377 1728 2526 1772 tuum
2571 1731 2754 1772 errore
2783 1727 2944 1788 atque
2975 1721 3261 1787 impostura
3295 1717 3576 1771 liberatum

1993 1810 2058 1864 ad
2090 1811 2184 1866 Dei
2218 1811 2421 1865 cultum
2453 1811 2678 1876 erudivi,
2710 1820 2867 1881 atque
2897 1827 3017 1866 curn
3053 1823 3180 1866 vero
3222 1811 3331 1864 Deo
3368 1810 3422 1864 in
3461 1823 3579 1878 gra-

299 1923 537 1969 nostram
568 1914 887 1983 prodamus',
939 1921 1100 1982 atque
1129 1910 1325 1980 aliquid
1363 1909 1538 1963 divina
1581 1909 1697 1979 lege
1750 1907 1887 1963 indi.
1916 1891 1968 1956 Β
1997 1902 2118 1956 tiam
2155 1902 2428 1956 reductum
2461 1907 2604 1956 omni
2641 1904 2850 1957 virtutis
2891 1915 3090 1972 genere
3157 1901 3382 1955 institui.
3444 1900 3579 1954 Rur-

288 2022 453 2078 guum
503 2016 894 2077 perpetremus.
948 2006 1215 2059 Adversus
1250 2005 1364 2058 haec
1395 2017 1726 2073 quaacunque
1776 2013 1883 2058 tor-

287 2110 589 2157 tnentorum
622 2101 973 2154 instrumenta
1007 2098 1168 2162 nosti,
1199 2111 1262 2152 ea
1293 2096 1551 2165 expedias
1590 2098 1735 2150 licet.
1777 2096 1884 2150 Νο-

288 2192 367 2251 bis
390 2193 584 2263 quippe
613 2194 794 2247 virere
836 2190 1085 2246 Christus
1115 2200 1217 2254 est,
1247 2204 1310 2244 ac
1341 2191 1475 2244 mori
1507 2190 1884 2260 praestantissi-

291 2301 435 2340 mum
467 2285 669 2339 lucrum
703 2282 927 2355 (Philip.
965 2283 1025 2351 l).

361 2379 440 2431 (ib
470 2377 772 2444 iiujusmodi
802 2377 965 2430 verba
992 2387 1086 2429 rex
1112 2374 1294 2429 furore
1322 2375 1700 2438 inflammatus,
1734 2372 1885 2428 theo-

291 2468 439 2538 logas
464 2482 650 2523 eorum
678 2469 886 2538 linguas
909 2465 1172 2535 amputari
1209 2466 1380 2534 jubet,
1424 2469 1718 2535 oculosque
1746 2465 1880 2527 erui.

291 2574 586 2630 manusque
618 2559 776 2614 simul
807 2573 869 2614 ac
921 2559 1082 2626 pedes
1139 2559 1391 2613 truncari.
1451 2559 1563 2624 Qua
1621 2559 1880 2614 sententia

289 2653 650 2722 pronuntiata,
683 2653 894 2706 lictores
923 2660 977 2705 et
997 2651 1256 2707 satellites
1280 2650 1689 2706 circumstantes
1723 2652 1884 2705 inlut-

291 2759 448 2800 mane
474 2759 536 2799 ac
568 2744 856 2800 crudeliter
899 2746 1044 2813 ipsos
1094 2743 1502 2797 demutilabant.
1557 2743 1634 2797 Ac
1677 2743 1880 2811 linguas

289 2836 503 2906 quidem
531 2851 716 2890 eorum
750 2835 956 2889 uncinis
983 2850 1049 2888 ex
1072 2850 1164 2890 ore
1188 2844 1456 2890 extractas
1490 2835 1722 2890 bellnina
1746 2851 1881 2905 qua-

289 2929 411 2982 dam
446 2928 653 2982 feritate
683 2927 1086 2993 abscindebant,
1119 2927 1304 2982 οωιοε
1331 2936 1508 2981 autem
1541 2926 1733 2982 ferreis
1783 2943 1882 2981 un-

290 3019 479 3084 guibus
507 3021 784 3086 eruebant,
812 3035 872 3073 ac
903 3019 1132 3089 denique
1162 3019 1533 3076 instrumentis
1556 3020 1874 3088 quibusdam

294 3125 484 3165 eorum
517 3127 709 3166 manus
764 3127 825 3166 ac
872 3112 1034 3180 pedes
1076 3112 1343 3171 lutantes,
1397 3112 1781 3180 amputabant:
1829 3122 1883 3164 at

298 3204 440 3258 beati
476 3204 550 3258 illi
577 3219 639 3258 ac
692 3205 981 3258 venerandi
1022 3214 1073 3258 et
1102 3207 1350 3274 generosi
1381 3206 1503 3267 viri,
1538 3214 1789 3272 tanquam
1817 3208 1881 3258 ad

1989 2009 2107 2050 sum
2134 2006 2313 2049 autem
2343 2009 2435 2050 rex
2462 1994 2578 2049 irati
2602 1996 2768 2049 animi
2801 1997 3036 2063 speciem
3062 1995 3377 2064 praferens,
3402 1993 3573 2046 dixit:

1992 2085 2093 2140 Par
2121 2101 2250 2142 sane
2278 2097 2393 2142 erat
2437 2096 2510 2151 ut,
2573 2087 2664 2141 tibi
2707 2089 2973 2141 sermonis
3011 2100 3047 2141 ο
3073 2087 3188 2140 anis
3213 2099 3275 2139 ac
3303 2085 3578 2140 defensio-

1992 2179 2075 2232 nis
2128 2179 2382 2234 facultate
2437 2181 2680 2247 prtccisa,
2727 2181 2843 2233 sine
2897 2180 2999 2231 ulla
3055 2179 3473 2246 interrogatione
3529 2183 3581 2230 te

1991 2280 2165 2324 morte
2197 2271 2498 2326 multarem.
2534 2271 2730 2325 Verum
2783 2286 2881 2340 pro
2912 2285 3028 2324 mea
3060 2268 3388 2324 humanitate
3426 2269 3579 2322 tanti-

1991 2379 2114 2434 spcr
2143 2375 2194 2420 te
2233 2363 2371 2431 fero,
2398 2380 2678 2434 quousque
2703 2364 2769 2418 ad
2819 2374 3023 2420 certum
3071 2365 3211 2420 diem
3260 2364 3326 2418 de
3357 2374 3408 2418 te
3429 2379 3576 2434 quaa-

1991 2459 2218 2514 stioneni
2253 2460 2507 2514 habuero.
2545 2463 2618 2513 Ac
2651 2459 2914 2528 siquidem
2946 2459 3074 2514 mihi
3101 2457 3578 2526 obtemperantium

1991 2551 2232 2619 duxeris,
2293 2554 2502 2607 veniam
2564 2554 2863 2619 obtinebis;
2916 2552 2997 2607 sin
3045 2552 3242 2618 minus,
3296 2553 3580 2622 pessimam

1994 2656 2221 2701 mortem
2265 2658 2510 2716 oppetes.
2545 2647 2667 2701 iirrc
2719 2648 2951 2712 locutus,
3003 2647 3199 2702 Arachi
3244 2662 3364 2702 eum
3399 2647 3577 2711 tradit,

1991 2739 2316 2810 mandatque
2367 2751 2426 2793 ut
2471 2755 2591 2794 eum
2645 2755 2802 2809 quam
2847 2741 3252 2810 diligentissime
3292 2741 3577 2795 custodiat.

2069 2833 2340 2888 Postridie
2381 2845 2558 2889 autem
2591 2835 2731 2889 illinc
2761 2836 2825 2889 ad
2860 2835 3110 2905 palatium
3148 2851 3302 2892 suum
3336 2850 3581 2892 reversus

1989 2941 2089 2986 est.
2123 2932 2367 3000 Repente
2394 2931 2554 3002 igitur
2581 2941 2797 3000 raptum
2827 2946 2945 2986 esse
2992 2931 3327 2985 Barlaamuni
3360 2947 3576 2986 rumore

1995 3026 2289 3091 ferebatur,
2318 3024 2453 3078 adeo
2483 3036 2539 3078 ut
2561 3026 2672 3093 ipse
2698 3039 2907 3094 quoque
2939 3027 3080 3094 regis
3110 3026 3250 3079 filius
3278 3025 3377 3078 hac
3408 3040 3466 3080 re
3495 3041 3582 3078 au-

1991 3119 2099 3170 dita
2132 3118 2450 3186 gravissimo
2507 3118 2667 3171 animi
2722 3118 2907 3171 dolore
2951 3117 3276 3182 afﬁceretur,
3334 3131 3433 3170 nec
3479 3117 3585 3170 ullo

1995 3211 2155 3262 modo
2186 3208 2435 3278 lacrymis
2464 3212 2731 3262 moderari
2766 3219 2968 3277 posset,
2993 3223 3178 3263 verum
3212 3210 3496 3279 gemitibus
3523 3223 3586 3263 ac

293 3295 482 3363 epulas
509 3294 709 3361 vocati,
735 3305 953 3350 strenuo
983 3306 1036 3349 et
1058 3295 1177 3349 forti
1206 3298 1388 3349 animo
1413 3296 1478 3348 ad
1510 3295 1779 3349 cruciatus
1799 3310 1882 3349 ac
1911 3297 1962 3362 ς
1996 3303 2226 3356 luctibus
2275 3304 2441 3356 Deum
2491 3304 2823 3368 obsecraret,
2884 3303 3164 3373 ipsumque
3195 3311 3252 3357 ut
3282 3304 3395 3358 seni
3428 3318 3582 3370 opem

289 3388 585 3453 cedebant,
621 3389 817 3442 mutuis
840 3389 1298 3442 cohortationibus
1345 3403 1465 3441 sese
1495 3397 1768 3453 acuentes,
1801 3399 1882 3439 at-

289 3496 397 3550 que
419 3481 484 3534 ad
514 3491 742 3536 mortem
780 3497 876 3550 pro
904 3480 1141 3538 ,Christo
1188 3481 1517 3537 subeundam
1568 3482 1687 3536 forti
1728 3489 1884 3550 atque

295 3574 566 3643 intrepido
590 3573 772 3628 animo
804 3584 1105 3644 pergentes.

369 3666 422 3718 ln
447 3664 748 3734 bujusmodi
772 3667 934 3720 variis
966 3667 1245 3736 suppliciis
1272 3667 1601 3722 sacrosancti
1635 3670 1883 3722 monachi

291 3758 430 3829 (l5),
463 3773 686 3814 numero
708 3759 895 3814 decem
927 3769 981 3815 et
1009 3771 1238 3830 septem,
1285 3760 1452 3816 fortes
1495 3778 1557 3817 ac
1609 3763 1885 3818 tolerantia

289 3851 546 3919 praeditas
600 3853 807 3906 animas
836 3866 960 3908 suas
1013 3851 1238 3907 Domino
1287 3855 1751 3908 commendarunt.
1811 3856 1887 3908 Ex

291 3963 402 4016 quo
435 3948 712 4018 perspicue
750 3957 960 4003 constat
992 3951 1227 4004 animum
1260 3950 1454 4019 pietate
1503 3948 1781 4020 praeditum
1812 3952 1882 4003 vi-

295 4042 448 4095 tiosis
489 4041 865 4096 adfectionibus
910 4042 1214 4111 imperare,
1266 4043 1720 4113 quemadmodum
1768 4044 1888 4112 qui-

291 4135 418 4188 dam
450 4149 478 4187 a
499 4135 697 4190 nostris
716 4134 945 4191 decretis
971 4134 1173 4189 alienus
1197 4136 1428 4206 prodidit
1447 4136 1772 4203 (Iosephus),
1802 4152 1888 4190 se-

292 4228 379 4281 nis
404 4230 694 4284 sacerdods
722 4244 786 4284 ac
816 4240 1020 4298 septem
1053 4228 1282 4285 filiorum
1322 4232 1615 4286 certamina
1645 4248 1882 4286 comme-

293 4334 531 4386 morans,
562 4322 653 4387 qui
693 4337 798 4376 una
823 4338 944 4378 cum
988 4332 1159 4378 matre
1205 4325 1315 4392 pari
1347 4323 1570 4378 omnino
1620 4327 1885 4381 sententia

293 4413 518 4484 praedita
544 4429 640 4484 pro
670 4416 857 4483 patria:
884 4416 1016 4487 legis
1045 4417 1359 4472 defensione
1381 4417 1723 4474 dimicarunt.
1749 4420 1889 4486 Qui-

295 4506 397 4560 bus
429 4508 708 4562 tolerantia
733 4518 789 4563 et
815 4509 975 4563 animi
1005 4509 1370 4578 magnitudine
1411 4510 1577 4565 nihilo
1607 4511 1890 4568 inferiores

294 4595 351 4650 hi
385 4598 570 4652 eximii
600 4599 786 4654 Patres
827 4614 890 4654 ac
914 4614 1162 4668 supernae
1211 4599 1506 4656 Jerusalem
1556 4603 1699 4657 cives
1725 4604 1888 4658 exsti-

297 4699 497 4746 terunt.

371 4784 498 4839 Car.
536 4783 724 4840 XXIV.
769 4813 839 4826 -
869 4785 962 4839 His
1012 4785 1173 4855 igitur
1201 4785 1286 4854 pia
1342 4794 1515 4839 morte
1571 4786 1884 4854 perfunctis,

294 4891 394 4932 rex
427 4875 492 4928 ad
521 4877 832 4944 primarium
862 4877 1229 4932 consiliarium
1255 4893 1410 4932 suum
1441 4878 1687 4933 Aracheu
1715 4880 1886 4935 dixit:

295 4965 558 5033 Quoniam
591 4967 737 5036 prius
778 4967 1064 5023 consilium
1098 4968 1316 5023 minime
1363 4972 1641 5032 successit,
1672 4970 1739 5024 ad
1787 4987 1882 5038 ιιοο

297 5061 496 5115 sterius
542 5061 780 5115 animum
819 5061 1014 5132 adjiee,
1061 5077 1125 5116 ac
1173 5061 1472 5117 Nachorcm
1505 5064 1887 5120 accersendum

296 5169 450 5208 cura.
481 5153 718 5210 Aracbes
744 5156 923 5226 igitur.
962 5156 1281 5224 intempesta
1323 5166 1479 5211 nocte
1518 5157 1586 5211 ad
1626 5158 1742 5226 ejus
1768 5174 1889 5228 spe-

297 5248 510 5302 luncam
537 5262 598 5304 se
617 5251 863 5315 contulit,
898 5249 1158 5318 siquidem
1189 5251 1242 5305 in
1271 5250 1563 5306 solitudine
1587 5249 1887 5317 habitabat,

297 5341 614 5396 divinationi
644 5355 864 5412 operam
889 5342 1046 5397 dans.
1092 5341 1332 5411 Cumque
1378 5343 1478 5413 ipsi
1507 5344 1788 5398 consilium
1839 5345 1888 5398 id

295 5447 464 5489 cuine
489 5434 631 5502 quod
657 5435 927 5500 cepissent
957 5435 1306 5501 declarasset,
1357 5435 1519 5490 simul
1561 5445 1722 5505 atque
1751 5438 1890 5492 dilu-

302 5529 404 5592 xit,
437 5528 504 5582 ad
532 5540 714 5597 regem
763 5541 824 5584 se
862 5528 1090 5597 recepit.
1135 5530 1202 5582 At
1258 5538 1367 5582 tum
1417 5530 1657 5598 quaesitis
1704 5545 1888 5585 rursus

297 5618 479 5682 equis.
505 5619 572 5674 ad
595 5619 1018 5689 investigandum
1047 5621 1382 5675 Barlaamum
1403 5635 1528 5676 sese
1554 5621 1705 5677 abire
1723 5622 1890 5676 simu-

297 5713 454 5769 lavit.
487 5714 617 5768 Cum
645 5722 829 5772 autem
877 5716 1120 5781 exiisset,
1159 5731 1222 5769 ac
1265 5715 1381 5771 loca
1426 5715 1666 5771 solitaria
1713 5717 1890 5786 perlu-

297 5816 516 5864 straret.
555 5810 728 5864 virum
755 5823 916 5864 unum
953 5824 1020 5866 ex
1062 5810 1312 5878 voragine
1340 5809 1567 5880 quadam
1607 5810 1889 5880 egredien-

301 5911 416 5961 tem
445 5904 725 5972 conspicit.
752 5905 924 5972 Quem
965 5918 1085 5958 cum
1135 5902 1379 5971 persequi
1405 5901 1672 5971 iussisset,
1723 5903 1890 5973 ipsius

1991 3395 2154 3450 ferret
2201 3396 2583 3451 obtestaretur,
2618 3396 2728 3450 Nec
2759 3410 2885 3450 vero
2919 3397 3183 3465 lugentem
3240 3411 3361 3452 eum
3411 3396 3583 3451 bonus

1988 3487 2081 3542 ille
2113 3489 2254 3543 Deus
2296 3489 2575 3557 despexit;
2609 3490 2868 3558 benignus
2900 3491 3042 3544 enim
3075 3498 3156 3545 est
3192 3490 3258 3545 iis
3297 3490 3388 3560 qui
3417 3490 3584 3559 ipsius

1989 3598 2147 3653 opem
2194 3585 2246 3638 in
2273 3584 2359 3638 die
2402 3584 2764 3639 tribulationis
2794 3594 3130 3653 exspectant,
3171 3595 3330 3655 atque
3362 3601 3454 3640 eos
3492 3586 3581 3655 qui

1989 3678 2158 3747 ipsius
2205 3688 2347 3732 metu
2377 3679 2586 3747 praediti
2645 3690 2766 3732 sunt
2810 3680 3067 3749 agnoscit.
3119 3679 3270 3734 Unde
3316 3680 3473 3732 ctiam
3501 3679 3586 3749 ju-

1998 3772 2118 3824 veni
2149 3785 2245 3840 pcr
2267 3783 2588 3826 nocturnum
2622 3773 2793 3827 visum
2820 3774 2995 3826 omnia
3028 3773 3284 3836 declarat,
3317 3774 3586 3842 roburque

1991 3863 2088 3928 ipsi
2127 3862 2291 3928 addit,
2324 3871 2483 3933 atque
2508 3864 2572 3917 ad
2597 3864 2808 3933 pietatis
2831 3875 3102 3935 certamen
3128 3880 3246 3919 eum
3277 3865 3585 3920 confirmat.

1992 3955 2352 4025 Experrectns
2381 3957 2562 4028 itaque
2583 3973 2676 4013 cor
2703 3973 2854 4012 suum
2891 3959 3048 4028 paulo
3077 3973 3199 4012 ante
3232 3958 3486 4013 uirestitia
3523 3973 3585 4014 ac

1992 4053 2179 4107 dolore
2230 4051 2584 4123 profligatum,
2620 4054 2804 4109 lmtitia
2853 4064 2903 4107 et
2935 4053 3124 4108 fiducia
3157 4054 3586 4122 suavissimoque

1992 4145 2194 4200 lumine
2227 4147 2384 4216 297
2417 4144 2690 4213 perfusum
2739 4148 2958 4216 reperit.
3008 4146 3118 4202 Rex
3167 4157 3343 4200 autem
3390 4147 3473 4201 his
3512 4147 3583 4200 ita

1990 4238 2176 4305 gesds,
2223 4248 2381 4305 atque
2422 4237 2548 4291 inita
2584 4237 2888 4308 lmjusmodi
2919 4239 3256 4302 cogitatione,
3295 4236 3578 4308 gaudebat,

1991 4329 2249 4397 praeclara
2279 4330 2707 4384 censidcratione
2734 4345 2792 4384 se
2821 4331 2895 4383 uti
2943 4330 3280 4393 existimans,
3319 4326 3585 4396 amplissi-

1993 4438 2242 4493 mamque
2269 4424 2460 4476 Arachi
2493 4426 2714 4493 gratiam
2767 4424 2990 4476 habens.
3027 4419 3248 4482 Verum,
3307 4432 3362 4476 ut
3417 4422 3582 4476 divini

1998 4513 2213 4568 Davidis
2245 4514 2420 4569 verbis
2447 4526 2584 4577 utar,
2621 4516 2838 4570 mentita
2875 4523 2956 4568 est
2989 4513 3236 4582 iniquitas
3281 4515 3383 4568 sibi
3408 4513 3578 4583 (Paul.

1997 4605 2168 4676 χχιι),
2199 4619 2358 4676 atque
2399 4606 2606 4676 justitiu
2657 4609 2913 4661 adversus
2965 4605 3297 4675 iniquitatem
3348 4606 3579 4674 palmam

1916 4689 2133 4763 Dtulit,
2182 4713 2400 4766 prorsus
2449 4699 2697 4752 videlicet
2738 4713 2855 4753 eam
2904 4707 3149 4753 sternens
3199 4715 3261 4754 ac
3301 4699 3581 4767 dejiciens,

1995 4791 2261 4860 periitque
2314 4792 2574 4846 memoria
2630 4793 2746 4860 ejus
2798 4807 2918 4845 cum
2969 4792 3147 4847 sonitu
3217 4792 3388 4862 (Psal.
3466 4792 3581 4861 1x)!

1993 4882 2442 4952 quemadmodum
2490 4887 2754 4939 sermonis
2791 4899 3074 4956 progressu
3123 4902 3152 4940 a
3199 4885 3353 4941 nobis
3395 4894 3582 4940 osten-
3654 4915 3660 4924 -

1996 4977 2199 5046 detur).

2069 5068 2237 5122 Biduo
2276 5069 2471 5139 quippe
2511 5079 2629 5140 post
2665 5085 2760 5125 rex
2799 5071 2866 5124 ad
2908 5070 2997 5124 lilii
3029 5071 3280 5140 palatium
3312 5069 3573 5137 accessit,

2000 5178 2172 5231 eoque
2203 5163 2300 5230 ipsi
2330 5165 2540 5219 obviam
2583 5164 2904 5230 prodeunte,
2951 5176 3098 5234 pater
3137 5179 3256 5219 eum
3295 5179 3392 5218 suo
3432 5179 3585 5221 more

1997 5257 2220 5310 minime
2245 5257 2518 5311 osculatus
2546 5267 2624 5312 cst
2645 5297 2660 5322 ,
2689 5273 2870 5313 verum
2890 5297 2904 5322 ,
2936 5258 3232 5327 indignanti
3259 5267 3421 5327 atque
3448 5259 3583 5313 irato

1995 5347 2215 5414 similis,
2244 5349 2294 5401 in
2323 5349 2527 5419 regium
2551 5350 2856 5404 cubiculum
2887 5350 3155 5417 ingressus
3175 5387 3192 5414 ,
3220 5361 3411 5403 mtesto
3437 5351 3584 5405 vultu

1994 5441 2263 5494 consedit.
2308 5442 2386 5494 Ac
2432 5441 2626 5496 deinde
2654 5443 2829 5495 accito
2864 5441 3008 5503 filio,
3042 5441 3127 5493 his
3157 5441 3223 5494 ad
3252 5456 3372 5495 eum
3405 5441 3582 5497 verbis

1994 5532 2200 5585 tuitur:
2237 5531 2372 5599 Fili,
2403 5548 2647 5602 quaenam
2680 5533 2794 5589 hinc
2821 5534 2959 5588 fama
3001 5542 3110 5598 est,
3157 5549 3273 5602 quae
3314 5535 3381 5590 ad
3423 5549 3578 5590 aures

1995 5639 2147 5680 meas
2178 5624 2510 5692 permeavit,
2542 5627 2886 5697 animumque
2918 5641 3094 5682 meum
3141 5641 3372 5684 mterore
3414 5628 3581 5684 conii-

1995 5717 2063 5770 cit
2088 5716 2111 5769 ?
2141 5729 2311 5783 neque
2350 5716 2494 5771 enim
2539 5717 2788 5771 existimo
2829 5718 2998 5773 ullum
3037 5733 3272 5788 unquam
3303 5719 3576 5774 hominem

1997 5806 2066 5860 ob
2092 5808 2182 5860 filii
2211 5817 2386 5861 ortum
2414 5816 2560 5861 tanto
2584 5809 2778 5876 gaudio
2805 5809 3074 5878 perfusum
3103 5810 3301 5876 fuisse,
3321 5818 3580 5880 quantam

1997 5914 2098 5971 ego
2129 5904 2216 5954 tua
2247 5913 2405 5955 causa
2437 5900 2763 5970 voluptatem
2798 5903 3007 5972 percepi
3036 5917 3051 5965 ;
3099 5913 3199 5956 nec
3234 5913 3452 5956 rursum
3489 5899 3580 5954 ,ιι-
