4158 6354
581 363 685 416 555

1625 355 1712 414 DE
1750 352 1931 414 VITIS
1966 349 2254 412 PATRUM
2291 351 2509 411 LIBER
2543 351 2824 414 PRIMUS.

3761 365 3868 426 536

581 481 694 535 lum
747 489 982 548 unquam
1030 483 1231 532 tantum
1281 474 1530 531 maeroris
1571 488 1639 530 ex
1681 473 1792 529 filio
1834 471 2170 528 contraxisse
2197 469 2479 533 Atnficias
2520 469 2732 526 iverim.
2773 469 3034 528 Tenebris
3073 471 3216 530 enim
3259 474 3382 547 fuga
3407 474 3644 547 relictis,
3681 478 3749 536 ad
3789 482 3840 539 lu

584 573 786 636 credo,
829 577 1087 640 quantum
1130 582 1273 622 nunc
1315 583 1380 622 ex
1421 575 1474 622 te
1512 566 1774 622 contraxi.
1818 563 1987 620 Meam
2030 562 2171 618 enim

583 663 836 718 canitiem
870 662 1136 717 dedecore
1164 660 1410 726 affecisti,
1433 673 1494 714 ac
1525 660 1696 715 lucem
1722 657 1999 714 oculorum
2026 670 2174 712 meo-

582 771 700 810 ntm
747 753 1044 820 abstulisti,
1095 767 1486 824 nervorumque
1533 767 1773 808 meorum
1819 750 1981 806 robur
2025 751 2174 807 exci-

587 846 739 901 disti.
769 844 956 900 Timor
985 843 1126 899 enim
1149 885 1164 908 ,
1195 859 1352 913 quem
1397 853 1484 898 ttta
1522 856 1683 898 causa
1726 843 2010 910 timebam,
2050 857 2176 898 eve-

589 939 671 993 nit
700 937 864 992 mihi:
898 946 952 992 et
983 935 1126 1006 quod
1156 935 1400 1002 verebar,
1441 935 1638 990 accidit
1675 935 1828 991 mihi.
1873 933 2174 1004 Factusque

585 1045 703 1085 sum
740 1030 983 1084 hostibus
1012 1029 1146 1084 meis
1179 1030 1235 1084 in
1269 1028 1557 1084 ludibrium
1577 1069 1593 1096 ,
1624 1039 1678 1085 et
1703 1030 1756 1086 in
1787 1029 1956 1085 risum
1983 1029 2175 1085 adver-

581 1122 740 1177 sariis
771 1122 904 1177 meis
931 1121 1081 1192 (Job.
1110 1122 1216 1187 ιιι).
1248 1121 1420 1177 Stulta
1455 1128 1635 1177 mente
1661 1136 1724 1178 ac
1765 1121 1956 1190 puerili
1994 1122 2175 1177 animo

579 1227 934 1284 tmposmrum
969 1215 1145 1271 verbis
1212 1214 1372 1271 fidem
1413 1215 1737 1284 adhibuisti,
1775 1227 1935 1286 atque
1973 1217 2175 1285 impro-

581 1309 771 1364 borum
815 1319 869 1364 et
915 1309 1297 1365 malevolorum
1330 1309 1604 1364 hominum
1634 1310 1915 1365 consilium
1950 1309 2176 1365 consilio

583 1420 708 1460 meo
735 1405 1006 1474 antiquius
1036 1404 1270 1474 habens,
1297 1421 1360 1462 ac
1388 1406 1610 1462 deorum
1640 1416 1948 1464 nostrorum
1973 1407 2173 1463 cultum

581 1501 894 1571 relinquens
919 1542 934 1567 ,
967 1501 1030 1555 ad
1061 1501 1220 1557 alieni
1253 1501 1346 1556 Dei
1367 1501 1570 1557 cultum
1600 1509 1652 1556 te
1680 1501 1976 1557 contulisti.
2012 1502 2177 1569 Quid-

584 1609 711 1648 nam
747 1593 870 1661 tibi,
905 1593 1013 1661 fili,
1051 1594 1102 1648 in
1131 1605 1367 1649 mentem
1395 1593 1572 1661 venit,
1608 1603 1666 1648 ut
1695 1594 1810 1650 haec
1834 1593 2080 1662 faceres;
2112 1608 2177 1650 ac

585 1696 674 1754 tu,
722 1703 879 1756 quem
922 1689 976 1743 in
1018 1690 1161 1742 omni
1206 1686 1496 1744 securitate
1533 1688 1680 1746 alere
1720 1704 1808 1744 me
1843 1689 2130 1758 sperabam
2157 1730 2172 1756 ,

580 1794 850 1848 quemque
880 1781 1171 1835 senecmtis
1202 1795 1336 1835 mea?
1362 1781 1610 1836 baculum
1667 1795 1731 1837 ac
1802 1783 1965 1836 robur
2020 1783 2175 1837 habi-

2275 577 2393 618 cem
2423 562 2665 631 accurri,
2697 577 2761 619 ac
2786 563 2976 620 relicto
3002 580 3189 623 errore
3215 567 3281 623 ad
3313 568 3592 626 veritatem
3638 586 3730 630 me
3772 576 3865 630 ad-

2272 655 2472 726 junxi:
2525 656 2822 728 nuntioque
2847 657 3186 716 daemonibus
3229 664 3494 730 remisso,
3548 664 3617 720 ad
3666 666 3868 727 Christi

2273 750 2494 807 ordines
2523 766 2610 808 me
2639 753 2879 818 contuli,
2907 754 2996 824 qui
3025 753 3117 810 Dei
3149 754 3322 812 Patris
3348 757 3518 816 Filius
3548 773 3612 815 ac
3637 760 3870 821 Verbum

2276 853 2394 910 est,
2429 843 2691 914 cujusque
2719 845 2883 902 verbo
2913 847 3094 902 omnia
3121 862 3188 903 ex
3217 848 3384 904 nihilo
3428 851 3481 907 in
3524 861 3704 909 ortum
3750 871 3846 925 pro

2275 936 2436 992 ducta
2475 946 2636 1004 sunt,
2681 938 2878 1008 quique
2917 938 3101 995 efficto
3143 955 3175 996 e
3215 951 3360 997 terra
3402 942 3620 1002 homine
3648 946 3870 1004 vitalem

2278 1026 2382 1097 ipsi
2423 1036 2669 1098 sptrttum
2701 1028 3026 1097 insufﬂavit,
3058 1046 3291 1101 eumque
3317 1033 3371 1091 in
3399 1036 3687 1105 voluptatis
3716 1055 3874 1110 para—

2277 1121 2428 1187 diso,
2475 1130 2536 1177 ut
2586 1122 2693 1178 illic
2747 1122 3000 1194 degeret,
3049 1124 3357 1181 collocavit.
3408 1125 3650 1199 Cumque
3701 1130 3872 1200 ipsius

2277 1213 2591 1269 mandatum
2621 1215 2907 1285 violasset,
2938 1217 3207 1288 mortique
3235 1219 3462 1288 proinde
3487 1221 3780 1278 obnoxium
3811 1239 3874 1282 se

2278 1313 2637 1379 reddidisset,
2682 1323 2843 1384 atque
2886 1315 3141 1370 horrendi
3187 1315 3371 1371 mundi
3417 1317 3675 1388 principis
3720 1330 3844 1387 pote

2280 1407 2403 1462 stati
2433 1405 2792 1476 subjecisset,
2825 1422 2932 1463 non
2968 1416 3147 1463 tamen
3191 1410 3372 1465 omnia
3415 1409 3592 1467 facere
3631 1411 3872 1481 destitit,

2279 1515 2386 1571 quo
2413 1516 2534 1556 eum
2559 1501 2624 1555 ad
2657 1499 2941 1569 pristinam
2971 1502 3287 1573 dignitatem
3317 1515 3618 1561 revocaret.
3651 1508 3728 1561 Ac
3759 1522 3875 1576 pro-

2281 1605 2464 1665 pterea
2512 1595 2602 1651 ille
2640 1610 2820 1650 rerum
2857 1596 3099 1652 omnium
3137 1596 3476 1653 conditarum
3505 1597 3748 1667 effector,
3779 1616 3872 1670 ge-

2280 1688 2536 1758 nerisque
2577 1690 2749 1746 nostri
2787 1690 3158 1760 architectus,
3199 1701 3382 1748 nostra
3409 1708 3571 1750 causa
3599 1694 3764 1750 homo
3793 1697 3874 1751 ef-

2280 1779 2451 1836 fectus
2501 1790 2613 1847 est,
2664 1793 2826 1851 atque
2871 1781 2923 1837 in
2975 1793 3173 1838 terram
3220 1784 3474 1853 veniens,
3521 1794 3577 1840 et
3607 1801 3648 1862 ,θ
3687 1797 3875 1843 sancta

582 1881 762 1925 turum
795 1872 1164 1941 optimumque
1208 1872 1360 1942 regni
1403 1872 1508 1926 mei
1550 1886 1920 1928 successorem
1959 1872 2174 1928 relictu-
2209 1863 2258 1928 B
2285 1874 2504 1945 Virgine
2557 1890 2823 1942 nascens,
2879 1891 3002 1931 cum
3061 1877 3370 1932 hominibus
3427 1879 3873 1935 consuetudinem

581 1979 700 2021 rum
744 1981 829 2022 me
867 1966 1271 2028 existimabam,
1315 1966 1513 2020 inimici
1551 1975 1710 2038 atque
1751 1966 1959 2021 hostilis
1995 1966 2048 2021 in
2089 1979 2176 2020 me

581 2059 747 2114 animi
776 2067 1152 2128 argumentum
1184 2058 1443 2114 exhibere
1471 2058 1691 2114 minirue
1719 2058 2031 2115 dubitares?

661 2157 743 2209 An
774 2170 880 2210 non
911 2165 1332 2210 consentaneum
1375 2164 1491 2210 erat
1533 2163 1592 2209 ut
1630 2155 1759 2209 mihi
1804 2158 1979 2224 potius
2023 2169 2176 2225 pare-

589 2263 708 2313 res,
762 2260 988 2319 meaque
1035 2258 1244 2305 secreta
1285 2251 1622 2320 sequereris,
1669 2264 1829 2320 quam
1874 2249 2177 2320 versipellis

584 2356 647 2396 ac
678 2342 843 2413 putidi
876 2343 1021 2397 senis
1063 2341 1222 2412 nugis
1252 2342 1536 2412 stultisque
1563 2342 1901 2397 sermonibus
1930 2342 2172 2410 cederes,

583 2436 674 2503 qui
706 2435 797 2490 tibi
835 2437 934 2490 hoc
962 2435 1014 2488 in
1046 2436 1282 2489 animum
1332 2434 1590 2500 immisit,
1647 2444 1703 2487 ut
1750 2441 1848 2504 pro
1886 2433 2028 2488 dulci
2067 2433 2175 2488 vita

585 2527 834 2581 acerbam
864 2528 1201 2596 susciperes,
1237 2541 1299 2581 ac
1331 2542 1428 2596 pro
1459 2526 1798 2581 suavissimis
1837 2525 2043 2580 deliciis
2080 2525 2176 2581 du-

592 2635 706 2674 ram
741 2619 882 2674 illam
914 2631 968 2675 et
993 2634 1236 2689 as'peram
1267 2621 1444 2685 viam,
1491 2634 1650 2688 quam
1691 2616 1871 2672 Mariae
1909 2619 2049 2673 filius
2092 2628 2176 2675 te-

582 2732 714 2771 nere
759 2718 1046 2780 admonet,
1097 2715 1494 2787 ingredereris‘t
1528 2717 1737 2770 Annon
1785 2724 1963 2770 autem
2013 2716 2174 2772 etiam

582 2823 916 2863 summorum
949 2812 1175 2864 deorum
1207 2808 1337 2862 iram
1367 2806 1707 2877 pertimescis
1727 2848 1742 2872 ,
1777 2822 1845 2862 ne
1874 2807 2094 2862 fulmine
2125 2817 2178 2864 te

586 2901 821 2965 feriant,
874 2909 965 2954 aut
1020 2901 1258 2955 lonilruo
1306 2901 1646 2966 interimant,
1701 2910 1987 2971 prOpterea
2035 2901 2178 2972 quod

587 2993 884 3064 repudiatis
911 3008 973 3048 ac
1004 3008 1100 3063 pro
1128 2993 1293 3048 nihilo
1318 2992 1512 3048 habitis
1543 2994 1605 3048 iis
1634 2993 1726 3063 qui
1758 3009 1856 3048 nos
1885 3003 1963 3049 tot
1988 2995 2178 3049 tantis-

583 3101 689 3156 que
719 3085 990 3141 beneficiis
1021 3086 1347 3153 affecerunt,
1379 3101 1442 3142 ac
1485 3087 1635 3157 regio
1677 3087 1981 3144 diademate
2020 3105 2180 3145 orna-

585 3188 744 3249 runt,
771 3190 1066 3249 gentesque
1093 3182 1556 3237 uumerosissimas
1586 3181 1772 3236 ditioni
1796 3196 1992 3237 nosme
2018 3193 2178 3255 atque

2286 1968 2473 2023 habuit
2501 1965 2774 2041 (Baruch.
2807 1968 2927 2038 ιιι).
2977 1972 3052 2024 Ac
3094 1983 3192 2038 pro
3233 1970 3390 2026 nobis
3431 1971 3653 2041 ingratis
3702 1972 3876 2028 servis

2283 2060 2547 2116 Dominus
2578 2070 2807 2116 mortem
2837 2061 3034 2128 subiit,
3083 2071 3137 2116 et
3175 2063 3392 2130 quidem
3429 2072 3658 2118 tuortem
3699 2065 3878 2122 crucis

2283 2155 2302 2223 (
2328 2151 2524 2220 Philip.
2557 2154 2672 2224 ιι),
2707 2162 2764 2207 ιιι
2791 2153 3045 2209 videlicet
3076 2155 3277 2222 peccati
3308 2157 3546 2226 tyrannis
3585 2155 3656 2211 de
3699 2156 3878 2214 medio

2283 2247 2582 2312 tolleretur,
2615 2247 2866 2318 priorque
2897 2247 3276 2304 condemnatio
3321 2247 3611 2314 deleretur,
3645 2264 3710 2304 ac
3753 2251 3876 2308 coeli

2282 2349 2451 2410 portae
2501 2339 2655 2394 uobis
2705 2353 2918 2395 rursum
2968 2349 3236 2411 paterent.
3284 2340 3418 2396 Nam
3460 2342 3587 2398 illuc
3627 2357 3877 2401 naturam

2284 2435 2447 2505 298
2485 2441 2720 2488 nostram
2755 2435 2966 2498 evexit,
2999 2444 3162 2504 atque
3188 2435 3241 2491 in
3271 2435 3455 2506 gloria:
3485 2435 3683 2491 throno
3709 2437 3878 2492 collo-

2284 2527 2462 2593 cavit,
2496 2542 2828 2597 regnumque
2871 2528 2994 2582 finis
3022 2542 3250 2596 expers,
3285 2528 3350 2584 iis
3378 2529 3466 2599 qui
3497 2530 3664 2598 ipsius
3690 2545 3880 2587 amore

2283 2619 2495 2690 praediti
2520 2629 2680 2688 sunt,
2711 2619 2965 2686 donavit,
2994 2620 3242 2692 bonaque
3267 2623 3413 2676 omni
3440 2637 3693 2678 sermone
3721 2635 3880 2693 atque

2282 2713 2466 2768 auditu
2495 2714 2867 2784 praestantiora
2896 2716 2913 2784 (
2938 2712 2969 2767 I
2999 2712 3119 2768 Cor.
3153 2716 3244 2785 ιι).
3282 2715 3399 2784 Ipse
3426 2717 3581 2770 enim'
3608 2726 3695 2772 est
3725 2715 3882 2773 fortis

2284 2806 2403 2873 ille,
2437 2821 2499 2862 ac
2540 2807 2689 2861 solus
2719 2816 2942 2876 potens,
2972 2806 3086 2862 Rex
3115 2822 3300 2878 regum
3329 2818 3385 2862 et
3411 2807 3672 2863 Dominus
3700 2809 3879 2866 domi-

2283 2899 2524 2952 nantium
2553 2898 2758 2968 (Apoc.
2791 2913 2880 2952 xix
2903 2896 2922 2968 )
2943 2941 2958 2965 ,
2990 2899 3144 2968 cujus
3177 2900 3338 2954 robur
3378 2900 3634 2955 invictum
3679 2912 3764 2957 est
3785 2946 3798 2966 ,
3827 2912 3881 2960 et

2283 2992 2521 3064 potentia
2554 2993 2820 3062 ejusmodi
2849 3008 2970 3064 qua:
3001 3009 3215 3049 omnem
3266 2995 3462 3063 ingenii
3508 2995 3879 3065 conjecturam

2283 3084 2546 3152 excedat;
2578 3087 2664 3156 qui
2694 3085 2840 3140 solus
2868 3095 3084 3141 sanctus
3107 3095 3191 3140 est
3211 3126 3225 3150 ,
3256 3097 3310 3143 et
3338 3088 3389 3140 in
3417 3087 3612 3142 sanctis
3638 3091 3881 3158 requies-

2283 3193 2414 3234 cens
2443 3197 2459 3246 ;
2494 3178 2582 3250 qui
2613 3194 2734 3234 cum
2764 3179 2927 3234 Patre
2965 3188 3018 3234 et
3049 3179 3245 3249 Spiritu
3287 3189 3471 3236 sancto
3500 3181 3838 3248 glorificatur
3864 3202 3880 3251 ;

589 3273 818 3342 imperio
846 3272 1233 3343 subjeceruut,
1254 3287 1317 3328 ac
1347 3273 1577 3343 denique
1604 3283 1660 3328 ut
1688 3288 1906 3344 preCum
1938 3289 2177 3331 mearum
2204 3260 2252 3326 C
2287 3269 2343 3324 in
2371 3285 2600 3342 quorum
2650 3272 2870 3325 nomine
2906 3270 3203 3340 baptizatus
3245 3286 3394 3335 sum.
3439 3277 3494 3328 et
3530 3285 3669 3341 quos
3710 3273 3882 3328 conﬁ-

593 3374 648 3418 et
677 3365 974 3419 orationum
1005 3380 1171 3435 Opera
1200 3366 1499 3436 gignereris
1522 3405 1538 3432 ,
1572 3380 1635 3421 ac
1665 3365 1995 3422 dulcissimae
2022 3368 2179 3436 hujus

585 3455 722 3509 lucis
753 3457 1021 3526 particeps
1050 3458 1236 3521 lieres,
1267 3464 1462 3524 praeter
1487 3470 1637 3526 apem
1664 3457 1991 3528 effecerunt,
2014 3459 2062 3514 ei
2089 3460 2179 3529 qni

587 3545 738 3600 cruci
781 3546 973 3601 affixus
1012 3556 1095 3600 est
1123 3545 1423 3602 arctissime
1453 3555 1504 3601 te
1534 3547 1895 3618 conjunxisti,
1930 3549 2179 3606 inanibus

592 3637 844 3692 videlicet
886 3637 1054 3707 ipsius
1095 3637 1362 3691 cultorum
1417 3638 1698 3708 promissis
1743 3639 2040 3709 deceptus,
2091 3641 2180 3712 qui

588 3747 728 3787 nova
782 3732 1026 3804 quaedam
1077 3733 1273 3788 szecula
1328 3732 1674 3804 contingunt,
1733 3743 2180 3806 mortuorumque

586 3840 870 3895 corporum
896 3825 1342 3880 resurrecuonem
1368 3835 1653 3896 nugantur,
1675 3824 1884 3897 aliaque
1904 3836 2176 3894 sexcenta,

589 3925 650 3970 ut
675 3918 882 3972 stolidis
911 3917 1220 3972 hominibus
1248 3917 1424 3971 fucum
1455 3915 1690 3984 faciant,
1720 3918 2108 3973 introducunt?

663 4008 856 4064 Verum
893 4025 1034 4063 nunc
1059 4010 1248 4064 saltem
1269 4051 1284 4076 ,
1319 4011 1633 4068 charissime
1665 4011 1773 4076 fili,
1806 4013 1849 4066 si
1879 4013 2004 4081 quid
2047 4012 2178 4067 mihi

582 4099 726 4170 patri
755 4108 848 4153 tuo
877 4101 1359 4170 obtemperandum
1403 4113 1592 4174 putas,
1638 4104 1860 4173 prolixis
1903 4103 1987 4160 his
2026 4107 2180 4176 nugis

584 4192 801 4259 longum
833 4192 1011 4248 valere
1036 4193 1222 4262 jussis,
1257 4194 1498 4263 benignis
1521 4195 1646 4262 diis,
1676 4210 1881 4264 qureso,
1912 4196 2175 4266 sacriﬁca,

583 4292 746 4352 atque
773 4298 867 4338 eos
899 4283 1141 4353 plurimis
1169 4284 1405 4340 victimis
1433 4296 1486 4340 et
1513 4287 1792 4341 sacrificiis
1823 4288 2033 4356 placare
2063 4300 2177 4345 stu-

583 4377 840 4446 deamus,
879 4386 936 4432 ut
963 4377 1128 4433 errati
1155 4378 1367 4433 veniam
1399 4377 1466 4432 ab
1507 4378 1638 4447 ipsis
1680 4379 1971 4448 impetres,
2015 4382 2178 4453 siqui-

584 4470 706 4526 dem
740 4472 876 4526 hanc
907 4472 1012 4526 vim
1046 4471 1120 4526 illi
1151 4471 1384 4537 habent,
1421 4478 1479 4524 ut
1507 4478 1561 4526 et
1590 4469 1867 4526 beneficiis
1896 4479 1950 4527 et
1976 4474 2178 4544 suppli-

579 4566 676 4620 ciis
704 4564 921 4621 afficere
953 4565 1176 4634 possint.

655 4684 731 4737 Ac
760 4697 858 4736 nos
886 4697 1072 4737 eorum
1099 4695 1218 4751 qua:
1246 4681 1481 4736 diximus
1506 4681 1813 4751 exemplum
1841 4681 1933 4737 tibi
1962 4698 2171 4751 sumus,

578 4777 670 4848 qui
703 4777 940 4845 ipsorum
973 4773 1236 4829 beneficio
1266 4774 1331 4828 ad
1366 4775 1467 4828 hoc
1495 4775 1774 4844 imperium
1806 4775 2169 4842 pervenimus,

579 4876 740 4938 atque
774 4866 910 4919 hanc
938 4864 1066 4933 ipsis
1099 4863 1345 4918 beneficii
1385 4864 1557 4919 vicem
1599 4864 1982 4934 rependimus,
2023 4878 2075 4918 ut
2117 4874 2171 4919 et

578 4975 763 5015 eorum
790 4957 1092 5013 cultoribus
1121 4958 1377 5012 honorcm
1407 4957 1705 5011 tribuamus
1725 5001 1739 5026 ,
1768 4965 1822 5012 et
1847 4971 1939 5011 eos
1961 4958 2046 5026 qui
2076 4957 2170 5010 ad-

580 5052 702 5108 duci
735 5058 1009 5122 nequeunt
1037 5058 1090 5105 ut
1123 5049 1253 5119 ipsis
1293 5048 1599 5104 sacrificent
1620 5087 1636 5112 ,
1669 5048 1947 5118 suppliciis
1976 5062 2169 5102 excru-

578 5147 802 5202 ciemus.
849 5143 1040 5198 Multas
1078 5142 1237 5209 igitur
1279 5139 1584 5209 hujusmodi
1628 5155 1795 5210 nugas
1834 5154 2166 5195 commemo-

574 5248 727 5294 rante
757 5251 916 5307 rege,
949 5249 1011 5290 ac
1037 5241 1218 5289 nostra
1244 5230 1459 5303 quidem
1491 5232 1734 5301 dogmata
1768 5233 2084 5302 suggillante
2115 5239 2170 5286 et

575 5328 922 5390 traducente,
955 5325 1220 5380 idolorum
1250 5332 1428 5378 autem
1455 5325 1658 5378 cultum
1691 5323 1938 5377 laudibus
1982 5335 2035 5378 et
2073 5338 2168 5378 en-

571 5421 761 5476 comiis
785 5429 1166 5491 prosequente,
1191 5417 1560 5472 divinissitnus
1583 5415 1796 5485 juvenis
1819 5431 1932 5469 rem
1959 5431 2024 5469 eo
2051 5416 2169 5471 loco

574 5529 696 5570 esse
727 5511 939 5578 videns,
969 5521 1026 5566 ut
1054 5527 1160 5566 non
1191 5509 1312 5580 jam-
1332 5508 1580 5580 angulum
1610 5515 1665 5562 et
1697 5506 1951 5572 latebras,
1978 5524 2166 5562 verum

571 5606 957 5663 candelabrum
991 5605 1165 5674 potius
1193 5618 1256 5658 ac
1280 5603 1557 5674 Speculum
1590 5597 1920 5655 desideraret
1950 5599 2163 5671 (Matth.

572 5698 630 5768 v)
651 5741 665 5763 ,
698 5713 804 5769 quo
834 5694 1084 5753 Omnibus
1117 5693 1169 5747 in
1200 5694 1480 5763 perspicuo
1509 5700 1686 5758 esset,
1722 5691 1967 5746 libertate
1995 5706 2059 5746 ac
2102 5691 2168 5746 fio

574 5792 731 5847 ducia
761 5790 950 5859 plenus
972 5827 986 5853 ,
1017 5786 1080 5841 ad
1114 5786 1255 5840 hunc
1285 5786 1501 5841 modum
1533 5786 1740 5840 locutus
1767 5795 1848 5841 est
1873 5801 1887 5839 :

645 5883 800 5949 Quod
840 5896 869 5936 ι
908 5895 995 5937 me
1031 5879 1232 5935 factum
1273 5888 1392 5945 est,
1425 5895 1456 5934 o
1507 5879 1632 5935 bere
1655 5918 1670 5946 ,
1705 5879 2163 5952 'Itaudquadquam

2289 3373 2428 3428 teor,
2471 3362 2694 3418 celebro
2733 3373 2894 3431 atque
2942 3364 3145 3428 adoro,
3193 3378 3355 3417 unum
3405 3363 3567 3417 Deum
3612 3363 3667 3417 in
3709 3365 3882 3420 tribus

2287 3456 2563 3526 personis,
2611 3455 3159 3522 consubstantialem,
3209 3470 3272 3513 ac
3312 3455 3646 3512 confusionis
3691 3474 3883 3527 exper-

2286 3560 2426 3616 tem,
2460 3551 2752 3604 increatum
2774 3591 2788 3614 ,
2823 3549 3182 3605 immortalem
3205 3595 3219 3618 ,
3249 3552 3635 3620 sempiternum
3659 3593 3675 3616 ,
3706 3551 3882 3606 infini-

2286 3653 2433 3710 tum,
2463 3647 2534 3700 ab
2573 3646 2718 3700 omni
2762 3644 3264 3715 circumscriptione
3307 3656 3569 3702 remotum
3593 3690 3606 3714 ,
3651 3663 3882 3719 corpore

2284 3750 2568 3795 vacantem
2595 3784 2609 3807 ,
2664 3755 2693 3793 a
2738 3740 3232 3810 perturbationibus
3274 3751 3328 3795 et
3380 3741 3680 3796 tnutatione
3721 3751 3882 3813 atque

2284 3832 2644 3888 conversione
2671 3833 2908 3888 alienum
2937 3874 2951 3901 ,
2981 3833 3126 3888 omni
3159 3834 3386 3888 termino
3427 3843 3739 3899 carentem,
3785 3835 3882 3890 ho-

2286 3928 2468 3984 nitatis
2492 3937 2546 3983 et
2567 3927 2787 3998 justitite
2813 3943 2876 3982 ac
2903 3929 3244 3997 sempiternae
3276 3928 3411 3984 lucis
3436 3929 3880 3991 fontemxrerum

2286 4025 2525 4077 omnium
2558 4022 2933 4088 conditarum,
2979 4032 3083 4075 tam
3129 4038 3248 4091 qua:
3291 4023 3438 4077 cerni
3465 4033 3689 4092 possunt
3719 4040 3880 4094 quam

2289 4135 2406 4189 qum
2457 4119 2736 4174 oculorum
2779 4133 2997 4174 sensum
3036 4119 3284 4192 fugiunt,
3326 4119 3673 4185 eﬂ'cctorem,
3718 4131 3880 4189 atque

2283 4212 2462 4266 omnia
2493 4213 2855 4267 continentem
2899 4220 2952 4267 et
2991 4223 3397 4268 conservantem
3419 4253 3435 4277 ,
3465 4213 3716 4267 omnibus
3761 4227 3880 4282 pro-

2282 4303 2619 4373 spicientem,
2648 4314 2809 4375 atque
2840 4305 2890 4359 in
2922 4306 3100 4359 omnia
3135 4320 3356 4376 regnum
3387 4315 3439 4360 et
3470 4305 3754 4375 imperium
3787 4305 3879 4359 ob-

2285 4399 2571 4454 tinentem.
2618 4397 2804 4468 Neque
2843 4399 2986 4453 enim
3029 4398 3148 4454 sine
3184 4397 3304 4467 ipso
3330 4413 3418 4452 res
3445 4397 3546 4451 ulla
3584 4397 3724 4451 facta
3755 4408 3878 4466 est,

2282 4506 2385 4546 nec
2436 4491 2556 4544 sine
2603 4489 2771 4559 ipsius
2821 4489 3158 4560 providentia
3207 4489 3494 4560 quidquam
3544 4489 3769 4544 conﬂari
3819 4504 3878 4544 ac

2284 4583 2583 4638 consistere
2613 4593 2812 4652 potest.
2861 4582 2976 4652 Ipse
3005 4582 3272 4653 siquidem
3313 4590 3394 4636 est
3439 4581 3678 4636 omnium
3728 4585 3873 4645 vita,

2205 4662 2522 4730 Domnium
2575 4675 2992 4744 coagmentatio,
3044 4674 3282 4730 omnium
3334 4673 3685 4738 illuminatio,
3736 4682 3876 4726 totus

2281 4770 2533 4837 dulcedo,
2606 4785 2668 4825 ac
2733 4779 2878 4824 tetus
2909 4769 3026 4824 sine
3059 4771 3162 4825 ulla
3194 4769 3475 4823 saturitate
3503 4767 3876 4821 desiderabilis

2281 4864 2470 4934 (Cant.
2509 4878 2542 4916 v
2570 4863 2625 4933 ),
2658 4864 3005 4931 omniumque
3033 4876 3212 4915 rerum
3257 4859 3681 4931 expetendarum
3729 4873 3874 4912 sum-

2279 4971 2398 5011 mus
2428 4965 2637 5011 vertex.
2669 4954 2931 5021 Quocirca
2963 4955 3129 5007 Drum
3164 4953 3306 5007 hunc
3332 4994 3347 5018 ,
3378 4953 3501 5023 quia
3536 4961 3682 5006 tanta
3715 4952 3871 5006 honi-

2278 5059 2386 5104 tate
2415 5064 2477 5103 ac
2507 5049 2740 5116 potentia
2773 5045 3024 5114 praeditus
3052 5055 3162 5109 est,
3211 5044 3542 5113 relinquere,
3577 5058 3741 5114 atque
3777 5045 3873 5099 im-

2277 5157 2439 5211 puros
2469 5141 2742 5195 daemones
2770 5138 3124 5208 vitiorumque
3153 5137 3394 5191 omnium
3426 5136 3753 5193 architectos
3785 5153 3872 5191 co-

2277 5235 2422 5297 lere,
2472 5234 2752 5299 surdisque
2792 5247 2854 5284 ac
2898 5231 3062 5285 mulis
3105 5231 3328 5294 statuis,
3372 5248 3491 5300 qua:
3532 5244 3630 5284 nec
3671 5231 3870 5301 aliquid

2277 5334 2402 5382 sunt
2445 5340 2543 5380 nec
2585 5336 2771 5392 erunt,
2817 5325 3018 5378 cultum
3051 5339 3113 5376 ac
3142 5325 3543 5378 venerationem
3589 5322 3867 5387 tribuere,

2275 5418 2430 5489 cujus
2462 5418 2705 5481 tandem,
2738 5432 2771 5471 ο
2793 5425 2961 5487 pater,
2995 5415 3235 5470 stultitiae
3265 5430 3328 5470 ac
3353 5415 3640 5469 dementiae
3674 5413 3871 5469 interit?

2277 5510 2568 5582 Ecquando
2604 5509 2746 5564 enim
2794 5522 2891 5562 vox
2935 5507 3001 5561 ab
3045 5507 3175 5576 ipsis
3214 5507 3394 5561 audita
3422 5505 3549 5560 est?
3578 5503 3871 5573 Ecquando

2276 5605 2358 5659 vel
2402 5603 2650 5671 exiguum
2695 5602 2796 5663 iis,
2842 5599 2928 5667 qui
2971 5612 3159 5668 preces
3201 5597 3270 5651 ad
3311 5598 3456 5667 ipsos
3495 5596 3867 5660 adhibebant,

2275 5694 2573 5751 dederunt"
2608 5689 2897 5762 Ecquando
2926 5689 3300 5756 ambularunt,
3335 5699 3426 5742 aut
3450 5703 3667 5743 sensum
3701 5688 3866 5743 ullum

2276 5786 2638 5856 acceperunt?
2667 5784 2797 5839 Nam
2829 5798 3003 5850 neque
3033 5782 3089 5836 hi
3119 5783 3206 5852 qui
3239 5781 3452 5836 stabant
3479 5783 3743 5836 sessionis
3773 5796 3866 5834 un-

2271 5895 2430 5948 quam
2457 5877 2839 5944 mcminerunt,
2870 5889 2968 5933 nec
2987 5875 3076 5944 qui
3105 5874 3373 5931 sedebant
3397 5883 3606 5931 stantes
3629 5888 3863 5944 unquam
