4158 6354
1127 301 1172 311 δν

300 394 403 452 ωτ

727 383 895 442 ἮΤΑ
931 380 1348 443 SANCTORUM
1389 381 1722 444 BARLAAM
1763 380 2095 441 EREMITIE
2139 381 2226 439 ET
2263 382 2612 441 JOSAPHA'I‘
2657 383 2868 441 INDIE
2909 384 3130 445 REGIS.

3465 395 3569 453 558

300 512 397 568 visi
411 514 553 566 sunt.
573 506 772 562 Horum
786 505 1168 576 turpitudinem
1187 519 1247 560 ac
1273 505 1497 561 fetorem
1513 513 1564 561 et
1591 513 1883 573 stuporem.
1917 502 1968 561 Δ
1994 503 2121 556 est?
2171 505 2276 558 Aut
2327 520 2557 575 quonam
2609 507 2768 559 modo
2815 515 2966 575 pater
3011 507 3136 573 ille,
3169 521 3232 564 ac
3258 522 3363 564 non
3395 511 3572 580 potius

298 614 458 673 atquo
492 603 655 656 etiam
686 602 990 655 daemonum
1023 599 1076 654 in
1106 599 1236 668 ipsis
1266 598 1608 668 operantium
1629 636 1646 663 ,
1688 611 1748 650 ac
1792 609 1888 666 per

296 695 443 765 ipsiis
475 694 825 761 itnposturam
860 691 1010 747 vobis
1043 691 1384 755 facientium,
1416 690 1775 744 inﬁrmitatem
1804 695 1881 741 at-

296 802 401 858 que
427 785 852 840 imbecillitatem
878 824 893 850 ,
918 798 1039 837 cum
1069 798 1098 836 a
1127 783 1243 837 viro
1268 790 1453 836 saneto
1479 779 1884 842 intellexissem,

294 894 596 952 eorumque
621 880 1018 950 improbitatem
1048 876 1355 946 rejecissem
1377 917 1392 942 ,
1417 890 1476 929 ac
1505 881 1737 946 perlecto
1764 875 1886 944 odio

293 977 589 1033 insectatus
618 973 871 1041 fuissem,
915 975 979 1028 ad
1028 974 1192 1028 Deum
1241 974 1415 1028 vivum
1472 988 1534 1027 ac
1584 988 1765 1028 verum
1802 987 1886 1027 me

291 1069 547 1139 adjunxi,
590 1067 797 1138 ipsique
851 1067 916 1121 ad
944 1076 1238 1122 extremum
1267 1080 1435 1134 usque
1469 1064 1592 1118 vita:
1640 1064 1882 1134 spiritum

292 1163 528 1217 serviam
555 1203 569 1230 ,
615 1175 721 1232 quo
761 1162 921 1215 etiam
968 1158 1022 1214 in
1064 1160 1229 1231 ipsius
1271 1173 1460 1214 manus
1489 1157 1706 1228 spiritus
1735 1173 1885 1213 meus

294 1256 492 1312 veniat.

370 1348 504 1404 Cum
557 1349 719 1421 igitur
765 1357 909 1405 tanta
955 1350 1128 1414 bona,
1180 1363 1406 1419 qumque
1451 1349 1591 1403 nulla
1644 1350 1884 1404 oratione

290 1441 552 1513 explicari
586 1442 824 1511 possint,
859 1441 986 1495 mihi
1020 1441 1414 1507 occurrissent,
1448 1441 1737 1509 gaudebam
1768 1443 1883 1510 qui-

293 1536 419 1590 dem
453 1551 540 1590 me
568 1535 930 1606 improborum
961 1535 1260 1590 daemonum
1288 1535 1543 1589 servitute
1570 1535 1846 1590 liberatum
1867 1577 1881 1598 ,

291 1641 454 1699 atque
483 1629 551 1683 ab
580 1627 845 1682 horrenda
895 1629 1206 1698 captivitate
1246 1637 1553 1682 revocatum
1574 1669 1588 1693 ,
1619 1642 1680 1682 ac
1706 1627 1884 1682 Domi-

290 1723 401 1778 nici
433 1723 612 1776 vultus
646 1721 848 1776 lumine
879 1720 897 1791 (
927 1720 1075 1775 Psal.
1109 1738 1158 1776 tv
1187 1722 1205 1791 )
1235 1722 1598 1776 collustratum
1630 1737 1785 1776 esse:
1821 1723 1883 1776 il-

294 1815 389 1870 lud
418 1824 594 1870 autem
627 1831 714 1871 me
746 1815 970 1884 angebat
991 1857 1005 1881 ,
1035 1815 1379 1887 animumque
1408 1832 1581 1869 meum
1615 1816 1880 1872 di~trahe-

1995 595 2161 651 hostis
2191 599 2352 669 299
2379 601 2642 654 vocandus
2669 601 2771 656 sit?
2793 600 3049 668 Quocirca
3076 618 3174 656 nec
3200 617 3300 670 ego
3355 604 3573 673 posthac

1996 697 2046 743 te
2079 699 2284 758 patrem
2316 692 2620 760 appellabo,
2649 709 2833 748 verum
2865 710 2893 748 a
2925 703 2974 749 te
3005 695 3319 762 abscedam,
3347 713 3453 752 non
3483 713 3570 755 se-

1991 796 2085 836 cns
2115 791 2275 852 atque
2309 786 2352 840 is
2382 787 2471 855 qui
2505 797 2808 853 serpentem
2839 785 3005 854 fugit:
3042 787 3302 858 siquidem
3335 799 3384 843 te
3413 789 3571 846 saluti

1991 889 2123 930 mea:
2169 878 2442 943 invidere,
2477 893 2669 948 meque
2700 879 2750 933 in
2782 879 3000 934 exitium
3037 895 3131 948 per
3157 881 3263 935 vim
3292 881 3571 949 impellere

1990 982 2328 1037 perspectum
2375 969 2634 1024 habuero.
2688 970 2817 1024 Nam
2867 972 2910 1024 si
2959 972 3086 1026 mihi
3116 973 3224 1025 vim
3254 972 3478 1038 afferre,
3511 987 3574 1028 ac

1992 1063 2273 1132 tyrannice
2303 1079 2512 1119 mecum
2540 1080 2700 1134 agere
2734 1064 2869 1119 velis
2890 1105 2904 1129 ,
2934 1067 3380 1134 quemadmodum
3412 1067 3571 1121 etiam

1987 1151 2210 1220 dixisti,
2248 1154 2378 1208 nihil
2422 1155 2598 1221 aliud,
2639 1155 2765 1209 mihi
2804 1154 2995 1222 crede,
3039 1155 3161 1209 hinc
3203 1157 3334 1210 lucri
3377 1157 3570 1223 facies,

1989 1260 2151 1312 quam
2187 1256 2241 1300 ut
2274 1247 2438 1316 patris
2474 1249 2611 1309 loco,
2641 1259 2896 1319 tyrannus
2924 1256 2978 1303 et
3006 1249 3238 1304 carnifex
3265 1251 3570 1320 appelleris.

1985 1338 2428 1408 Quandoquidem
2486 1341 2700 1395 facilius
2751 1341 2844 1396 tibi
2896 1339 3058 1396 fuerit
3111 1343 3303 1414 aquila:
3351 1344 3572 1414 vestigia

1986 1435 2276 1500 consequi,
2312 1449 2374 1487 ac
2407 1448 2499 1502 per
2529 1435 2702 1502 ipsum
2732 1449 2910 1489 aerem
2942 1435 3150 1501 volare,
3193 1449 3350 1504 quam
3393 1450 3477 1490 me
3506 1435 3572 1491 de

1985 1542 2104 1580 mea
2139 1529 2188 1580 in
2219 1528 2490 1582 Christum
2530 1528 2634 1582 fide
2671 1543 2734 1582 ae
2778 1531 3036 1599 praeclaro
3072 1529 3274 1585 foedere
3304 1547 3423 1585 eum
3457 1531 3574 1601 ipso

1986 1617 2119 1671 inito
2147 1618 2433 1674 deducere.
2471 1620 2666 1674 Verum
2700 1621 2968 1689 intellige,
3000 1636 3032 1675 ο
3062 1632 3231 1690 pater,
3263 1631 3443 1692 atque,
3474 1622 3573 1677 ista

1987 1711 2261 1765 oculorum
2311 1713 2503 1765 tuentis
2552 1711 2867 1782 lippitudine
2918 1722 2971 1766 et
3023 1713 3250 1782 caligine
3292 1715 3570 1785 discussa,

1985 1807 2226 1873 suspice,
2274 1819 2334 1858 ac
2389 1805 2480 1859 Dei
2513 1805 2616 1860 mei
2652 1808 2860 1869 lumen,
2896 1821 3086 1860 omnes
3131 1806 3366 1876 undique
3410 1808 3576 1862 collu-

291 1907 418 1972 bat,
464 1907 602 1977 quod
654 1917 704 1962 ιιι
728 1952 742 1976 ,
793 1907 1038 1961 dominus
1087 1922 1148 1961 τις
1188 1885 1338 1975 pars,
1381 1922 1550 1974 meus,
1578 1907 1879 1976 huiusmodi
1911 1885 1961 1946 B
1987 1904 2186 1962 strans,
2213 1897 2443 1962 intuere,
2474 1906 2636 1966 atque
2666 1897 2780 1965 ipse
2810 1896 3021 1952 tandem
3053 1897 3340 1967 aliquando
3368 1899 3575 1953 suavis-

289 1999 678 2056 bcneticiorutn
712 1999 930 2055 minime
973 2000 1235 2070 particeps
1278 2015 1445 2056 esses.
1485 2000 1677 2054 Verum
1719 2000 1883 2054 animi

291 2092 366 2147 tui
398 2093 448 2146 in
482 2092 747 2147 sententia
781 2100 865 2146 tua
901 2091 1247 2159 pertinaciam
1279 2101 1525 2145 metuens
1552 2131 1566 2152 ,
1597 2105 1882 2145 mmrorem

291 2201 473 2242 meum
499 2197 716 2255 pectore
743 2185 1082 2255 premebam,
1112 2185 1254 2254 quod
1285 2186 1379 2240 tibi
1409 2186 1740 2243 stomachum
1770 2201 1884 2239 mo-

289 2294 419 2334 vere
450 2278 672 2333 minime
703 2277 918 2333 vellem.
955 2280 1118 2334 Deum
1147 2288 1326 2335 autem
1359 2294 1513 2334 orare
1537 2289 1698 2348 atque
1727 2278 1882 2334 obse-

287 2387 446 2430 crare
491 2387 599 2428 non
644 2371 1098 2437 interniittelzam,
1146 2383 1203 2426 ut
1249 2388 1277 2425 a
1327 2372 1615 2443 longinquo
1657 2371 1880 2438 exsilio,

289 2464 433 2536 quod
480 2464 573 2520 tibi
618 2465 714 2535 ipsi
757 2464 1124 2529 accersivisti,
1167 2478 1285 2518 cum
1336 2465 1546 2532 pietatis
1593 2464 1878 2534 fugitivus,

292 2557 517 2626 vitiique
547 2555 722 2612 omnis
752 2567 805 2612 et
835 2557 1122 2627 impietatis
1153 2557 1400 2611 minister
1428 2556 1651 2611 effectus
1690 2570 1750 2611 es
1771 2594 1786 2620 ,
1830 2565 1882 2611 te

294 2657 597 2707 revocaret.
626 2650 890 2716 Quoniam
914 2659 1089 2706 autem
1116 2659 1171 2704 tu
1199 2650 1345 2719 ipse,
1370 2667 1402 2704 ο
1425 2661 1594 2720 pater,
1621 2665 1708 2704 res
1735 2665 1881 2704 meas

293 2745 347 2799 in
391 2754 637 2813 apertum
682 2745 984 2814 protulisti,
1037 2761 1154 2812 qum
1198 2761 1312 2800 mea
1358 2746 1576 2800 omnino
1619 2745 1882 2800 sententia

292 2839 394 2904 sit,
427 2838 551 2892 audi
584 2855 595 2890 :
629 2838 788 2893 Pacta
822 2855 942 2894 cum
975 2839 1086 2893 Deo
1127 2855 1249 2894 meo
1287 2840 1414 2896 inita
1455 2856 1558 2894 non
1601 2839 1837 2910 frangam
1866 2858 1880 2906 ;

296 2946 402 2985 non
424 2975 438 2998 ,
471 2931 688 3000 inquam
713 2973 726 2996 ,
762 2947 856 3000 per
883 2947 1003 2986 eum
1034 2932 1124 3001 qui
1154 2948 1239 2988 me
1270 2934 1508 3001 pretioso
1547 2948 1740 2988 cruore
1785 2948 1883 2987 suo

291 3037 322 3078 a
354 3025 614 3079 servitute
645 3025 953 3081 vindicavit.
988 3027 1378 3093 Quamobrem,
1411 3043 1530 3082 cum
1562 3029 1685 3097 quid
1719 3027 1882 3082 animi

294 3118 521 3171 habeam
556 3117 646 3171 tibi
675 3117 1008 3187 exploratum
1037 3121 1132 3184 sit,
1167 3123 1436 3189 negotium
1469 3120 1556 3176 tibi
1587 3122 1684 3188 ipsi
1717 3121 1885 3175 faces-

291 3224 418 3264 sere
464 3209 680 3277 dcsine,
732 3225 760 3262 a
805 3210 1062 3276 prteclara
1109 3211 1449 3266 confessione
1491 3228 1577 3266 me
1621 3211 1884 3266 deducere

1987 1986 2125 2042 Simo
2176 1986 2318 2040 illius
2360 1987 2648 2055 splendore
2681 1987 3004 2042 illuminare.
3064 1987 3136 2042 Ut
3175 1988 3301 2058 quid
3351 1989 3492 2044 enim
3526 1998 3577 2046 te

1988 2079 2160 2147 ipsum
2209 2079 2387 2134 carnis
2428 2078 2801 2134 affectionibus
2841 2096 2903 2134 ac
2941 2082 3300 2136 voluntatibus
3326 2091 3493 2138 totum
3525 2094 3576 2138 te

1988 2170 2285 2236 tradidisti,
2320 2186 2418 2225 nec
2448 2171 2560 2226 ullo
2591 2173 2752 2227 modo
2781 2187 2847 2227 ex
2877 2174 3008 2241 ipsis
3038 2175 3304 2245 emergis?
3335 2174 3464 2228 lllud
3492 2175 3574 2229 in-

1988 2262 2200 2330 tellige,
2233 2263 2376 2332 quod
2402 2263 2580 2317 omnis
2607 2278 2736 2318 caro
2766 2264 2948 2319 fenum
2977 2274 3087 2331 est,
3119 2276 3172 2321 ct
3202 2267 3377 2322 omnis
3406 2267 3574 2336 gloria

1986 2355 2105 2424 ejus
2156 2364 2407 2425 tanquam
2459 2357 2558 2410 flos
2600 2357 2731 2411 feni.
2781 2358 3114 2412 Exsiccatum
3156 2368 3240 2413 est
3281 2359 3492 2424 fenum,
3521 2369 3574 2414 et

1989 2446 2088 2499 flos
2117 2447 2233 2515 ejus
2276 2445 2518 2513 decidit;
2553 2447 2770 2502 verbum
2801 2458 2977 2504 autem
3012 2450 3216 2506 Domini
3250 2453 3387 2520 mei,
3432 2450 3574 2522 quod

1987 2542 2238 2596 omnibus
2287 2543 2658 2598 annuntiatum
2714 2553 2832 2610 est,
2887 2555 3064 2600 manet
3113 2546 3165 2599 in
3217 2557 3471 2602 aeternum
3519 2547 3568 2619 (1

1987 2631 2103 2687 Pet.
2137 2647 2174 2687 tt

2062 2725 2198 2791 Quid
2230 2725 2387 2794 igitur
2416 2726 2486 2779 ita
2520 2725 2725 2795 perdite
2773 2736 2930 2796 atque
2972 2727 3160 2782 insane
3191 2728 3414 2797 gloriam
3455 2742 3574 2784 eam

1989 2822 2189 2877 retines
2219 2831 2273 2876 et
2304 2823 2665 2892 amplecteris,
2698 2838 2816 2892 qua:
2859 2823 3027 2877 instar
3057 2823 3353 2878 recentium
3388 2823 3576 2878 florum

1989 2916 2273 2970 marcescit
2298 2928 2458 2984 atque
2481 2915 2710 2982 deletur,
2734 2926 2788 2970 et
2807 2919 3162 2971 exsecrandas
3193 2931 3253 2970 ac
3275 2916 3467 2970 fetidas
3488 2917 3577 2972 de-

1991 3009 2163 3072 licias,
2192 3011 2500 3079 ventrisque
2539 3020 2593 3065 et
2622 3024 2804 3064 eorum
2836 3026 2953 3078 quae
2983 3010 3119 3064 infra
3165 3019 3408 3064 ventrem
3457 3019 3579 3064 sunt

1989 3101 2324 3168 affectiones,
2357 3117 2475 3172 qum
2520 3102 2733 3172 quidem
2772 3103 2837 3155 ad
2891 3103 3104 3170 aliquod
3140 3113 3348 3170 tempus
3388 3104 3578 3156 stulto-

1993 3209 2109 3248 rum
2141 3208 2332 3248 sensus
2362 3193 2655 3261 oblectant,
2681 3202 2933 3247 cmterum
2971 3197 3208 3246 amarius
3237 3192 3362 3246 felle
3395 3201 3579 3260 postea

293 3304 545 3357 moliens.
595 3302 724 3356 Nam
757 3302 1204 3368 quemadmodum
1239 3305 1280 3356 si
1313 3305 1506 3358 cmlum
1550 3318 1706 3356 manu
1752 3301 1887 3355 arri-

1999 3289 2335 3359 digeruntttr,
2376 3298 2485 3342 tum
2529 3288 2780 3342 nimirum
2831 3301 2950 3341 cum
2983 3289 3188 3341 umbra:
3229 3286 3369 3352 istae,
3422 3295 3582 3353 atque

292 3412 455 3469 pere,
491 3405 580 3450 aut
611 3404 777 3450 totum
811 3412 958 3450 mare
988 3397 1260 3450 exsiccare
1293 3395 1343 3450 in
1378 3397 1614 3449 animum
1659 3396 1888 3449 induxe-

292 3490 400 3554 ris,
439 3491 620 3544 irritus
648 3499 807 3558 atque
837 3489 1043 3543 inutilis
1072 3488 1166 3543 tibi
1199 3489 1286 3542 hic
1313 3498 1537 3542 conatus
1570 3489 1760 3551 fuerit,
1791 3502 1885 3542 eo-

293 3588 421 3641 dem
467 3585 628 3640 modo
666 3586 767 3640 hoc
806 3600 1019 3655 quoque
1051 3583 1261 3638 irritum
1295 3583 1386 3636 tibi
1434 3584 1547 3637 fore
1590 3581 1879 3652 persuade.

297 3682 376 3736 Ac
409 3689 721 3749 propterea,
754 3687 846 3732 aut
876 3679 992 3747 ipse
1035 3677 1262 3731 consilio
1295 3691 1416 3731 meo
1446 3676 1780 3745 obsequens,
1819 3675 1884 3729 ad

297 3771 578 3828 Christum
611 3781 663 3826 te
691 3770 925 3842 adjunge
948 3811 962 3836 ,
994 3778 1050 3823 ut
1080 3769 1216 3824 bona
1250 3782 1312 3822 ea
1345 3782 1465 3837 quae
1506 3769 1884 3838 cogitationem

294 3879 514 3920 onmem
560 3873 814 3933 superant
846 3863 1142 3933 percipias,
1191 3861 1428 3928 sociique
1475 3862 1616 3915 inter
1660 3877 1791 3926 nos,
1833 3873 1890 3917 ttt

296 3968 528 4026 naturai,
561 3959 631 4012 ita
680 3959 838 4013 etiam
888 3956 1010 4013 fidei
1062 3958 1258 4020 simus,
1302 3965 1390 4009 aut
1427 3971 1455 4010 a
1500 3965 1584 4010 tua
1637 3957 1888 4025 filietate,

297 4051 430 4106 mihi
474 4050 668 4116 crede,
714 4050 1028 4116 abscedam,
1076 4063 1312 4119 puraque
1351 4047 1676 4102 conscientia
1724 4049 1886 4102 Deunt

297 4160 479 4202 meum
514 4144 704 4200 colam.

374 4238 502 4292 llaec
533 4237 693 4307 igitur
719 4251 898 4291 omnia
927 4244 984 4291 ut
1013 4252 1107 4291 rex
1135 4235 1372 4301 audivit,
1403 4234 1683 4304 impotenti
1714 4233 1891 4289 furore

299 4329 590 4387 confestim
642 4330 911 4399 percitus,
965 4328 1219 4383 iracunde
1269 4327 1334 4381 ad
1384 4341 1504 4381 eum
1555 4325 1886 4393 loquebatur,

300 4424 662 4494 dentibusque
691 4422 918 4477 furentis
947 4422 1115 4476 inStar
1140 4419 1414 4485 frendens,
1445 4419 1524 4473 his
1553 4417 1731 4473 verbis
1762 4431 1891 4472 usus

298 4528 420 4574 est:
469 4519 724 4584 Quisnam
768 4516 904 4570 alius
935 4515 1064 4568 mihi
1097 4523 1361 4568 tantorum
1406 4512 1668 4566 malorum
1702 4519 1887 4564 auctor

298 4621 383 4666 est
403 4653 419 4676 ,
453 4619 512 4663 ut
544 4625 643 4678 ego
671 4610 802 4678 ipse,
831 4611 919 4677 qui
948 4617 998 4662 te
1025 4615 1170 4661 tanto
1198 4622 1380 4660 amore
1406 4606 1720 4674 complexus
1747 4619 1888 4670 sunt,

299 4719 474 4774 eaque
507 4710 594 4756 tua
624 4716 782 4756 causa
815 4701 916 4756 feci
943 4740 958 4766 ,
999 4715 1117 4770 quae
1148 4699 1321 4754 nullus
1370 4713 1602 4768 unquam
1638 4707 1786 4765 pater
1817 4697 1888 4751 fe-
1915 4676 1973 4737 Ῑ)

301 4796 425 4850 cit?
455 4795 568 4863 Qua
611 4797 770 4849 etiam
814 4796 881 4849 dc
921 4809 1076 4848 causa
1120 4791 1314 4847 mentis
1344 4801 1448 4846 tua:
1479 4792 1801 4860 perversitas
1829 4805 1892 4843 ac

303 4886 637 4958 pervicacia,
682 4903 744 4941 ex
789 4886 1003 4941 licentia
1046 4901 1163 4939 mea
1204 4884 1446 4940 collectis
1485 4882 1720 4948 viribus,
1751 4892 1804 4935 ttt
1837 4882 1890 4935 in

303 4997 483 5037 meum
528 4989 688 5050 caput
728 4980 1026 5045 insanires,
1069 4977 1215 5034 fecit.
1259 4977 1373 5032 Non
1414 4979 1510 5031 abs
1550 4991 1608 5030 re
1651 4977 1808 5046 igitur
1839 4977 1889 5028 in

303 5085 429 5130 ortu
459 5083 552 5128 tuo
576 5073 832 5140 astrologi
863 5072 1062 5126 malum
1102 5080 1158 5125 et
1199 5070 1496 5138 improbum
1528 5068 1699 5122 virum
1731 5074 1892 5134 atque

308 5177 647 5237 arrogantem
673 5207 687 5231 ,
732 5176 782 5220 et
825 5167 1080 5219 adversus
1121 5172 1373 5233 parentes
1420 5172 1791 5216 contumacem
1843 5170 1893 5215 te

309 5263 424 5318 fore
455 5261 730 5315 dixerunt.
757 5261 822 5313 At
851 5258 894 5312 si
927 5273 1066 5312 nunc
1091 5273 1302 5328 quoque
1329 5255 1667 5312 commiseris
1691 5265 1748 5311 ut
1769 5271 1896 5310 con-

314 5354 493 5407 Silzllln
527 5365 706 5405 meum
740 5351 936 5404 frustra
967 5349 1119 5404 cadat
1141 5390 1156 5414 ,
1202 5349 1448 5403 hostilem
1481 5347 1532 5402 in
1575 5358 1625 5402 te
1663 5348 1896 5401 animum

309 5461 490 5513 geram
516 5487 530 5509 ,
564 5453 723 5512 atque
755 5444 825 5496 ita
857 5451 910 5497 te
940 5443 1210 5504 multabo,
1239 5453 1296 5495 ut
1321 5457 1388 5496 ne
1411 5444 1461 5495 in
1484 5443 1664 5495 hostes
1685 5442 1898 5512 quidem

309 5552 434 5591 suos
468 5545 630 5589 tanta?
656 5534 874 5588 szevitite
905 5536 1176 5601 specimen
1203 5535 1485 5604 quisquam
1515 5535 1785 5588 exhibeat.

381 5629 612 5684 Rursum
643 5637 818 5682 autem
849 5627 938 5681 ille
965 5643 977 5679 :
1009 5627 1271 5693 Quidnam
1306 5635 1386 5680 cst
1409 5667 1424 5691 ,
1454 5640 1486 5679 o
1511 5641 1602 5680 rex
1626 5666 1641 5692 ,
1668 5641 1762 5679 cur
1793 5625 1898 5680 ira-

311 5723 506 5778 ciindia
563 5720 953 5787 inl'lammeris,
1011 5736 1183 5790 eoque
1240 5720 1457 5773 nomine
1512 5719 1897 5786 discrucieris,

311 5818 450 5888 quod
493 5825 636 5871 tanta
677 5816 816 5870 bona
857 5812 1113 5868 divinitus
1151 5811 1250 5866 sim
1291 5812 1650 5866 consecutus?
1683 5810 1748 5866 Et
1774 5811 1894 5878 quis

315 5927 548 5984 unquam
580 5921 731 5983 pater
759 5910 852 5965 filii
892 5908 1152 5964 felicitate
1179 5907 1361 5962 dolere
1388 5915 1548 5975 atque
1587 5905 1709 5974 angi
1752 5907 1898 5960 visus

1996 3384 2171 3438 inanis
2205 3384 2425 3452 hujusce
2458 3383 2578 3436 vita:
2623 3380 2884 3435 insomnia
2929 3379 3304 3449 praeterierint,
3336 3388 3494 3448 atque
3523 3377 3576 3432 in

1994 3486 2255 3548 perpetuo
2303 3477 2438 3548 ignis
2470 3491 2738 3546 nunquam
2780 3475 3157 3547 exstinguendi
3209 3490 3272 3530 ac
3312 3475 3580 3530 tenebrosi

1994 3572 2231 3626 cruciatu
2269 3586 2454 3626 eorum
2501 3580 2790 3634 amatores,
2830 3579 2883 3624 et
2929 3571 3018 3640 qui
3058 3571 3319 3637 iniquitati
3358 3585 3578 3638 operam

1994 3666 2143 3734 dant,
2169 3666 2568 3734 provolventur,
2599 3665 2688 3718 ubi
2714 3679 2764 3718 tn
2791 3667 2993 3716 somnis
3020 3664 3218 3718 vermis
3245 3664 3443 3731 absque
3470 3663 3579 3718 ullo

1996 3760 2101 3815 ﬁne
2129 3762 2276 3831 ipsos
2294 3759 2566 3823 corrodet,
2597 3774 2658 3812 ac
2686 3767 2975 3826 perpetuus
2999 3758 3136 3825 ignis
3165 3757 3217 3810 in
3243 3757 3448 3810 infinita
3481 3772 3581 3812 ste-

1995 3854 2113 3909 cula
2145 3868 2238 3908 eos
2261 3851 2669 3907 concremabit?
2701 3850 2841 3903 Inter
2872 3863 3026 3919 quos,
3053 3863 3085 3901 ο
3116 3863 3227 3901 rem
3257 3863 3496 3918 gravetn,
3524 3857 3578 3902 tu

1994 3962 2212 4017 quoque
2258 3945 2576 4007 conclusus,
2619 3943 2687 3997 ob
2733 3941 2990 3995 scelerata
3033 3940 3253 3994 consilia
3308 3947 3398 3992 tua
3437 3938 3581 4008 gravi

1999 4040 2310 4110 poenitentia
2341 4036 2610 4101 afficieris,
2646 4044 2806 4103 atque
2848 4036 2945 4088 hos
2988 4032 3104 4087 dies
3149 4034 3374 4087 multum
3406 4031 3580 4103 requi-

1994 4147 2104 4201 res,
2130 4144 2480 4199 menrumque
2521 4131 2804 4182 verborum
2850 4124 3242 4180 recordaberis.
3278 4124 3473 4179 Verum
3504 4123 3583 4178 tti-

1997 4223 2072 4279 hil
2105 4239 2170 4279 ex
2201 4222 2462 4290 ejusmodi
2486 4221 2800 4291 prenitentia
2832 4217 3076 4272 tllllllalis
3109 4217 3390 4286 percipies,
3417 4215 3580 4285 siqui—

1999 4318 2121 4373 dem
2161 4317 2213 4371 io
2249 4315 2458 4371 inferno
2489 4315 2820 4384 pmnitentiae
2865 4321 3023 4381 atque
3075 4309 3402 4365 confessioni
3436 4309 3584 4362 locus

1998 4426 2103 4464 non
2135 4420 2213 4465 est
2251 4408 2474 4479 (Psalm.
2501 4407 2576 4477 Vt)

2071 4501 2199 4555 Nam
2240 4515 2476 4569 praesens
2524 4508 2732 4568 tempus
2764 4496 2930 4551 labori
2965 4494 3316 4562 pmsﬁtutum
3356 4498 3459 4555 est,
3505 4491 3585 4546 fu-

1999 4607 2173 4650 turum
2199 4605 2373 4648 autem
2408 4592 2660 4646 mercedi.
2699 4595 2774 4644 Ac
2797 4589 3033 4659 profecto
3064 4586 3270 4641 etiamsi
3298 4593 3587 4654 praesentes

2005 4692 2310 4757 voluptates
2342 4686 2560 4741 fluxioni
2596 4693 2650 4738 et
2681 4682 2917 4738 interitui
2957 4681 3176 4735 minime
3211 4680 3468 4749 subjecta:
3504 4692 3587 4734 es-

2004 4796 2141 4852 sent,
2167 4801 2353 4840 verum
2383 4798 2505 4839 cum
2537 4781 2768 4835 dominis
2799 4779 2910 4833 suis
2942 4778 2992 4832 in
3027 4786 3285 4831 aeternum
3311 4775 3587 4838 durarent,

2005 4897 2108 4937 non
2144 4889 2318 4934 tamen
2354 4885 2634 4947 propterea
2659 4889 2750 4928 eas
2779 4872 2972 4928 Christi
3005 4869 3278 4925 beneficiis
3323 4882 3384 4921 ac
3438 4866 3589 4920 bonis

2005 4975 2150 5030 onmi
2201 4972 2526 5043 cogitatione
2576 4966 3034 5038 praestantioribus
3080 4961 3349 5016 anteferre
3379 4967 3589 5027 oporte-

2005 5069 2129 5124 bat?
2156 5067 2286 5122 Nam
2315 5074 2515 5136 quanto
2537 5065 2616 5117 sol
2639 5061 2902 5133 profunda
2927 5068 3084 5113 nocte
3114 5057 3307 5110 clarior
3335 5063 3411 5106 est
3435 5062 3590 5121 atque

2007 5162 2359 5233 splendidior,
2393 5169 2539 5214 tanto
2575 5172 2790 5227 quoque
2837 5166 2994 5222 atque
3031 5152 3192 5206 etiam
3219 5149 3385 5202 multo
3427 5146 3591 5211 magis

2004 5260 2142 5314 bona
2165 5274 2223 5314 ea
2239 5272 2355 5326 qua:
2381 5255 2476 5309 Dei
2495 5268 2678 5308 amore
2699 5249 2939 5319 przeditis
2963 5244 3223 5316 promissa
3253 5249 3375 5295 sunt
3403 5239 3592 5308 quovis

2006 5363 2220 5408 terreno
2271 5363 2434 5419 regno
2489 5345 2776 5402 illustriora
2821 5350 2876 5394 et
2929 5333 3386 5406 magnificentiora
3443 5339 3588 5388 sunt.

2007 5443 2343 5511 l’roindeque
2370 5439 2587 5494 omnino
2617 5441 3036 5488 consentaneum
3079 5434 3194 5480 erat
3239 5439 3300 5478 ea
3328 5437 3447 5490 qua:
3478 5436 3592 5474 tua-

2002 5537 2118 5606 jora
2152 5542 2206 5588 et
2245 5530 2618 5602 praestantiora
2653 5530 2777 5578 sunt
2819 5517 3169 5573 inferioribus
3211 5530 3273 5568 ac
3313 5511 3592 5567 vilioribus

2005 5604 2307 5695 antiquiora
2345 5623 2564 5676 habere.
2596 5619 2730 5672 Cum
2773 5623 2951 5668 autem
2983 5625 3171 5665 omnes
3209 5607 3432 5675 hujusce
3463 5604 3589 5658 vita!

2003 5735 2093 5776 res
2121 5729 2172 5773 et
2212 5715 2535 5784 corruptioni
2576 5712 2824 5768 obnoxia:
2865 5706 3134 5778 sint(lob.
3173 5705 3312 5773 xlv),
3343 5711 3397 5756 et
3444 5715 3589 5755 ltlSO-

2003 5813 2135 5868 mnii
2173 5820 2331 5877 atque
2378 5808 2580 5861 umbrae
2633 5805 2798 5860 instar
2849 5807 3172 5874 prmtereant
3201 5813 3266 5852 ac
3308 5795 3591 5850 deleantur

2006 5903 2181 5975 (Psal.
2211 5904 2414 5971 cum),
2451 5899 2589 5955 adeo
2635 5907 2693 5954 ut
2734 5895 3069 5953 instabilibus
3103 5891 3280 5962 potius
3317 5887 3486 5946 auris,
3533 5890 3589 5937 et
