4158 6354
597 406 701 470 539

1632 410 1722 467 DE
1762 407 1941 467 VITIS
1981 401 2263 462 PATRUil
2308 402 2505 458 LIBER
2552 398 2830 459 PRIMUS.

3748 399 3841 457 540

598 529 748 586 navis
788 544 883 601 per
921 545 1068 585 mare
1096 529 1365 586 currentis
1392 528 1648 598 vestigiis,
1694 543 1854 597 quam
1904 525 2176 580 hominum
2207 524 2255 583 Δ
2289 532 2451 587 esset,
2496 530 2655 588 atque
2704 521 2871 575 iratus
2911 520 3248 583 secessisset,
3283 516 3425 572 ﬁlius
3475 518 3527 572 in
3567 518 3841 576 cubiculum

596 623 937 693 prosperitati
965 622 1096 677 ﬁdes
1129 622 1369 677 habenda
1399 622 1500 687 sit;
1529 636 1648 690 qua:
1679 620 1892 675 tandem
1919 617 2178 685 simplici-

598 725 701 785 tas,
747 716 828 771 vel
858 728 913 770 ut
955 718 1150 771 rectius
1196 718 1402 786 loquar,
1435 717 1658 771 stultitia
1685 726 1738 772 et
1767 715 2038 770 dementia
2068 713 2182 768 htec

596 820 701 874 est,
729 824 791 864 ea
819 825 937 879 quas
968 811 1167 864 caduca
1208 820 1261 863 et
1292 810 1555 864 imbecilla
1599 808 2033 877 corruptionique
2075 806 2175 861 ob-

596 902 754 958 noxia
786 911 931 969 sunt,
965 902 1071 956 imo
1104 901 1237 957 nihil
1271 918 1487 971 prorsus
1515 909 1658 965 sunt,
1688 902 1749 954 iis
1778 915 1898 969 qua:
1936 915 1963 951 a
1996 913 2184 953 curru.

600 995 781 1066 ptioue
806 997 975 1050 aliena
1004 1012 1066 1051 ac
1088 997 1411 1064 sempiterna
1452 1005 1595 1061 sunt,
1632 995 1837 1064 potiora
1867 993 2086 1059 ducere,
2120 1006 2182 1045 ac

602 1098 820 1159 propter
864 1088 1183 1143 caducarum
1229 1103 1410 1144 rerum
1464 1089 1709 1151 fructum,
1767 1086 2026 1139 bonorum
2068 1084 2184 1138 illo-

600 1198 721 1237 rum
749 1182 921 1238 fructu
945 1182 1012 1237 ab
1032 1184 1179 1238 omni
1211 1183 1551 1238 successione
1580 1190 1788 1237 remoto
1822 1180 2059 1248 privari?
2102 1182 2182 1235 An

593 1289 703 1332 lion
740 1277 874 1341 haec,
906 1298 935 1331 υ
982 1286 1155 1346 pater,
1202 1277 1503 1348 intelliges?
1536 1278 1615 1330 Au
1649 1290 1755 1329 nou
1806 1274 2183 1344 praetereuntia

597 1369 921 1438 praeteribis,
955 1380 1112 1436 atque
1140 1370 1204 1424 ad
1246 1386 1308 1423 ea
1351 1384 1470 1437 qua:
1497 1368 1604 1423 ﬁxa
1629 1378 1682 1423 et
1710 1378 1854 1422 certa
1884 1380 2031 1435 sunt,
2071 1366 2186 1419 ani-

598 1477 743 1515 tuutn
778 1463 1080 1533 adiunges?
1122 1464 1204 1517 An
1237 1478 1341 1516 non
1374 1464 1601 1533 patriam
1632 1461 2049 1531 peregrinationi
2091 1477 2187 1513 an-

598 1565 843 1624 tepones,
872 1554 1044 1609 lucem
1080 1557 1335 1621 tenebris,
1390 1557 1636 1623 spiritum
1690 1556 1864 1618 carui,
1901 1555 2060 1608 vitam
2108 1570 2183 1608 te-

592 1654 805 1703 ternaut
838 1649 1041 1701 umbra:
1065 1648 1273 1713 mortis,
1318 1663 1377 1703 ea
1419 1664 1537 1717 qua:
1572 1664 1674 1702 non
1700 1648 2008 1703 dilabuntur
2030 1646 2186 1699 fluxis

594 1746 649 1794 et
683 1739 991 1808 fragilibus?
1014 1743 1095 1796 Att
1127 1757 1233 1796 non
1263 1756 1327 1796 ex
1359 1741 1527 1797 atroci
1565 1741 1664 1796 hac
1707 1740 1961 1795 horrendi
1996 1738 2183 1794 tttttndi

598 1830 876 1900 principis,
917 1832 1021 1887 hoc
1051 1846 1134 1888 est
1170 1834 1404 1902 perversi
1430 1834 1625 1888 diaboli
1676 1837 1957 1895 servitute,
1984 1833 2103 1901 fuga
2136 1842 2187 1886 te

2286 612 2579 684 ingressus,
2606 610 2828 666 sublatis
2856 608 2923 665 ad
2943 610 3024 666 sui
3054 611 3362 667 certaminis
3383 607 3639 664 arbitrum
3667 611 3842 679 oculis,

2289 722 2355 761 ex
2402 705 2592 760 intimo
2641 706 2806 763 corde
2842 700 3206 759 exclamavit:
3239 701 3461 757 Domine
3513 701 3652 758 Deus
3690 718 3844 773 meus,

2284 801 2453 856 dulcis
2474 816 2619 871 spes,
2645 801 2970 870 minimeque
2991 801 3219 854 mendax
3248 796 3553 869 promissio,
3572 814 3632 853 ac
3656 799 3841 854 tinuum

2285 909 2471 949 eorum
2513 894 2599 963 qui
2632 908 2691 947 se
2724 892 2819 947 tibi
2856 901 2997 945 totos
3025 891 3359 946 devoverunt
3391 888 3704 961 perfugium,
3741 906 3845 959 pro-

2286 983 2416 1055 pitio
2466 998 2528 1039 ac
2579 984 2808 1055 benigno
2851 986 3006 1039 oculo
3056 985 3286 1054 pectoris
3339 985 3442 1039 mei
3492 985 3844 1039 contritionem

2286 1090 2468 1143 cerne,
2492 1091 2588 1130 nec
2612 1091 2695 1128 me
2726 1074 3091 1147 derelinquas,
3126 1091 3226 1131 nec
3255 1075 3497 1131 discedas
3527 1091 3558 1130 a
3590 1075 3843 1146 me(Psal.

2289 1170 2524 1239 xxxvtt);
2553 1185 2763 1233 verum,
2788 1170 2935 1239 juxta
2968 1168 3603 1238 pollicitationemtuaut,
3631 1170 3695 1223 ab
3715 1169 3842 1223 onmi

2286 1262 2567 1317 mendacio
2616 1262 2867 1326 alienam,
2916 1277 3147 1327 mecum,
3183 1262 3284 1317 hoc
3333 1271 3435 1325 est,
3486 1277 3607 1315 cum
3651 1261 3845 1330 indigno

2287 1364 2447 1424 atque
2476 1352 2689 1423 abjecto
2711 1353 3037 1408 homunculo
3059 1353 3246 1410 sis.Te
3264 1353 3407 1408 enim
3431 1368 3609 1408 rerum
3636 1352 3850 1407 oumiutn

2288 1448 2623 1502 conditarum
2655 1447 2964 1503 effectorem
2998 1458 3051 1503 et
3087 1448 3497 1517 gubernatorem
3542 1461 3762 1516 agnosco
3805 1456 3850 1501 et

2288 1542 2568 1597 conﬁteor.
2604 1542 2868 1609 Quocirca
2898 1543 2949 1595 in
2990 1543 3089 1597 hac
3119 1542 3377 1613 praeclara
3421 1539 3751 1595 confessione
3775 1556 3851 1595 vn-

2291 1633 2380 1687 Iim
2411 1648 2497 1688 me
2545 1634 2856 1698 continues,
2888 1643 2946 1687 ut
2986 1630 3051 1688 ad
3082 1642 3382 1689 extremum
3417 1648 3587 1703 usque
3632 1633 3849 1702 spiritum

2289 1727 2341 1779 in
2373 1740 2434 1780 ea
2466 1741 2833 1796 permaneam.
2866 1726 3092 1797 Respice
3143 1728 3196 1781 in
3242 1741 3350 1792 me,
3385 1734 3439 1780 et
3471 1724 3719 1779 miserere
3765 1723 3852 1778 mei

2293 1814 2677 1887 (Psal.xxrv);
2739 1817 2977 1887 mihique
3006 1826 3141 1883 asta,
3196 1818 3419 1871 illmsutn
3472 1825 3631 1885 atque
3675 1814 3853 1868 incolu-

597 1925 884 1991 subdttces,
916 1934 1074 1994 teque
1103 1925 1169 1979 ad
1201 1928 1399 1981 bonum
1426 1936 1481 1982 et
1509 1929 1572 1980 ad
1609 1926 2036 1981 misericordiam
2063 1940 2185 1993 pro-

2291 1923 2431 1962 mem
2466 1907 2535 1963 ab
2581 1908 2727 1963 omni
2774 1910 2989 1964 Satanae
3034 1909 3346 1977 operatione
3400 1921 3492 1963 me
3538 1920 3851 1960 conservans.

602 2016 980 2086 peusissimum
1017 2018 1299 2073 Dominum
1330 2019 1610 2074 conteres?
1641 2020 1720 2073 Att
1763 2034 1867 2073 non
1919 2034 1950 2071 a
1997 2019 2185 2071 t'nulto-

599 2122 717 2163 rum
746 2109 1236 2165 commcntitiorum
1259 2111 1478 2166 deorum
1504 2113 1645 2167 cultu
1675 2111 1902 2180 teipsum
1927 2110 2181 2175 abduces,

600 2208 762 2268 atque
790 2201 877 2256 utti
903 2202 1022 2255 vivo
1063 2217 1125 2255 ac
1163 2217 1290 2256 vero
1324 2203 1430 2256 Deo
1461 2204 1661 2256 cultum
1692 2201 2018 2255 adhibebis?
2049 2200 2183 2256 Nam

594 2294 694 2349 etsi
730 2296 780 2348 in
832 2294 995 2349 Deum
1027 2294 1283 2365 peccasti,
1316 2311 1439 2350 cum
1471 2296 1664 2349 multas
1697 2296 1747 2349 in
1771 2310 1894 2349 eum
1933 2293 2183 2361 blasphe-

594 2386 731 2440 mias
772 2384 1027 2453 effudisti,
1062 2395 1221 2457 atque
1249 2387 1414 2456 ipsius
1433 2402 1623 2442 servos
1660 2387 1913 2455 gravibus
1946 2398 2181 2441 tormen-

597 2479 668 2534 tis
695 2481 1035 2535 excruciatos
1063 2484 1287 2549 necaSti,
1326 2498 1430 2535 non
1459 2493 1633 2536 tamen
1665 2481 1851 2535 dubito
1879 2480 2006 2549 quin
2034 2489 2086 2535 te
2119 2479 2183 2533 ad

597 2574 874 2629 meliorem
923 2585 1156 2629 mentem
1190 2575 1499 2630 redeuntem
1553 2584 1897 2643 suscepturus
1930 2575 2019 2639 sit,
2064 2568 2180 2626 ont-

606 2667 802 2736 niaque
832 2667 1024 2723 delicta
1065 2678 1151 2723 tua
1201 2684 1230 2723 e
1263 2669 1520 2722 memoria
1561 2668 1850 2737 ejecturus.
1897 2666 2012 2721 Non
2041 2666 2183 2720 enim

596 2773 825 2816 mortem
860 2764 1280 2833 peccatoris,sed
1308 2765 1474 2833 magis
1492 2773 1543 2816 ut
1568 2772 1911 2817 convertatur
1938 2770 1993 2817 et
2018 2763 2183 2828 vivat,

599 2850 693 2907 ille
736 2853 848 2908 vult
875 2853 1088 2924 (Ezech.
1120 2853 1291 2924 xvrtt),
1321 2855 1409 2924 qui
1447 2862 1501 2907 ut
1544 2868 1642 2907 nos
1664 2869 1694 2907 a
1724 2862 1871 2907 recta
1900 2854 1979 2905 via
2030 2853 2186 2906 aber-

599 2955 779 3000 rantes
804 2948 1126 3015 requireret,
1150 2964 1218 3001 ex
1240 2963 1300 3000 ea
1321 2947 1649 3002 sublimitate
1674 2963 1797 3017 qua:
1829 2947 1988 3000 nullis
2013 2946 2189 3001 verbis

601 3040 792 3109 exponi
831 3047 1006 3108 potest
1035 3039 1336 3105 descendit,
1376 3055 1699 3110 crucemque
1726 3049 1781 3094 ct
1817 3052 2044 3094 mortem
2093 3054 2187 3094 no-

598 3140 708 3185 stra
743 3144 909 3185 causa
941 3132 1181 3201 pertulit,
1226 3147 1287 3185 ac
1334 3146 1431 3185 nos
1459 3133 1547 3201 qui
1592 3131 1691 3186 sub
1723 3140 1942 3199 peceato
1984 3130 2185 3184 vcnditi

601 3241 839 3293 eramus,
875 3227 1111 3297 pretioso
1152 3242 1250 3281 suo
1292 3229 1547 3297 sanguine
1580 3227 1825 3281 redemit.
1860 3225 1961 3295 Ipsi
1996 3227 2110 3280 laus
2135 3234 2187 3280 et

602 3320 770 3392 gloria
798 3324 849 3377 itt
884 3323 1077 3377 saecula
1107 3333 1451 3377 smcutorutu.
1474 3325 1645 3378 Amen
1678 3324 1857 3392 (Itoni.
1890 3329 2006 3393 vn).

678 3415 787 3469 Rex
822 3426 1000 3470 autem
1032 3426 1250 3485 stupore
1279 3417 1437 3471 simul
1470 3428 1630 3487 atque
1658 3416 1734 3470 ita
1757 3428 2037 3483 correptus
2066 3426 2147 3471 est
2172 3433 2186 3470 :

606 3505 733 3559 illud
766 3522 979 3573 nempe,
1013 3507 1082 3561 ob
1109 3509 1200 3562 tilii
1220 3507 1580 3574 prudentiam,
1611 3518 1770 3576 atque
1798 3507 2062 3573 ejusmodi
2085 3524 2194 3563 ser-

606 3615 814 3665 mones,
854 3602 941 3668 qui
974 3602 1118 3655 nullo
1157 3611 1313 3670 pacto
1354 3602 1527 3656 refelli
1574 3610 1826 3671 possent;
1861 3604 1960 3655 hoc
1990 3612 2190 3667 autem,

606 3694 728 3763 quia
760 3693 932 3763 ipsius
953 3693 1086 3750 deos
1120 3694 1403 3748 traducere
1445 3708 1506 3749 ac
1536 3692 1810 3748 criminari
1840 3709 1946 3747 non
1983 3692 2196 3748 desine-

607 3785 718 3853 bat,
750 3796 1023 3858 totamque
1056 3786 1224 3858 ipsius
1248 3789 1408 3842 vitam
1435 3787 1758 3857 suggillabat
1794 3802 1855 3843 ac
1880 3786 2192 3855 proscinde-

616 3880 727 3937 bat.
772 3882 947 3952 Atque
972 3882 1279 3951 hnjusmodi
1306 3882 1520 3953 quidem
1559 3884 1823 3937 sermonis
1853 3882 2194 3953 splendorem

611 3979 683 4037 ob
725 3980 987 4034 internata
1041 3980 1389 4034 tenebrarum
1435 3979 1740 4035 crassitiem
1785 3978 2196 4046 haudquaquam

613 4072 846 4126 admisit.
880 4070 1015 4126 Cum
1051 4082 1232 4127 autem
1263 4072 1333 4126 ob
1371 4073 1572 4127 amoris
1609 4088 1638 4124 a
1672 4081 1858 4126 natura
1891 4071 2035 4125 ittsiti
2063 4069 2198 4124 atfe-

612 4174 757 4219 ctum
793 4167 842 4219 in
875 4166 1045 4232 ipsum
1086 4166 1543 4231 animadvertere,
1570 4175 1661 4220 aut
1700 4181 1819 4219 eutn
1852 4164 1993 4219 malo
2023 4164 2201 4234 aliquo

613 4259 838 4314 multare
866 4275 968 4313 uou
998 4268 1209 4329 posset,
1236 4275 1559 4328 rursumque
1588 4259 1760 4328 ipsum
1787 4257 1854 4312 de
1886 4257 2049 4328 300
2074 4272 2199 4310 sen-

616 4353 779 4406 tentia
812 4353 1088 4407 dimovere
1118 4367 1175 4406 se
1206 4366 1366 4423 posse
1395 4365 1613 4420 prorsus
1638 4350 1971 4419 desperaret,
2003 4349 2203 4405 veritus

616 4462 685 4502 ne
716 4448 760 4502 si
796 4448 1037 4517 pluribus
1068 4463 1194 4503 eum
1224 4448 1568 4502 sermonibus
1598 4447 1907 4509 lacesseret,
1935 4460 2000 4499 eo
2035 4446 2203 4501 libere

616 4554 681 4594 ac
722 4541 949 4596 ﬁdenter
970 4542 1245 4609 loquente,
1281 4541 1518 4609 deosque
1546 4540 1867 4609 suggillante
1906 4548 2069 4609 atque
2113 4553 2204 4593 ca-

617 4630 759 4683 villis
788 4632 1107 4699 insectante,
1141 4632 1345 4701 majore
1375 4632 1489 4702 ipse
1518 4630 1790 4685 iracundia
1823 4629 2203 4695 inflammatus,

619 4722 815 4777 hostile
846 4722 1047 4792 aliquid
1081 4724 1133 4777 in
1164 4739 1286 4777 eum
1323 4723 1654 4795 designaret,
1700 4723 1839 4777 irato
1870 4724 2048 4777 animo
2088 4737 2203 4777 sur-

618 4830 754 4887 gens
805 4815 1054 4883 secessit,
1107 4814 1188 4868 his
1235 4815 1494 4869 duntaxat
1540 4815 1719 4870 verbis
1772 4813 2207 4869 uteuszUtiuam

620 4922 891 4976 nunquam
924 4916 1079 4960 natus
1112 4904 1326 4972 fuisses,
1374 4922 1470 4961 nec
1501 4907 1552 4961 in
1598 4907 1770 4961 lucem
1804 4907 2124 4977 prndiisses,
2167 4905 2214 4960 si

621 5002 847 5072 quidem
882 5001 1115 5055 futurum
1146 5010 1262 5054 erat
1293 5014 1347 5054 ut
1379 5002 1430 5056 in
1472 5001 1600 5056 deos
1631 5010 1739 5056 tam
1770 5003 1962 5072 impius
2002 5012 2056 5058 et
2083 5018 2212 5058 con-

624 5095 940 5150 tumeliosus
969 5105 1144 5157 esses,
1171 5099 1330 5162 atque
1363 5107 1391 5146 a
1424 5102 1639 5162 paterna
1672 5094 1904 5149 amicitia
1936 5104 1989 5150 et
2014 5095 2205 5150 adtno-

625 5188 828 5242 nitioue
855 5186 1194 5242 abscederes.
1248 5184 1439 5241 Verum
1481 5187 1774 5243 adversarii
1806 5190 1936 5244 deos
1983 5205 2209 5259 quorum

624 5280 880 5333 invictum
912 5280 1075 5333 robur
1102 5288 1205 5345 est,
1231 5293 1335 5332 non
1370 5289 1627 5349 perpetuo
1658 5279 2086 5347 subsannabunt,
2111 5297 2211 5336 nec

624 5371 714 5423 diu
758 5370 1088 5439 gaudebunt,
1124 5386 1223 5426 nec
1252 5385 1440 5426 eorum
1493 5371 1775 5442 praestigia:
1807 5371 1911 5425 vim
1952 5371 2211 5427 habitura:

626 5467 773 5517 sunt.
796 5459 926 5515 Nam
963 5461 1061 5515 nisi
1087 5461 1214 5516 tuihi
1240 5462 1385 5516 dicto
1416 5463 1721 5516 audientem
1752 5471 1912 5533 atque
1940 5478 2061 5535 erga
2084 5464 2214 5519 deos

627 5562 838 5621 gratum
873 5562 925 5608 te
951 5554 1272 5623 praebueris,
1305 5556 1486 5609 multis
1521 5554 1668 5624 prius
1696 5569 1758 5609 ac
1790 5556 1949 5610 variis
1981 5565 2216 5611 tormen-

630 5644 700 5696 tis
724 5643 971 5700 aﬁ‘ectutn
1003 5649 1351 5704 acerbissima
1383 5660 1558 5706 morte
1593 5660 1643 5707 te
1689 5652 1755 5706 de
1787 5652 1962 5707 medio
2005 5653 2211 5722 tollam,

626 5751 732 5791 nec
760 5744 932 5792 tecum
964 5747 1021 5792 ut
1055 5756 1173 5795 cum
1204 5742 1334 5811 ﬁlio,
1378 5746 1471 5799 sed
1516 5754 1571 5799 ut
1596 5759 1716 5799 cunt
1750 5744 1903 5800 hoste
1948 5745 2128 5816 aliquo
2154 5761 2219 5803 ac

626 5829 817 5899 {ebeni
843 5846 1013 5903 agam.

700 5924 830 5983 CAP.
865 5925 1028 5989 XXV.
1055 5956 1124 5968 —
1149 5927 1243 5983 llis
1283 5930 1443 5989 minis
1474 5945 1595 5987 cum
1639 5932 1690 5987 in
1742 5947 1861 5988 eum
1907 5941 2058 5996 pater
2089 5948 2217 5993 usus

2232 4681 2286 4747 Β

2294 2000 2540 2070 Respice,
2569 2016 2601 2055 ο
2633 2000 2768 2068 Rex,
2802 1999 3068 2069 siquidem
3097 2000 3273 2054 anima
3313 2015 3433 2055 mea
3468 1996 3757 2053 vehementi
3788 1996 3849 2051 tui

2288 2092 2560 2147 desiderio
2600 2093 2807 2163 ﬂagrat,
2857 2104 3014 2162 atque
3042 2092 3114 2147 ita
3144 2092 3359 2147 incensa
3395 2101 3508 2155 est,
3537 2098 3770 2159 tanquam
3806 2088 3848 2142 iu

2288 2184 2405 2240 sitis
2434 2184 2629 2241 ardore
2658 2185 2711 2239 in
2743 2192 2885 2240 terra
2918 2184 3199 2253 inaquosa,
3230 2191 3282 2238 te
3313 2181 3723 2237 immortalitatis
3748 2179 3848 2234 fon-

2289 2287 2395 2332 tem
2430 2278 2820 2347 concupiscens
2860 2273 3036 2348 (Psat.
3066 2274 3218 2345 uti).
3250 2274 3325 2329 Ne
3353 2272 3537 2328 tradas
3564 2272 3739 2327 bestiis
3758 2269 3854 2324 atti-

2289 2382 2431 2426 tuam
2484 2368 2833 2425 conﬁtentem
2888 2368 3019 2422 tibi:
3058 2376 3113 2423 et
3148 2368 3339 2421 animat
3390 2367 3639 2433 pauperis
3686 2363 3755 2418 tui
3796 2376 3852 2417 ne

2290 2461 2625 2517 obliviscaris
2657 2462 2709 2516 in
2742 2461 2901 2515 ﬁnem
2931 2457 3103 2531 (Psal.
3135 2456 3350 2528 Lxxttt).
3400 2456 3600 2512 Verum
3634 2455 3750 2511 mihi
3777 2453 3852 2509 be-

2291 2553 2482 2608 neﬁcio
2513 2563 2603 2607 tuo
2634 2550 2904 2624 contingat
2929 2564 2985 2605 ut
3015 2567 3106 2620 per
3130 2566 3343 2605 omnem
3376 2551 3504 2604 vit-.e
3537 2564 3739 2604 cursum
3770 2560 3849 2617 pro

2293 2656 2381 2702 tuo
2407 2647 2623 2701 nomine
2656 2658 2850 2716 tuaque
2875 2644 3213 2699 confessione
3244 2644 3421 2696 omnia
3451 2641 3727 2712 perpetiar,
3754 2652 3850 2693 me-

2292 2750 2395 2805 que
2428 2745 2598 2791 totum
2641 2737 2733 2791 tibi
2764 2736 3056 2791 immolem.
3100 2734 3177 2791 Te
3220 2739 3362 2789 enim
3386 2734 3561 2789 robur
3600 2729 3850 2794 aﬂ'erente,

2292 2828 2583 2884 imbecilles
2628 2830 2790 2884 etiam
2844 2829 3047 2884 viribus
3076 2826 3299 2897 pollent,
3340 2827 3598 2898 quoniam
3631 2834 3683 2880 tu
3728 2824 3853 2879 solus

2292 2924 2522 2979 invictus
2549 2937 2609 2979 es
2640 2931 3026 2993 propugnator,
3067 2936 3129 2975 ac
3158 2920 3301 2976 Deus
3351 2919 3679 2984 misericors,
3709 2928 3842 2987 quem

2292 3015 2545 3085 quidquid
2568 3025 2807 3071 creatum
2832 3026 2933 3082 est,
2962 3013 3233 3070 benedicit
3262 3029 3326 3071 ac
3354 3013 3598 3069 celebrat
3618 3013 3667 3065 in
3687 3008 3852 3065 saecula

2293 3109 2633 3164 saeculorum.
2666 3106 2858 3161 Amen.

2371 3242 2480 3297 liae
2522 3242 2765 3296 oratione
2811 3239 3043 3308 functus,
3073 3240 3308 3295 divinam
3354 3237 3763 3294 consolationem
3809 3236 3851 3286 in

2302 3346 2485 3405 pectus
2513 3348 2668 3389 suum
2699 3333 2847 3388 illabi
2869 3333 3072 3398 sensit;
3098 3332 3397 3402 ﬁduciaque
3419 3331 3688 3401 perfusus,
3713 3338 3851 3382 totam

2300 3438 2509 3483 noctem
2538 3429 2591 3483 in
2616 3427 2866 3497 precibus
2898 3426 3156 3481 traduxit.
3192 3428 3303 3481 ltex
3334 3434 3519 3480 autem
3551 3439 3667 3479 cum
3693 3420 3753 3475 de
3781 3420 3854 3473 ﬁlii

2297 3529 2441 3576 statu
2472 3536 2593 3575 cum
2637 3522 2846 3576 Araebe
2883 3535 3163 3575 sermones
3204 3519 3549 3585 contulisset,
3580 3516 3770 3587 ipsique
3795 3513 3853 3567 ri-

2298 3615 2475 3685 gidam
2504 3614 2671 3686 ipsius
2701 3615 3003 3670 libertatem
3025 3614 3297 3683 animique
3323 3614 3375 3666 itt
3406 3609 3670 3667 sententia
3701 3602 3856 3676 pervi-

2300 3709 2504 3763 caciam
2552 3706 2905 3774 declarasset,
2945 3706 3048 3761 hoc
3098 3705 3381 3760 consilium
3425 3702 3595 3773 capit,
3637 3706 3691 3754 ut
3725 3707 3858 3769 quam

2301 3800 2414 3853 ﬁeri
2433 3805 2615 3868 posset
2643 3796 2969 3852 amicissime
2992 3806 3150 3865 atque
3177 3794 3657 3865 obscquiosissime
3678 3805 3786 3846 cum
3805 3801 3859 3842 eo

2301 3892 2720 3962 colloqueretur,
2778 3888 3051 3944 blanditiis
3110 3887 3358 3943 videlicet
3411 3888 3764 3957 perfecturum
3809 3891 3857 3933 se

2305 4000 2531 4056 sperans
2561 3994 2618 4038 ut
2661 3999 2783 4039 euttt
2816 3982 2881 4038 ad
2921 3998 2981 4038 se
3010 3984 3367 4051 pertraheret.
3421 3981 3669 4036 Crastino
3707 3977 3858 4041 itaque

2303 4079 2390 4133 die
2420 4079 2483 4132 ad
2518 4078 2682 4131 tiliutu
2725 4093 2783 4131 se
2809 4075 3042 4141 c0ufert,
3075 4091 3138 4130 ac
3186 4074 3406 4143 propius
3456 4071 3665 4136 sedens,
3712 4068 3859 4135 ipsum

2304 4173 2546 4235 arci-rsit,
2581 4182 2745 4243 atque
2770 4171 3145 4241 complectitur
3187 4178 3241 4224 et
3282 4169 3643 4231 exosculatur,
3675 4161 3861 4217 leniter-

2305 4281 2406 4339 que
2433 4279 2496 4320 ac
2524 4264 2729 4333 placide
2750 4264 2989 4332 irrepens
3010 4280 3021 4315 :
3045 4261 3089 4316 Ο
3109 4260 3422 4314 charissime
3445 4269 3502 4313 et
3529 4252 3861 4311 amantissime

2307 4357 2415 4423 ﬁli,
2449 4356 2654 4426 inquit,
2687 4355 2852 4424 patris
2881 4355 3131 4411 canitiem
3166 4354 3370 4408 honore
3402 4348 3580 4419 afﬁce,
3623 4344 3863 4419 precibuso

2307 4464 2412 4518 que
2444 4449 2578 4503 meis
2609 4448 2808 4503 auditis
2834 4449 3053 4514 accede,
3086 4462 3151 4501 ac
3182 4447 3286 4501 diis
3325 4444 3647 4501 sacriﬁcium
3674 4435 3860 4494 adhibe.

2314 4544 2403 4599 Sic
2432 4544 2573 4597 cuitu
2601 4552 2655 4597 et
2692 4543 2814 4609 illos
2839 4543 3099 4612 benignos
3131 4552 3185 4597 et
3212 4540 3397 4596 faciles
3429 4539 3700 4594 habiturus
3725 4546 3793 4593 οε,
3821 4534 3865 4581 ει

2311 4635 2520 4691 dierum
2552 4636 2982 4700 diuturnitatem,
3024 4635 3355 4703 gloriamque
3394 4644 3633 4695 omnem,
3672 4634 3722 4683 et
3749 4618 3865 4677 inol—

2314 4728 2523 4783 tensum
2579 4742 2830 4797 regnum,
2871 4728 3153 4798 omnisque
3200 4725 3416 4798 generis
3467 4724 3601 4779 bona
3649 4718 3713 4773 ab
3754 4709 3864 4783 i055“
3916 4754 3925 4759 λ

2315 4820 2602 4891 percipies,
2624 4830 2678 4874 et
2700 4819 2826 4874 mihi
2862 4821 2995 4891 patri
3030 4830 3119 4873 tuo
3148 4835 3240 4888 per
3270 4833 3484 4872 omnem
3516 4817 3669 4869 vitam
3698 4809 3865 4865 chartis

2318 4916 2458 4979 eris;
2495 4931 2555 4971 ac
2578 4914 2807 4986 denique
2841 4918 2939 4970 hoc
2976 4915 3301 4983 assequeris,
3334 4921 3388 4966 ut
3426 4925 3611 4965 omnes
3650 4901 3862 4961 homines

2321 5022 2373 5067 te
2404 5012 2457 5067 in
2488 5011 2693 5067 honore
2741 5011 2994 5078 habeant,
3047 5010 3399 5078 laudibusque
3429 5004 3666 5062 etferant.
3710 4993 3865 5065 Siqui-

2318 5103 2438 5158 detu
2480 5105 2545 5160 ad
2582 5104 2794 5159 laudem
2841 5102 3239 5170 adipiscendam
3271 5099 3449 5170 magni
3498 5098 3710 5151 intereat
3749 5083 3864 5158 patri

2319 5196 2563 5263 obedire,
2588 5211 2650 5250 ac
2681 5196 2978 5265 praisertim
3012 5196 3065 5249 in
3116 5196 3181 5248 iis
3220 5193 3404 5261 rebus,
3438 5204 3554 5260 qua:
3582 5186 3648 5241 ad
3696 5184 3865 5237 bomml

2321 5310 2373 5355 et
2404 5297 2468 5353 ad
2490 5298 2713 5353 deorum
2746 5299 3175 5355 benevolentiam
3206 5304 3472 5366 Spectant.
3505 5288 3761 5361 Quidnam
3788 5295 3867 5332 auc

2322 5406 2452 5469 tem,
2485 5398 2576 5465 tili,
2609 5414 2821 5466 censes,
2854 5408 3031 5455 utrum
3063 5412 3129 5453 ne
3170 5412 3259 5454 me
3283 5396 3530 5453 consulto
3554 5408 3614 5447 ac
3645 5388 3708 5443 de
3735 5380 3867 5438 indu-

2322 5501 2450 5556 stria
2480 5516 2510 5555 a
2538 5502 2673 5556 bona
2698 5503 2780 5555 via
2809 5501 3124 5568 deﬂexisse,
3155 5512 3316 5571 atque
3343 5498 3661 5555 contrariam
3688 5478 3866 5557 ius":di

2322 5602 2611 5668 maluisse,
2668 5618 2734 5657 an
2774 5618 2901 5659 vero
2958 5603 3083 5658 boni
3134 5600 3471 5672 ignoratione
3519 5607 3575 5653 et
3626 5584 3861 5662 imperitia

2326 5705 2588 5777 ttleipsum
2624 5706 2891 5777 pestiferis
2942 5706 3287 5779 dogmatibus
3334 5701 3633 5762 dedidisse?
3655 5696 3798 5752 Certe
3832 5689 3866 5744 si

2328 5823 2415 5863 tne
2445 5818 2633 5880 sponte
2675 5825 2738 5866 ac
2768 5810 2834 5866 de
2868 5809 3152 5876 industria,
3196 5817 3379 5865 contra
3436 5818 3589 5878 quam
3636 5797 3756 5855 utile
3790 5791 3865 5854 sit.

2329 5911 2466 5967 mala
2513 5911 2668 5966 bonis
2698 5910 2974 5982 praeferre,
3006 5922 3342 5984 mortemque
3371 5911 3476 5965 vita
3504 5904 3749 5976 potiorem
3784 5892 3868 5949 Ita-
