4158 6354
323 393 423 455 Nl

793 393 946 454 \l-ITA
983 396 1402 458 SANCTORUM
1443 395 1772 455 BABLAM!
1807 392 2144 452 susurra:
2187 398 2276 455 er
2315 399 2655 458 aOSAPnA'I
2710 399 2914 458 ιιηυιτΕ
2953 381 3177 461 REGIS.

3491 405 3596 465 542

323 518 452 574 bere
497 517 792 580 existimas,
827 517 1196 585 vehementer,
1249 533 1283 573 o
1323 518 1419 587 till,
1451 534 1481 572 a
1523 528 1672 573 recto
1709 515 1910 588 iudicio
1935 511 1988 572 ,Δ
2013 514 2211 570 homin:
2241 531 2319 573 est
2353 521 2575 588 invenit,
2609 521 2939 594 obtempera.
2977 525 3058 580 En
3088 528 3229 582 enim
3250 527 3593 586 demonstra-

320 614 448 668 tuiln
479 612 733 666 aberrare
761 610 959 666 videris

394 710 472 759 Au
504 719 614 759 non
643 705 796 759 vides
829 715 957 773 quot
1003 705 1258 760 utrumuis
1301 714 1358 761 et
1381 702 1765 761 afflictionibus
1795 719 1909 759 meo

326 800 499 868 ipsum
539 811 782 866 persaepe
827 797 1054 863 tradam,
1089 809 1200 852 tum
1254 799 1308 853 in
1356 797 1786 868 expeditionibus
1815 797 1909 851 ad-

317 905 508 946 versus
549 890 753 955 hostes,
799 900 912 944 tum
944 893 995 945 in
1041 892 1377 962 publicorum
1418 893 1752 962 negotiorum
1785 907 1908 960 pro-

315 984 599 1040 curatione
627 984 894 1053 incipsum
931 999 1227 1056 occupans,
1259 986 1395 1040 adeo
1425 994 1484 1038 ut
1517 984 1713 1040 famem
1743 985 1907 1038 etiam

313 1091 380 1130 ec.
406 1073 581 1142 sitim,
616 1092 734 1133 cum
776 1079 848 1132 ita
879 1094 1104 1134 necesse
1131 1089 1237 1147 est,
1266 1079 1559 1151 perferam,
1589 1096 1650 1135 ac
1680 1080 1906 1149 pedibus

311 1168 615 1234 ambulem,
642 1168 895 1239 humique
939 1183 1185 1224 somnum
1211 1171 1465 1240 carpam”?
1511 1171 1682 1240 Opum
1723 1181 1904 1224 autem

311 1272 368 1317 et
398 1265 745 1331 pecuniarum
778 1273 920 1318 tanta
950 1265 1003 1319 in
1036 1279 1119 1318 me
1145 1266 1475 1333 contemptio
1513 1280 1574 1319 ac
1605 1265 1905 1333 despicieno

313 1354 388 1407 tia
426 1365 535 1421 est,
578 1364 634 1407 ut
677 1355 949 1410 interdum
986 1355 1201 1425 profusa
1234 1373 1393 1412 manu
1437 1357 1618 1428 palatii
1649 1360 1752 1412 mei
1783 1357 1901 1412 the-

309 1461 505 1501 saeros
531 1449 866 1514 exhauriam,
900 1466 1005 1516 quo
1036 1452 1365 1520 amplissima
1391 1452 1492 1506 diis
1528 1451 1752 1506 delubra
1803 1467 1904 1506 ex-

308 1550 538 1603 struam,
573 1543 824 1612 nuntiique
851 1555 1047 1597 ornatu
1090 1545 1375 1612 illustrem,
1423 1555 1510 1599 aut
1553 1546 1899 1614 pecuniarum

308 1648 536 1705 aggeres
567 1636 824 1690 militibus
857 1636 1232 1693 liberalissime
1262 1638 1600 1693 distribuam.
1641 1637 1771 1691 Cum
1803 1639 1901 1692 ita-

307 1743 416 1798 que
442 1737 622 1782 tantus
667 1728 716 1782 in
749 1743 836 1784 me
875 1730 1205 1798 voluptatum
1261 1739 1623 1800 contemptus,
1659 1739 1802 1784 tanta
1845 1730 1897 1783 in

307 1821 566 1890 periculis
595 1821 874 1875 tolerantia
908 1825 994 1886 sit,
1015 1822 1058 1875 si
1089 1822 1433 1876 Galilaeorum
1467 1824 1805 1892 religionem,
1835 1837 1898 1877 ea

303 1927 473 1981 quam
506 1913 754 1968 manibus
803 1924 1046 1968 tenemus
1081 1915 1510 1982 praestantiorem
1548 1928 1668 1968 esse
1696 1928 1895 1984 cogno-
1928 1894 1978 1954 ³

301 2017 540 2069 acerem,
573 2019 640 2058 an
666 2020 774 2058 non
801 2020 1011 2058 summo
1033 2005 1210 2058 studio
1240 2005 1291 2058 id
1316 2019 1552 2073 agerem,
1578 2015 1633 2058 ut
1658 2016 1898 2060 contems

303 2099 412 2165 ptis
441 2098 694 2152 omnibus
713 2097 897 2163 rebus,
937 2098 1166 2151 salutem
1199 2097 1328 2150 milii
1371 2099 1777 2166 compararem?
1807 2098 1899 2151 Sin

302 2197 485 2244 autem
505 2190 634 2244 mihi
665 2191 789 2245 boni
814 2191 1206 2256 ignorationem
1230 2201 1390 2260 atque
1421 2190 1742 2259 imperitiam
1774 2191 1899 2246 vitio

301 2285 496 2346 vertis,
552 2284 682 2337 illud
740 2295 913 2339 tecum
973 2294 1178 2352 reputa,
1225 2293 1356 2354 quot
1404 2295 1589 2339 noctes
1641 2286 1897 2340 insomnis

295 2378 608 2446 exegerim,
667 2379 965 2443 quaestione
1011 2378 1188 2447 aliqua
1229 2379 1533 2447 proposita,
1581 2389 1636 2433 et
1681 2379 1895 2448 quidem

307 2471 582 2527 interdum
610 2471 747 2526 haud
772 2471 1059 2526 admodum
1093 2473 1416 2536 necessaria,
1447 2471 1650 2524 nullam
1673 2472 1897 2526 omnino

296 2569 435 2624 mihi
467 2567 708 2637 requiem
746 2567 1070 2631 concedens,
1116 2567 1426 2636 priusquam
1468 2567 1803 2634 perspicuam
1835 2576 1888 2620 et

295 2660 920 2718 accommodatissimum
964 2661 1113 2729 ποι
1152 2660 1320 2728 ipsius
1373 2658 1698 2713 solutionem
1744 2660 1897 2715 inve-

295 2759 524 2813 nissem.

367 2849 629 2915 Quocirca
658 2863 781 2903 cum
811 2848 1129 2902 caducarum
1161 2848 1348 2903 harum
1401 2863 1575 2903 rerum
1609 2864 1673 2903 ne
1718 2848 1878 2902 mini-

294 2959 448 2999 mam
477 2943 692 3012 quidem
719 2941 1167 2996 contemnendam
1214 2943 1429 3007 ducam,
1459 2955 1644 2996 verum
1675 2943 1894 2996 omnino

291 3032 719 3090 eontlucibiliter
744 3041 906 3102 atque
943 3032 1009 3086 ad
1031 3034 1266 3086 omnium
1290 3033 1572 3088 utilitatem
1601 3047 1715 3086 eam
1733 3047 1894 3086 excu-

293 3129 430 3180 tiam
455 3134 510 3181 et
528 3126 800 3180 absolvam
832 3125 933 3196 (sic
959 3125 1102 3178 enim
1138 3126 1278 3178 inter
1297 3138 1486 3178 omnes
1533 3135 1782 3178 constare
1810 3139 1893 3177 ar-

299 3219 504 3283 bitror,
549 3218 816 3272 neminem
871 3215 1111 3272 omnium
1165 3217 1257 3286 qui
1285 3216 1386 3271 sub
1413 3216 1527 3269 sole
1563 3225 1710 3282 sunt,
1737 3230 1892 3269 arca-

293 3325 494 3366 narum
527 3325 704 3364 rerum
735 3311 1094 3378 cognitionem
1133 3309 1434 3362 accuratius
1474 3323 1706 3377 unquam
1737 3309 1882 3361 inve-

289 3403 527 3473 stigasse
555 3418 710 3471 quam
742 3405 856 3472 ipse
879 3398 1141 3472 fecerim),
1188 3415 1422 3470 quonam
1457 3409 1610 3469 pacto
1639 3417 1725 3454 res
1752 3402 1888 3454 divi-

295 3510 424 3558 nas,
457 3504 512 3548 et
539 3509 600 3546 ca
646 3507 764 3563 qua:
809 3493 1054 3547 venerari
1086 3507 1149 3546 ac
1176 3491 1396 3546 deorum
1429 3493 1636 3546 honore
1675 3492 1889 3547 afficere

290 3599 543 3660 oportet,
576 3588 972 3642 contemnenda
1005 3586 1299 3648 duxissem,
1325 3599 1390 3639 ac
1419 3601 1522 3638 non
1547 3587 1724 3654 potius
1744 3587 1887 3640 omni

288 3682 502 3745 studio,
524 3680 776 3734 omnibus
806 3677 1032 3745 viribus,
1071 3686 1183 3730 toto
1207 3675 1441 3745 denique
1485 3679 1667 3730 aniuo
1690 3693 1750 3729 ar
1782 3687 1889 3731 tota

289 3784 480 3831 menti.-
505 3775 556 3827 in
583 3787 766 3826 eorum
796 3770 1212 3841 investigatione
1249 3780 1462 3839 tempus
1489 3779 1649 3836 atque
1669 3783 1888 3836 operam

291 3869 621 3938 posuissem,
665 3873 723 3918 ut
779 3879 898 3935 qua:
957 3877 1086 3918 vera
1139 3870 1193 3918 et
1245 3862 1474 3916 maxime
1527 3873 1888 3917 consentanea

295 3971 452 4025 sunt,
485 3957 822 4012 invenirent?
860 3955 1065 4009 Etenim
1117 3967 1311 4022 magno
1363 3968 1481 4007 cum
1512 3953 1691 4008 labore
1722 3954 1797 4006 sic
1827 3967 1888 4006 ea

289 4051 548 4122 quaesivi,
577 4059 634 4102 ut
664 4056 717 4102 et
747 4047 943 4101 multas
975 4053 1162 4099 noctes
1211 4058 1273 4098 ac
1319 4044 1516 4098 multos
1563 4044 1678 4098 dies
1726 4044 1777 4096 in
1807 4042 1889 4098 his

289 4141 755 4210 consumpserim,
785 4148 839 4194 et
886 4138 1085 4192 multos
1114 4139 1238 4191 item
1267 4136 1540 4206 sapientes
1563 4147 1617 4191 et
1644 4136 1886 4191 eruditos

291 4239 446 4292 viros
475 4236 540 4288 ad
589 4233 874 4288 consilium
931 4230 1292 4296 adhibuerim,
1347 4239 1508 4298 atque
1551 4228 1712 4283 etiam
1767 4243 1887 4283 cum

296 4328 490 4382 inultis
533 4341 718 4380 eorum
769 4337 860 4387 qui
909 4322 1199 4376 Christiani
1250 4320 1585 4390 appellantur
1612 4335 1888 4375 sermones

299 4422 650 4477 contulerim.
685 4425 761 4473 Ac
792 4434 887 4486 per
914 4418 1195 4486 impigram
1224 4415 1671 4486 conquisitionem
1701 4421 1757 4469 et
1796 4430 1885 4467 ar-

295 4518 518 4572 dentem
553 4514 1039 4584 investigationem,
1096 4513 1178 4566 via
1231 4510 1470 4566 veritatis
1503 4525 1530 4562 a
1558 4524 1645 4563 me
1671 4510 1887 4563 inventa

294 4622 402 4676 est,
433 4610 729 4679 sapientum
755 4608 990 4662 virorum
1018 4615 1176 4675 atque
1219 4613 1327 4658 tum
1366 4603 1628 4671 doctrina,
1665 4612 1773 4657 tum
1801 4603 1884 4658 iti-

2018 615 2125 662 tusn
2154 621 2232 663 est
2266 628 2350 666 me
2379 628 2477 669 nec
2501 627 2696 684 Sponte
2725 633 2823 672 nec
2857 633 2950 686 per
2975 620 3360 689 ignorationem
3389 641 3419 677 a
3453 625 3593 681 bono

2013 703 2315 768 aberrasse,
2349 723 2531 760 verum
2555 719 2606 762 et
2630 709 2759 764 illud
2791 712 3059 766 invenisse
3089 726 3140 766 et
3168 717 3461 783 accepisse.
3493 716 3595 771 Ctt-

2013 793 2100 861 pio
2124 804 2300 849 autem
2332 805 2385 852 te
2412 813 2622 868 quoque
2651 801 2700 854 in
2723 802 2890 856 stulto
2909 817 3093 858 errore
3117 806 3339 863 minime
3364 809 3591 876 versari,

2013 902 2198 944 verum
2234 893 2368 947 meis
2385 895 2618 963 vestigiis
2639 895 2876 963 haerere;
2907 899 3257 968 quamobrem
3288 899 3367 955 lac
3389 913 3592 970 patrem

2010 993 2160 1039 tuum
2194 989 2449 1042 verearis.
2481 988 2558 1043 An
2589 991 2765 1045 nescis
2793 1004 3048 1061 quantum
3108 994 3300 1048 bonum
3346 998 3417 1050 sit
3458 998 3593 1065 patri

2009 1075 2405 1144 obtemperare,
2437 1091 2596 1150 atque
2646 1084 2745 1153 ipsi
2803 1085 2854 1138 in
2882 1087 3133 1140 erunibus
3163 1087 3322 1141 rebus
3348 1088 3590 1157 obsequi,

2006 1171 2458 1236 quemadmodum
2494 1184 2678 1227 eontra
2705 1191 2862 1244 quam
2914 1176 3200 1231 exitiosum
3231 1187 3287 1232 et
3306 1194 3593 1234 exserran-

2007 1256 2134 1311 dum
2166 1261 2329 1327 patris
2352 1264 2584 1316 animum
2618 1268 2963 1333 exacerbare,
3021 1270 3293 1338 ipsiusque
3314 1269 3461 1339 jussa
3497 1287 3591 1338 pro

2005 1353 2175 1406 nihilo
2199 1354 2433 1410 habere?
2460 1359 2658 1414 Omnes
2687 1363 2830 1415 enim
2874 1365 2961 1429 qui
3010 1364 3124 1420 haec
3157 1367 3415 1432 iecerunt,
3452 1368 3592 1420 malo

2004 1450 2192 1502 mortis
2221 1463 2418 1516 genere
2449 1451 2787 1507 interierunt.
2821 1455 2939 1521 Quo
2985 1457 3033 1508 in
3088 1471 3332 1517 numero,
3363 1457 3453 1523 ﬁli,
3488 1459 3592 1512 uti-

2004 1552 2126 1591 nam
2155 1555 2225 1592 ne
2251 1544 2555 1596 censearis!
2589 1560 2774 1598 verum
2804 1561 2863 1600 ea
2890 1563 3006 1613 qua
3037 1549 3241 1612 parenti
3272 1560 3418 1619 grata
3445 1559 3590 1616 sunt,

2005 1631 2228 1698 iaciens,
2285 1635 2543 1690 bonorum
2595 1640 2831 1693 omnium
2892 1656 3113 1710 compos
3164 1643 3278 1697 ﬁas.
3332 1645 3592 1712 regnique

2005 1725 2106 1777 mei
2133 1725 2304 1781 haeres
2333 1728 2426 1782 sis.

2077 1859 2442 1929 Magnanimos
2473 1871 2670 1928 autem,
2704 1879 2766 1917 ac
2821 1880 2946 1918 vere
3001 1866 3198 1920 nobilis
3253 1866 3588 1938 adolescens,

2007 1968 2126 2007 cum
2187 1969 2640 2024 supervacaneam
2701 1960 2869 2028 patris
2929 1961 3225 2014 oralionem
3277 1977 3338 2016 ac
3370 1965 3586 2018 stultum

2007 2047 2286 2101 consilium
2333 2049 2613 2111 audiisset,
2658 2060 2817 2119 atque
2868 2052 3092 2107 ﬂexuosi
3143 2057 3413 2123 serpentis
3449 2065 3592 2110 artes

2006 2140 2500 2206 animadvertisset,
2537 2159 2729 2213 nempe
2751 2146 2892 2213 quod
2921 2163 2947 2199 a
2983 2147 3187 2202 dextris
3232 2148 3479 2217 laqueum
3511 2165 3591 2217 pe-

2005 2234 2158 2288 dibus
2188 2237 2353 2303 ipsins
2387 2249 2650 2304 parasset,
2702 2238 2753 2293 id
2807 2241 3011 2295 scilicet
3042 2256 3204 2311 agens
3244 2256 3306 2295 ac
3336 2242 3586 2310 moliens,

2006 2336 2065 2380 ut
2094 2326 2328 2382 divinam
2353 2329 2519 2394 ipsius
2548 2331 2777 2384 animam
2827 2333 3141 2396 inilcctervt,
3185 2344 3342 2402 atque
3390 2335 3486 2404 ipsi
3521 2335 3586 2390 ad

2002 2423 2327 2490 prOpositam
2393 2423 2618 2489 palmam
2678 2423 3117 2494 impedimentum
3163 2421 3403 2491 aiTcrret,
3457 2427 3589 2483 illud

2005 2509 2214 2563 Domini
2247 2522 2571 2581 praeceptum
2603 2513 2706 2568 sibi
2740 2526 2863 2571 ante
2880 2518 3062 2571 oculos
3093 2519 3270 2586 posuit
3294 2534 3307 2575 :
3329 2518 3442 2572 Non
3471 2517 3590 2575 veni

2003 2603 2217 2657 mittere
2268 2621 2478 2673 pacem,
2543 2606 2634 2660 sed
2686 2607 2942 2678 gladium.
3003 2608 3129 2664 Veni
3160 2612 3302 2663 enim
3337 2626 3590 2680 sepataro

2002 2696 2167 2750 lilium
2191 2699 2452 2753 adversus
2483 2711 2686 2766 patrem
2712 2719 2893 2768 suum,
2928 2715 2980 2758 et
3009 2705 3167 2757 lilium
3191 2706 3450 2760 adversus
3482 2723 3589 2759 ma-

2002 2799 2133 2845 trem
2164 2808 2337 2856 suam,
2367 2805 2419 2848 et
2451 2811 2567 2862 qua:
2600 2797 2852 2864 deinceps
2904 2810 3199 2867 sequuntur
3249 2793 3460 2865 (Matth.
3506 2800 3589 2869 χ).

2069 2905 2308 2977 llludque
2337 2907 2461 2962 item
2497 2927 2506 2959 :
2541 2909 2639 2976 Qui
2670 2918 2814 2964 amat
2844 2921 3046 2980 patrem
3085 2921 3178 2967 aut
3207 2925 3429 2968 matrem
3463 2914 3580 2982 plus

1997 3011 2152 3066 quam
2179 3015 2284 3064 me,
2311 3016 2414 3053 non
2448 3010 2530 3055 est
2561 3017 2646 3056 me
2673 3001 2883 3072 dignus.
2917 3006 2991 3058 Ac
3014 3020 3223 3060 rursum
3258 3007 3383 3060 illud
3414 3023 3429 3059 :
3457 3006 3586 3075 Qui-

1995 3105 2204 3161 cunque
2227 3108 2309 3145 me
2338 3095 2613 3164 negaverit
2635 3111 2813 3148 coram
2841 3095 3166 3161 hominibus,
3190 3098 3397 3169 negabo
3420 3099 3582 3152 etiam

1997 3198 2116 3237 eum
2163 3200 2344 3239 coram
2379 3187 2534 3241 Patre
2584 3204 2722 3253 meo,
2755 3190 2842 3258 qui
2872 3190 2924 3243 in
2956 3192 3108 3246 caalis
3139 3202 3243 3246 est.
3295 3193 3420 3246 Haec
3462 3209 3584 3246 cunt

1915 3291 1962 3357 α
1994 3292 2172 3333 secum
2207 3279 2319 3348 ipse
2350 3291 2672 3350 reputasset,
2704 3285 2992 3353 divinoque
3024 3295 3163 3340 metu
3194 3287 3424 3340 animam
3460 3304 3584 3340 (ιοιις

1994 3372 2317 3434 strinxi~set,
2353 3373 2479 3426 illud
2515 3374 2815 3428 Salomonis
2843 3377 3041 3430 dictum
3084 3395 3340 3448 perquam
3379 3391 3584 3448 tempe-

1992 3465 2128 3518 Stive
2151 3467 2424 3534 usurpavit
2449 3482 2462 3520 :
2488 3467 2723 3537 Tempus
2754 3471 2984 3536 amandi,
3017 3480 3069 3525 et
3101 3481 3307 3540 tempus
3335 3473 3584 3540 odiendi;

1996 3568 2205 3629 tempus
2236 3560 2385 3628 belli,
2411 3571 2465 3617 et
2489 3572 2695 3632 tempus
2722 3567 2861 3633 pacis
2889 3564 3082 3637 (Eccle.
3112 3565 3216 3637 in).
3250 3569 3326 3622 Ac
3359 3569 3584 3636 pritnnut

1994 3653 2208 3723 quidem
2243 3665 2419 3708 mente
2450 3657 2513 3708 ad
2549 3656 2689 3710 hunc
2737 3657 2956 3712 modum
2997 3669 3245 3728 precatus
3276 3670 3355 3714 est
3386 3678 3396 3712 :
3429 3659 3585 3714 Mise-

1994 3759 2111 3799 rere.
2142 3745 2266 3810 mei,
2298 3746 2458 3810 Deus,
2495 3747 2750 3802 miserere
2779 3751 2904 3814 mei,
2929 3750 3177 3818 quoniam
3213 3750 3264 3803 in
3296 3757 3348 3803 te
3365 3750 3584 3804 conlidit

1993 3837 2167 3888 anima
2204 3852 2349 3902 mea;
2383 3846 2437 3891 et
2477 3837 2526 3890 in
2580 3839 2765 3894 umbra
2817 3840 3017 3893 alarum
3073 3848 3280 3894 tuarum
3333 3841 3583 3909 sperabo,

1995 3928 2162 3983 donec
2206 3939 2436 3983 transeat
2468 3929 2742 3998 iniquitas.
2792 3929 3045 3986 Clatnabo
3076 3932 3140 3984 ad
3175 3930 3340 3987 Deum
3386 3934 3583 3986 altissi-

1994 4036 2160 4087 mum,
2195 4021 2356 4076 Deum
2389 4023 2476 4090 qui
2508 4022 2643 4078 bene
2667 4024 2792 4080 fecit
2821 4025 2952 4078 mihi
2983 4023 3158 4095 (Psal.
3189 4027 3334 4097 LVI);
3367 4042 3430 4081 ac
3461 4028 3582 4082 reli-

1994 4131 2092 4185 qua
2125 4132 2244 4186 qua:
2272 4116 2524 4187 deinceps
2555 4119 2606 4173 in
2639 4117 2844 4188 psalmo
2874 4128 3192 4189 sequuntur.

2065 4230 2192 4286 Post
2217 4241 2396 4287 autem
2430 4232 2496 4287 ad
2529 4242 2734 4302 patrem
2776 4233 2858 4288 his
2912 4233 3094 4288 verbis
3145 4247 3270 4290 usus
3321 4243 3403 4289 est
3434 4253 3444 4286 :
3481 4235 3578 4288 Pa-

1991 4335 2129 4379 trem
2169 4326 2383 4397 quidem
2423 4329 2619 4393 colere,
2666 4340 2826 4398 atque
2874 4328 3041 4396 ipsius
3087 4328 3326 4397 imperiis
3369 4340 3581 4398 parere,

1993 4417 2204 4486 ipsique
2231 4419 2405 4473 amico
2434 4428 2486 4473 et
2531 4419 2788 4474 benevolo
2813 4421 2995 4474 anitno
3027 4421 3313 4486 inservire,
3341 4435 3581 4474 commu-

1993 4513 2075 4566 nis
2100 4514 2352 4581 magistcr
2384 4521 2567 4567 noster
2595 4513 2752 4568 docet
2774 4511 2970 4581 (Erod.
2999 4511 3113 4582 xx),
3149 4521 3205 4566 ut
3247 4511 3338 4582 qui
3366 4522 3581 4566 natura-

1992 4603 2095 4657 lem
2120 4604 2418 4672 hujusmodi
2441 4602 2756 4658 charitatem
2782 4605 2835 4658 iu
2857 4605 3050 4659 animis
3078 4609 3274 4659 nostris
3298 4606 3575 4663 inseverit.

293 4707 458 4777 genio
487 4703 832 4774 prmditorum
887 4699 1197 4755 testimonio
1250 4700 1583 4753 conﬁrmata.
1642 4699 1878 4766 Quorum
1911 4689 1967 4750 Ι)
1990 4697 2059 4750 At
2083 4709 2202 4749 eum
2228 4696 2686 4763 parentumiamor
2707 4707 2866 4766 atque
2905 4712 3033 4766 erga
3070 4712 3166 4753 eos
3202 4697 3577 4755 benevolentia

297 4804 418 4856 Ιιὶιξε
439 4797 699 4854 sententia
716 4807 818 4862 est,
835 4794 1033 4849 nullam
1058 4793 1217 4847 aliam
1237 4806 1356 4847 esse
1373 4803 1568 4862 praeter
1584 4805 1701 4845 eam
1724 4806 1883 4860 quam

297 4895 564 4947 hodierno
602 4890 690 4944 die
743 4898 1012 4950 tenemus,
1063 4900 1303 4940 summus
1357 4886 1486 4938 deos
1532 4885 1795 4948 colentes,
1823 4899 1885 4938 ac

295 4986 512 5040 dulcem
542 4996 596 5038 et
635 4997 756 5036 cum
787 4983 1062 5049 voluptate
1087 4983 1422 5047 conjunctam
1446 4976 1609 5030 vitam
1635 4979 1885 5031 omnibus

299 5076 611 5133 hominibus
634 5074 876 5143 ipsorum
909 5085 1130 5126 munere
1184 5086 1520 5134 concessam,
1552 5085 1612 5124 ac
1639 5072 1882 5140 jucundi»

297 5183 408 5228 tate
430 5173 697 5242 animique
713 5172 1108 5226 oblectamento
1133 5170 1398 5238 perfusam
1419 5172 1717 5225 arctissime
1735 5186 1881 5224 com-

297 5267 612 5336 plectentes.
645 5266 814 5332 Quam
838 5263 1056 5332 quidem
1090 5261 1429 5318 Galilaeorum
1463 5265 1627 5320 duces
1667 5275 1722 5320 et
1747 5264 1881 5318 anti-

303 5361 461 5415 stites
487 5361 649 5414 stulte
678 5359 1010 5428 repulerunt,
1060 5357 1197 5411 adeo
1236 5367 1294 5411 ut
1336 5374 1500 5413 suave
1550 5359 1650 5413 hoc
1679 5362 1876 5427 lumen,

304 5461 466 5521 atque
495 5467 686 5506 omnes
731 5451 1058 5519 voluptates,
1111 5465 1242 5519 quas
1298 5451 1452 5504 nobis
1505 5450 1755 5506 {tuendas
1805 5451 1880 5505 dii

295 5554 709 5610 concesserunt,
760 5545 978 5598 alterius
1034 5542 1309 5612 cujusdam
1368 5543 1586 5597 incertae
1634 5545 1754 5597 vitm
1784 5559 1878 5611 spe

297 5648 545 5707 prompto
580 5639 760 5692 animo
800 5635 1078 5702 abjiciant,
1129 5635 1429 5690 nescientes
1477 5635 1749 5702 videlicet,
1781 5649 1880 5690 nec

296 5731 422 5801 quid
440 5731 642 5798 dicant,
675 5741 772 5785 nec
800 5730 867 5784 de
890 5729 1083 5798 quibus
1107 5728 1375 5782 affirmant
1397 5727 1449 5797 (I
1476 5728 1610 5785 Tim.
1644 5730 1704 5798 t).

367 5828 448 5882 Tu
475 5835 625 5892 Vero,
658 5825 976 5880 charissima
1004 5821 1102 5887 ﬁli,
1135 5822 1270 5891 patri
1304 5833 1417 5888 tuo,
1448 5824 1538 5890 qui
1590 5837 1684 5893 per
1715 5838 1878 5879 accu-

301 5929 472 5987 ratam
495 5931 560 5981 Ic
589 5917 920 5982 verissimam
951 5913 1417 5992 investigationem
1456 5915 1510 5974 id
1563 5916 1705 5990 quod
1758 5932 1882 5976 vere

1991 4789 2189 4842 anima:
2227 4789 2325 4858 ipsi
2358 4804 2650 4858 ρεηρυιιηη
2679 4800 2847 4855 creat,
2877 4806 3102 4860 eamque
3149 4807 3179 4845 a
3224 4808 3439 4848 smnmo
3488 4793 3580 4849 illo

1992 4883 2241 4938 eilectore
2271 4883 2454 4950 procul
2495 4893 2756 4947 removet,
2787 4884 2928 4940 httnc
2951 4887 3201 4941 allectum
3231 4901 3452 4954 prorsus
3484 4903 3580 4942 ex-

1991 4977 2240 5034 scindere
2267 4977 2536 5047 jubemur,
2581 4993 2647 5032 ac
2676 4980 2824 5034 nullo
2855 4980 3014 5034 modo
3055 4981 3120 5035 iis
3147 4982 3239 5049 qui
3272 4995 3368 5034 nos
3405 4996 3433 5033 ti
3470 4982 3579 5035 Deo

1993 5070 2306 5125 abstrahunt
2329 5070 2523 5126 cedere
2560 5085 2620 5124 ac
2648 5086 2839 5126 manus
2881 5072 3030 5133 dare,
3066 5087 3246 5125 verum
3278 5085 3371 5124 eos
3397 5071 3578 5126 odisse

1992 5174 2046 5219 et
2079 5165 2316 5219 aversari
2351 5182 2362 5217 :
2397 5164 2638 5233 quamvis
2666 5167 2828 5218 etiam
2874 5165 2918 5217 is
2945 5180 3032 5232 qm
3061 5164 3388 5218 exsecranda
3437 5178 3576 5233 pra-

1987 5258 2117 5328 cipit
2145 5267 2294 5329 pater
2341 5258 2430 5322 sit,
2463 5259 2703 5327 quamvis
2735 5267 2923 5320 mater,
2955 5258 3199 5325 quamvis
3237 5267 3355 5320 rex,
3387 5273 3575 5328 quam-

1993 5355 2071 5406 vis
2094 5352 2324 5422 denique
2353 5368 2516 5421 penes
2537 5368 2659 5407 cum
2689 5353 2812 5406 vitte
2843 5360 3040 5406 nostra:
3070 5360 3302 5418 potestas
3328 5364 3417 5408 stt.
3445 5355 3575 5419 Quae

1985 5463 2105 5502 cum
2142 5449 2211 5501 ita
2245 5448 2372 5512 sint,
2405 5457 2638 5514 paternae
2686 5444 3072 5499 benevolentia:
3097 5459 3256 5498 causa
3283 5445 3376 5500 Dei
3400 5447 3574 5514 jactu-

1989 5557 2100 5595 I'atu
2131 5538 2306 5594 facere
2335 5554 2549 5605 prorsus
2578 5550 2787 5606 nequeo
2811 5554 2823 5600 ;
2852 5550 2914 5589 ac
2940 5537 3164 5605 proinde
3188 5546 3296 5591 tum
3322 5538 3417 5592 tibi
3449 5540 3568 5610 ipsi,

1988 5643 2100 5688 tum
2139 5633 2266 5686 mihi
2319 5631 2588 5699 negotium
2641 5629 2907 5683 facessere
2957 5629 3172 5695 desine;
3205 5646 3390 5686 verum
3441 5633 3573 5687 mihi

1986 5739 2189 5781 morem
2219 5739 2366 5794 gere,
2398 5738 2462 5778 ac
2502 5723 2676 5776 vivum
2723 5732 2777 5776 et
2824 5737 3006 5778 verum
3039 5725 3202 5779 Deum
3234 5727 3395 5780 ambo
3423 5727 3569 5782 cola-

1985 5834 2122 5876 mus.
2149 5819 2278 5873 Natn
2307 5832 2425 5888 quae
2455 5827 2596 5871 nunc
2622 5818 2912 5884 tenearis,
2945 5817 3232 5875 sittwlacra
3279 5828 3425 5885 sunt,
3475 5818 3570 5874 ho-

1985 5917 2188 5976 minum
2219 5914 2462 5974 manibus
2486 5911 2696 5984 eil'ecta,
2729 5914 2951 5991 spiritus
2993 5915 3234 6000 expertia
3284 5924 3346 5980 et
3384 5915 3568 5985 Surda,
