4158 6354
636 399 743 459 ωδ
1086 406 1089 407 ⁷
1669 400 1758 460 DE
1799 398 1980 457 VITIS
2018 394 2307 456 PATRUH
2348 395 2552 454 LIBER
2597 396 2871 458 PRIMUS.
3795 411 3883 472 5“

638 526 875 599 nihilque
903 527 1123 583 omnino
1152 525 1291 581 aliud
1321 537 1480 596 quam
1512 522 1736 578 exitium
1765 520 2223 591 etsempiternum
2256 518 2306 577 Α
2332 513 2468 570 sicut
2514 514 2650 573 liber
2690 517 3009 585 involvetur,
3044 524 3183 574 terra
3212 524 3392 574 autem
3431 519 3639 577 eﬂ‘racta
3669 525 3879 584 omnium

635 626 925 678 cruciatum
956 622 1251 677 cultoribus
1281 620 1391 675 suis
1415 620 1745 674 accersentia
2328 607 2631 670 hominum.
2663 610 2754 678 qui
2795 625 3024 680 unquam
3055 625 3084 664 a
3108 611 3265 680 primi
3296 611 3527 668 hominis
3556 614 3736 673 Adami
3778 631 3880 678 ortu

705 714 801 769 Si”
844 722 1019 768 autem
1051 713 1099 767 id
1151 726 1390 777 recusas,
1426 709 1680 781 quidquid
1713 709 1877 772 lubet,
1908 708 2032 762 mihi
2064 708 2221 775 inter,
2327 713 2498 769 usque
2518 702 2585 756 ad
2614 703 2754 758 diem
2782 704 2930 759 illum
2961 703 3194 772 fuerunt,
3213 721 3435 776 corpora
3453 722 3662 764 sursum
3678 712 3879 783 emittet,

638 820 827 862 servus
866 806 1007 860 enim
1038 804 1236 861 Christi
1264 820 1405 860 sum.
1438 805 1514 859 Ac
1546 818 1718 874 neque
1746 801 2017 858 blanditiis
2053 815 2225 871 neque
2326 807 2390 849 ac
2415 804 2524 850 tum
2547 798 2861 867 0mues,qui
2891 798 3101 855 aborbc
3125 800 3341 857 condito
3366 812 3537 857 morte
3565 802 3721 860 rolicti
3756 818 3881 875 sum,

635 899 916 954 tormentis
964 898 1030 951 ab
1088 898 1205 967 ejus
1248 898 1407 969 302
1437 912 1620 950 amore
1645 896 1941 951 desciscam
1982 912 1995 947 :
2028 909 2220 965 quem-

2328 884 2382 939 in
2415 886 2523 942 ictu
2570 889 2709 943 oculi
2767 890 2832 943 ad
2884 888 3090 945 Domini
3141 891 3370 947 tribunal
3418 896 3693 963 sistentur,
3745 907 3880 970 atque

634 989 919 1045 admodum
976 990 1134 1043 etiam
1193 989 1367 1059 pridie
1416 987 1508 1041 tibi
1539 987 1669 1051 dixi,
1716 985 1926 1041 Domini
1978 985 2081 1039 mei
2130 998 2223 1039 no.
2328 980 2694 1050 unusquisque
2739 996 2923 1036 rerum
2960 982 3153 1038 invita
3192 994 3464 1054 gestarum
3504 989 3752 1045 rationem
3779 990 3883 1046 red-

636 1098 758 1138 men
791 1083 1160 1152 interponens,
1204 1096 1268 1136 ac
1295 1096 1601 1137 sermonem
1653 1079 1969 1146 interposito
2010 1075 2221 1147 jureju-
2325 1070 2417 1125 det
2440 1068 2495 1141 (l
2520 1070 2639 1126 Cor.
2675 1073 2787 1142 xv).
2813 1072 2965 1130 Tunc
2988 1075 3138 1144 justi,
3168 1077 3257 1146 qui
3304 1077 3357 1132 in
3388 1077 3599 1135 Patrem
3626 1090 3679 1136 et
3717 1081 3880 1139 Filium

633 1176 803 1232 rando
832 1177 1178 1231 conﬁrmans.
1211 1175 1362 1244 Quod
1389 1185 1564 1231 autem
1608 1190 1705 1230 nec
1755 1185 1805 1229 te
1848 1184 2038 1243 sponte
2087 1174 2225 1227 male

2328 1175 2391 1216 ac
2439 1161 2702 1232 Spiritum
2741 1173 2988 1221 sanctum
3018 1166 3383 1233 crediderunt,
3425 1179 3587 1240 atque
3631 1173 3681 1227 in
3730 1174 3881 1242 probis

633 1281 813 1339 agere,
844 1285 941 1324 ηερ
971 1285 1182 1324 rursum
1216 1270 1548 1338 ίεηοηιίοηθ
1589 1283 1617 1321 η
1652 1268 1791 1323 bona
1838 1269 2093 1323 aberrare
2143 1266 2225 1322 di.
2326 1254 2666 1309 actionnibus
2712 1257 2991 1324 praesentis
3029 1259 3149 1313 vita:
3194 1260 3518 1317 curriculum
3549 1263 3879 1334 confecerunt,

632 1364 778 1431 xisti,
814 1380 997 1420 verum
1028 1365 1226 1435 ingenti
1258 1378 1322 1418 ac
1370 1363 1631 1417 laboriosa
1680 1361 2092 1432 investigatione
2124 1360 2227 1416 hoc

2328 1346 2457 1402 solis
2490 1349 2655 1404 instar
2699 1349 2975 1420 fulgebunt
3004 1351 3217 1424 (Matth.
3252 1354 3391 1425 xttt).
3449 1356 3685 1421 Quonam
3730 1366 3878 1415 autem

633 1457 971 1525 cognovisse,
1003 1472 1197 1525 nempe
1244 1457 1441 1510 bonum
1472 1470 1593 1509 esse
1623 1453 1908 1508 simulacra
1935 1452 2132 1514 colere,
2161 1466 2225 1508 ac
2327 1452 2483 1513 P3010
2536 1444 2763 1513 gloriam
2813 1460 2933 1500 eam
2964 1462 3084 1517 quae
3133 1449 3280 1519 ipsos
3328 1459 3617 1520 exceptura
3663 1461 3759 1518 est,
3805 1456 3879 1510 tibi

634 1546 912 1601 libidinum
945 1546 1307 1616 voluptatibus
1346 1544 1568 1600 afﬁxum
1600 1560 1737 1607 esse,
1774 1553 1923 1599 certe
1955 1554 2004 1597 te
2034 1552 2225 1612 sponte
2328 1541 2801 1596 commemorabo?
2831 1541 2960 1597 Nam
2989 1543 3202 1598 etiamsi
3225 1544 3467 1614 ipsorum
3489 1548 3807 1617 splendorem
3830 1563 3879 1604 ac

633 1640 774 1693 male
808 1653 965 1709 agere
1008 1638 1185 1692 dicere
1216 1636 1353 1691 haud
1386 1651 1614 1707 nequeo.
1647 1636 1797 1703 Quod
1827 1644 2005 1690 autem
2035 1648 2224 1703 magna
2329 1632 2780 1702 pulchritudinem
2833 1634 2963 1688 solis
3008 1635 3226 1705 lumini,
3269 1647 3363 1693 aut
3403 1639 3565 1693 etiam
3606 1638 3880 1696 clarissima

635 1733 860 1787 inscitiae
888 1732 1117 1801 caligine
1146 1732 1503 1786 circumfusus
1534 1732 1629 1799 sis,
1664 1745 1726 1784 ac
1758 1740 2009 1800 tanquam
2040 1730 2092 1783 in
2119 1737 2225 1782 tra-
2328 1724 2571 1794 fulgetra;
2611 1740 2919 1795 comparem
2939 1768 2954 1793 ,
3012 1726 3147 1783 nihil
3179 1737 3381 1792 tamen.
3410 1731 3559 1799 quod
3589 1730 3707 1787 huic
3731 1735 3880 1804 splen-

632 1825 915 1880 ctabilibtts
962 1824 1199 1880 tenebris
1239 1824 1538 1885 ambulans,
1574 1839 1639 1877 ne
1686 1824 1962 1877 minimum
2011 1821 2222 1891 quidem
2328 1814 2382 1869 d-
2401 1817 2445 1869 ri
2474 1830 2569 1873 nar
2588 1817 2657 1871 sit
2687 1816 2898 1873 dixero.
2932 1817 3130 1873 Oculus
3160 1821 3303 1874 enim
3333 1836 3442 1878 non
3476 1821 3623 1889 vidit,
3650 1840 3741 1881 nec
3762 1827 3881 1881 auris

634 1915 849 1971 luminis
882 1917 1218 1986 Splendorem
1253 1916 1566 1984 perspicias,
1600 1915 1670 1969 ob
1720 1916 1899 1984 idque,
1945 1922 2088 1969 recta
2137 1914 2219 1968 via
2250 1895 2303 1959 Β
2328 1908 2549 1975 audtvit,
2585 1925 2682 1966 nec
2710 1913 2761 1966 in
2790 1926 2886 1967 cor
2915 1910 3147 1968 hominis
3176 1914 3672 1985 ascenderuntquae
3697 1916 3879 1972 Densis

634 2010 851 2076 amissa,
886 2010 936 2063 in
966 2008 1256 2079 praecipitia
1306 2016 1360 2062 et
1407 2006 1651 2061 baratln-a
1703 2005 1941 2070 oberres,
1994 2005 2041 2059 id
2094 2020 2221 2060 vero
2327 2002 2586 2058 cmlorum
2616 2019 2801 2075 regno,
2837 2005 2889 2059 in
2914 2005 3315 2076 incomparabili
3366 2008 3507 2075 luce,
3550 2010 3599 2065 in
3628 2025 3803 2065 arcana
3838 2020 3880 2066 et

633 2102 988 2157 certissimum
1020 2117 1081 2155 ac
1105 2100 1592 2169 compertissimum
1623 2098 1816 2164 habeo,
1849 2108 2007 2168 teque
2034 2099 2217 2164 etiam,
2327 2095 2447 2151 ﬁnis
2472 2106 2692 2166 experte
2718 2099 2907 2168 gloria,
2940 2100 3007 2155 iis
3028 2101 3117 2170 qui
3150 2103 3317 2171 ipsius
3344 2117 3536 2159 amore
3565 2104 3882 2173 prteditisttnt

633 2208 667 2248 o
696 2201 864 2262 pater,
894 2191 945 2247 id
995 2192 1297 2261 intelligere
1325 2194 1503 2258 cupio.
1541 2192 1613 2245 Ac
1646 2198 1929 2260 prapterea
1974 2190 2223 2243 tenebras
2328 2193 2649 2261 prmparavit
2678 2190 2733 2266 (I
2765 2192 2883 2248 Cur.
2910 2194 2993 2263 tt).
3027 2197 3105 2250 Ac
3128 2195 3260 2263 justi
3287 2196 3510 2267 quidem
3538 2197 3784 2269 ejusmodi
3804 2200 3879 2254 bo-

634 2284 766 2343 lucis
791 2287 907 2340 loco
926 2293 1132 2350 tenens;
1160 2300 1221 2338 ac
1246 2294 1470 2338 mortem
1498 2284 1621 2337 vita:
1647 2284 1813 2336 instar
1834 2282 2217 2351 complectens,
2327 2297 2392 2337 na
2424 2292 2585 2353 atque
2614 2285 2879 2354 ejusmodi
2914 2287 3296 2344 beatitudinem
3315 2302 3729 2361 consequentur.

636 2382 786 2436 utilia
812 2379 1033 2435 consilia
1065 2380 1267 2442 iniisse,
1299 2376 1704 2447 fructuososque
1732 2377 2078 2447 cogitationes
2106 2391 2223 2431 sus-
2399 2374 2498 2443 Qui
2529 2386 2708 2433 autem
2742 2392 2927 2433 verum
2955 2379 3120 2434 Deum
3146 2381 3490 2450 abjurarunt,
3517 2398 3578 2438 ac
3604 2384 3820 2439 ﬁctorem
3840 2392 3882 2439 et

640 2474 849 2543 cepisse
882 2473 974 2527 tibi
1023 2472 1239 2527 videris.
1274 2474 1342 2525 At
1380 2486 1483 2525 non
1530 2471 1598 2525 ita
1628 2480 1728 2537 est,
1764 2486 1868 2525 non
1897 2471 2109 2540 inquam
2140 2481 2223 2525 est
2327 2466 2574 2534 opiﬁcem
2598 2467 3296 2542 ignorarunt,impurosque
3314 2472 3878 2541 daamonescoluerunt,

635 2567 728 2625 ita.
757 2567 886 2622 Nam
917 2582 1015 2623 nec
1041 2583 1101 2622 ea
1133 2582 1252 2637 qua:
1284 2567 1555 2621 veneraris
1583 2566 1656 2621 dii
1708 2576 1854 2634 sunt,
1899 2566 1991 2621 sed
2025 2566 2225 2621 dazmo-
2327 2573 2390 2613 ac
2418 2560 2595 2615 surdis
2620 2562 2921 2618 simulacris
2942 2562 3341 2619 venerationem
3373 2566 3693 2631 tribuerunt,
3721 2566 3877 2635 volup-

637 2678 764 2718 num
796 2670 1009 2728 statum,
1040 2676 1255 2716 omnem
1287 2675 1470 2715 eorum
1520 2661 1905 2715 exsecrandum
1958 2662 2225 2730 operatio-
2330 2660 2605 2725 latumque
2622 2654 2777 2725 hujus
2796 2672 2948 2712 vana:
2965 2657 3087 2712 vitae
3109 2659 3402 2729 cupiditate
3426 2659 3727 2731 flagrarunt,
3750 2668 3882 2729 atque

640 2771 762 2810 nem
794 2756 934 2810 intus
979 2754 1347 2819 continentes;
1376 2767 1475 2807 nec
1521 2768 1732 2807 rursum
1786 2754 1890 2807 vita
1943 2769 2009 2808 ea
2062 2768 2223 2824 quam
2330 2745 2383 2800 in
2414 2748 2723 2803 vitiosarum
2754 2749 3095 2805 aﬁectionum
3118 2766 3274 2806 coeno
3305 2766 3591 2823 porcorum
3611 2754 3765 2808 instar
3784 2766 3880 2808 sese

636 2861 851 2901 suavem
881 2854 937 2901 et
965 2845 1312 2914 voluptarium
1345 2845 1602 2913 appellas,
1624 2846 2084 2916 jucunditatisque
2110 2861 2227 2900 om.
2330 2839 2655 2907 volutarunt,
2680 2856 2910 2912 suasque
2935 2845 3142 2900 animas
3163 2844 3280 2899 vitii
3302 2846 3488 2901 omnis
3507 2845 3759 2902 ofﬁcinam
3772 2843 3880 2899 elic-

639 2938 721 2993 nis
748 2946 801 2991 et
828 2936 1110 2991 hilaritatis
1138 2935 1351 3006 plenam
1377 2950 1499 2991 esse
1528 2951 1737 3001 censes,
1764 2937 2027 3007 ejusmodi
2072 2947 2227 2992 natu-
2330 2943 2542 2999 cerunt,
2575 2933 2701 2989 nudi
2750 2945 2803 2989 et
2856 2938 3023 3004 aperti
3070 2936 3320 3003 stabunt,
3358 2937 3648 3008 ignominia
3696 2936 3879 3001 suffusi,

640 3045 751 3087 ram
798 3029 997 3097 habet,
1036 3029 1130 3085 sed
1176 3028 1219 3085 si
1272 3030 1510 3085 veritatis
1552 3031 1753 3101 judicio
1805 3032 2052 3087 Standum
2105 3045 2223 3101 est,
2334 3030 2622 3097 mmsti,ac
2654 3038 2763 3085 tum
2794 3041 2966 3103 gestu,
2999 3042 3107 3086 tum
3140 3048 3198 3087 re
3228 3033 3339 3102 ipsa
3375 3033 3723 3089 miserabiles.
3740 3032 3882 3099 Atque

639 3124 964 3179 exsecranda
991 3138 1054 3178 ac
1085 3123 1257 3179 modis
1297 3125 1543 3178 omnibus
1572 3124 1865 3179 aversanda
1892 3134 1993 3179 est.
2026 3126 2226 3194 Quam-
2330 3136 2518 3178 omnes
2544 3122 2783 3193 ipsorum
2807 3138 3105 3189 sermones,
3129 3134 3183 3179 et
3203 3124 3472 3193 actiones,
3498 3137 3551 3181 et
3574 3125 3882 3196 cogitationes

639 3217 720 3270 vis
749 3216 888 3271 enim
921 3215 986 3270 ad
1031 3215 1242 3285 aliquod
1275 3226 1482 3287 tempus
1514 3217 1697 3273 fauces
1724 3218 1963 3284 deliniat,
1998 3228 2117 3289 post
2145 3228 2226 3273 ta-
2272 3288 2296 3290 _
2333 3224 2460 3271 ante
2492 3231 2730 3286 ipsorum
2758 3231 2855 3271 ora
2886 3220 3136 3285 venient;
3170 3234 3233 3273 ac
3262 3219 3466 3276 deinde
3513 3229 3630 3290 post
3663 3218 3878 3289 gravissi-

640 3325 786 3379 men,
812 3320 870 3365 ut
898 3327 925 3365 a
968 3311 1221 3380 magistro
1249 3326 1369 3365 meo
1415 3310 1613 3366 dictum
1668 3320 1769 3380 est,
1828 3312 1947 3367 l'elle
1993 3288 2227 3367 amarius
2254 3288 2302 3353 θ
2336 3325 2475 3365 mam
2509 3309 2853 3379 ignominiam
2879 3318 3040 3380 atque
3062 3310 3461 3368 intolerandum
3493 3288 3618 3370 illud
3645 3288 3879 3383 probrum.

642 3403 921 3473 digeritur,
953 3403 1234 3473 gladioque
1259 3405 1473 3473 ancipiti
1504 3405 1708 3459 acutior
1738 3413 1841 3461 est.
2331 3403 2599 3471 gehenna:
2620 3402 2730 3472 igni
2762 3418 3032 3474 nunquam
3055 3405 3474 3474 exstinguendo,
3505 3421 3567 3460 ac
3598 3406 3719 3460 lucis
3738 3401 3882 3458 omnis

716 3497 781 3551 Et
809 3511 1037 3567 quonam
1069 3497 1281 3552 tandem
1310 3506 1465 3567 pacto
1486 3497 1601 3566 ejus
1629 3498 1765 3552 mala
1801 3498 1894 3553 tibi
1940 3512 2228 3554 recensere
2331 3498 2558 3565 experti,
2610 3496 2971 3565 exterioribus
3000 3497 3234 3552 tenebris
3260 3540 3273 3562 ,
3306 3498 3553 3555 dentium
3584 3496 3802 3563 stridori,
3829 3506 3879 3547 ac

646 3591 897 3660 possezn?
947 3592 1304 3647 Dinumerabo
1333 3607 1415 3656 ea,
1444 3601 1497 3647 et
1533 3607 1695 3660 super
1725 3606 1941 3647 arenam
1976 3592 2229 3662 multipli-
2334 3596 2598 3642 venenato
2623 3589 2789 3643 vermi
2820 3587 3155 3644 addicentur.
3188 3589 3310 3644 llmc
3339 3591 3560 3646 illorum
3591 3591 3751 3661 portio
3776 3586 3878 3652 erit,

647 3684 914 3740 cabuntur
961 3682 1131 3755 (Psal.
1164 3685 1459 3755 cxxxvnt);
1508 3684 1702 3739 diaboli
1731 3685 1872 3740 enim
1905 3685 2094 3740 hamus
2124 3700 2230 3755 eat,
2334 3681 2449 3736 lucc
2473 3680 2760 3736 litereditas
2787 3698 2801 3735 :
2835 3682 2887 3736 in
2917 3684 2997 3736 his
3027 3697 3121 3752 per
3158 3683 3488 3752 sempiterna
3516 3684 3705 3740 ειυουιει
3728 3692 3881 3735 versa-

648 3775 977 3832 exsecranda
1003 3775 1297 3846 voluptate,
1328 3784 1575 3845 tauquam
1600 3774 1853 3831 illecebra
1886 3776 2113 3847 quadam
2135 3777 2231 3833 ob-
2333 3773 2554 3839 buntur,
2586 3773 2850 3827 scelerum
2880 3787 3067 3843 pmnas
3094 3772 3307 3839 dantes,
3342 3783 3622 3843 propterea
3646 3771 3773 3843 quod
3799 3771 3877 3823 hoc

648 3868 858 3935 ductus,
887 3883 983 3939 per
1011 3883 1167 3939 quam
1200 3882 1295 3923 eos
1326 3866 1413 3939 qui
1445 3867 1496 3921 in
1526 3866 1766 3922 fraudem
1790 3866 2135 3934 inducuntur,
2165 3868 2232 3924 ad
2334 3865 2419 3921 nis
2448 3866 2512 3921 iis
2541 3881 2661 3936 qute
2703 3868 2754 3919 in
2786 3866 3166 3936 pollicitatione
3196 3866 3475 3921 recondita
3503 3876 3671 3931 erant,
3701 3868 3880 3932 propter

646 3959 809 4014 imum
843 3960 1032 4015 inferni
1065 3961 1325 4031 gurgitem
1358 3956 1539 4014 trahit.
1565 3962 1708 4015 Bona
1738 3971 1914 4016 autem
1939 3975 1969 4015 a
2002 3962 2231 4017 Domino
2334 3960 2551 4015 brevem
2579 3961 2908 4030 voluptatem
2955 3960 3250 4030 repudiatis
3277 3967 3331 4015 et
3371 3960 3616 4031 abjeetis,
3659 3967 3879 4013 aeternum

648 4067 767 4107 meo
793 4055 1085 4123 promissa,
1125 4068 1244 4122 quae
1292 4055 1505 4123 quidem
1559 4063 1613 4108 tu
1658 4054 1875 4110 incerta:
1911 4057 2031 4110 vita:
2081 4071 2230 4126 spem
2335 4054 2435 4107 sibi
2468 4054 2598 4122 ipsis
2649 4052 2968 4122 supplicium
3008 4052 3422 4107 accersiverunt.
3484 4054 3587 4108 Pro
3629 4052 3704 4107 his
3732 4049 3878 4120 igitur,

651 4144 995 4213 nuncupasti,
1027 4144 1093 4197 ab
1120 4143 1267 4197 omni
1317 4143 1598 4199 mendacio
1626 4154 1682 4199 et
1728 4146 2023 4200 mutatione
2053 4148 2231 4203 aliena
2336 4146 2439 4200 hoc
2468 4154 2570 4211 est,
2602 4152 2660 4199 ut
2689 4154 2743 4199 et
2770 4145 3020 4215 gaudium
3055 4144 3185 4198 illud
3219 4144 3362 4199 omni
3391 4160 3642 4199 sermone
3665 4150 3880 4213 praestan-

649 4244 792 4302 sunt,
822 4234 980 4290 ﬁnem
1014 4235 1277 4300 nesciunt,
1306 4235 1633 4305 corruptioni
1662 4236 1902 4305 subjecta
1927 4253 2031 4293 non
2057 4251 2179 4294 sunt
2212 4254 2228 4295 :
2336 4239 2439 4293 tius
2466 4251 2884 4307 consequamur,
2916 4247 2969 4291 et
2998 4251 3193 4292 arcana
3225 4238 3313 4291 illa
3343 4238 3514 4307 gloria
3543 4243 3879 4300 lruamor,an-

648 4326 879 4397 denique
900 4328 1041 4383 nulla
1068 4335 1151 4381 est
1173 4327 1363 4390 oratio,
1392 4342 1510 4398 qua:
1536 4326 1676 4381 illius
1698 4326 1883 4397 gloria:
1907 4338 1961 4384 et
1976 4330 2230 4399 jucundt-
2334 4333 2586 4402 gelusque
2612 4330 2903 4401 splendore
2930 4330 3294 4401 adaequemus,
3318 4345 3379 4384 ac
3394 4329 3537 4385 bono
3551 4325 3881 4384 etdulcissitno

648 4423 792 4489 tatis,
831 4422 970 4477 illius
1005 4419 1376 4477 inenarrabilis
1413 4420 1588 4489 gaudii
1625 4436 1689 4476 ac
1730 4432 1998 4493 perpetuae
2030 4425 2232 4481 laetitia:
2337 4424 2564 4480 Domino
2594 4422 2778 4477 ﬁdenti
2806 4422 2985 4477 animo
3000 4434 3257 4487 astemus,
3281 4432 3444 4491 atque
3473 4421 3815 4477 atrocissimas
3838 4423 3881 4469 el

647 4515 1071 4588 magnitudinem
1100 4515 1404 4581 exprimere
1430 4522 1610 4584 queat.
1638 4513 1837 4570 Omnes
1859 4516 2023 4579 enim,
2056 4532 2232 4587 quem-
2336 4530 2606 4586 nunquam
2636 4515 2897 4570 ﬁniendas
2925 4529 3129 4584 ptenas,
3159 4524 3214 4571 et
3235 4515 3635 4570 acerbissimam
3668 4513 3796 4567 illam
3817 4509 3881 4562 in-

646 4608 931 4663 adtnodutn
974 4608 1088 4677 ipse
1137 4605 1303 4671 vides,
1347 4606 1627 4675 morimur,
1665 4622 1765 4662 nec
1802 4618 1887 4663 est
1939 4609 2097 4664 homo
2138 4610 2228 4681 qui
2334 4608 2551 4665 iamiam
2601 4609 2936 4680 eﬁ'ugiamus,
2970 4625 3105 4679 quas
3152 4624 3258 4664 non
3301 4610 3463 4680 303
3490 4609 3749 4679 pecunias,
3784 4617 3880 4674 qua

644 4699 809 4763 vivat,
859 4707 913 4755 et
957 4706 1181 4754 mortem
1237 4699 1446 4755 visurus
1493 4714 1599 4754 non
1645 4698 1716 4755 sit
1773 4700 1864 4773 (ΙΙ
1920 4701 2051 4771 Reg.
2097 4719 2222 4769 xrv;
2255 4694 2438 4762 Dnon
2464 4720 2708 4775 corpora,
2739 4705 2846 4759 imo
2869 4704 3029 4759 etiam
3055 4706 3199 4773 ipsas
3231 4705 3439 4758 animas
3469 4702 3777 4773 profundere
3805 4710 3879 4766 par

648 4792 798 4848 Psal.
830 4793 1123 4865 Lxxxvut);
1169 4794 1404 4849 futurum
1450 4804 1532 4850 est
1574 4802 1752 4850 autem
1799 4806 1856 4849 ut
1904 4811 2114 4851 rursum
2157 4798 2224 4852 ad
2333 4797 3537 4865 lueritiQuistamignavianimiest,quistam
3559 4788 3878 4858 excors,quill

646 4889 806 4942 vitam
829 4888 1137 4955 redeamus,
1167 4896 1275 4942 tum
1327 4890 1599 4956 nimirum,
1630 4905 1751 4945 cum
1784 4890 2042 4946 Dominus
2069 4892 2226 4948 Jesus
2331 4900 2615 4947 sescentas
2645 4891 2999 4959 temporarias
3029 4896 3230 4944 mortes
3261 4888 3445 4945 subire
3492 4889 3545 4943 in
3574 4888 3792 4942 animum
3814 4881 3879 4933 in-

643 4981 888 5037 Christns
917 4982 1006 5037 Dei
1032 4980 1197 5037 Filius
1226 4982 1277 5036 in
1308 4982 1498 5053 gloria,
1529 5000 1647 5055 quae
1669 4985 1826 5040 nullis
1856 4986 2035 5041 verbis
2049 4986 2225 5042 decla-
2332 4986 2519 5053 ducat,
2551 4994 2607 5041 ut
2635 5000 2664 5039 a
2695 4985 3018 5053 sempiterna
3048 4996 3100 5039 et
3135 4983 3256 5039 linis
3285 4985 3462 5039 omnis
3491 4991 3709 5053 experte
3734 4982 3878 5032 morte

646 5077 751 5131 rari
776 5084 971 5145 potest,
992 5091 1055 5131 ac
1078 5076 1350 5132 tremenda
1369 5081 1602 5147 potentia
1616 5080 1795 5135 veniet
1816 5078 2036 5149 (Matth.
2069 5082 2222 5153 xxv),
2331 5078 2609 5139 liberetur.
2640 5077 2959 5146 beatamque
2987 5086 3042 5131 et
3083 5076 3152 5131 ab
3201 5076 3348 5131 omni
3397 5076 3611 5131 interitu
3652 5077 3876 5127 remotam

645 5169 756 5240 ille,
790 5171 1029 5241 inquam,
1071 5168 1181 5224 Rex
1234 5185 1417 5239 regum
1445 5186 1508 5226 ac
1538 5173 1790 5228 Dominus
1833 5173 2220 5229 dominantium
2330 5169 2491 5224 vitam
2521 5168 2859 5223 luereditario
2890 5166 3193 5238 possideat,
3234 5182 3297 5222 ac
3343 5177 3542 5224 sanctae
3579 5175 3634 5222 et
3661 5165 3772 5219 vita!
3795 5158 3878 5215 ini-

642 5261 1085 5335 (Apoc.xtx),cui
1119 5277 1278 5317 omne
1306 5278 1444 5333 genu
1477 5263 1737 5325 ﬂectetur.
1764 5264 2090 5331 caelestium,
2116 5276 2225 5321 ter-
2332 5263 2462 5318 tium
2495 5261 2764 5318 at‘ferentis
2797 5261 3074 5317 Trinitatis
3102 5262 3301 5317 lumine
3324 5260 3699 5318 collustreturl

643 5355 918 5420 restrium,
950 5365 1003 5408 et
1040 5352 1372 5409 infernornm
1404 5352 1630 5424 (Philip.
1665 5353 1746 5427 tt);
1776 5355 1972 5424 quique
2015 5364 2221 5411 tantum
2398 5358 2529 5413 CAP.
2574 5356 2764 5412 XXVI.
2806 5388 2875 5399 --
2901 5359 3022 5413 Haec
3046 5358 3203 5414 verba
3246 5373 3368 5414 cum
3401 5374 3491 5413 rex
3533 5355 3792 5415 audiisset,
3832 5346 3879 5400 ﬁ-

638 5446 885 5501 omnibus
926 5458 1182 5516 pavorem
1211 5444 1604 5510 commovebit,
1659 5454 1717 5499 ut
1762 5446 1919 5500 etiam
1947 5446 2076 5517 ipsa:
2106 5463 2220 5503 coa-
2331 5450 2496 5520 liique
2550 5452 2857 5505 ﬁrmitatem
2927 5460 3087 5519 atque
3137 5453 3491 5506 constantiam
3530 5444 3872 5518 perspexisset.

637 5538 800 5593 lcstes
830 5537 1053 5591 virtutes
1100 5538 1479 5604 obstupescunt
1528 5534 1698 5607 (Luc.
1750 5534 1900 5599 xxt).
1959 5539 2223 5593 Asmbunt
2330 5557 2429 5598 nec
2459 5542 2753 5608 blanditiis,
2784 5557 2883 5598 nec
2912 5557 3221 5598 sermonum
3245 5543 3530 5605 lenocinio,
3556 5555 3650 5594 nec
3674 5532 3875 5596 denique

638 5644 798 5699 porro
826 5628 875 5684 ei
902 5642 1024 5684 cum
1056 5628 1248 5681 timore
1277 5627 1440 5682 millia
1473 5626 1716 5694 millium,
1747 5636 1802 5682 et
1820 5627 2002 5684 decies
2032 5642 2218 5685 conte.
2325 5635 2709 5705 suppliciorum
2741 5634 2902 5689 minis
2932 5635 3193 5700 cedentis,
3230 5635 3486 5690 orationis
3524 5630 3726 5701 quidem
3756 5622 3873 5679 illius

637 5740 703 5781 na
752 5724 915 5780 millia
956 5723 1265 5791 angelorum
1303 5731 1359 5776 et
1406 5719 1880 5791 archangelorum,
1925 5732 2222 5793 cunctaque
2328 5727 2782 5796 probabilitatem,
2814 5742 2874 5783 ac
2896 5744 3154 5798 responsa
3182 5744 3303 5799 quae
3334 5726 3502 5786 refelli
3536 5739 3634 5781 non
3662 5722 3870 5792 posset“.

638 5826 783 5874 metu
830 5830 893 5871 ac
922 5822 1157 5869 tremore
1185 5810 1339 5880 plena
1373 5823 1529 5868 erunt
1557 5812 1721 5883 (Dan.
1754 5813 1866 5884 vn).
1903 5813 2048 5870 Unus
2074 5817 2216 5870 enim
2326 5820 2708 5884 admirabatur,
2733 5828 2893 5889 atque
2922 5822 3082 5876 etiam
3111 5835 3140 5873 a
3169 5821 3383 5892 propria
3411 5811 3743 5877 conscientia,
3772 5816 3871 5875 qua!

635 5906 1077 5977 archangelum:
1122 5904 1348 5960 buccina
1389 5904 1632 5973 clanget;
1691 5920 1754 5962 ac
1805 5906 1983 5960 statim
2022 5908 2217 5963 cmlum
2324 5912 2501 5981 ipsum
2521 5927 2645 5969 vera
2666 5920 2724 5967 et
2748 5912 2885 5981 iusta
2926 5913 3106 5971 dicere
3134 5912 3554 5974 demonstrabat,
3580 5897 3871 5974 οοιΐκυοδιο
