  <div class='ocr_page' id='page_1' title='image "/cluster/home/n/w/nwhite01/storage/ocr_20150623/73/hvd.32044011474434/278.png"; bbox 0 0 4158 6354; ppageno 0'>
   <div class='ocr_carea' id='block_1_1' title="bbox 329 403 438 463">
    <p class='ocr_par' dir='ltr' id='par_1_1' title="bbox 329 403 438 463">
     <span class='ocr_line' id='line_1_1' title="bbox 329 403 438 463; baseline -0.037 0"><span class='ocrx_word' id='word_1_1' title='bbox 329 403 438 463; x_wconf 74' lang='grc'><strong>545</strong></span> 
     </span>
    </p>
   </div>
   <div class='ocr_carea' id='block_1_2' title="bbox 820 393 1901 464">
    <p class='ocr_par' dir='ltr' id='par_1_2' title="bbox 820 395 1900 462">
     <span class='ocr_line' id='line_1_2' title="bbox 820 395 1900 462; baseline -0.009 -2"><span class='ocrx_word' id='word_1_2' title='bbox 820 405 976 460; x_wconf 71' lang='grc' dir='ltr'><strong>νιτΑ</strong></span> <span class='ocrx_word' id='word_1_3' title='bbox 1018 400 1443 462; x_wconf 77' lang='lat' dir='ltr'><strong>SANCTORUM</strong></span> <span class='ocrx_word' id='word_1_4' title='bbox 1488 399 1817 455; x_wconf 71' lang='lat' dir='ltr'><strong>BARLAAM</strong></span> <span class='ocrx_word' id='word_1_5' title='bbox 1863 395 1900 451; x_wconf 88' lang='lat' dir='ltr'>E</span> 
     </span>
    </p>
   </div>
   <div class='ocr_carea' id='block_1_3' title="bbox 2006 393 3218 464">
    <p class='ocr_par' dir='ltr' id='par_1_3' title="bbox 2006 393 3218 464">
     <span class='ocr_line' id='line_1_3' title="bbox 2006 393 3218 464; baseline 0.006 -12"><span class='ocrx_word' id='word_1_6' title='bbox 2006 393 2188 454; x_wconf 75' lang='grc' dir='ltr'><strong>ΜΙΤᾸΞ</strong></span> <span class='ocrx_word' id='word_1_7' title='bbox 2229 401 2318 456; x_wconf 87' lang='lat' dir='ltr'><strong>ET</strong></span> <span class='ocrx_word' id='word_1_8' title='bbox 2359 401 2708 460; x_wconf 79' lang='lat' dir='ltr'><strong>JOSAPHAT</strong></span> <span class='ocrx_word' id='word_1_9' title='bbox 2747 405 2955 462; x_wconf 70' lang='grc' dir='ltr'><strong>ΙΝυΙίΕ</strong></span> <span class='ocrx_word' id='word_1_10' title='bbox 2994 407 3218 464; x_wconf 82' lang='lat' dir='ltr'><strong>REGIS.</strong></span> 
     </span>
    </p>
   </div>
   <div class='ocr_carea' id='block_1_4' title="bbox 3517 406 3620 464">
    <p class='ocr_par' dir='ltr' id='par_1_4' title="bbox 3517 406 3620 464">
     <span class='ocr_line' id='line_1_4' title="bbox 3517 406 3620 464; baseline 0.019 -2"><span class='ocrx_word' id='word_1_11' title='bbox 3517 406 3620 464; x_wconf 53' lang='grc' dir='ltr'><strong>διδ</strong></span> 
     </span>
    </p>
   </div>
   <div class='ocr_carea' id='block_1_5' title="bbox 327 515 3620 593">
    <p class='ocr_par' dir='ltr' id='par_1_5' title="bbox 327 515 3620 593">
     <span class='ocr_line' id='line_1_5' title="bbox 327 515 3620 593; baseline 0.004 -23"><span class='ocrx_word' id='word_1_12' title='bbox 327 533 444 591; x_wconf 67' lang='lat' dir='ltr'><strong>tur;</strong></span> <span class='ocrx_word' id='word_1_13' title='bbox 466 537 650 578; x_wconf 80' lang='lat' dir='ltr'><strong>verum</strong></span> <span class='ocrx_word' id='word_1_14' title='bbox 685 538 714 576; x_wconf 72' lang='grc' dir='ltr'><strong>τι</strong></span> <span class='ocrx_word' id='word_1_15' title='bbox 746 537 908 591; x_wconf 81' lang='lat' dir='ltr'><strong>prava</strong></span> <span class='ocrx_word' id='word_1_16' title='bbox 932 524 1324 580; x_wconf 85' lang='lat' dir='ltr'><strong>consuetudine</strong></span> <span class='ocrx_word' id='word_1_17' title='bbox 1355 532 1514 593; x_wconf 91' lang='lat' dir='ltr'><strong>atque</strong></span> <span class='ocrx_word' id='word_1_18' title='bbox 1555 537 1582 574; x_wconf 89' lang='lat' dir='ltr'><strong>a</strong></span> <span class='ocrx_word' id='word_1_19' title='bbox 1617 519 1822 575; x_wconf 88' lang='lat' dir='ltr'><strong>vitiosis</strong></span> <span class='ocrx_word' id='word_1_20' title='bbox 1843 516 1920 571; x_wconf 82' lang='lat' dir='ltr'><strong>ai-</strong></span> <span class='ocrx_word' id='word_1_21' title='bbox 1949 518 2000 576; x_wconf 73' lang='grc' dir='ltr'><strong>Α</strong></span> <span class='ocrx_word' id='word_1_22' title='bbox 2026 516 2114 570; x_wconf 90' lang='lat' dir='ltr'><strong>sit.</strong></span> <span class='ocrx_word' id='word_1_23' title='bbox 2142 515 2273 571; x_wconf 89' lang='lat' dir='ltr'><strong>Cum</strong></span> <span class='ocrx_word' id='word_1_24' title='bbox 2301 517 2461 587; x_wconf 88' lang='lat' dir='ltr'><strong>igitttr</strong></span> <span class='ocrx_word' id='word_1_25' title='bbox 2489 536 2577 575; x_wconf 81' lang='lat' dir='ltr'><strong>rex</strong></span> <span class='ocrx_word' id='word_1_26' title='bbox 2611 520 2662 574; x_wconf 92' lang='lat' dir='ltr'><strong>in</strong></span> <span class='ocrx_word' id='word_1_27' title='bbox 2686 520 2793 576; x_wconf 88' lang='lat' dir='ltr'><strong>alto</strong></span> <span class='ocrx_word' id='word_1_28' title='bbox 2840 532 3001 590; x_wconf 87' lang='lat' dir='ltr'><strong>atque</strong></span> <span class='ocrx_word' id='word_1_29' title='bbox 3054 524 3199 578; x_wconf 89' lang='lat' dir='ltr'><strong>edito</strong></span> <span class='ocrx_word' id='word_1_30' title='bbox 3246 524 3382 578; x_wconf 87' lang='lat' dir='ltr'><strong>solio</strong></span> <span class='ocrx_word' id='word_1_31' title='bbox 3433 541 3620 582; x_wconf 82' lang='lat' dir='ltr'><strong>consc-</strong></span> 
     </span>
    </p>
   </div>
   <div class='ocr_carea' id='block_1_6' title="bbox 328 614 1930 684">
    <p class='ocr_par' dir='ltr' id='par_1_6' title="bbox 328 614 1930 684">
     <span class='ocr_line' id='line_1_6' title="bbox 328 614 1930 684; baseline -0.002 -13"><span class='ocrx_word' id='word_1_32' title='bbox 328 614 675 680; x_wconf 81' lang='lat' dir='ltr'><strong>ieetionihus,</strong></span> <span class='ocrx_word' id='word_1_33' title='bbox 718 630 944 684; x_wconf 90' lang='lat' dir='ltr'><strong>quarum</strong></span> <span class='ocrx_word' id='word_1_34' title='bbox 1004 616 1242 671; x_wconf 89' lang='lat' dir='ltr'><strong>habitum</strong></span> <span class='ocrx_word' id='word_1_35' title='bbox 1295 625 1656 682; x_wconf 85' lang='lat' dir='ltr'><strong>contraxerat,</strong></span> <span class='ocrx_word' id='word_1_36' title='bbox 1708 624 1762 668; x_wconf 91' lang='lat' dir='ltr'><strong>et</strong></span> <span class='ocrx_word' id='word_1_37' title='bbox 1811 629 1930 683; x_wconf 69' lang='lat' dir='ltr'><strong>qua:</strong></span> 
     </span>
    </p>
   </div>
   <div class='ocr_carea' id='block_1_7' title="bbox 330 707 1928 775">
    <p class='ocr_par' dir='ltr' id='par_1_7' title="bbox 330 707 1928 775">
     <span class='ocr_line' id='line_1_7' title="bbox 330 707 1928 775; baseline -0.003 -8"><span class='ocrx_word' id='word_1_38' title='bbox 330 726 457 767; x_wconf 91' lang='lat' dir='ltr'><strong>eum</strong></span> <span class='ocrx_word' id='word_1_39' title='bbox 492 710 640 763; x_wconf 89' lang='lat' dir='ltr'><strong>velut</strong></span> <span class='ocrx_word' id='word_1_40' title='bbox 689 723 843 764; x_wconf 85' lang='lat' dir='ltr'><strong>camo</strong></span> <span class='ocrx_word' id='word_1_41' title='bbox 887 718 941 764; x_wconf 91' lang='lat' dir='ltr'><strong>et</strong></span> <span class='ocrx_word' id='word_1_42' title='bbox 988 708 1140 764; x_wconf 81' lang='lat' dir='ltr'><strong>freno</strong></span> <span class='ocrx_word' id='word_1_43' title='bbox 1189 709 1493 775; x_wconf 82' lang='lat' dir='ltr'><strong>coercebat,</strong></span> <span class='ocrx_word' id='word_1_44' title='bbox 1542 723 1644 762; x_wconf 90' lang='lat' dir='ltr'><strong>nec</strong></span> <span class='ocrx_word' id='word_1_45' title='bbox 1689 707 1928 762; x_wconf 79' lang='lat' dir='ltr'><strong>veritatis</strong></span> 
     </span>
    </p>
   </div>
   <div class='ocr_carea' id='block_1_8' title="bbox 330 799 1924 870">
    <p class='ocr_par' dir='ltr' id='par_1_8' title="bbox 330 799 1924 870">
     <span class='ocr_line' id='line_1_8' title="bbox 330 799 1924 870; baseline -0.001 -14"><span class='ocrx_word' id='word_1_46' title='bbox 330 802 513 856; x_wconf 92' lang='lat' dir='ltr'><strong>lumen</strong></span> <span class='ocrx_word' id='word_1_47' title='bbox 555 803 864 870; x_wconf 82' lang='lat' dir='ltr'><strong>perspicere</strong></span> <span class='ocrx_word' id='word_1_48' title='bbox 916 801 1149 868; x_wconf 91' lang='lat' dir='ltr'><strong>sinebat,</strong></span> <span class='ocrx_word' id='word_1_49' title='bbox 1207 802 1258 855; x_wconf 93' lang='lat' dir='ltr'><strong>in</strong></span> <span class='ocrx_word' id='word_1_50' title='bbox 1292 801 1561 856; x_wconf 89' lang='lat' dir='ltr'><strong>diversum</strong></span> <span class='ocrx_word' id='word_1_51' title='bbox 1595 799 1924 854; x_wconf 77' lang='lat' dir='ltr'><strong>trahebatur.</strong></span> 
     </span>
    </p>
   </div>
   <div class='ocr_carea' id='block_1_9' title="bbox 330 894 1927 964">
    <p class='ocr_par' dir='ltr' id='par_1_9' title="bbox 330 894 1927 964">
     <span class='ocr_line' id='line_1_9' title="bbox 330 894 1927 964; baseline 0 -16"><span class='ocrx_word' id='word_1_52' title='bbox 330 894 408 949; x_wconf 79' lang='lat' dir='ltr'><strong>Ac</strong></span> <span class='ocrx_word' id='word_1_53' title='bbox 439 904 723 964; x_wconf 76' lang='lat' dir='ltr'><strong>propterea</strong></span> <span class='ocrx_word' id='word_1_54' title='bbox 756 894 961 950; x_wconf 91' lang='lat' dir='ltr'><strong>nullum</strong></span> <span class='ocrx_word' id='word_1_55' title='bbox 984 911 1090 949; x_wconf 86' lang='lat' dir='ltr'><strong>non</strong></span> <span class='ocrx_word' id='word_1_56' title='bbox 1118 894 1369 964; x_wconf 90' lang='lat' dir='ltr'><strong>lapidem,</strong></span> <span class='ocrx_word' id='word_1_57' title='bbox 1409 903 1465 948; x_wconf 84' lang='grc' dir='ltr'><strong>ιιι</strong></span> <span class='ocrx_word' id='word_1_58' title='bbox 1493 894 1597 949; x_wconf 90' lang='lat' dir='ltr'><strong>dici</strong></span> <span class='ocrx_word' id='word_1_59' title='bbox 1627 895 1785 960; x_wconf 86' lang='lat' dir='ltr'><strong>solet,</strong></span> <span class='ocrx_word' id='word_1_60' title='bbox 1818 909 1927 949; x_wconf 87' lang='lat' dir='ltr'><strong>mo-</strong></span> 
     </span>
    </p>
   </div>
   <div class='ocr_carea' id='block_1_10' title="bbox 331 986 1920 1056">
    <p class='ocr_par' dir='ltr' id='par_1_10' title="bbox 331 986 1920 1056">
     <span class='ocr_line' id='line_1_10' title="bbox 331 986 1920 1056; baseline 0.001 -17"><span class='ocrx_word' id='word_1_61' title='bbox 331 993 486 1050; x_wconf 80' lang='lat' dir='ltr'><strong>vens,</strong></span> <span class='ocrx_word' id='word_1_62' title='bbox 531 987 583 1040; x_wconf 93' lang='lat' dir='ltr'><strong>in</strong></span> <span class='ocrx_word' id='word_1_63' title='bbox 641 1001 705 1040; x_wconf 89' lang='lat' dir='ltr'><strong>eo</strong></span> <span class='ocrx_word' id='word_1_64' title='bbox 740 988 883 1056; x_wconf 89' lang='lat' dir='ltr'><strong>quod</strong></span> <span class='ocrx_word' id='word_1_65' title='bbox 943 988 1092 1054; x_wconf 90' lang='lat' dir='ltr'><strong>prius</strong></span> <span class='ocrx_word' id='word_1_66' title='bbox 1132 986 1232 1040; x_wconf 88' lang='lat' dir='ltr'><strong>sibi</strong></span> <span class='ocrx_word' id='word_1_67' title='bbox 1284 997 1634 1056; x_wconf 86' lang='lat' dir='ltr'><strong>proposuerat</strong></span> <span class='ocrx_word' id='word_1_68' title='bbox 1665 987 1920 1053; x_wconf 67' lang='lat' dir='ltr'><strong>haerebat,</strong></span> 
     </span>
    </p>
   </div>
   <div class='ocr_carea' id='block_1_11' title="bbox 330 1079 1922 1149">
    <p class='ocr_par' dir='ltr' id='par_1_11' title="bbox 330 1079 1922 1149">
     <span class='ocr_line' id='line_1_11' title="bbox 330 1079 1922 1149; baseline 0.001 -17"><span class='ocrx_word' id='word_1_69' title='bbox 330 1080 615 1132; x_wconf 85' lang='lat' dir='ltr'><strong>consilium</strong></span> <span class='ocrx_word' id='word_1_70' title='bbox 648 1079 916 1145; x_wconf 87' lang='lat' dir='ltr'><strong>nimirum,</strong></span> <span class='ocrx_word' id='word_1_71' title='bbox 967 1079 1112 1148; x_wconf 88' lang='lat' dir='ltr'><strong>quod</strong></span> <span class='ocrx_word' id='word_1_72' title='bbox 1165 1095 1285 1134; x_wconf 93' lang='lat' dir='ltr'><strong>cum</strong></span> <span class='ocrx_word' id='word_1_73' title='bbox 1330 1080 1537 1133; x_wconf 85' lang='lat' dir='ltr'><strong>Araehe</strong></span> <span class='ocrx_word' id='word_1_74' title='bbox 1585 1087 1821 1149; x_wconf 83' lang='lat' dir='ltr'><strong>ceperat,</strong></span> <span class='ocrx_word' id='word_1_75' title='bbox 1871 1080 1922 1134; x_wconf 92' lang='lat' dir='ltr'><strong>in</strong></span> 
     </span>
    </p>
   </div>
   <div class='ocr_carea' id='block_1_12' title="bbox 325 1170 1922 1240">
    <p class='ocr_par' dir='ltr' id='par_1_12' title="bbox 325 1170 1922 1240">
     <span class='ocr_line' id='line_1_12' title="bbox 325 1170 1922 1240; baseline 0.001 -16"><span class='ocrx_word' id='word_1_76' title='bbox 325 1185 462 1239; x_wconf 82' lang='lat' dir='ltr'><strong>Opus</strong></span> <span class='ocrx_word' id='word_1_77' title='bbox 499 1171 792 1238; x_wconf 84' lang='lat' dir='ltr'><strong>perducere</strong></span> <span class='ocrx_word' id='word_1_78' title='bbox 816 1171 1060 1240; x_wconf 90' lang='lat' dir='ltr'><strong>cupiens.</strong></span> <span class='ocrx_word' id='word_1_79' title='bbox 1096 1170 1274 1239; x_wconf 90' lang='lat' dir='ltr'><strong>Itaque</strong></span> <span class='ocrx_word' id='word_1_80' title='bbox 1318 1172 1382 1224; x_wconf 90' lang='lat' dir='ltr'><strong>ad</strong></span> <span class='ocrx_word' id='word_1_81' title='bbox 1413 1170 1576 1225; x_wconf 83' lang='lat' dir='ltr'><strong>lilium</strong></span> <span class='ocrx_word' id='word_1_82' title='bbox 1608 1172 1678 1226; x_wconf 91' lang='lat' dir='ltr'><strong>ait</strong></span> <span class='ocrx_word' id='word_1_83' title='bbox 1704 1189 1716 1224; x_wconf 96' lang='lat'>:</span> <span class='ocrx_word' id='word_1_84' title='bbox 1748 1172 1922 1240; x_wconf 91' lang='lat' dir='ltr'><strong>Opor-</strong></span> 
     </span>
    </p>
   </div>
   <div class='ocr_carea' id='block_1_13' title="bbox 325 1261 1922 1332">
    <p class='ocr_par' dir='ltr' id='par_1_13' title="bbox 325 1261 1922 1332">
     <span class='ocr_line' id='line_1_13' title="bbox 325 1261 1922 1332; baseline 0.002 -18"><span class='ocrx_word' id='word_1_85' title='bbox 325 1261 472 1316; x_wconf 87' lang='lat' dir='ltr'><strong>tebat</strong></span> <span class='ocrx_word' id='word_1_86' title='bbox 495 1262 732 1330; x_wconf 90' lang='lat' dir='ltr'><strong>quidem,</strong></span> <span class='ocrx_word' id='word_1_87' title='bbox 767 1263 861 1328; x_wconf 82' lang='lat' dir='ltr'><strong>illi,</strong></span> <span class='ocrx_word' id='word_1_88' title='bbox 893 1272 944 1317; x_wconf 92' lang='lat' dir='ltr'><strong>te</strong></span> <span class='ocrx_word' id='word_1_89' title='bbox 976 1263 1109 1318; x_wconf 87' lang='lat' dir='ltr'><strong>meis</strong></span> <span class='ocrx_word' id='word_1_90' title='bbox 1140 1262 1376 1332; x_wconf 90' lang='lat' dir='ltr'><strong>imperiis</strong></span> <span class='ocrx_word' id='word_1_91' title='bbox 1406 1263 1656 1319; x_wconf 86' lang='lat' dir='ltr'><strong>omnibus</strong></span> <span class='ocrx_word' id='word_1_92' title='bbox 1681 1264 1734 1318; x_wconf 90' lang='lat' dir='ltr'><strong>in</strong></span> <span class='ocrx_word' id='word_1_93' title='bbox 1763 1264 1922 1318; x_wconf 89' lang='lat' dir='ltr'><strong>rebus</strong></span> 
     </span>
    </p>
   </div>
   <div class='ocr_carea' id='block_1_14' title="bbox 328 1357 1919 1427">
    <p class='ocr_par' dir='ltr' id='par_1_14' title="bbox 328 1357 1919 1427">
     <span class='ocr_line' id='line_1_14' title="bbox 328 1357 1919 1427; baseline 0.001 -17"><span class='ocrx_word' id='word_1_94' title='bbox 328 1357 657 1424; x_wconf 83' lang='lat' dir='ltr'><strong>simpliciter</strong></span> <span class='ocrx_word' id='word_1_95' title='bbox 681 1357 926 1427; x_wconf 83' lang='lat' dir='ltr'><strong>obsequi.</strong></span> <span class='ocrx_word' id='word_1_96' title='bbox 959 1358 1218 1423; x_wconf 85' lang='lat' dir='ltr'><strong>Quoniam</strong></span> <span class='ocrx_word' id='word_1_97' title='bbox 1241 1369 1418 1414; x_wconf 90' lang='lat' dir='ltr'><strong>autem</strong></span> <span class='ocrx_word' id='word_1_98' title='bbox 1451 1374 1548 1427; x_wconf 93' lang='lat' dir='ltr'><strong>pro</strong></span> <span class='ocrx_word' id='word_1_99' title='bbox 1598 1371 1682 1413; x_wconf 91' lang='lat' dir='ltr'><strong>tua</strong></span> <span class='ocrx_word' id='word_1_100' title='bbox 1726 1359 1919 1412; x_wconf 89' lang='lat' dir='ltr'><strong>duritia</strong></span> 
     </span>
    </p>
   </div>
   <div class='ocr_carea' id='block_1_15' title="bbox 327 1449 1916 1520">
    <p class='ocr_par' dir='ltr' id='par_1_15' title="bbox 327 1449 1916 1520">
     <span class='ocr_line' id='line_1_15' title="bbox 327 1449 1916 1520; baseline 0.001 -16"><span class='ocrx_word' id='word_1_101' title='bbox 327 1460 490 1520; x_wconf 85' lang='lat' dir='ltr'><strong>atque</strong></span> <span class='ocrx_word' id='word_1_102' title='bbox 542 1451 874 1504; x_wconf 86' lang='lat' dir='ltr'><strong>contumacia</strong></span> <span class='ocrx_word' id='word_1_103' title='bbox 938 1449 1068 1504; x_wconf 87' lang='lat' dir='ltr'><strong>mihi</strong></span> <span class='ocrx_word' id='word_1_104' title='bbox 1116 1449 1187 1504; x_wconf 89' lang='lat' dir='ltr'><strong>ita</strong></span> <span class='ocrx_word' id='word_1_105' title='bbox 1245 1451 1596 1506; x_wconf 84' lang='lat' dir='ltr'><strong>vehementer</strong></span> <span class='ocrx_word' id='word_1_106' title='bbox 1641 1451 1916 1519; x_wconf 90' lang='lat' dir='ltr'><strong>restitisti,</strong></span> 
     </span>
    </p>
   </div>
   <div class='ocr_carea' id='block_1_16' title="bbox 323 1536 1918 1616">
    <p class='ocr_par' dir='ltr' id='par_1_16' title="bbox 323 1536 1918 1616">
     <span class='ocr_line' id='line_1_16' title="bbox 323 1536 1918 1616; baseline 0.003 -19"><span class='ocrx_word' id='word_1_107' title='bbox 323 1542 432 1599; x_wconf 88' lang='lat' dir='ltr'><strong>hoc</strong></span> <span class='ocrx_word' id='word_1_108' title='bbox 461 1536 628 1598; x_wconf 81' lang='lat' dir='ltr'><strong>unum</strong></span> <span class='ocrx_word' id='word_1_109' title='bbox 657 1544 1007 1610; x_wconf 90' lang='lat' dir='ltr'><strong>contendens,</strong></span> <span class='ocrx_word' id='word_1_110' title='bbox 1034 1552 1092 1598; x_wconf 92' lang='lat' dir='ltr'><strong>ut</strong></span> <span class='ocrx_word' id='word_1_111' title='bbox 1119 1553 1207 1598; x_wconf 88' lang='lat' dir='ltr'><strong>tua</strong></span> <span class='ocrx_word' id='word_1_112' title='bbox 1236 1547 1500 1600; x_wconf 85' lang='lat' dir='ltr'><strong>sententia</strong></span> <span class='ocrx_word' id='word_1_113' title='bbox 1541 1546 1756 1614; x_wconf 80' lang='lat' dir='ltr'><strong>majoris</strong></span> <span class='ocrx_word' id='word_1_114' title='bbox 1779 1547 1918 1616; x_wconf 90' lang='lat' dir='ltr'><strong>apud</strong></span> 
     </span>
    </p>
   </div>
   <div class='ocr_carea' id='block_1_17' title="bbox 327 1637 1914 1708">
    <p class='ocr_par' dir='ltr' id='par_1_17' title="bbox 327 1637 1914 1708">
     <span class='ocr_line' id='line_1_17' title="bbox 327 1637 1914 1708; baseline 0.003 -18"><span class='ocrx_word' id='word_1_115' title='bbox 327 1647 400 1702; x_wconf 90' lang='lat' dir='ltr'><strong>te,</strong></span> <span class='ocrx_word' id='word_1_116' title='bbox 423 1651 583 1707; x_wconf 88' lang='lat' dir='ltr'><strong>quam</strong></span> <span class='ocrx_word' id='word_1_117' title='bbox 608 1637 784 1690; x_wconf 91' lang='lat' dir='ltr'><strong>omnia</strong></span> <span class='ocrx_word' id='word_1_118' title='bbox 806 1637 930 1704; x_wconf 91' lang='lat' dir='ltr'><strong>alia,</strong></span> <span class='ocrx_word' id='word_1_119' title='bbox 958 1637 1208 1707; x_wconf 83' lang='lat' dir='ltr'><strong>ponderis</strong></span> <span class='ocrx_word' id='word_1_120' title='bbox 1224 1647 1381 1708; x_wconf 86' lang='lat' dir='ltr'><strong>atque</strong></span> <span class='ocrx_word' id='word_1_121' title='bbox 1405 1640 1734 1694; x_wconf 87' lang='lat' dir='ltr'><strong>auctoritatis</strong></span> <span class='ocrx_word' id='word_1_122' title='bbox 1750 1649 1914 1708; x_wconf 90' lang='lat' dir='ltr'><strong>esset,</strong></span> 
     </span>
    </p>
   </div>
   <div class='ocr_carea' id='block_1_18' title="bbox 319 1728 1916 1798">
    <p class='ocr_par' dir='ltr' id='par_1_18' title="bbox 319 1728 1916 1798">
     <span class='ocr_line' id='line_1_18' title="bbox 319 1728 1916 1798; baseline 0.001 -15"><span class='ocrx_word' id='word_1_123' title='bbox 319 1741 439 1798; x_wconf 77' lang='lat' dir='ltr'><strong>age,</strong></span> <span class='ocrx_word' id='word_1_124' title='bbox 492 1728 634 1782; x_wconf 90' lang='lat' dir='ltr'><strong>inani</strong></span> <span class='ocrx_word' id='word_1_125' title='bbox 681 1729 1023 1784; x_wconf 88' lang='lat' dir='ltr'><strong>contentione</strong></span> <span class='ocrx_word' id='word_1_126' title='bbox 1075 1730 1253 1786; x_wconf 90' lang='lat' dir='ltr'><strong>valere</strong></span> <span class='ocrx_word' id='word_1_127' title='bbox 1291 1730 1460 1798; x_wconf 87' lang='lat' dir='ltr'><strong>jussa,</strong></span> <span class='ocrx_word' id='word_1_128' title='bbox 1509 1730 1802 1785; x_wconf 84' lang='lat' dir='ltr'><strong>rationibus</strong></span> <span class='ocrx_word' id='word_1_129' title='bbox 1850 1730 1916 1784; x_wconf 88' lang='lat' dir='ltr'><strong>ad</strong></span> 
     </span>
    </p>
   </div>
   <div class='ocr_carea' id='block_1_19' title="bbox 331 1819 1913 1892">
    <p class='ocr_par' dir='ltr' id='par_1_19' title="bbox 331 1819 1913 1892">
     <span class='ocr_line' id='line_1_19' title="bbox 331 1819 1913 1892; baseline 0.003 -19"><span class='ocrx_word' id='word_1_130' title='bbox 331 1819 761 1888; x_wconf 83' lang='lat' dir='ltr'><strong>persuadendum</strong></span> <span class='ocrx_word' id='word_1_131' title='bbox 784 1822 925 1889; x_wconf 89' lang='lat' dir='ltr'><strong>aptis</strong></span> <span class='ocrx_word' id='word_1_132' title='bbox 976 1837 1217 1892; x_wconf 81' lang='lat' dir='ltr'><strong>agamus.</strong></span> <span class='ocrx_word' id='word_1_133' title='bbox 1268 1823 1343 1878; x_wconf 85' lang='lat' dir='ltr'><strong>Ac</strong></span> <span class='ocrx_word' id='word_1_134' title='bbox 1395 1823 1516 1891; x_wconf 86' lang='lat' dir='ltr'><strong>quia</strong></span> <span class='ocrx_word' id='word_1_135' title='bbox 1572 1824 1834 1890; x_wconf 82' lang='lat' dir='ltr'><strong>Barlaatu,</strong></span> <span class='ocrx_word' id='word_1_136' title='bbox 1884 1839 1913 1878; x_wconf 91' lang='lat' dir='ltr'><strong>a</strong></span> 
     </span>
    </p>
   </div>
   <div class='ocr_carea' id='block_1_20' title="bbox 2035 613 3620 693">
    <p class='ocr_par' dir='ltr' id='par_1_20' title="bbox 2035 613 3620 693">
     <span class='ocr_line' id='line_1_20' title="bbox 2035 613 3620 693; baseline 0.006 -26"><span class='ocrx_word' id='word_1_137' title='bbox 2035 613 2221 675; x_wconf 91' lang='lat' dir='ltr'><strong>disset,</strong></span> <span class='ocrx_word' id='word_1_138' title='bbox 2253 614 2416 668; x_wconf 87' lang='lat' dir='ltr'><strong>lilium</strong></span> <span class='ocrx_word' id='word_1_139' title='bbox 2445 631 2546 669; x_wconf 91' lang='lat' dir='ltr'><strong>una</strong></span> <span class='ocrx_word' id='word_1_140' title='bbox 2569 616 2760 672; x_wconf 90' lang='lat' dir='ltr'><strong>sedere</strong></span> <span class='ocrx_word' id='word_1_141' title='bbox 2780 617 2965 686; x_wconf 84' lang='lat' dir='ltr'><strong>jussit.</strong></span> <span class='ocrx_word' id='word_1_142' title='bbox 3006 622 3074 673; x_wconf 84' lang='lat' dir='ltr'><strong>At</strong></span> <span class='ocrx_word' id='word_1_143' title='bbox 3099 620 3184 674; x_wconf 89' lang='lat' dir='ltr'><strong>ille</strong></span> <span class='ocrx_word' id='word_1_144' title='bbox 3220 635 3314 688; x_wconf 88' lang='lat' dir='ltr'><strong>pro</strong></span> <span class='ocrx_word' id='word_1_145' title='bbox 3358 635 3454 674; x_wconf 90' lang='lat' dir='ltr'><strong>suo</strong></span> <span class='ocrx_word' id='word_1_146' title='bbox 3496 637 3620 693; x_wconf 68' lang='lat' dir='ltr'><strong>erga</strong></span> 
     </span>
    </p>
   </div>
   <div class='ocr_carea' id='block_1_21' title="bbox 2035 706 3621 780">
    <p class='ocr_par' dir='ltr' id='par_1_21' title="bbox 2035 706 3621 780">
     <span class='ocr_line' id='line_1_21' title="bbox 2035 706 3621 780; baseline 0.007 -23"><span class='ocrx_word' id='word_1_147' title='bbox 2035 714 2238 773; x_wconf 86' lang='lat' dir='ltr'><strong>patrem</strong></span> <span class='ocrx_word' id='word_1_148' title='bbox 2266 706 2470 761; x_wconf 89' lang='lat' dir='ltr'><strong>honore</strong></span> <span class='ocrx_word' id='word_1_149' title='bbox 2501 723 2563 762; x_wconf 89' lang='lat' dir='ltr'><strong>ae</strong></span> <span class='ocrx_word' id='word_1_150' title='bbox 2595 712 2893 764; x_wconf 82' lang='lat' dir='ltr'><strong>reverentia</strong></span> <span class='ocrx_word' id='word_1_151' title='bbox 2923 711 2975 765; x_wconf 97' lang='lat' dir='ltr'><strong>id</strong></span> <span class='ocrx_word' id='word_1_152' title='bbox 3010 711 3184 767; x_wconf 83' lang='lat' dir='ltr'><strong>facere</strong></span> <span class='ocrx_word' id='word_1_153' title='bbox 3217 717 3500 780; x_wconf 80' lang='lat' dir='ltr'><strong>recusavit,</strong></span> <span class='ocrx_word' id='word_1_154' title='bbox 3543 724 3621 768; x_wconf 85' lang='lat' dir='ltr'><strong>at-</strong></span> 
     </span>
    </p>
   </div>
   <div class='ocr_carea' id='block_1_22' title="bbox 2031 800 3620 878">
    <p class='ocr_par' dir='ltr' id='par_1_22' title="bbox 2031 800 3620 878">
     <span class='ocr_line' id='line_1_22' title="bbox 2031 800 3620 878; baseline 0.008 -27"><span class='ocrx_word' id='word_1_155' title='bbox 2031 813 2134 868; x_wconf 89' lang='lat' dir='ltr'><strong>que</strong></span> <span class='ocrx_word' id='word_1_156' title='bbox 2166 800 2214 852; x_wconf 87' lang='lat' dir='ltr'><strong>in</strong></span> <span class='ocrx_word' id='word_1_157' title='bbox 2245 808 2386 855; x_wconf 90' lang='lat' dir='ltr'><strong>terra</strong></span> <span class='ocrx_word' id='word_1_158' title='bbox 2437 816 2540 856; x_wconf 92' lang='lat' dir='ltr'><strong>non</strong></span> <span class='ocrx_word' id='word_1_159' title='bbox 2572 803 2730 873; x_wconf 88' lang='lat' dir='ltr'><strong>longe</strong></span> <span class='ocrx_word' id='word_1_160' title='bbox 2758 803 2823 857; x_wconf 90' lang='lat' dir='ltr'><strong>ab</strong></span> <span class='ocrx_word' id='word_1_161' title='bbox 2852 819 2916 858; x_wconf 91' lang='lat' dir='ltr'><strong>eo</strong></span> <span class='ocrx_word' id='word_1_162' title='bbox 2943 806 3102 859; x_wconf 90' lang='lat' dir='ltr'><strong>sedit.</strong></span> <span class='ocrx_word' id='word_1_163' title='bbox 3138 806 3431 861; x_wconf 84' lang='lat' dir='ltr'><strong>Astiterunt</strong></span> <span class='ocrx_word' id='word_1_164' title='bbox 3463 809 3620 878; x_wconf 83' lang='lat' dir='ltr'><strong>igitur</strong></span> 
     </span>
    </p>
   </div>
   <div class='ocr_carea' id='block_1_23' title="bbox 2032 892 3620 969">
    <p class='ocr_par' dir='ltr' id='par_1_23' title="bbox 2032 892 3620 969">
     <span class='ocr_line' id='line_1_23' title="bbox 2032 892 3620 969; baseline 0.006 -22"><span class='ocrx_word' id='word_1_165' title='bbox 2032 892 2130 948; x_wconf 85' lang='lat' dir='ltr'><strong>viri</strong></span> <span class='ocrx_word' id='word_1_166' title='bbox 2163 895 2496 951; x_wconf 60' lang='lat' dir='ltr'><strong>infatualfea</strong></span> <span class='ocrx_word' id='word_1_167' title='bbox 2531 897 2639 952; x_wconf 91' lang='lat' dir='ltr'><strong>Deo</strong></span> <span class='ocrx_word' id='word_1_168' title='bbox 2689 899 2966 966; x_wconf 67' lang='lat' dir='ltr'><strong>sapientiae</strong></span> <span class='ocrx_word' id='word_1_169' title='bbox 3022 901 3197 968; x_wconf 88' lang='lat' dir='ltr'><strong>periti,</strong></span> <span class='ocrx_word' id='word_1_170' title='bbox 3256 917 3511 969; x_wconf 86' lang='lat' dir='ltr'><strong>quorum,</strong></span> <span class='ocrx_word' id='word_1_171' title='bbox 3565 912 3620 957; x_wconf 89' lang='lat' dir='ltr'><strong>ut</strong></span> 
     </span>
    </p>
   </div>
   <div class='ocr_carea' id='block_1_24' title="bbox 2032 991 3617 1065">
    <p class='ocr_par' dir='ltr' id='par_1_24' title="bbox 2032 991 3617 1065">
     <span class='ocr_line' id='line_1_24' title="bbox 2032 991 3617 1065; baseline 0.004 -22"><span class='ocrx_word' id='word_1_172' title='bbox 2032 991 2271 1057; x_wconf 78' lang='lat' dir='ltr'><strong>Apostoli</strong></span> <span class='ocrx_word' id='word_1_173' title='bbox 2304 991 2484 1046; x_wconf 86' lang='lat' dir='ltr'><strong>verbis</strong></span> <span class='ocrx_word' id='word_1_174' title='bbox 2517 1001 2654 1059; x_wconf 90' lang='lat' dir='ltr'><strong>utar,</strong></span> <span class='ocrx_word' id='word_1_175' title='bbox 2687 993 2946 1061; x_wconf 88' lang='lat' dir='ltr'><strong>insipiens</strong></span> <span class='ocrx_word' id='word_1_176' title='bbox 2969 1009 3061 1048; x_wconf 90' lang='lat' dir='ltr'><strong>cor</strong></span> <span class='ocrx_word' id='word_1_177' title='bbox 3088 996 3291 1050; x_wconf 89' lang='lat' dir='ltr'><strong>erravit</strong></span> <span class='ocrx_word' id='word_1_178' title='bbox 3318 993 3371 1065; x_wconf 92' lang='grc' dir='ltr'><strong>(Ι</strong></span> <span class='ocrx_word' id='word_1_179' title='bbox 3403 995 3521 1050; x_wconf 81' lang='lat' dir='ltr'><strong>Cor.</strong></span> <span class='ocrx_word' id='word_1_180' title='bbox 3556 998 3617 1058; x_wconf 85' lang='lat' dir='ltr'><strong>t).</strong></span> 
     </span>
    </p>
   </div>
   <div class='ocr_carea' id='block_1_25' title="bbox 2029 1080 3618 1152">
    <p class='ocr_par' dir='ltr' id='par_1_25' title="bbox 2029 1080 3618 1152">
     <span class='ocr_line' id='line_1_25' title="bbox 2029 1080 3618 1152; baseline 0.006 -18"><span class='ocrx_word' id='word_1_181' title='bbox 2029 1080 2284 1136; x_wconf 86' lang='lat' dir='ltr'><strong>Putantes</strong></span> <span class='ocrx_word' id='word_1_182' title='bbox 2314 1084 2456 1138; x_wconf 92' lang='lat' dir='ltr'><strong>enim</strong></span> <span class='ocrx_word' id='word_1_183' title='bbox 2488 1098 2547 1138; x_wconf 89' lang='lat' dir='ltr'><strong>se</strong></span> <span class='ocrx_word' id='word_1_184' title='bbox 2576 1099 2699 1138; x_wconf 90' lang='lat' dir='ltr'><strong>esse</strong></span> <span class='ocrx_word' id='word_1_185' title='bbox 2725 1084 3010 1152; x_wconf 84' lang='lat' dir='ltr'><strong>sapientes,</strong></span> <span class='ocrx_word' id='word_1_186' title='bbox 3045 1086 3194 1140; x_wconf 90' lang='lat' dir='ltr'><strong>stulti</strong></span> <span class='ocrx_word' id='word_1_187' title='bbox 3240 1087 3358 1142; x_wconf 85' lang='lat' dir='ltr'><strong>lacti</strong></span> <span class='ocrx_word' id='word_1_188' title='bbox 3391 1096 3534 1150; x_wconf 90' lang='lat' dir='ltr'><strong>sunt,</strong></span> <span class='ocrx_word' id='word_1_189' title='bbox 3568 1100 3618 1143; x_wconf 88' lang='lat' dir='ltr'><strong>et</strong></span> 
     </span>
    </p>
   </div>
   <div class='ocr_carea' id='block_1_26' title="bbox 2027 1174 3618 1246">
    <p class='ocr_par' dir='ltr' id='par_1_26' title="bbox 2027 1174 3618 1246">
     <span class='ocr_line' id='line_1_26' title="bbox 2027 1174 3618 1246; baseline 0.005 -20"><span class='ocrx_word' id='word_1_190' title='bbox 2027 1181 2366 1229; x_wconf 89' lang='lat' dir='ltr'><strong>mutaverunt</strong></span> <span class='ocrx_word' id='word_1_191' title='bbox 2411 1174 2634 1243; x_wconf 78' lang='lat' dir='ltr'><strong>gloriam</strong></span> <span class='ocrx_word' id='word_1_192' title='bbox 2687 1177 3103 1246; x_wconf 89' lang='lat' dir='ltr'><strong>incorruptibilis</strong></span> <span class='ocrx_word' id='word_1_193' title='bbox 3167 1177 3260 1234; x_wconf 91' lang='lat' dir='ltr'><strong>Dei</strong></span> <span class='ocrx_word' id='word_1_194' title='bbox 3319 1179 3369 1233; x_wconf 94' lang='lat' dir='ltr'><strong>in</strong></span> <span class='ocrx_word' id='word_1_195' title='bbox 3432 1181 3618 1234; x_wconf 87' lang='lat' dir='ltr'><strong>simili-</strong></span> 
     </span>
    </p>
   </div>
   <div class='ocr_carea' id='block_1_27' title="bbox 2028 1264 3615 1342">
    <p class='ocr_par' dir='ltr' id='par_1_27' title="bbox 2028 1264 3615 1342">
     <span class='ocr_line' id='line_1_27' title="bbox 2028 1264 3615 1342; baseline 0.008 -25"><span class='ocrx_word' id='word_1_196' title='bbox 2028 1264 2266 1320; x_wconf 88' lang='lat' dir='ltr'><strong>tudinem</strong></span> <span class='ocrx_word' id='word_1_197' title='bbox 2300 1268 2726 1333; x_wconf 86' lang='lat' dir='ltr'><strong>corruptibilium</strong></span> <span class='ocrx_word' id='word_1_198' title='bbox 2758 1268 3056 1336; x_wconf 88' lang='lat' dir='ltr'><strong>hominum,</strong></span> <span class='ocrx_word' id='word_1_199' title='bbox 3088 1280 3140 1324; x_wconf 87' lang='lat' dir='ltr'><strong>et</strong></span> <span class='ocrx_word' id='word_1_200' title='bbox 3188 1272 3615 1342; x_wconf 86' lang='lat' dir='ltr'><strong>quadrupedum,</strong></span> 
     </span>
    </p>
   </div>
   <div class='ocr_carea' id='block_1_28' title="bbox 2025 1357 3616 1434">
    <p class='ocr_par' dir='ltr' id='par_1_28' title="bbox 2025 1357 3616 1434">
     <span class='ocr_line' id='line_1_28' title="bbox 2025 1357 3616 1434; baseline 0.008 -24"><span class='ocrx_word' id='word_1_201' title='bbox 2025 1364 2079 1410; x_wconf 88' lang='lat' dir='ltr'><strong>et</strong></span> <span class='ocrx_word' id='word_1_202' title='bbox 2109 1359 2436 1426; x_wconf 85' lang='lat' dir='ltr'><strong>serpentium</strong></span> <span class='ocrx_word' id='word_1_203' title='bbox 2461 1358 2640 1431; x_wconf 82' lang='lat' dir='ltr'><strong>(Rom.</strong></span> <span class='ocrx_word' id='word_1_204' title='bbox 2676 1357 2738 1426; x_wconf 90' lang='lat' dir='ltr'><strong>t).</strong></span> <span class='ocrx_word' id='word_1_205' title='bbox 2773 1361 2856 1425; x_wconf 91' lang='lat' dir='ltr'><strong>lli,</strong></span> <span class='ocrx_word' id='word_1_206' title='bbox 2886 1371 3080 1415; x_wconf 91' lang='lat' dir='ltr'><strong>utcum</strong></span> <span class='ocrx_word' id='word_1_207' title='bbox 3114 1361 3256 1431; x_wconf 87' lang='lat' dir='ltr'><strong>regis</strong></span> <span class='ocrx_word' id='word_1_208' title='bbox 3285 1363 3413 1431; x_wconf 85' lang='lat' dir='ltr'><strong>tilio,</strong></span> <span class='ocrx_word' id='word_1_209' title='bbox 3458 1376 3616 1434; x_wconf 81' lang='lat' dir='ltr'><strong>atque</strong></span> 
     </span>
    </p>
   </div>
   <div class='ocr_carea' id='block_1_29' title="bbox 2025 1447 3613 1520">
    <p class='ocr_par' dir='ltr' id='par_1_29' title="bbox 2025 1447 3613 1520">
     <span class='ocr_line' id='line_1_29' title="bbox 2025 1447 3613 1520; baseline 0.008 -19"><span class='ocrx_word' id='word_1_210' title='bbox 2025 1447 2091 1502; x_wconf 88' lang='lat' dir='ltr'><strong>iis</strong></span> <span class='ocrx_word' id='word_1_211' title='bbox 2121 1448 2210 1518; x_wconf 90' lang='lat' dir='ltr'><strong>qui</strong></span> <span class='ocrx_word' id='word_1_212' title='bbox 2241 1450 2307 1504; x_wconf 90' lang='lat' dir='ltr'><strong>ab</strong></span> <span class='ocrx_word' id='word_1_213' title='bbox 2332 1450 2497 1519; x_wconf 87' lang='lat' dir='ltr'><strong>ipsius</strong></span> <span class='ocrx_word' id='word_1_214' title='bbox 2544 1453 2782 1520; x_wconf 88' lang='lat' dir='ltr'><strong>partibus</strong></span> <span class='ocrx_word' id='word_1_215' title='bbox 2812 1453 3043 1515; x_wconf 88' lang='lat' dir='ltr'><strong>stabant,</strong></span> <span class='ocrx_word' id='word_1_216' title='bbox 3089 1469 3392 1510; x_wconf 85' lang='lat' dir='ltr'><strong>sermonem</strong></span> <span class='ocrx_word' id='word_1_217' title='bbox 3423 1472 3613 1513; x_wconf 86' lang='lat' dir='ltr'><strong>conse-</strong></span> 
     </span>
    </p>
   </div>
   <div class='ocr_carea' id='block_1_30' title="bbox 2023 1544 3613 1614">
    <p class='ocr_par' dir='ltr' id='par_1_30' title="bbox 2023 1544 3613 1614">
     <span class='ocr_line' id='line_1_30' title="bbox 2023 1544 3613 1614; baseline 0.006 -18"><span class='ocrx_word' id='word_1_218' title='bbox 2023 1551 2227 1614; x_wconf 80' lang='lat' dir='ltr'><strong>rerent,</strong></span> <span class='ocrx_word' id='word_1_219' title='bbox 2259 1544 2312 1597; x_wconf 95' lang='lat' dir='ltr'><strong>in</strong></span> <span class='ocrx_word' id='word_1_220' title='bbox 2343 1560 2506 1598; x_wconf 94' lang='lat' dir='ltr'><strong>unum</strong></span> <span class='ocrx_word' id='word_1_221' title='bbox 2538 1555 2927 1600; x_wconf 89' lang='lat' dir='ltr'><strong>convenerunt.</strong></span> <span class='ocrx_word' id='word_1_222' title='bbox 2951 1549 3123 1614; x_wconf 84' lang='lat' dir='ltr'><strong>Atque</strong></span> <span class='ocrx_word' id='word_1_223' title='bbox 3149 1548 3200 1602; x_wconf 89' lang='lat' dir='ltr'><strong>in</strong></span> <span class='ocrx_word' id='word_1_224' title='bbox 3228 1550 3304 1603; x_wconf 90' lang='lat' dir='ltr'><strong>eis</strong></span> <span class='ocrx_word' id='word_1_225' title='bbox 3335 1551 3460 1603; x_wconf 80' lang='lat' dir='ltr'><strong>illud</strong></span> <span class='ocrx_word' id='word_1_226' title='bbox 3487 1552 3613 1605; x_wconf 84' lang='lat' dir='ltr'><strong>ada-</strong></span> 
     </span>
    </p>
   </div>
   <div class='ocr_carea' id='block_1_31' title="bbox 2021 1617 3612 1710">
    <p class='ocr_par' dir='ltr' id='par_1_31' title="bbox 2021 1617 3612 1710">
     <span class='ocr_line' id='line_1_31' title="bbox 2021 1617 3612 1710; baseline 0.007 -25"><span class='ocrx_word' id='word_1_227' title='bbox 2021 1632 2165 1701; x_wconf 84' lang='lat' dir='ltr'><strong>gium</strong></span> <span class='ocrx_word' id='word_1_228' title='bbox 2205 1617 2566 1700; x_wconf 83' lang='lat' dir='ltr'><strong>implebatur:</strong></span> <span class='ocrx_word' id='word_1_229' title='bbox 2622 1635 2828 1704; x_wconf 87' lang='lat' dir='ltr'><strong>Caprea</strong></span> <span class='ocrx_word' id='word_1_230' title='bbox 2877 1652 2999 1692; x_wconf 91' lang='lat' dir='ltr'><strong>eum</strong></span> <span class='ocrx_word' id='word_1_231' title='bbox 3037 1639 3186 1694; x_wconf 89' lang='lat' dir='ltr'><strong>leone</strong></span> <span class='ocrx_word' id='word_1_232' title='bbox 3235 1654 3459 1710; x_wconf 81' lang='lat' dir='ltr'><strong>pugnam</strong></span> <span class='ocrx_word' id='word_1_233' title='bbox 3493 1641 3612 1696; x_wconf 91' lang='lat' dir='ltr'><strong>iniit</strong></span> 
     </span>
    </p>
   </div>
   <div class='ocr_carea' id='block_1_32' title="bbox 2021 1725 3606 1804">
    <p class='ocr_par' dir='ltr' id='par_1_32' title="bbox 2021 1725 3606 1804">
     <span class='ocr_line' id='line_1_32' title="bbox 2021 1725 3606 1804; baseline 0.008 -28"><span class='ocrx_word' id='word_1_234' title='bbox 2021 1725 2159 1796; x_wconf 75' lang='grc'><strong>(14).</strong></span> <span class='ocrx_word' id='word_1_235' title='bbox 2217 1727 2424 1782; x_wconf 81' lang='lat' dir='ltr'><strong>Etenim</strong></span> <span class='ocrx_word' id='word_1_236' title='bbox 2488 1730 2605 1796; x_wconf 90' lang='lat' dir='ltr'><strong>ipse</strong></span> <span class='ocrx_word' id='word_1_237' title='bbox 2645 1730 2976 1784; x_wconf 85' lang='lat' dir='ltr'><strong>Altissimum</strong></span> <span class='ocrx_word' id='word_1_238' title='bbox 3037 1743 3290 1800; x_wconf 87' lang='lat' dir='ltr'><strong>posuerat</strong></span> <span class='ocrx_word' id='word_1_239' title='bbox 3347 1734 3606 1804; x_wconf 77' lang='lat' dir='ltr'><strong>refugium</strong></span> 
     </span>
    </p>
   </div>
   <div class='ocr_carea' id='block_1_33' title="bbox 2019 1819 3601 1897">
    <p class='ocr_par' dir='ltr' id='par_1_33' title="bbox 2019 1819 3601 1897">
     <span class='ocr_line' id='line_1_33' title="bbox 2019 1819 3601 1897; baseline 0.006 -25"><span class='ocrx_word' id='word_1_240' title='bbox 2019 1832 2196 1883; x_wconf 88' lang='lat' dir='ltr'><strong>suum,</strong></span> <span class='ocrx_word' id='word_1_241' title='bbox 2231 1828 2282 1872; x_wconf 91' lang='lat' dir='ltr'><strong>et</strong></span> <span class='ocrx_word' id='word_1_242' title='bbox 2305 1819 2356 1873; x_wconf 92' lang='lat' dir='ltr'><strong>in</strong></span> <span class='ocrx_word' id='word_1_243' title='bbox 2389 1819 2592 1874; x_wconf 84' lang='lat' dir='ltr'><strong>alarum</strong></span> <span class='ocrx_word' id='word_1_244' title='bbox 2615 1820 2778 1889; x_wconf 87' lang='lat' dir='ltr'><strong>ipsius</strong></span> <span class='ocrx_word' id='word_1_245' title='bbox 2800 1823 2984 1876; x_wconf 89' lang='lat' dir='ltr'><strong>umbra</strong></span> <span class='ocrx_word' id='word_1_246' title='bbox 3018 1823 3269 1890; x_wconf 80' lang='lat' dir='ltr'><strong>sperabat</strong></span> <span class='ocrx_word' id='word_1_247' title='bbox 3295 1824 3464 1894; x_wconf 73' lang='lat' dir='ltr'><strong>(Psal.</strong></span> <span class='ocrx_word' id='word_1_248' title='bbox 3496 1828 3601 1897; x_wconf 88' lang='lat' dir='ltr'><strong>xc).</strong></span> 
     </span>
    </p>
   </div>
   <div class='ocr_carea' id='block_1_34' title="bbox 317 1907 3600 1988">
    <p class='ocr_par' dir='ltr' id='par_1_34' title="bbox 317 1907 3600 1988">
     <span class='ocr_line' id='line_1_34' title="bbox 317 1907 3600 1988; baseline 0.003 -27"><span class='ocrx_word' id='word_1_249' title='bbox 317 1931 428 1985; x_wconf 74' lang='lat' dir='ltr'><strong>quo</strong></span> <span class='ocrx_word' id='word_1_250' title='bbox 453 1916 547 1970; x_wconf 75' lang='lat' dir='ltr'><strong>tibi</strong></span> <span class='ocrx_word' id='word_1_251' title='bbox 581 1917 731 1972; x_wconf 75' lang='lat' dir='ltr'><strong>fucus</strong></span> <span class='ocrx_word' id='word_1_252' title='bbox 753 1917 927 1973; x_wconf 74' lang='lat' dir='ltr'><strong>factus</strong></span> <span class='ocrx_word' id='word_1_253' title='bbox 957 1929 1059 1988; x_wconf 68' lang='grc' dir='ltr'><strong>ρει,</strong></span> <span class='ocrx_word' id='word_1_254' title='bbox 1113 1921 1322 1976; x_wconf 68' lang='lat' dir='ltr'><strong>vinctus</strong></span> <span class='ocrx_word' id='word_1_255' title='bbox 1347 1937 1376 1976; x_wconf 63' lang='grc' dir='ltr'>ε</span> <span class='ocrx_word' id='word_1_256' title='bbox 1416 1937 1500 1976; x_wconf 78' lang='lat' dir='ltr'><strong>me</strong></span> <span class='ocrx_word' id='word_1_257' title='bbox 1529 1931 1762 1988; x_wconf 67' lang='lat' dir='ltr'><strong>tenetur,</strong></span> <span class='ocrx_word' id='word_1_258' title='bbox 1795 1939 1906 1976; x_wconf 74' lang='lat' dir='ltr'><strong>am.</strong></span> <span class='ocrx_word' id='word_1_259' title='bbox 1941 1907 1989 1969; x_wconf 84' lang='lat' dir='ltr'><strong>B</strong></span> <span class='ocrx_word' id='word_1_260' title='bbox 2014 1910 2087 1966; x_wconf 93' lang='lat' dir='ltr'><strong>llli</strong></span> <span class='ocrx_word' id='word_1_261' title='bbox 2117 1922 2293 1968; x_wconf 91' lang='lat' dir='ltr'><strong>autem</strong></span> <span class='ocrx_word' id='word_1_262' title='bbox 2318 1915 2368 1966; x_wconf 94' lang='lat' dir='ltr'><strong>in</strong></span> <span class='ocrx_word' id='word_1_263' title='bbox 2402 1913 2556 1982; x_wconf 84' lang='lat' dir='ltr'><strong>hujus</strong></span> <span class='ocrx_word' id='word_1_264' title='bbox 2579 1914 2756 1966; x_wconf 72' lang='lat' dir='ltr'><strong>saeculi</strong></span> <span class='ocrx_word' id='word_1_265' title='bbox 2781 1915 3109 1984; x_wconf 88' lang='lat' dir='ltr'><strong>principibus</strong></span> <span class='ocrx_word' id='word_1_266' title='bbox 3126 1919 3212 1986; x_wconf 92' lang='lat' dir='ltr'><strong>qui</strong></span> <span class='ocrx_word' id='word_1_267' title='bbox 3233 1917 3600 1988; x_wconf 88' lang='lat' dir='ltr'><strong>destruuntur,</strong></span> 
     </span>
    </p>
   </div>
   <div class='ocr_carea' id='block_1_35' title="bbox 317 2009 1909 2083">
    <p class='ocr_par' dir='ltr' id='par_1_35' title="bbox 317 2009 1909 2083">
     <span class='ocr_line' id='line_1_35' title="bbox 317 2009 1909 2083; baseline 0.005 -20"><span class='ocrx_word' id='word_1_268' title='bbox 317 2009 564 2079; x_wconf 89' lang='lat' dir='ltr'><strong>piissimo</strong></span> <span class='ocrx_word' id='word_1_269' title='bbox 604 2020 746 2066; x_wconf 66' lang='lat' dir='ltr'><strong>coetu</strong></span> <span class='ocrx_word' id='word_1_270' title='bbox 787 2012 1003 2078; x_wconf 87' lang='lat' dir='ltr'><strong>habito,</strong></span> <span class='ocrx_word' id='word_1_271' title='bbox 1051 2021 1211 2083; x_wconf 88' lang='lat' dir='ltr'><strong>atque</strong></span> <span class='ocrx_word' id='word_1_272' title='bbox 1258 2015 1505 2070; x_wconf 89' lang='lat' dir='ltr'><strong>omnibus</strong></span> <span class='ocrx_word' id='word_1_273' title='bbox 1549 2025 1657 2070; x_wconf 89' lang='lat' dir='ltr'><strong>tum</strong></span> <span class='ocrx_word' id='word_1_274' title='bbox 1713 2017 1909 2071; x_wconf 87' lang='lat' dir='ltr'><strong>nostris</strong></span> 
     </span>
    </p>
   </div>
   <div class='ocr_carea' id='block_1_36' title="bbox 318 2103 1909 2182">
    <p class='ocr_par' dir='ltr' id='par_1_36' title="bbox 318 2103 1909 2182">
     <span class='ocr_line' id='line_1_36' title="bbox 318 2103 1909 2182; baseline 0.006 -24"><span class='ocrx_word' id='word_1_275' title='bbox 318 2111 430 2159; x_wconf 89' lang='lat' dir='ltr'><strong>tum</strong></span> <span class='ocrx_word' id='word_1_276' title='bbox 463 2103 695 2160; x_wconf 68' lang='lat' dir='ltr'><strong>Galilaris</strong></span> <span class='ocrx_word' id='word_1_277' title='bbox 720 2107 773 2161; x_wconf 92' lang='lat' dir='ltr'><strong>in</strong></span> <span class='ocrx_word' id='word_1_278' title='bbox 802 2123 965 2161; x_wconf 93' lang='lat' dir='ltr'><strong>unum</strong></span> <span class='ocrx_word' id='word_1_279' title='bbox 993 2109 1191 2163; x_wconf 84' lang='lat' dir='ltr'><strong>coactis</strong></span> <span class='ocrx_word' id='word_1_280' title='bbox 1224 2110 1665 2182; x_wconf 72' lang='lat' dir='ltr'><strong>praeconibusque</strong></span> <span class='ocrx_word' id='word_1_281' title='bbox 1693 2112 1909 2168; x_wconf 89' lang='lat' dir='ltr'><strong>disertis</strong></span> 
     </span>
    </p>
   </div>
   <div class='ocr_carea' id='block_1_37' title="bbox 322 2196 1908 2272">
    <p class='ocr_par' dir='ltr' id='par_1_37' title="bbox 322 2196 1908 2272">
     <span class='ocr_line' id='line_1_37' title="bbox 322 2196 1908 2272; baseline 0.006 -22"><span class='ocrx_word' id='word_1_282' title='bbox 322 2196 502 2250; x_wconf 86' lang='lat' dir='ltr'><strong>verbis</strong></span> <span class='ocrx_word' id='word_1_283' title='bbox 551 2198 762 2252; x_wconf 68' lang='lat' dir='ltr'><strong>edicere</strong></span> <span class='ocrx_word' id='word_1_284' title='bbox 801 2197 986 2267; x_wconf 88' lang='lat' dir='ltr'><strong>jussis,</strong></span> <span class='ocrx_word' id='word_1_285' title='bbox 1033 2215 1100 2255; x_wconf 92' lang='lat' dir='ltr'><strong>ne</strong></span> <span class='ocrx_word' id='word_1_286' title='bbox 1146 2203 1426 2272; x_wconf 90' lang='lat' dir='ltr'><strong>quisquam</strong></span> <span class='ocrx_word' id='word_1_287' title='bbox 1483 2204 1908 2260; x_wconf 76' lang='lat' dir='ltr'><strong>Clll‘lSliathl’mll</strong></span> 
     </span>
    </p>
   </div>
   <div class='ocr_carea' id='block_1_38' title="bbox 322 2287 1907 2359">
    <p class='ocr_par' dir='ltr' id='par_1_38' title="bbox 322 2287 1907 2359">
     <span class='ocr_line' id='line_1_38' title="bbox 322 2287 1907 2359; baseline 0.007 -17"><span class='ocrx_word' id='word_1_288' title='bbox 322 2287 484 2344; x_wconf 90' lang='lat' dir='ltr'><strong>ullius</strong></span> <span class='ocrx_word' id='word_1_289' title='bbox 518 2289 740 2359; x_wconf 81' lang='lat' dir='ltr'><strong>periculi</strong></span> <span class='ocrx_word' id='word_1_290' title='bbox 791 2303 938 2346; x_wconf 91' lang='lat' dir='ltr'><strong>metu</strong></span> <span class='ocrx_word' id='word_1_291' title='bbox 979 2292 1265 2359; x_wconf 83' lang='lat' dir='ltr'><strong>afliciatur,</strong></span> <span class='ocrx_word' id='word_1_292' title='bbox 1320 2311 1508 2350; x_wconf 91' lang='lat' dir='ltr'><strong>verum</strong></span> <span class='ocrx_word' id='word_1_293' title='bbox 1548 2313 1733 2352; x_wconf 88' lang='lat' dir='ltr'><strong>omnes</strong></span> <span class='ocrx_word' id='word_1_294' title='bbox 1765 2297 1907 2352; x_wconf 85' lang='lat' dir='ltr'><strong>omni</strong></span> 
     </span>
    </p>
   </div>
   <div class='ocr_carea' id='block_1_39' title="bbox 320 2382 1905 2456">
    <p class='ocr_par' dir='ltr' id='par_1_39' title="bbox 320 2382 1905 2456">
     <span class='ocr_line' id='line_1_39' title="bbox 320 2382 1905 2456; baseline 0.006 -22"><span class='ocrx_word' id='word_1_295' title='bbox 320 2389 467 2434; x_wconf 88' lang='lat' dir='ltr'><strong>metu</strong></span> <span class='ocrx_word' id='word_1_296' title='bbox 514 2382 666 2434; x_wconf 87' lang='lat' dir='ltr'><strong>vacui</strong></span> <span class='ocrx_word' id='word_1_297' title='bbox 723 2396 817 2450; x_wconf 91' lang='lat' dir='ltr'><strong>per</strong></span> <span class='ocrx_word' id='word_1_298' title='bbox 862 2383 1107 2437; x_wconf 87' lang='lat' dir='ltr'><strong>sodalitia</strong></span> <span class='ocrx_word' id='word_1_299' title='bbox 1155 2394 1209 2440; x_wconf 91' lang='lat' dir='ltr'><strong>et</strong></span> <span class='ocrx_word' id='word_1_300' title='bbox 1261 2388 1602 2456; x_wconf 89' lang='lat' dir='ltr'><strong>cognationes</strong></span> <span class='ocrx_word' id='word_1_301' title='bbox 1657 2389 1711 2443; x_wconf 89' lang='lat' dir='ltr'><strong>in</strong></span> <span class='ocrx_word' id='word_1_302' title='bbox 1743 2405 1905 2444; x_wconf 91' lang='lat' dir='ltr'><strong>unum</strong></span> 
     </span>
    </p>
   </div>
   <div class='ocr_carea' id='block_1_40' title="bbox 314 2475 1909 2551">
    <p class='ocr_par' dir='ltr' id='par_1_40' title="bbox 314 2475 1909 2551">
     <span class='ocr_line' id='line_1_40' title="bbox 314 2475 1909 2551; baseline 0.009 -27"><span class='ocrx_word' id='word_1_303' title='bbox 314 2481 530 2535; x_wconf 90' lang='lat' dir='ltr'><strong>coeant,</strong></span> <span class='ocrx_word' id='word_1_304' title='bbox 554 2475 825 2529; x_wconf 89' lang='lat' dir='ltr'><strong>communi</strong></span> <span class='ocrx_word' id='word_1_305' title='bbox 871 2477 1096 2531; x_wconf 90' lang='lat' dir='ltr'><strong>consilio</strong></span> <span class='ocrx_word' id='word_1_306' title='bbox 1119 2493 1230 2533; x_wconf 90' lang='lat' dir='ltr'><strong>rem</strong></span> <span class='ocrx_word' id='word_1_307' title='bbox 1276 2480 1701 2536; x_wconf 87' lang='lat' dir='ltr'><strong>consideremus.</strong></span> <span class='ocrx_word' id='word_1_308' title='bbox 1734 2487 1909 2551; x_wconf 83' lang='lat' dir='ltr'><strong>Atque</strong></span> 
     </span>
    </p>
   </div>
   <div class='ocr_carea' id='block_1_41' title="bbox 313 2569 1908 2638">
    <p class='ocr_par' dir='ltr' id='par_1_41' title="bbox 313 2569 1908 2638">
     <span class='ocr_line' id='line_1_41' title="bbox 313 2569 1908 2638; baseline 0.009 -21"><span class='ocrx_word' id='word_1_309' title='bbox 313 2572 412 2618; x_wconf 83' lang='lat' dir='ltr'><strong>aut</strong></span> <span class='ocrx_word' id='word_1_310' title='bbox 441 2577 536 2619; x_wconf 89' lang='lat' dir='ltr'><strong>vos</strong></span> <span class='ocrx_word' id='word_1_311' title='bbox 566 2577 621 2620; x_wconf 84' lang='lat' dir='ltr'><strong>et</strong></span> <span class='ocrx_word' id='word_1_312' title='bbox 651 2576 826 2622; x_wconf 87' lang='lat' dir='ltr'><strong>vester</strong></span> <span class='ocrx_word' id='word_1_313' title='bbox 866 2569 1128 2638; x_wconf 88' lang='lat' dir='ltr'><strong>Barlaam,</strong></span> <span class='ocrx_word' id='word_1_314' title='bbox 1162 2572 1315 2627; x_wconf 88' lang='lat' dir='ltr'><strong>nobis</strong></span> <span class='ocrx_word' id='word_1_315' title='bbox 1366 2575 1416 2627; x_wconf 91' lang='lat' dir='ltr'><strong>in</strong></span> <span class='ocrx_word' id='word_1_316' title='bbox 1466 2577 1786 2630; x_wconf 89' lang='lat' dir='ltr'><strong>sententiam</strong></span> <span class='ocrx_word' id='word_1_317' title='bbox 1820 2592 1908 2631; x_wconf 87' lang='lat' dir='ltr'><strong>ve-</strong></span> 
     </span>
    </p>
   </div>
   <div class='ocr_carea' id='block_1_42' title="bbox 313 2657 1907 2734">
    <p class='ocr_par' dir='ltr' id='par_1_42' title="bbox 313 2657 1907 2734">
     <span class='ocr_line' id='line_1_42' title="bbox 313 2657 1907 2734; baseline 0.006 -23"><span class='ocrx_word' id='word_1_318' title='bbox 313 2667 482 2711; x_wconf 85' lang='lat' dir='ltr'><strong>stram</strong></span> <span class='ocrx_word' id='word_1_319' title='bbox 515 2657 778 2727; x_wconf 85' lang='lat' dir='ltr'><strong>adductis,</strong></span> <span class='ocrx_word' id='word_1_320' title='bbox 832 2676 893 2715; x_wconf 92' lang='lat' dir='ltr'><strong>ea</strong></span> <span class='ocrx_word' id='word_1_321' title='bbox 944 2676 1066 2732; x_wconf 64' lang='lat' dir='ltr'><strong>qua:</strong></span> <span class='ocrx_word' id='word_1_322' title='bbox 1113 2663 1312 2732; x_wconf 90' lang='lat' dir='ltr'><strong>optatis</strong></span> <span class='ocrx_word' id='word_1_323' title='bbox 1358 2666 1780 2734; x_wconf 88' lang='lat' dir='ltr'><strong>consequimini;</strong></span> <span class='ocrx_word' id='word_1_324' title='bbox 1815 2675 1907 2721; x_wconf 88' lang='lat' dir='ltr'><strong>aut</strong></span> 
     </span>
    </p>
   </div>
   <div class='ocr_carea' id='block_1_43' title="bbox 310 2752 1906 2826">
    <p class='ocr_par' dir='ltr' id='par_1_43' title="bbox 310 2752 1906 2826">
     <span class='ocr_line' id='line_1_43' title="bbox 310 2752 1906 2826; baseline 0.007 -22"><span class='ocrx_word' id='word_1_325' title='bbox 310 2759 500 2805; x_wconf 88' lang='lat' dir='ltr'><strong>contra</strong></span> <span class='ocrx_word' id='word_1_326' title='bbox 549 2765 646 2807; x_wconf 90' lang='lat' dir='ltr'><strong>vos</strong></span> <span class='ocrx_word' id='word_1_327' title='bbox 696 2752 748 2806; x_wconf 93' lang='lat' dir='ltr'><strong>in</strong></span> <span class='ocrx_word' id='word_1_328' title='bbox 797 2756 1118 2809; x_wconf 89' lang='lat' dir='ltr'><strong>sententiam</strong></span> <span class='ocrx_word' id='word_1_329' title='bbox 1169 2767 1405 2812; x_wconf 89' lang='lat' dir='ltr'><strong>nostram</strong></span> <span class='ocrx_word' id='word_1_330' title='bbox 1446 2757 1695 2825; x_wconf 88' lang='lat' dir='ltr'><strong>adducti,</strong></span> <span class='ocrx_word' id='word_1_331' title='bbox 1740 2759 1906 2826; x_wconf 87' lang='lat' dir='ltr'><strong>jussis</strong></span> 
     </span>
    </p>
   </div>
   <div class='ocr_carea' id='block_1_44' title="bbox 311 2848 1540 2922">
    <p class='ocr_par' dir='ltr' id='par_1_44' title="bbox 311 2848 1540 2922">
     <span class='ocr_line' id='line_1_44' title="bbox 311 2848 1540 2922; baseline 0.003 -20"><span class='ocrx_word' id='word_1_332' title='bbox 311 2848 448 2902; x_wconf 80' lang='lat' dir='ltr'><strong>meis</strong></span> <span class='ocrx_word' id='word_1_333' title='bbox 476 2859 666 2916; x_wconf 87' lang='lat' dir='ltr'><strong>sponte</strong></span> <span class='ocrx_word' id='word_1_334' title='bbox 694 2863 758 2903; x_wconf 91' lang='lat' dir='ltr'><strong>ac</strong></span> <span class='ocrx_word' id='word_1_335' title='bbox 787 2858 1036 2919; x_wconf 88' lang='lat' dir='ltr'><strong>prompto</strong></span> <span class='ocrx_word' id='word_1_336' title='bbox 1063 2852 1240 2906; x_wconf 88' lang='lat' dir='ltr'><strong>animo</strong></span> <span class='ocrx_word' id='word_1_337' title='bbox 1262 2853 1540 2922; x_wconf 86' lang='lat' dir='ltr'><strong>parebitis.</strong></span> 
     </span>
    </p>
   </div>
   <div class='ocr_carea' id='block_1_45' title="bbox 386 2939 1904 3018">
    <p class='ocr_par' dir='ltr' id='par_1_45' title="bbox 386 2939 1904 3018">
     <span class='ocr_line' id='line_1_45' title="bbox 386 2939 1904 3018; baseline 0.005 -24"><span class='ocrx_word' id='word_1_338' title='bbox 386 2939 631 2996; x_wconf 83' lang='lat' dir='ltr'><strong>Prudens</strong></span> <span class='ocrx_word' id='word_1_339' title='bbox 670 2950 846 2997; x_wconf 88' lang='lat' dir='ltr'><strong>autem</strong></span> <span class='ocrx_word' id='word_1_340' title='bbox 874 2957 1058 2999; x_wconf 90' lang='lat' dir='ltr'><strong>revera</strong></span> <span class='ocrx_word' id='word_1_341' title='bbox 1093 2954 1146 3000; x_wconf 90' lang='lat' dir='ltr'><strong>et</strong></span> <span class='ocrx_word' id='word_1_342' title='bbox 1181 2945 1435 3002; x_wconf 88' lang='lat' dir='ltr'><strong>cordatus</strong></span> <span class='ocrx_word' id='word_1_343' title='bbox 1459 2947 1671 3016; x_wconf 88' lang='lat' dir='ltr'><strong>juvenis</strong></span> <span class='ocrx_word' id='word_1_344' title='bbox 1705 2962 1800 3018; x_wconf 91' lang='lat' dir='ltr'><strong>per</strong></span> <span class='ocrx_word' id='word_1_345' title='bbox 1822 2947 1904 3002; x_wconf 86' lang='lat' dir='ltr'><strong>vi-</strong></span> 
     </span>
    </p>
   </div>
   <div class='ocr_carea' id='block_1_46' title="bbox 311 3033 1903 3110">
    <p class='ocr_par' dir='ltr' id='par_1_46' title="bbox 311 3033 1903 3110">
     <span class='ocr_line' id='line_1_46' title="bbox 311 3033 1903 3110; baseline 0.007 -24"><span class='ocrx_word' id='word_1_346' title='bbox 311 3046 429 3088; x_wconf 84' lang='lat' dir='ltr'><strong>sum</strong></span> <span class='ocrx_word' id='word_1_347' title='bbox 457 3034 598 3102; x_wconf 94' lang='lat' dir='ltr'><strong>quod</strong></span> <span class='ocrx_word' id='word_1_348' title='bbox 625 3033 878 3091; x_wconf 86' lang='lat' dir='ltr'><strong>divinitus</strong></span> <span class='ocrx_word' id='word_1_349' title='bbox 910 3037 1011 3106; x_wconf 89' lang='lat' dir='ltr'><strong>ipsi</strong></span> <span class='ocrx_word' id='word_1_350' title='bbox 1034 3039 1350 3109; x_wconf 84' lang='lat' dir='ltr'><strong>contigerat,</strong></span> <span class='ocrx_word' id='word_1_351' title='bbox 1385 3040 1526 3110; x_wconf 85' lang='lat' dir='ltr'><strong>regis</strong></span> <span class='ocrx_word' id='word_1_352' title='bbox 1553 3039 1780 3096; x_wconf 87' lang='lat' dir='ltr'><strong>versutia</strong></span> <span class='ocrx_word' id='word_1_353' title='bbox 1813 3057 1903 3097; x_wconf 92' lang='lat' dir='ltr'><strong>c0-</strong></span> 
     </span>
    </p>
   </div>
   <div class='ocr_carea' id='block_1_47' title="bbox 309 3129 1899 3206">
    <p class='ocr_par' dir='ltr' id='par_1_47' title="bbox 309 3129 1899 3206">
     <span class='ocr_line' id='line_1_47' title="bbox 309 3129 1899 3206; baseline 0.006 -24"><span class='ocrx_word' id='word_1_354' title='bbox 309 3129 480 3198; x_wconf 85' lang='lat' dir='ltr'><strong>gnita,</strong></span> <span class='ocrx_word' id='word_1_355' title='bbox 509 3129 624 3184; x_wconf 87' lang='lat' dir='ltr'><strong>ait:</strong></span> <span class='ocrx_word' id='word_1_356' title='bbox 675 3130 884 3185; x_wconf 87' lang='lat' dir='ltr'><strong>Domini</strong></span> <span class='ocrx_word' id='word_1_357' title='bbox 918 3134 1164 3190; x_wconf 89' lang='lat' dir='ltr'><strong>voluntas</strong></span> <span class='ocrx_word' id='word_1_358' title='bbox 1209 3135 1319 3205; x_wconf 83' lang='lat' dir='ltr'><strong>ﬁat,</strong></span> <span class='ocrx_word' id='word_1_359' title='bbox 1350 3136 1524 3204; x_wconf 89' lang='lat' dir='ltr'><strong>sitque</strong></span> <span class='ocrx_word' id='word_1_360' title='bbox 1552 3137 1899 3206; x_wconf 87' lang='lat' dir='ltr'><strong>quemadmo-</strong></span> 
     </span>
    </p>
   </div>
   <div class='ocr_carea' id='block_1_48' title="bbox 306 3219 1902 3293">
    <p class='ocr_par' dir='ltr' id='par_1_48' title="bbox 306 3219 1902 3293">
     <span class='ocr_line' id='line_1_48' title="bbox 306 3219 1902 3293; baseline 0.006 -17"><span class='ocrx_word' id='word_1_361' title='bbox 306 3220 434 3276; x_wconf 88' lang='lat' dir='ltr'><strong>dum</strong></span> <span class='ocrx_word' id='word_1_362' title='bbox 461 3219 694 3291; x_wconf 74' lang='lat' dir='ltr'><strong>jussisti.</strong></span> <span class='ocrx_word' id='word_1_363' title='bbox 729 3225 847 3293; x_wconf 92' lang='lat' dir='ltr'><strong>lpse</strong></span> <span class='ocrx_word' id='word_1_364' title='bbox 874 3237 1052 3282; x_wconf 92' lang='lat' dir='ltr'><strong>autem</strong></span> <span class='ocrx_word' id='word_1_365' title='bbox 1095 3227 1266 3283; x_wconf 87' lang='lat' dir='ltr'><strong>bonus</strong></span> <span class='ocrx_word' id='word_1_366' title='bbox 1298 3227 1436 3284; x_wconf 73' lang='lat' dir='ltr'><strong>Deus</strong></span> <span class='ocrx_word' id='word_1_367' title='bbox 1468 3245 1530 3284; x_wconf 86' lang='lat' dir='ltr'><strong>ac</strong></span> <span class='ocrx_word' id='word_1_368' title='bbox 1550 3229 1763 3285; x_wconf 87' lang='lat' dir='ltr'><strong>divinus</strong></span> <span class='ocrx_word' id='word_1_369' title='bbox 1799 3230 1902 3287; x_wconf 90' lang='lat' dir='ltr'><strong>hoc</strong></span> 
     </span>
    </p>
   </div>
   <div class='ocr_carea' id='block_1_49' title="bbox 2015 2005 3603 2081">
    <p class='ocr_par' dir='ltr' id='par_1_49' title="bbox 2015 2005 3603 2081">
     <span class='ocr_line' id='line_1_49' title="bbox 2015 2005 3603 2081; baseline 0.006 -24"><span class='ocrx_word' id='word_1_370' title='bbox 2015 2019 2078 2058; x_wconf 90' lang='lat' dir='ltr'><strong>ac</strong></span> <span class='ocrx_word' id='word_1_371' title='bbox 2106 2005 2286 2059; x_wconf 90' lang='lat' dir='ltr'><strong>mundi</strong></span> <span class='ocrx_word' id='word_1_372' title='bbox 2313 2007 2549 2074; x_wconf 88' lang='lat' dir='ltr'><strong>principe</strong></span> <span class='ocrx_word' id='word_1_373' title='bbox 2587 2007 2949 2073; x_wconf 82' lang='lat' dir='ltr'><strong>tenebrarum,</strong></span> <span class='ocrx_word' id='word_1_374' title='bbox 3005 2010 3087 2063; x_wconf 92' lang='lat' dir='ltr'><strong>cui</strong></span> <span class='ocrx_word' id='word_1_375' title='bbox 3126 2025 3183 2065; x_wconf 91' lang='lat' dir='ltr'><strong>se</strong></span> <span class='ocrx_word' id='word_1_376' title='bbox 3225 2013 3371 2081; x_wconf 91' lang='lat' dir='ltr'><strong>ipsos</strong></span> <span class='ocrx_word' id='word_1_377' title='bbox 3404 2012 3603 2068; x_wconf 87' lang='lat' dir='ltr'><strong>misere</strong></span> 
     </span>
    </p>
   </div>
   <div class='ocr_carea' id='block_1_50' title="bbox 2015 2097 3600 2172">
    <p class='ocr_par' dir='ltr' id='par_1_50' title="bbox 2015 2097 3600 2172">
     <span class='ocr_line' id='line_1_50' title="bbox 2015 2097 3600 2172; baseline 0.006 -20"><span class='ocrx_word' id='word_1_378' title='bbox 2015 2097 2377 2167; x_wconf 76' lang='lat' dir='ltr'><strong>subiecerunt,</strong></span> <span class='ocrx_word' id='word_1_379' title='bbox 2414 2099 2662 2154; x_wconf 90' lang='lat' dir='ltr'><strong>liduciam</strong></span> <span class='ocrx_word' id='word_1_380' title='bbox 2696 2114 2846 2155; x_wconf 89' lang='lat' dir='ltr'><strong>suam</strong></span> <span class='ocrx_word' id='word_1_381' title='bbox 2891 2101 3226 2158; x_wconf 87' lang='lat' dir='ltr'><strong>collocabant</strong></span> <span class='ocrx_word' id='word_1_382' title='bbox 3271 2102 3436 2172; x_wconf 72' lang='lat' dir='ltr'><strong>(Paul.</strong></span> <span class='ocrx_word' id='word_1_383' title='bbox 3483 2121 3600 2172; x_wconf 77' lang='lat' dir='ltr'><strong>Lvr,</strong></span> 
     </span>
    </p>
   </div>
   <div class='ocr_carea' id='block_1_51' title="bbox 2015 2187 2329 2260">
    <p class='ocr_par' dir='ltr' id='par_1_51' title="bbox 2015 2187 2329 2260">
     <span class='ocr_line' id='line_1_51' title="bbox 2015 2187 2329 2260; baseline 0.013 -18"><span class='ocrx_word' id='word_1_384' title='bbox 2015 2187 2203 2260; x_wconf 78' lang='lat' dir='ltr'><strong>Ep/tes.</strong></span> <span class='ocrx_word' id='word_1_385' title='bbox 2235 2190 2329 2258; x_wconf 79' lang='lat' dir='ltr'><strong>Vt).</strong></span> 
     </span>
    </p>
   </div>
   <div class='ocr_carea' id='block_1_52' title="bbox 2091 2282 3601 2355">
    <p class='ocr_par' dir='ltr' id='par_1_52' title="bbox 2091 2282 3601 2355">
     <span class='ocr_line' id='line_1_52' title="bbox 2091 2282 3601 2355; baseline 0.008 -20"><span class='ocrx_word' id='word_1_386' title='bbox 2091 2282 2406 2337; x_wconf 82' lang='lat' dir='ltr'><strong>Producitur</strong></span> <span class='ocrx_word' id='word_1_387' title='bbox 2434 2285 2612 2354; x_wconf 90' lang='lat' dir='ltr'><strong>itaque</strong></span> <span class='ocrx_word' id='word_1_388' title='bbox 2641 2284 2874 2352; x_wconf 88' lang='lat' dir='ltr'><strong>Nachor,</strong></span> <span class='ocrx_word' id='word_1_389' title='bbox 2904 2287 2993 2355; x_wconf 90' lang='lat' dir='ltr'><strong>qui</strong></span> <span class='ocrx_word' id='word_1_390' title='bbox 3029 2288 3362 2342; x_wconf 87' lang='lat' dir='ltr'><strong>Barlaamum</strong></span> <span class='ocrx_word' id='word_1_391' title='bbox 3386 2306 3444 2346; x_wconf 90' lang='lat' dir='ltr'><strong>se</strong></span> <span class='ocrx_word' id='word_1_392' title='bbox 3481 2307 3601 2347; x_wconf 86' lang='lat' dir='ltr'><strong>esse</strong></span> 
     </span>
    </p>
   </div>
   <div class='ocr_carea' id='block_1_53' title="bbox 2012 2373 3602 2451">
    <p class='ocr_par' dir='ltr' id='par_1_53' title="bbox 2012 2373 3602 2451">
     <span class='ocr_line' id='line_1_53' title="bbox 2012 2373 3602 2451; baseline 0.006 -23"><span class='ocrx_word' id='word_1_393' title='bbox 2012 2373 2315 2429; x_wconf 88' lang='lat' dir='ltr'><strong>simulabat.</strong></span> <span class='ocrx_word' id='word_1_394' title='bbox 2341 2377 2416 2431; x_wconf 84' lang='lat' dir='ltr'><strong>Ac</strong></span> <span class='ocrx_word' id='word_1_395' title='bbox 2444 2392 2536 2432; x_wconf 85' lang='lat' dir='ltr'><strong>rex</strong></span> <span class='ocrx_word' id='word_1_396' title='bbox 2581 2378 2797 2447; x_wconf 90' lang='lat' dir='ltr'><strong>quidem</strong></span> <span class='ocrx_word' id='word_1_397' title='bbox 2846 2378 2949 2433; x_wconf 91' lang='lat' dir='ltr'><strong>hoc</strong></span> <span class='ocrx_word' id='word_1_398' title='bbox 2975 2379 3074 2434; x_wconf 85' lang='lat' dir='ltr'><strong>sibi</strong></span> <span class='ocrx_word' id='word_1_399' title='bbox 3127 2381 3454 2451; x_wconf 84' lang='lat' dir='ltr'><strong>prepositum</strong></span> <span class='ocrx_word' id='word_1_400' title='bbox 3509 2383 3602 2439; x_wconf 74' lang='lat' dir='ltr'><strong>lia-</strong></span> 
     </span>
    </p>
   </div>
   <div class='ocr_carea' id='block_1_54' title="bbox 2012 2467 3599 2541">
    <p class='ocr_par' dir='ltr' id='par_1_54' title="bbox 2012 2467 3599 2541">
     <span class='ocr_line' id='line_1_54' title="bbox 2012 2467 3599 2541; baseline 0.006 -19"><span class='ocrx_word' id='word_1_401' title='bbox 2012 2467 2205 2533; x_wconf 88' lang='lat' dir='ltr'><strong>bebat;</strong></span> <span class='ocrx_word' id='word_1_402' title='bbox 2241 2483 2425 2523; x_wconf 84' lang='lat' dir='ltr'><strong>verum</strong></span> <span class='ocrx_word' id='word_1_403' title='bbox 2455 2473 2668 2538; x_wconf 76' lang='lat' dir='ltr'><strong>sapiens</strong></span> <span class='ocrx_word' id='word_1_404' title='bbox 2719 2471 2808 2525; x_wconf 86' lang='lat' dir='ltr'><strong>Dei</strong></span> <span class='ocrx_word' id='word_1_405' title='bbox 2841 2471 3173 2541; x_wconf 82' lang='lat' dir='ltr'><strong>providentia</strong></span> <span class='ocrx_word' id='word_1_406' title='bbox 3204 2475 3413 2531; x_wconf 68' lang='lat' dir='ltr'><strong>coalitus</strong></span> <span class='ocrx_word' id='word_1_407' title='bbox 3459 2476 3599 2532; x_wconf 83' lang='lat' dir='ltr'><strong>aliud</strong></span> 
     </span>
    </p>
   </div>
   <div class='ocr_carea' id='block_1_55' title="bbox 2015 2559 3598 2634">
    <p class='ocr_par' dir='ltr' id='par_1_55' title="bbox 2015 2559 3598 2634">
     <span class='ocr_line' id='line_1_55' title="bbox 2015 2559 3598 2634; baseline 0.008 -22"><span class='ocrx_word' id='word_1_408' title='bbox 2015 2559 2444 2614; x_wconf 80' lang='lat' dir='ltr'><strong>administrabat.</strong></span> <span class='ocrx_word' id='word_1_409' title='bbox 2479 2561 2795 2616; x_wconf 82' lang='lat' dir='ltr'><strong>Astantibus</strong></span> <span class='ocrx_word' id='word_1_410' title='bbox 2823 2563 2964 2618; x_wconf 89' lang='lat' dir='ltr'><strong>enim</strong></span> <span class='ocrx_word' id='word_1_411' title='bbox 2996 2564 3077 2619; x_wconf 87' lang='lat' dir='ltr'><strong>his</strong></span> <span class='ocrx_word' id='word_1_412' title='bbox 3106 2567 3376 2634; x_wconf 90' lang='lat' dir='ltr'><strong>omnibus,</strong></span> <span class='ocrx_word' id='word_1_413' title='bbox 3407 2583 3500 2624; x_wconf 90' lang='lat' dir='ltr'><strong>rex</strong></span> <span class='ocrx_word' id='word_1_414' title='bbox 3532 2569 3598 2624; x_wconf 91' lang='lat' dir='ltr'><strong>ad</strong></span> 
     </span>
    </p>
   </div>
   <div class='ocr_carea' id='block_1_56' title="bbox 2009 2654 3600 2727">
    <p class='ocr_par' dir='ltr' id='par_1_56' title="bbox 2009 2654 3600 2727">
     <span class='ocr_line' id='line_1_56' title="bbox 2009 2654 3600 2727; baseline 0.006 -22"><span class='ocrx_word' id='word_1_415' title='bbox 2009 2661 2248 2707; x_wconf 90' lang='lat' dir='ltr'><strong>oratores</strong></span> <span class='ocrx_word' id='word_1_416' title='bbox 2274 2667 2399 2708; x_wconf 89' lang='lat' dir='ltr'><strong>suos</strong></span> <span class='ocrx_word' id='word_1_417' title='bbox 2420 2663 2474 2710; x_wconf 91' lang='lat' dir='ltr'><strong>et</strong></span> <span class='ocrx_word' id='word_1_418' title='bbox 2505 2654 2871 2725; x_wconf 87' lang='lat' dir='ltr'><strong>philosophos,</strong></span> <span class='ocrx_word' id='word_1_419' title='bbox 2897 2656 2979 2712; x_wconf 89' lang='lat' dir='ltr'><strong>vel</strong></span> <span class='ocrx_word' id='word_1_420' title='bbox 3014 2659 3190 2726; x_wconf 90' lang='lat' dir='ltr'><strong>potius</strong></span> <span class='ocrx_word' id='word_1_421' title='bbox 3234 2659 3400 2727; x_wconf 83' lang='lat' dir='ltr'><strong>plebis</strong></span> <span class='ocrx_word' id='word_1_422' title='bbox 3442 2661 3600 2715; x_wconf 85' lang='lat' dir='ltr'><strong>sedu-</strong></span> 
     </span>
    </p>
   </div>
   <div class='ocr_carea' id='block_1_57' title="bbox 2009 2749 3602 2826">
    <p class='ocr_par' dir='ltr' id='par_1_57' title="bbox 2009 2749 3602 2826">
     <span class='ocr_line' id='line_1_57' title="bbox 2009 2749 3602 2826; baseline 0.006 -24"><span class='ocrx_word' id='word_1_423' title='bbox 2009 2756 2188 2804; x_wconf 89' lang='lat' dir='ltr'><strong>ctores</strong></span> <span class='ocrx_word' id='word_1_424' title='bbox 2217 2759 2269 2804; x_wconf 91' lang='lat' dir='ltr'><strong>et</strong></span> <span class='ocrx_word' id='word_1_425' title='bbox 2301 2749 2500 2804; x_wconf 85' lang='lat' dir='ltr'><strong>stolido</strong></span> <span class='ocrx_word' id='word_1_426' title='bbox 2528 2751 2688 2805; x_wconf 90' lang='lat' dir='ltr'><strong>corde</strong></span> <span class='ocrx_word' id='word_1_427' title='bbox 2714 2752 2985 2820; x_wconf 73' lang='lat' dir='ltr'><strong>prteditos,</strong></span> <span class='ocrx_word' id='word_1_428' title='bbox 3016 2751 3089 2807; x_wconf 90' lang='lat' dir='ltr'><strong>ait</strong></span> <span class='ocrx_word' id='word_1_429' title='bbox 3114 2772 3125 2805; x_wconf 85' lang='lat'><strong>:</strong></span> <span class='ocrx_word' id='word_1_430' title='bbox 3159 2753 3321 2826; x_wconf 60' lang='lat' dir='ltr'><strong>30A</strong></span> <span class='ocrx_word' id='word_1_431' title='bbox 3350 2755 3430 2810; x_wconf 85' lang='lat' dir='ltr'><strong>En</strong></span> <span class='ocrx_word' id='word_1_432' title='bbox 3452 2756 3602 2811; x_wconf 80' lang='lat' dir='ltr'><strong>vobis</strong></span> 
     </span>
    </p>
   </div>
   <div class='ocr_carea' id='block_1_58' title="bbox 2014 2844 3601 2916">
    <p class='ocr_par' dir='ltr' id='par_1_58' title="bbox 2014 2844 3601 2916">
     <span class='ocr_line' id='line_1_58' title="bbox 2014 2844 3601 2916; baseline 0.006 -21"><span class='ocrx_word' id='word_1_433' title='bbox 2014 2851 2308 2909; x_wconf 84' lang='lat' dir='ltr'><strong>certamen,</strong></span> <span class='ocrx_word' id='word_1_434' title='bbox 2340 2853 2393 2899; x_wconf 90' lang='lat' dir='ltr'><strong>et</strong></span> <span class='ocrx_word' id='word_1_435' title='bbox 2424 2844 2636 2914; x_wconf 90' lang='lat' dir='ltr'><strong>quidem</strong></span> <span class='ocrx_word' id='word_1_436' title='bbox 2660 2847 2948 2900; x_wconf 77' lang='lat' dir='ltr'><strong>maximum</strong></span> <span class='ocrx_word' id='word_1_437' title='bbox 2979 2846 3308 2916; x_wconf 83' lang='lat' dir='ltr'><strong>propositum</strong></span> <span class='ocrx_word' id='word_1_438' title='bbox 3334 2860 3433 2904; x_wconf 87' lang='lat' dir='ltr'><strong>est.</strong></span> <span class='ocrx_word' id='word_1_439' title='bbox 3468 2849 3601 2905; x_wconf 81' lang='lat' dir='ltr'><strong>Duo-</strong></span> 
     </span>
    </p>
   </div>
   <div class='ocr_carea' id='block_1_59' title="bbox 2009 2935 3600 3009">
    <p class='ocr_par' dir='ltr' id='par_1_59' title="bbox 2009 2935 3600 3009">
     <span class='ocr_line' id='line_1_59' title="bbox 2009 2935 3600 3009; baseline 0.004 -19"><span class='ocrx_word' id='word_1_440' title='bbox 2009 2949 2127 2990; x_wconf 89' lang='lat' dir='ltr'><strong>rum</strong></span> <span class='ocrx_word' id='word_1_441' title='bbox 2161 2935 2305 2990; x_wconf 91' lang='lat' dir='ltr'><strong>enim</strong></span> <span class='ocrx_word' id='word_1_442' title='bbox 2347 2935 2574 2990; x_wconf 88' lang='lat' dir='ltr'><strong>alterum</strong></span> <span class='ocrx_word' id='word_1_443' title='bbox 2624 2935 2776 2991; x_wconf 93' lang='lat' dir='ltr'><strong>vobis</strong></span> <span class='ocrx_word' id='word_1_444' title='bbox 2825 2938 3118 3007; x_wconf 87' lang='lat' dir='ltr'><strong>continget,</strong></span> <span class='ocrx_word' id='word_1_445' title='bbox 3171 2955 3364 3009; x_wconf 86' lang='lat' dir='ltr'><strong>nempe</strong></span> <span class='ocrx_word' id='word_1_446' title='bbox 3417 2949 3473 2994; x_wconf 93' lang='lat' dir='ltr'><strong>ut</strong></span> <span class='ocrx_word' id='word_1_447' title='bbox 3515 2940 3600 2997; x_wconf 85' lang='lat' dir='ltr'><strong>vel</strong></span> 
     </span>
    </p>
   </div>
   <div class='ocr_carea' id='block_1_60' title="bbox 2008 3028 3600 3101">
    <p class='ocr_par' dir='ltr' id='par_1_60' title="bbox 2008 3028 3600 3101">
     <span class='ocr_line' id='line_1_60' title="bbox 2008 3028 3600 3101; baseline 0.004 -18"><span class='ocrx_word' id='word_1_448' title='bbox 2008 3028 2248 3084; x_wconf 91' lang='lat' dir='ltr'><strong>doctrina</strong></span> <span class='ocrx_word' id='word_1_449' title='bbox 2282 3039 2464 3084; x_wconf 87' lang='lat' dir='ltr'><strong>nostra</strong></span> <span class='ocrx_word' id='word_1_450' title='bbox 2497 3030 2833 3097; x_wconf 84' lang='lat' dir='ltr'><strong>continuata,</strong></span> <span class='ocrx_word' id='word_1_451' title='bbox 2863 3032 3172 3101; x_wconf 91' lang='lat' dir='ltr'><strong>errorisque</strong></span> <span class='ocrx_word' id='word_1_452' title='bbox 3198 3033 3443 3089; x_wconf 87' lang='lat' dir='ltr'><strong>convicto</strong></span> <span class='ocrx_word' id='word_1_453' title='bbox 3473 3035 3600 3089; x_wconf 82' lang='lat' dir='ltr'><strong>Bar-</strong></span> 
     </span>
    </p>
   </div>
   <div class='ocr_carea' id='block_1_61' title="bbox 2008 3121 3598 3193">
    <p class='ocr_par' dir='ltr' id='par_1_61' title="bbox 2008 3121 3598 3193">
     <span class='ocr_line' id='line_1_61' title="bbox 2008 3121 3598 3193; baseline 0.005 -19"><span class='ocrx_word' id='word_1_454' title='bbox 2008 3121 2186 3177; x_wconf 91' lang='lat' dir='ltr'><strong>laamo</strong></span> <span class='ocrx_word' id='word_1_455' title='bbox 2221 3123 2500 3193; x_wconf 88' lang='lat' dir='ltr'><strong>ipsiusque</strong></span> <span class='ocrx_word' id='word_1_456' title='bbox 2529 3123 2713 3190; x_wconf 91' lang='lat' dir='ltr'><strong>sociis,</strong></span> <span class='ocrx_word' id='word_1_457' title='bbox 2746 3123 3034 3177; x_wconf 83' lang='lat' dir='ltr'><strong>maximam</strong></span> <span class='ocrx_word' id='word_1_458' title='bbox 3067 3123 3290 3193; x_wconf 83' lang='lat' dir='ltr'><strong>gloriam</strong></span> <span class='ocrx_word' id='word_1_459' title='bbox 3333 3135 3386 3180; x_wconf 89' lang='lat' dir='ltr'><strong>et</strong></span> <span class='ocrx_word' id='word_1_460' title='bbox 3431 3127 3598 3182; x_wconf 37' lang='lat' dir='ltr'><strong>honos</strong></span> 
     </span>
    </p>
   </div>
   <div class='ocr_carea' id='block_1_62' title="bbox 2009 3217 3597 3288">
    <p class='ocr_par' dir='ltr' id='par_1_62' title="bbox 2009 3217 3597 3288">
     <span class='ocr_line' id='line_1_62' title="bbox 2009 3217 3597 3288; baseline 0.004 -18"><span class='ocrx_word' id='word_1_461' title='bbox 2009 3231 2120 3271; x_wconf 84' lang='lat' dir='ltr'><strong>rem</strong></span> <span class='ocrx_word' id='word_1_462' title='bbox 2148 3227 2257 3271; x_wconf 90' lang='lat' dir='ltr'><strong>tum</strong></span> <span class='ocrx_word' id='word_1_463' title='bbox 2288 3235 2319 3272; x_wconf 88' lang='lat' dir='ltr'><strong>a</strong></span> <span class='ocrx_word' id='word_1_464' title='bbox 2349 3217 2506 3273; x_wconf 88' lang='lat' dir='ltr'><strong>nobis</strong></span> <span class='ocrx_word' id='word_1_465' title='bbox 2541 3227 2650 3272; x_wconf 90' lang='lat' dir='ltr'><strong>tum</strong></span> <span class='ocrx_word' id='word_1_466' title='bbox 2682 3233 2711 3272; x_wconf 89' lang='lat' dir='ltr'><strong>a</strong></span> <span class='ocrx_word' id='word_1_467' title='bbox 2738 3227 2927 3273; x_wconf 89' lang='lat' dir='ltr'><strong>senatu</strong></span> <span class='ocrx_word' id='word_1_468' title='bbox 2961 3221 3384 3288; x_wconf 83' lang='lat' dir='ltr'><strong>consequannui,</strong></span> <span class='ocrx_word' id='word_1_469' title='bbox 3430 3238 3491 3276; x_wconf 88' lang='lat' dir='ltr'><strong>ac</strong></span> <span class='ocrx_word' id='word_1_470' title='bbox 3517 3222 3597 3276; x_wconf 90' lang='lat' dir='ltr'><strong>vi-</strong></span> 
     </span>
    </p>
   </div>
   <div class='ocr_carea' id='block_1_63' title="bbox 307 3301 3596 3389">
    <p class='ocr_par' dir='ltr' id='par_1_63' title="bbox 307 3301 3596 3389">
     <span class='ocr_line' id='line_1_63' title="bbox 307 3301 3596 3389; baseline 0.004 -29"><span class='ocrx_word' id='word_1_471' title='bbox 307 3313 463 3367; x_wconf 84' lang='lat' dir='ltr'><strong>nobis</strong></span> <span class='ocrx_word' id='word_1_472' title='bbox 493 3315 773 3380; x_wconf 80' lang='lat' dir='ltr'><strong>concedat,</strong></span> <span class='ocrx_word' id='word_1_473' title='bbox 807 3332 873 3372; x_wconf 76' lang='lat' dir='ltr'><strong>ne</strong></span> <span class='ocrx_word' id='word_1_474' title='bbox 909 3333 939 3372; x_wconf 67' lang='grc' dir='ltr'><strong><em>ει</em></strong></span> <span class='ocrx_word' id='word_1_475' title='bbox 971 3328 1115 3374; x_wconf 63' lang='lat' dir='ltr'><strong>recta</strong></span> <span class='ocrx_word' id='word_1_476' title='bbox 1147 3319 1226 3372; x_wconf 59' lang='lat' dir='ltr'><strong>via</strong></span> <span class='ocrx_word' id='word_1_477' title='bbox 1275 3321 1616 3389; x_wconf 66' lang='lat' dir='ltr'><strong>aberremus;</strong></span> <span class='ocrx_word' id='word_1_478' title='bbox 1665 3339 1786 3377; x_wconf 72' lang='lat' dir='ltr'><strong>nam</strong></span> <span class='ocrx_word' id='word_1_479' title='bbox 1843 3324 1896 3378; x_wconf 77' lang='lat' dir='ltr'><strong>in</strong></span> <span class='ocrx_word' id='word_1_480' title='bbox 1926 3301 1975 3368; x_wconf 82' lang='lat' dir='ltr'><strong>C</strong></span> <span class='ocrx_word' id='word_1_481' title='bbox 2006 3311 2800 3378; x_wconf 87' lang='lat' dir='ltr'><strong>ctricibuscoronisornemini;</strong></span> <span class='ocrx_word' id='word_1_482' title='bbox 2831 3311 2912 3368; x_wconf 90' lang='lat' dir='ltr'><strong>vel</strong></span> <span class='ocrx_word' id='word_1_483' title='bbox 2935 3309 3085 3366; x_wconf 79' lang='lat' dir='ltr'><strong>fracti</strong></span> <span class='ocrx_word' id='word_1_484' title='bbox 3108 3329 3170 3370; x_wconf 93' lang='lat' dir='ltr'><strong>ac</strong></span> <span class='ocrx_word' id='word_1_485' title='bbox 3193 3316 3452 3384; x_wconf 79' lang='lat' dir='ltr'><strong>superati,</strong></span> <span class='ocrx_word' id='word_1_486' title='bbox 3477 3332 3596 3371; x_wconf 91' lang='lat' dir='ltr'><strong>cum</strong></span> 
     </span>
    </p>
   </div>
   <div class='ocr_carea' id='block_1_64' title="bbox 307 3403 1898 3481">
    <p class='ocr_par' dir='ltr' id='par_1_64' title="bbox 307 3403 1898 3481">
     <span class='ocr_line' id='line_1_64' title="bbox 307 3403 1898 3481; baseline 0.006 -21"><span class='ocrx_word' id='word_1_487' title='bbox 307 3403 426 3474; x_wconf 89' lang='lat' dir='ltr'><strong>ipso</strong></span> <span class='ocrx_word' id='word_1_488' title='bbox 467 3406 690 3462; x_wconf 79' lang='lat' dir='ltr'><strong>coiiﬁdit</strong></span> <span class='ocrx_word' id='word_1_489' title='bbox 737 3409 911 3464; x_wconf 90' lang='lat' dir='ltr'><strong>anima</strong></span> <span class='ocrx_word' id='word_1_490' title='bbox 963 3426 1104 3476; x_wconf 89' lang='lat' dir='ltr'><strong>mea,</strong></span> <span class='ocrx_word' id='word_1_491' title='bbox 1137 3421 1189 3466; x_wconf 91' lang='lat' dir='ltr'><strong>et</strong></span> <span class='ocrx_word' id='word_1_492' title='bbox 1220 3413 1334 3481; x_wconf 90' lang='lat' dir='ltr'><strong>ipse</strong></span> <span class='ocrx_word' id='word_1_493' title='bbox 1379 3415 1482 3468; x_wconf 90' lang='lat' dir='ltr'><strong>mei</strong></span> <span class='ocrx_word' id='word_1_494' title='bbox 1535 3415 1898 3470; x_wconf 87' lang='lat' dir='ltr'><strong>miserebitur.</strong></span> 
     </span>
    </p>
   </div>
   <div class='ocr_carea' id='block_1_65' title="bbox 306 3497 1896 3578">
    <p class='ocr_par' dir='ltr' id='par_1_65' title="bbox 306 3497 1896 3578">
     <span class='ocr_line' id='line_1_65' title="bbox 306 3497 1896 3578; baseline 0.009 -27"><span class='ocrx_word' id='word_1_495' title='bbox 306 3497 460 3554; x_wconf 79' lang='lat' dir='ltr'><strong>Tunc</strong></span> <span class='ocrx_word' id='word_1_496' title='bbox 484 3497 642 3570; x_wconf 85' lang='lat' dir='ltr'><strong>igitur</strong></span> <span class='ocrx_word' id='word_1_497' title='bbox 670 3517 790 3568; x_wconf 83' lang='lat' dir='ltr'><strong>rex,</strong></span> <span class='ocrx_word' id='word_1_498' title='bbox 825 3518 1012 3559; x_wconf 91' lang='lat' dir='ltr'><strong>omnes</strong></span> <span class='ocrx_word' id='word_1_499' title='bbox 1040 3513 1146 3559; x_wconf 91' lang='lat' dir='ltr'><strong>tam</strong></span> <span class='ocrx_word' id='word_1_500' title='bbox 1178 3505 1439 3562; x_wconf 89' lang='lat' dir='ltr'><strong>idolorum</strong></span> <span class='ocrx_word' id='word_1_501' title='bbox 1470 3510 1702 3564; x_wconf 83' lang='lat' dir='ltr'><strong>cultores</strong></span> <span class='ocrx_word' id='word_1_502' title='bbox 1740 3526 1896 3578; x_wconf 90' lang='lat' dir='ltr'><strong>quam</strong></span> 
     </span>
    </p>
   </div>
   <div class='ocr_carea' id='block_1_66' title="bbox 304 3593 1896 3670">
    <p class='ocr_par' dir='ltr' id='par_1_66' title="bbox 304 3593 1896 3670">
     <span class='ocr_line' id='line_1_66' title="bbox 304 3593 1896 3670; baseline 0.007 -21"><span class='ocrx_word' id='word_1_503' title='bbox 304 3593 641 3649; x_wconf 87' lang='lat' dir='ltr'><strong>Christianos</strong></span> <span class='ocrx_word' id='word_1_504' title='bbox 664 3597 713 3650; x_wconf 92' lang='lat' dir='ltr'><strong>in</strong></span> <span class='ocrx_word' id='word_1_505' title='bbox 747 3613 907 3652; x_wconf 89' lang='lat' dir='ltr'><strong>unum</strong></span> <span class='ocrx_word' id='word_1_506' title='bbox 939 3601 1400 3670; x_wconf 89' lang='lat' dir='ltr'><strong>convenirijubet,</strong></span> <span class='ocrx_word' id='word_1_507' title='bbox 1427 3604 1618 3659; x_wconf 88' lang='lat' dir='ltr'><strong>litteris</strong></span> <span class='ocrx_word' id='word_1_508' title='bbox 1642 3605 1896 3660; x_wconf 86' lang='lat' dir='ltr'><strong>nimirum</strong></span> 
     </span>
    </p>
   </div>
   <div class='ocr_carea' id='block_1_67' title="bbox 303 3692 1899 3767">
    <p class='ocr_par' dir='ltr' id='par_1_67' title="bbox 303 3692 1899 3767">
     <span class='ocr_line' id='line_1_67' title="bbox 303 3692 1899 3767; baseline 0.008 -27"><span class='ocrx_word' id='word_1_509' title='bbox 303 3702 731 3758; x_wconf 87' lang='lat' dir='ltr'><strong>quaquaversum</strong></span> <span class='ocrx_word' id='word_1_510' title='bbox 749 3692 943 3761; x_wconf 81' lang='lat' dir='ltr'><strong>missis,</strong></span> <span class='ocrx_word' id='word_1_511' title='bbox 969 3708 1029 3747; x_wconf 90' lang='lat' dir='ltr'><strong>ac</strong></span> <span class='ocrx_word' id='word_1_512' title='bbox 1046 3695 1376 3762; x_wconf 70' lang='lat' dir='ltr'><strong>prmeonibus</strong></span> <span class='ocrx_word' id='word_1_513' title='bbox 1397 3695 1484 3765; x_wconf 92' lang='lat' dir='ltr'><strong>qui</strong></span> <span class='ocrx_word' id='word_1_514' title='bbox 1505 3712 1595 3764; x_wconf 90' lang='lat' dir='ltr'><strong>per</strong></span> <span class='ocrx_word' id='word_1_515' title='bbox 1620 3697 1798 3751; x_wconf 90' lang='lat' dir='ltr'><strong>omnia</strong></span> <span class='ocrx_word' id='word_1_516' title='bbox 1816 3713 1899 3767; x_wconf 88' lang='lat' dir='ltr'><strong>op-</strong></span> 
     </span>
    </p>
   </div>
   <div class='ocr_carea' id='block_1_68' title="bbox 303 3779 1894 3858">
    <p class='ocr_par' dir='ltr' id='par_1_68' title="bbox 303 3779 1894 3858">
     <span class='ocr_line' id='line_1_68' title="bbox 303 3779 1894 3858; baseline 0.008 -26"><span class='ocrx_word' id='word_1_517' title='bbox 303 3779 426 3848; x_wconf 86' lang='lat' dir='ltr'><strong>pida</strong></span> <span class='ocrx_word' id='word_1_518' title='bbox 460 3781 882 3852; x_wconf 87' lang='lat' dir='ltr'><strong>proclamarent,</strong></span> <span class='ocrx_word' id='word_1_519' title='bbox 915 3800 982 3839; x_wconf 91' lang='lat' dir='ltr'><strong>ne</strong></span> <span class='ocrx_word' id='word_1_520' title='bbox 1013 3788 1130 3856; x_wconf 90' lang='lat' dir='ltr'><strong>quis</strong></span> <span class='ocrx_word' id='word_1_521' title='bbox 1155 3783 1607 3852; x_wconf 87' lang='lat' dir='ltr'><strong>Christianorum,</strong></span> <span class='ocrx_word' id='word_1_522' title='bbox 1643 3799 1894 3858; x_wconf 80' lang='lat' dir='ltr'><strong>tauquattt</strong></span> 
     </span>
    </p>
   </div>
   <div class='ocr_carea' id='block_1_69' title="bbox 305 3870 1894 3947">
    <p class='ocr_par' dir='ltr' id='par_1_69' title="bbox 305 3870 1894 3947">
     <span class='ocr_line' id='line_1_69' title="bbox 305 3870 1894 3947; baseline 0.008 -23"><span class='ocrx_word' id='word_1_523' title='bbox 305 3870 780 3943; x_wconf 86' lang='lat' dir='ltr'><strong>inopinatialiquid</strong></span> <span class='ocrx_word' id='word_1_524' title='bbox 804 3891 1181 3946; x_wconf 88' lang='lat' dir='ltr'><strong>perpessurus,</strong></span> <span class='ocrx_word' id='word_1_525' title='bbox 1203 3880 1255 3933; x_wconf 93' lang='lat' dir='ltr'><strong>in</strong></span> <span class='ocrx_word' id='word_1_526' title='bbox 1272 3889 1414 3934; x_wconf 90' lang='lat' dir='ltr'><strong>metu</strong></span> <span class='ocrx_word' id='word_1_527' title='bbox 1437 3889 1772 3947; x_wconf 88' lang='lat' dir='ltr'><strong>versaretur;</strong></span> <span class='ocrx_word' id='word_1_528' title='bbox 1801 3899 1894 3937; x_wconf 89' lang='lat' dir='ltr'><strong>ve-</strong></span> 
     </span>
    </p>
   </div>
   <div class='ocr_carea' id='block_1_70' title="bbox 303 3972 1894 4043">
    <p class='ocr_par' dir='ltr' id='par_1_70' title="bbox 303 3972 1894 4043">
     <span class='ocr_line' id='line_1_70' title="bbox 303 3972 1894 4043; baseline 0.004 -23"><span class='ocrx_word' id='word_1_529' title='bbox 303 3979 426 4021; x_wconf 86' lang='lat' dir='ltr'><strong>rum</strong></span> <span class='ocrx_word' id='word_1_530' title='bbox 476 3982 661 4024; x_wconf 86' lang='lat' dir='ltr'><strong>omnes</strong></span> <span class='ocrx_word' id='word_1_531' title='bbox 708 3987 802 4040; x_wconf 88' lang='lat' dir='ltr'><strong>per</strong></span> <span class='ocrx_word' id='word_1_532' title='bbox 849 3972 1097 4026; x_wconf 88' lang='lat' dir='ltr'><strong>sodalitia</strong></span> <span class='ocrx_word' id='word_1_533' title='bbox 1149 3981 1203 4026; x_wconf 91' lang='lat' dir='ltr'><strong>et</strong></span> <span class='ocrx_word' id='word_1_534' title='bbox 1241 3972 1586 4043; x_wconf 86' lang='lat' dir='ltr'><strong>cognationes</strong></span> <span class='ocrx_word' id='word_1_535' title='bbox 1633 3973 1683 4027; x_wconf 93' lang='lat' dir='ltr'><strong>iu</strong></span> <span class='ocrx_word' id='word_1_536' title='bbox 1733 3989 1894 4027; x_wconf 87' lang='lat' dir='ltr'><strong>unum</strong></span> 
     </span>
    </p>
   </div>
   <div class='ocr_carea' id='block_1_71' title="bbox 302 4059 1897 4134">
    <p class='ocr_par' dir='ltr' id='par_1_71' title="bbox 302 4059 1897 4134">
     <span class='ocr_line' id='line_1_71' title="bbox 302 4059 1897 4134; baseline 0.008 -22"><span class='ocrx_word' id='word_1_537' title='bbox 302 4059 532 4130; x_wconf 90' lang='lat' dir='ltr'><strong>coirent,</strong></span> <span class='ocrx_word' id='word_1_538' title='bbox 585 4066 724 4134; x_wconf 86' lang='lat' dir='ltr'><strong>quod</strong></span> <span class='ocrx_word' id='word_1_539' title='bbox 783 4067 1021 4122; x_wconf 88' lang='lat' dir='ltr'><strong>veritatis</strong></span> <span class='ocrx_word' id='word_1_540' title='bbox 1069 4067 1331 4132; x_wconf 91' lang='lat' dir='ltr'><strong>studiosa,</strong></span> <span class='ocrx_word' id='word_1_541' title='bbox 1386 4084 1449 4123; x_wconf 90' lang='lat' dir='ltr'><strong>ac</strong></span> <span class='ocrx_word' id='word_1_542' title='bbox 1495 4084 1598 4124; x_wconf 89' lang='lat' dir='ltr'><strong>non</strong></span> <span class='ocrx_word' id='word_1_543' title='bbox 1630 4080 1812 4125; x_wconf 88' lang='lat' dir='ltr'><strong>coacta</strong></span> <span class='ocrx_word' id='word_1_544' title='bbox 1845 4081 1897 4126; x_wconf 90' lang='lat' dir='ltr'><strong>et</strong></span> 
     </span>
    </p>
   </div>
   <div class='ocr_carea' id='block_1_72' title="bbox 301 4151 1893 4230">
    <p class='ocr_par' dir='ltr' id='par_1_72' title="bbox 301 4151 1893 4230">
     <span class='ocr_line' id='line_1_72' title="bbox 301 4151 1893 4230; baseline 0.008 -27"><span class='ocrx_word' id='word_1_545' title='bbox 301 4151 538 4207; x_wconf 86' lang='lat' dir='ltr'><strong>violenta</strong></span> <span class='ocrx_word' id='word_1_546' title='bbox 564 4153 833 4226; x_wconf 88' lang='lat' dir='ltr'><strong>inquisitio</strong></span> <span class='ocrx_word' id='word_1_547' title='bbox 865 4174 965 4213; x_wconf 89' lang='lat' dir='ltr'><strong>una</strong></span> <span class='ocrx_word' id='word_1_548' title='bbox 989 4172 1110 4212; x_wconf 91' lang='lat' dir='ltr'><strong>cum</strong></span> <span class='ocrx_word' id='word_1_549' title='bbox 1143 4174 1327 4213; x_wconf 89' lang='lat' dir='ltr'><strong>eorum</strong></span> <span class='ocrx_word' id='word_1_550' title='bbox 1370 4159 1504 4215; x_wconf 88' lang='lat' dir='ltr'><strong>duce</strong></span> <span class='ocrx_word' id='word_1_551' title='bbox 1548 4168 1706 4230; x_wconf 87' lang='lat' dir='ltr'><strong>atque</strong></span> <span class='ocrx_word' id='word_1_552' title='bbox 1748 4170 1893 4216; x_wconf 84' lang='lat' dir='ltr'><strong>aule-</strong></span> 
     </span>
    </p>
   </div>
   <div class='ocr_carea' id='block_1_73' title="bbox 298 4245 1894 4320">
    <p class='ocr_par' dir='ltr' id='par_1_73' title="bbox 298 4245 1894 4320">
     <span class='ocr_line' id='line_1_73' title="bbox 298 4245 1894 4320; baseline 0.006 -22"><span class='ocrx_word' id='word_1_553' title='bbox 298 4245 531 4313; x_wconf 86' lang='lat' dir='ltr'><strong>signano</strong></span> <span class='ocrx_word' id='word_1_554' title='bbox 559 4247 838 4304; x_wconf 83' lang='lat' dir='ltr'><strong>Barlaamo</strong></span> <span class='ocrx_word' id='word_1_555' title='bbox 868 4250 1039 4306; x_wconf 74' lang='lat' dir='ltr'><strong>futura</strong></span> <span class='ocrx_word' id='word_1_556' title='bbox 1063 4259 1226 4306; x_wconf 87' lang='lat' dir='ltr'><strong>esset.</strong></span> <span class='ocrx_word' id='word_1_557' title='bbox 1260 4251 1571 4320; x_wconf 89' lang='lat' dir='ltr'><strong>Eodemque</strong></span> <span class='ocrx_word' id='word_1_558' title='bbox 1595 4251 1753 4306; x_wconf 89' lang='lat' dir='ltr'><strong>modo</strong></span> <span class='ocrx_word' id='word_1_559' title='bbox 1782 4252 1894 4306; x_wconf 73' lang='lat' dir='ltr'><strong>id..—</strong></span> 
     </span>
    </p>
   </div>
   <div class='ocr_carea' id='block_1_74' title="bbox 299 4338 1895 4417">
    <p class='ocr_par' dir='ltr' id='par_1_74' title="bbox 299 4338 1895 4417">
     <span class='ocr_line' id='line_1_74' title="bbox 299 4338 1895 4417; baseline 0.006 -24"><span class='ocrx_word' id='word_1_560' title='bbox 299 4338 478 4394; x_wconf 90' lang='lat' dir='ltr'><strong>lorum</strong></span> <span class='ocrx_word' id='word_1_561' title='bbox 503 4342 665 4398; x_wconf 89' lang='lat' dir='ltr'><strong>etiam</strong></span> <span class='ocrx_word' id='word_1_562' title='bbox 697 4346 928 4401; x_wconf 84' lang='lat' dir='ltr'><strong>cultores</strong></span> <span class='ocrx_word' id='word_1_563' title='bbox 964 4361 1026 4400; x_wconf 88' lang='lat' dir='ltr'><strong>ac</strong></span> <span class='ocrx_word' id='word_1_564' title='bbox 1056 4346 1380 4410; x_wconf 88' lang='lat' dir='ltr'><strong>sacerdotes,</strong></span> <span class='ocrx_word' id='word_1_565' title='bbox 1414 4345 1895 4417; x_wconf 64' lang='lat' dir='ltr'><strong>Chaldicorumque</strong></span> 
     </span>
    </p>
   </div>
   <div class='ocr_carea' id='block_1_75' title="bbox 295 4435 1891 4508">
    <p class='ocr_par' dir='ltr' id='par_1_75' title="bbox 295 4435 1891 4508">
     <span class='ocr_line' id='line_1_75' title="bbox 295 4435 1891 4508; baseline 0.003 -19"><span class='ocrx_word' id='word_1_566' title='bbox 295 4441 354 4489; x_wconf 84' lang='lat' dir='ltr'><strong>et</strong></span> <span class='ocrx_word' id='word_1_567' title='bbox 390 4435 640 4491; x_wconf 89' lang='lat' dir='ltr'><strong>ludorum</strong></span> <span class='ocrx_word' id='word_1_568' title='bbox 671 4438 964 4507; x_wconf 81' lang='lat' dir='ltr'><strong>sapientes,</strong></span> <span class='ocrx_word' id='word_1_569' title='bbox 1017 4439 1108 4507; x_wconf 92' lang='lat' dir='ltr'><strong>qui</strong></span> <span class='ocrx_word' id='word_1_570' title='bbox 1159 4440 1210 4493; x_wconf 93' lang='lat' dir='ltr'><strong>in</strong></span> <span class='ocrx_word' id='word_1_571' title='bbox 1242 4438 1495 4494; x_wconf 85' lang='lat' dir='ltr'><strong>universo</strong></span> <span class='ocrx_word' id='word_1_572' title='bbox 1524 4439 1690 4508; x_wconf 87' lang='lat' dir='ltr'><strong>ipsius</strong></span> <span class='ocrx_word' id='word_1_573' title='bbox 1719 4438 1891 4508; x_wconf 86' lang='lat' dir='ltr'><strong>impe-</strong></span> 
     </span>
    </p>
   </div>
   <div class='ocr_carea' id='block_1_76' title="bbox 295 4527 1894 4603">
    <p class='ocr_par' dir='ltr' id='par_1_76' title="bbox 295 4527 1894 4603">
     <span class='ocr_line' id='line_1_76' title="bbox 295 4527 1894 4603; baseline 0.002 -20"><span class='ocrx_word' id='word_1_574' title='bbox 295 4527 380 4583; x_wconf 91' lang='lat' dir='ltr'><strong>rio</strong></span> <span class='ocrx_word' id='word_1_575' title='bbox 403 4539 578 4596; x_wconf 88' lang='lat' dir='ltr'><strong>erant,</strong></span> <span class='ocrx_word' id='word_1_576' title='bbox 609 4531 978 4603; x_wconf 87' lang='lat' dir='ltr'><strong>quosdamque</strong></span> <span class='ocrx_word' id='word_1_577' title='bbox 1027 4534 1188 4587; x_wconf 89' lang='lat' dir='ltr'><strong>etiam</strong></span> <span class='ocrx_word' id='word_1_578' title='bbox 1237 4548 1488 4602; x_wconf 89' lang='lat' dir='ltr'><strong>augures,</strong></span> <span class='ocrx_word' id='word_1_579' title='bbox 1517 4541 1570 4586; x_wconf 90' lang='lat' dir='ltr'><strong>et</strong></span> <span class='ocrx_word' id='word_1_580' title='bbox 1601 4533 1894 4602; x_wconf 70' lang='lat' dir='ltr'><strong>praestigia-</strong></span> 
     </span>
    </p>
   </div>
   <div class='ocr_carea' id='block_1_77' title="bbox 296 4622 1892 4695">
    <p class='ocr_par' dir='ltr' id='par_1_77' title="bbox 296 4622 1892 4695">
     <span class='ocr_line' id='line_1_77' title="bbox 296 4622 1892 4695; baseline 0.003 -21"><span class='ocrx_word' id='word_1_581' title='bbox 296 4628 470 4687; x_wconf 86' lang='lat' dir='ltr'><strong>tores,</strong></span> <span class='ocrx_word' id='word_1_582' title='bbox 500 4636 562 4676; x_wconf 93' lang='lat' dir='ltr'><strong>ac</strong></span> <span class='ocrx_word' id='word_1_583' title='bbox 592 4634 743 4679; x_wconf 91' lang='lat' dir='ltr'><strong>vates</strong></span> <span class='ocrx_word' id='word_1_584' title='bbox 791 4625 1146 4695; x_wconf 86' lang='lat' dir='ltr'><strong>convocavit,</strong></span> <span class='ocrx_word' id='word_1_585' title='bbox 1185 4632 1241 4679; x_wconf 82' lang='grc' dir='ltr'><strong>ιιι</strong></span> <span class='ocrx_word' id='word_1_586' title='bbox 1272 4625 1528 4680; x_wconf 88' lang='lat' dir='ltr'><strong>adversus</strong></span> <span class='ocrx_word' id='word_1_587' title='bbox 1557 4622 1892 4679; x_wconf 89' lang='lat' dir='ltr'><strong>Christianos</strong></span> 
     </span>
    </p>
   </div>
   <div class='ocr_carea' id='block_1_78' title="bbox 293 4715 922 4774">
    <p class='ocr_par' dir='ltr' id='par_1_78' title="bbox 293 4715 922 4774">
     <span class='ocr_line' id='line_1_78' title="bbox 293 4715 922 4774; baseline 0.008 -5"><span class='ocrx_word' id='word_1_588' title='bbox 293 4715 574 4771; x_wconf 89' lang='lat' dir='ltr'><strong>victoriam</strong></span> <span class='ocrx_word' id='word_1_589' title='bbox 601 4718 922 4774; x_wconf 87' lang='lat' dir='ltr'><strong>obtinerent.</strong></span> 
     </span>
    </p>
   </div>
   <div class='ocr_carea' id='block_1_79' title="bbox 370 4810 1888 4883">
    <p class='ocr_par' dir='ltr' id='par_1_79' title="bbox 370 4810 1888 4883">
     <span class='ocr_line' id='line_1_79' title="bbox 370 4810 1888 4883; baseline 0.002 -18"><span class='ocrx_word' id='word_1_590' title='bbox 370 4810 438 4866; x_wconf 83' lang='lat' dir='ltr'><strong>Et</strong></span> <span class='ocrx_word' id='word_1_591' title='bbox 464 4812 680 4883; x_wconf 87' lang='lat' dir='ltr'><strong>quidem</strong></span> <span class='ocrx_word' id='word_1_592' title='bbox 711 4813 900 4883; x_wconf 89' lang='lat' dir='ltr'><strong>ingens</strong></span> <span class='ocrx_word' id='word_1_593' title='bbox 929 4815 994 4868; x_wconf 90' lang='lat' dir='ltr'><strong>ad</strong></span> <span class='ocrx_word' id='word_1_594' title='bbox 1026 4829 1208 4883; x_wconf 84' lang='lat' dir='ltr'><strong>regem</strong></span> <span class='ocrx_word' id='word_1_595' title='bbox 1234 4812 1579 4869; x_wconf 71' lang='lat' dir='ltr'><strong>exsecranda:</strong></span> <span class='ocrx_word' id='word_1_596' title='bbox 1610 4811 1777 4882; x_wconf 90' lang='lat' dir='ltr'><strong>ipsius</strong></span> <span class='ocrx_word' id='word_1_597' title='bbox 1800 4825 1888 4868; x_wconf 81' lang='lat' dir='ltr'><strong>re-</strong></span> 
     </span>
    </p>
   </div>
   <div class='ocr_carea' id='block_1_80' title="bbox 295 4904 1888 4975">
    <p class='ocr_par' dir='ltr' id='par_1_80' title="bbox 295 4904 1888 4975">
     <span class='ocr_line' id='line_1_80' title="bbox 295 4904 1888 4975; baseline 0.001 -17"><span class='ocrx_word' id='word_1_598' title='bbox 295 4904 513 4975; x_wconf 84' lang='lat' dir='ltr'><strong>Iigionis</strong></span> <span class='ocrx_word' id='word_1_599' title='bbox 563 4907 848 4962; x_wconf 90' lang='lat' dir='ltr'><strong>multitudo</strong></span> <span class='ocrx_word' id='word_1_600' title='bbox 894 4907 1196 4963; x_wconf 83' lang='lat' dir='ltr'><strong>conﬂuxit:</strong></span> <span class='ocrx_word' id='word_1_601' title='bbox 1243 4905 1670 4961; x_wconf 88' lang='lat' dir='ltr'><strong>Christianorum</strong></span> <span class='ocrx_word' id='word_1_602' title='bbox 1711 4914 1888 4960; x_wconf 91' lang='lat' dir='ltr'><strong>autem</strong></span> 
     </span>
    </p>
   </div>
   <div class='ocr_carea' id='block_1_81' title="bbox 292 4999 1888 5069">
    <p class='ocr_par' dir='ltr' id='par_1_81' title="bbox 292 4999 1888 5069">
     <span class='ocr_line' id='line_1_81' title="bbox 292 4999 1888 5069; baseline 0.001 -18"><span class='ocrx_word' id='word_1_603' title='bbox 292 5012 436 5052; x_wconf 87' lang='lat' dir='ltr'><strong>unus</strong></span> <span class='ocrx_word' id='word_1_604' title='bbox 489 5005 711 5067; x_wconf 87' lang='lat' dir='ltr'><strong>tantum,</strong></span> <span class='ocrx_word' id='word_1_605' title='bbox 748 4999 1036 5056; x_wconf 86' lang='lat' dir='ltr'><strong>Barachias</strong></span> <span class='ocrx_word' id='word_1_606' title='bbox 1067 5001 1301 5067; x_wconf 83' lang='lat' dir='ltr'><strong>neruine,</strong></span> <span class='ocrx_word' id='word_1_607' title='bbox 1360 5000 1607 5055; x_wconf 89' lang='lat' dir='ltr'><strong>iuventus</strong></span> <span class='ocrx_word' id='word_1_608' title='bbox 1647 5009 1746 5064; x_wconf 92' lang='lat' dir='ltr'><strong>est,</strong></span> <span class='ocrx_word' id='word_1_609' title='bbox 1798 4999 1888 5069; x_wconf 91' lang='lat' dir='ltr'><strong>qui</strong></span> 
     </span>
    </p>
   </div>
   <div class='ocr_carea' id='block_1_82' title="bbox 295 5088 1883 5164">
    <p class='ocr_par' dir='ltr' id='par_1_82' title="bbox 295 5088 1883 5164">
     <span class='ocr_line' id='line_1_82' title="bbox 295 5088 1883 5164; baseline 0.003 -21"><span class='ocrx_word' id='word_1_610' title='bbox 295 5088 577 5145; x_wconf 87' lang='lat' dir='ltr'><strong>Barlaamo</strong></span> <span class='ocrx_word' id='word_1_611' title='bbox 602 5093 684 5164; x_wconf 89' lang='lat' dir='ltr'><strong>(ut</strong></span> <span class='ocrx_word' id='word_1_612' title='bbox 710 5093 925 5163; x_wconf 90' lang='lat' dir='ltr'><strong>quidem</strong></span> <span class='ocrx_word' id='word_1_613' title='bbox 955 5094 1378 5160; x_wconf 81' lang='lat' dir='ltr'><strong>existimabatur)</strong></span> <span class='ocrx_word' id='word_1_614' title='bbox 1400 5094 1670 5162; x_wconf 90' lang='lat' dir='ltr'><strong>suppetias</strong></span> <span class='ocrx_word' id='word_1_615' title='bbox 1700 5093 1883 5148; x_wconf 85' lang='lat' dir='ltr'><strong>ferret.</strong></span> 
     </span>
    </p>
   </div>
   <div class='ocr_carea' id='block_1_83' title="bbox 291 5183 1882 5255">
    <p class='ocr_par' dir='ltr' id='par_1_83' title="bbox 291 5183 1882 5255">
     <span class='ocr_line' id='line_1_83' title="bbox 291 5183 1882 5255; baseline 0.002 -19"><span class='ocrx_word' id='word_1_616' title='bbox 291 5183 427 5237; x_wconf 71' lang='lat' dir='ltr'><strong>Nam</strong></span> <span class='ocrx_word' id='word_1_617' title='bbox 460 5185 529 5251; x_wconf 88' lang='lat' dir='ltr'><strong>pii</strong></span> <span class='ocrx_word' id='word_1_618' title='bbox 560 5186 655 5239; x_wconf 90' lang='lat' dir='ltr'><strong>viri</strong></span> <span class='ocrx_word' id='word_1_619' title='bbox 689 5188 882 5255; x_wconf 90' lang='lat' dir='ltr'><strong>partim</strong></span> <span class='ocrx_word' id='word_1_620' title='bbox 907 5197 1148 5243; x_wconf 80' lang='lat' dir='ltr'><strong>extremo</strong></span> <span class='ocrx_word' id='word_1_621' title='bbox 1182 5189 1303 5244; x_wconf 78' lang='lat' dir='ltr'><strong>vita:</strong></span> <span class='ocrx_word' id='word_1_622' title='bbox 1332 5188 1420 5243; x_wconf 89' lang='lat' dir='ltr'><strong>die</strong></span> <span class='ocrx_word' id='word_1_623' title='bbox 1447 5188 1611 5242; x_wconf 81' lang='lat' dir='ltr'><strong>iuncti</strong></span> <span class='ocrx_word' id='word_1_624' title='bbox 1649 5186 1882 5254; x_wconf 81' lang='lat' dir='ltr'><strong>fuerant,</strong></span> 
     </span>
    </p>
   </div>
   <div class='ocr_carea' id='block_1_84' title="bbox 287 5275 1876 5349">
    <p class='ocr_par' dir='ltr' id='par_1_84' title="bbox 287 5275 1876 5349">
     <span class='ocr_line' id='line_1_84' title="bbox 287 5275 1876 5349; baseline 0.003 -19"><span class='ocrx_word' id='word_1_625' title='bbox 287 5292 316 5330; x_wconf 84' lang='lat' dir='ltr'><strong>a</strong></span> <span class='ocrx_word' id='word_1_626' title='bbox 380 5275 592 5331; x_wconf 63' lang='lat' dir='ltr'><strong>furiosis</strong></span> <span class='ocrx_word' id='word_1_627' title='bbox 633 5278 840 5332; x_wconf 72' lang='lat' dir='ltr'><strong>scilicet</strong></span> <span class='ocrx_word' id='word_1_628' title='bbox 903 5278 1110 5334; x_wconf 90' lang='lat' dir='ltr'><strong>urbium</strong></span> <span class='ocrx_word' id='word_1_629' title='bbox 1165 5280 1482 5349; x_wconf 62' lang='lat' dir='ltr'><strong>praetoribus</strong></span> <span class='ocrx_word' id='word_1_630' title='bbox 1524 5280 1876 5347; x_wconf 88' lang='lat' dir='ltr'><strong>obtruncati;</strong></span> 
     </span>
    </p>
   </div>
   <div class='ocr_carea' id='block_1_85' title="bbox 291 5370 1884 5444">
    <p class='ocr_par' dir='ltr' id='par_1_85' title="bbox 291 5370 1884 5444">
     <span class='ocr_line' id='line_1_85' title="bbox 291 5370 1884 5444; baseline 0.005 -22"><span class='ocrx_word' id='word_1_631' title='bbox 291 5370 485 5438; x_wconf 86' lang='lat' dir='ltr'><strong>partim</strong></span> <span class='ocrx_word' id='word_1_632' title='bbox 519 5372 943 5440; x_wconf 88' lang='lat' dir='ltr'><strong>impendentium</strong></span> <span class='ocrx_word' id='word_1_633' title='bbox 973 5374 1331 5444; x_wconf 89' lang='lat' dir='ltr'><strong>periculorum</strong></span> <span class='ocrx_word' id='word_1_634' title='bbox 1356 5386 1500 5431; x_wconf 91' lang='lat' dir='ltr'><strong>metu</strong></span> <span class='ocrx_word' id='word_1_635' title='bbox 1532 5375 1584 5430; x_wconf 92' lang='lat' dir='ltr'><strong>in</strong></span> <span class='ocrx_word' id='word_1_636' title='bbox 1615 5375 1884 5430; x_wconf 86' lang='lat' dir='ltr'><strong>montibus</strong></span> 
     </span>
    </p>
   </div>
   <div class='ocr_carea' id='block_1_86' title="bbox 288 5466 1886 5542">
    <p class='ocr_par' dir='ltr' id='par_1_86' title="bbox 288 5466 1886 5542">
     <span class='ocr_line' id='line_1_86' title="bbox 288 5466 1886 5542; baseline 0.006 -26"><span class='ocrx_word' id='word_1_637' title='bbox 288 5480 354 5517; x_wconf 89' lang='lat' dir='ltr'><strong>ae</strong></span> <span class='ocrx_word' id='word_1_638' title='bbox 383 5466 652 5533; x_wconf 65' lang='lat' dir='ltr'><strong>speluncis</strong></span> <span class='ocrx_word' id='word_1_639' title='bbox 683 5466 1102 5536; x_wconf 88' lang='lat' dir='ltr'><strong>delitescebant;</strong></span> <span class='ocrx_word' id='word_1_640' title='bbox 1136 5471 1330 5540; x_wconf 83' lang='lat' dir='ltr'><strong>partim</strong></span> <span class='ocrx_word' id='word_1_641' title='bbox 1353 5469 1584 5541; x_wconf 87' lang='lat' dir='ltr'><strong>denique</strong></span> <span class='ocrx_word' id='word_1_642' title='bbox 1611 5471 1756 5542; x_wconf 77' lang='lat' dir='ltr'><strong>regis</strong></span> <span class='ocrx_word' id='word_1_643' title='bbox 1785 5471 1886 5526; x_wconf 90' lang='lat' dir='ltr'><strong>mi-</strong></span> 
     </span>
    </p>
   </div>
   <div class='ocr_carea' id='block_1_87' title="bbox 287 5559 1884 5632">
    <p class='ocr_par' dir='ltr' id='par_1_87' title="bbox 287 5559 1884 5632">
     <span class='ocr_line' id='line_1_87' title="bbox 287 5559 1884 5632; baseline 0.006 -23"><span class='ocrx_word' id='word_1_644' title='bbox 287 5573 385 5611; x_wconf 87' lang='lat' dir='ltr'><strong>nas</strong></span> <span class='ocrx_word' id='word_1_645' title='bbox 441 5559 882 5625; x_wconf 83' lang='lat' dir='ltr'><strong>pcrtimescentes</strong></span> <span class='ocrx_word' id='word_1_646' title='bbox 909 5561 962 5616; x_wconf 88' lang='lat' dir='ltr'><strong>in</strong></span> <span class='ocrx_word' id='word_1_647' title='bbox 995 5563 1166 5619; x_wconf 91' lang='lat' dir='ltr'><strong>lucem</strong></span> <span class='ocrx_word' id='word_1_648' title='bbox 1201 5562 1414 5632; x_wconf 89' lang='lat' dir='ltr'><strong>prodire</strong></span> <span class='ocrx_word' id='word_1_649' title='bbox 1451 5565 1672 5619; x_wconf 91' lang='lat' dir='ltr'><strong>minime</strong></span> <span class='ocrx_word' id='word_1_650' title='bbox 1719 5563 1884 5619; x_wconf 88' lang='lat' dir='ltr'><strong>aude-</strong></span> 
     </span>
    </p>
   </div>
   <div class='ocr_carea' id='block_1_88' title="bbox 287 5649 1884 5726">
    <p class='ocr_par' dir='ltr' id='par_1_88' title="bbox 287 5649 1884 5726">
     <span class='ocr_line' id='line_1_88' title="bbox 287 5649 1884 5726; baseline 0.006 -21"><span class='ocrx_word' id='word_1_651' title='bbox 287 5649 634 5718; x_wconf 88' lang='lat' dir='ltr'><strong>banl,verum</strong></span> <span class='ocrx_word' id='word_1_652' title='bbox 651 5655 892 5710; x_wconf 91' lang='lat' dir='ltr'><strong>nocturni</strong></span> <span class='ocrx_word' id='word_1_653' title='bbox 919 5654 1132 5726; x_wconf 87' lang='lat' dir='ltr'><strong>pietatis</strong></span> <span class='ocrx_word' id='word_1_654' title='bbox 1153 5659 1384 5714; x_wconf 86' lang='lat' dir='ltr'><strong>cultores</strong></span> <span class='ocrx_word' id='word_1_655' title='bbox 1407 5667 1580 5725; x_wconf 90' lang='lat' dir='ltr'><strong>erant,</strong></span> <span class='ocrx_word' id='word_1_656' title='bbox 1602 5660 1652 5713; x_wconf 91' lang='lat' dir='ltr'><strong>in</strong></span> <span class='ocrx_word' id='word_1_657' title='bbox 1670 5660 1884 5714; x_wconf 90' lang='lat' dir='ltr'><strong>occulto</strong></span> 
     </span>
    </p>
   </div>
   <div class='ocr_carea' id='block_1_89' title="bbox 285 5745 1880 5821">
    <p class='ocr_par' dir='ltr' id='par_1_89' title="bbox 285 5745 1880 5821">
     <span class='ocr_line' id='line_1_89' title="bbox 285 5745 1880 5821; baseline 0.007 -25"><span class='ocrx_word' id='word_1_658' title='bbox 285 5745 549 5800; x_wconf 76' lang='lat' dir='ltr'><strong>duntaxat</strong></span> <span class='ocrx_word' id='word_1_659' title='bbox 577 5746 849 5803; x_wconf 87' lang='lat' dir='ltr'><strong>Christum</strong></span> <span class='ocrx_word' id='word_1_660' title='bbox 879 5750 1138 5816; x_wconf 79' lang='lat' dir='ltr'><strong>colentes,</strong></span> <span class='ocrx_word' id='word_1_661' title='bbox 1171 5767 1274 5806; x_wconf 93' lang='lat' dir='ltr'><strong>non</strong></span> <span class='ocrx_word' id='word_1_662' title='bbox 1307 5763 1483 5807; x_wconf 89' lang='lat' dir='ltr'><strong>autem</strong></span> <span class='ocrx_word' id='word_1_663' title='bbox 1515 5752 1680 5808; x_wconf 90' lang='lat' dir='ltr'><strong>libere</strong></span> <span class='ocrx_word' id='word_1_664' title='bbox 1714 5750 1880 5821; x_wconf 86' lang='lat' dir='ltr'><strong>ipsius</strong></span> 
     </span>
    </p>
   </div>
   <div class='ocr_carea' id='block_1_90' title="bbox 288 5839 1880 5916">
    <p class='ocr_par' dir='ltr' id='par_1_90' title="bbox 288 5839 1880 5916">
     <span class='ocr_line' id='line_1_90' title="bbox 288 5839 1880 5916; baseline 0.007 -27"><span class='ocrx_word' id='word_1_665' title='bbox 288 5839 449 5892; x_wconf 70' lang='lat' dir='ltr'><strong>lidcni</strong></span> <span class='ocrx_word' id='word_1_666' title='bbox 478 5842 808 5909; x_wconf 75' lang='lat' dir='ltr'><strong>proﬁtentes.</strong></span> <span class='ocrx_word' id='word_1_667' title='bbox 844 5842 935 5899; x_wconf 88' lang='lat' dir='ltr'><strong>ille</strong></span> <span class='ocrx_word' id='word_1_668' title='bbox 967 5853 1143 5899; x_wconf 89' lang='lat' dir='ltr'><strong>autem</strong></span> <span class='ocrx_word' id='word_1_669' title='bbox 1169 5846 1338 5914; x_wconf 90' lang='lat' dir='ltr'><strong>solus,</strong></span> <span class='ocrx_word' id='word_1_670' title='bbox 1388 5844 1572 5916; x_wconf 74' lang='lat' dir='ltr'><strong>utpbte</strong></span> <span class='ocrx_word' id='word_1_671' title='bbox 1613 5860 1880 5916; x_wconf 82' lang='lat' dir='ltr'><strong>generoso</strong></span> 
     </span>
    </p>
   </div>
   <div class='ocr_carea' id='block_1_91' title="bbox 285 5935 1882 6013">
    <p class='ocr_par' dir='ltr' id='par_1_91' title="bbox 285 5935 1882 6013">
     <span class='ocr_line' id='line_1_91' title="bbox 285 5935 1882 6013; baseline 0.008 -26"><span class='ocrx_word' id='word_1_672' title='bbox 285 5935 466 5991; x_wconf 81' lang='lat' dir='ltr'><strong>animo</strong></span> <span class='ocrx_word' id='word_1_673' title='bbox 499 5936 755 6006; x_wconf 70' lang='lat' dir='ltr'><strong>praeditus</strong></span> <span class='ocrx_word' id='word_1_674' title='bbox 811 5937 873 5995; x_wconf 83' lang='lat' dir='ltr'><strong>ad</strong></span> <span class='ocrx_word' id='word_1_675' title='bbox 903 5939 1337 6013; x_wconf 80' lang='lat' dir='ltr'><strong>propuguaudam</strong></span> <span class='ocrx_word' id='word_1_676' title='bbox 1371 5941 1646 6000; x_wconf 81' lang='lat' dir='ltr'><strong>veritatem</strong></span> <span class='ocrx_word' id='word_1_677' title='bbox 1701 5955 1882 5999; x_wconf 75' lang='lat' dir='ltr'><strong>acces-</strong></span> 
     </span>
    </p>
   </div>
   <div class='ocr_carea' id='block_1_92' title="bbox 2006 3405 3598 3480">
    <p class='ocr_par' dir='ltr' id='par_1_92' title="bbox 2006 3405 3598 3480">
     <span class='ocr_line' id='line_1_92' title="bbox 2006 3405 3598 3480; baseline 0.005 -20"><span class='ocrx_word' id='word_1_678' title='bbox 2006 3405 2152 3460; x_wconf 88' lang='lat' dir='ltr'><strong>omni</strong></span> <span class='ocrx_word' id='word_1_679' title='bbox 2175 3406 2465 3476; x_wconf 85' lang='lat' dir='ltr'><strong>ignominia</strong></span> <span class='ocrx_word' id='word_1_680' title='bbox 2488 3407 2864 3478; x_wconf 88' lang='lat' dir='ltr'><strong>gravissimam</strong></span> <span class='ocrx_word' id='word_1_681' title='bbox 2886 3418 3113 3463; x_wconf 88' lang='lat' dir='ltr'><strong>mortem</strong></span> <span class='ocrx_word' id='word_1_682' title='bbox 3137 3410 3422 3479; x_wconf 82' lang='lat' dir='ltr'><strong>oppetatis,</strong></span> <span class='ocrx_word' id='word_1_683' title='bbox 3439 3419 3598 3480; x_wconf 78' lang='lat' dir='ltr'><strong>atque</strong></span> 
     </span>
    </p>
   </div>
   <div class='ocr_carea' id='block_1_93' title="bbox 2007 3500 3599 3576">
    <p class='ocr_par' dir='ltr' id='par_1_93' title="bbox 2007 3500 3599 3576">
     <span class='ocr_line' id='line_1_93' title="bbox 2007 3500 3599 3576; baseline 0.006 -23"><span class='ocrx_word' id='word_1_684' title='bbox 2007 3514 2196 3555; x_wconf 90' lang='lat' dir='ltr'><strong>omnes</strong></span> <span class='ocrx_word' id='word_1_685' title='bbox 2221 3509 2414 3555; x_wconf 70' lang='lat' dir='ltr'><strong>vestra:</strong></span> <span class='ocrx_word' id='word_1_686' title='bbox 2447 3500 2727 3556; x_wconf 80' lang='lat' dir='ltr'><strong>facultates</strong></span> <span class='ocrx_word' id='word_1_687' title='bbox 2759 3502 2957 3572; x_wconf 92' lang='lat' dir='ltr'><strong>populo</strong></span> <span class='ocrx_word' id='word_1_688' title='bbox 2989 3502 3324 3576; x_wconf 88' lang='lat' dir='ltr'><strong>addicantur,</strong></span> <span class='ocrx_word' id='word_1_689' title='bbox 3360 3521 3463 3576; x_wconf 88' lang='lat' dir='ltr'><strong>quo</strong></span> <span class='ocrx_word' id='word_1_690' title='bbox 3487 3523 3599 3562; x_wconf 83' lang='lat' dir='ltr'><strong>me-</strong></span> 
     </span>
    </p>
   </div>
   <div class='ocr_carea' id='block_1_94' title="bbox 2006 3593 3596 3666">
    <p class='ocr_par' dir='ltr' id='par_1_94' title="bbox 2006 3593 3596 3666">
     <span class='ocr_line' id='line_1_94' title="bbox 2006 3593 3596 3666; baseline 0.008 -19"><span class='ocrx_word' id='word_1_691' title='bbox 2006 3593 2176 3649; x_wconf 89' lang='lat' dir='ltr'><strong>moria</strong></span> <span class='ocrx_word' id='word_1_692' title='bbox 2207 3603 2382 3650; x_wconf 82' lang='lat' dir='ltr'><strong>vestra</strong></span> <span class='ocrx_word' id='word_1_693' title='bbox 2405 3609 2625 3666; x_wconf 90' lang='lat' dir='ltr'><strong>prorsus</strong></span> <span class='ocrx_word' id='word_1_694' title='bbox 2655 3612 2683 3650; x_wconf 91' lang='lat' dir='ltr'><strong>a</strong></span> <span class='ocrx_word' id='word_1_695' title='bbox 2735 3606 2874 3652; x_wconf 89' lang='lat' dir='ltr'><strong>terra</strong></span> <span class='ocrx_word' id='word_1_696' title='bbox 2925 3598 3191 3654; x_wconf 85' lang='lat' dir='ltr'><strong>deleatur.</strong></span> <span class='ocrx_word' id='word_1_697' title='bbox 3224 3600 3354 3655; x_wconf 77' lang='lat' dir='ltr'><strong>Nam</strong></span> <span class='ocrx_word' id='word_1_698' title='bbox 3397 3612 3451 3657; x_wconf 89' lang='lat' dir='ltr'><strong>et</strong></span> <span class='ocrx_word' id='word_1_699' title='bbox 3480 3619 3596 3658; x_wconf 83' lang='lat' dir='ltr'><strong>cor-</strong></span> 
     </span>
    </p>
   </div>
   <div class='ocr_carea' id='block_1_95' title="bbox 2001 3690 3596 3764">
    <p class='ocr_par' dir='ltr' id='par_1_95' title="bbox 2001 3690 3596 3764">
     <span class='ocr_line' id='line_1_95' title="bbox 2001 3690 3596 3764; baseline 0.006 -19"><span class='ocrx_word' id='word_1_700' title='bbox 2001 3704 2133 3758; x_wconf 89' lang='lat' dir='ltr'><strong>pora</strong></span> <span class='ocrx_word' id='word_1_701' title='bbox 2166 3700 2344 3746; x_wconf 85' lang='lat' dir='ltr'><strong>vestra</strong></span> <span class='ocrx_word' id='word_1_702' title='bbox 2395 3690 2582 3746; x_wconf 87' lang='lat' dir='ltr'><strong>bestiis</strong></span> <span class='ocrx_word' id='word_1_703' title='bbox 2612 3691 2923 3746; x_wconf 88' lang='lat' dir='ltr'><strong>devoranda</strong></span> <span class='ocrx_word' id='word_1_704' title='bbox 2978 3694 3251 3764; x_wconf 84' lang='lat' dir='ltr'><strong>objiciam,</strong></span> <span class='ocrx_word' id='word_1_705' title='bbox 3302 3706 3356 3750; x_wconf 90' lang='lat' dir='ltr'><strong>et</strong></span> <span class='ocrx_word' id='word_1_706' title='bbox 3401 3696 3596 3754; x_wconf 81' lang='lat' dir='ltr'><strong>liberos</strong></span> 
     </span>
    </p>
   </div>
   <div class='ocr_carea' id='block_1_96' title="bbox 2006 3785 3093 3854">
    <p class='ocr_par' dir='ltr' id='par_1_96' title="bbox 2006 3785 3093 3854">
     <span class='ocr_line' id='line_1_96' title="bbox 2006 3785 3093 3854; baseline 0.004 -17"><span class='ocrx_word' id='word_1_707' title='bbox 2006 3797 2215 3840; x_wconf 75' lang='lat' dir='ltr'><strong>vestros</strong></span> <span class='ocrx_word' id='word_1_708' title='bbox 2249 3795 2507 3854; x_wconf 90' lang='lat' dir='ltr'><strong>perpetua</strong></span> <span class='ocrx_word' id='word_1_709' title='bbox 2549 3785 2810 3840; x_wconf 89' lang='lat' dir='ltr'><strong>servitute</strong></span> <span class='ocrx_word' id='word_1_710' title='bbox 2837 3786 3093 3842; x_wconf 89' lang='lat' dir='ltr'><strong>multabo.</strong></span> 
     </span>
    </p>
   </div>
   <div class='ocr_carea' id='block_1_97' title="bbox 2076 3877 3596 3949">
    <p class='ocr_par' dir='ltr' id='par_1_97' title="bbox 2076 3877 3596 3949">
     <span class='ocr_line' id='line_1_97' title="bbox 2076 3877 3596 3949; baseline 0.005 -19"><span class='ocrx_word' id='word_1_711' title='bbox 2076 3877 2186 3932; x_wconf 83' lang='lat' dir='ltr'><strong>l-lac</strong></span> <span class='ocrx_word' id='word_1_712' title='bbox 2215 3879 2458 3933; x_wconf 87' lang='lat' dir='ltr'><strong>oratione</strong></span> <span class='ocrx_word' id='word_1_713' title='bbox 2490 3894 2518 3933; x_wconf 91' lang='lat' dir='ltr'><strong>a</strong></span> <span class='ocrx_word' id='word_1_714' title='bbox 2546 3893 2672 3949; x_wconf 86' lang='lat' dir='ltr'><strong>rege</strong></span> <span class='ocrx_word' id='word_1_715' title='bbox 2696 3878 2900 3943; x_wconf 88' lang='lat' dir='ltr'><strong>habita,</strong></span> <span class='ocrx_word' id='word_1_716' title='bbox 2939 3879 3111 3948; x_wconf 91' lang='lat' dir='ltr'><strong>ipsius</strong></span> <span class='ocrx_word' id='word_1_717' title='bbox 3143 3879 3282 3934; x_wconf 83' lang='lat' dir='ltr'><strong>illius</strong></span> <span class='ocrx_word' id='word_1_718' title='bbox 3318 3879 3398 3935; x_wconf 84' lang='lat' dir='ltr'><strong>his</strong></span> <span class='ocrx_word' id='word_1_719' title='bbox 3421 3881 3596 3937; x_wconf 83' lang='lat' dir='ltr'><strong>verbis</strong></span> 
     </span>
    </p>
   </div>
   <div class='ocr_carea' id='block_1_98' title="bbox 2002 3967 3592 4040">
    <p class='ocr_par' dir='ltr' id='par_1_98' title="bbox 2002 3967 3592 4040">
     <span class='ocr_line' id='line_1_98' title="bbox 2002 3967 3592 4040; baseline 0 -16"><span class='ocrx_word' id='word_1_720' title='bbox 2002 3982 2130 4024; x_wconf 88' lang='lat' dir='ltr'><strong>usus</strong></span> <span class='ocrx_word' id='word_1_721' title='bbox 2160 3977 2281 4024; x_wconf 90' lang='lat' dir='ltr'><strong>est:</strong></span> <span class='ocrx_word' id='word_1_722' title='bbox 2314 3969 2544 4040; x_wconf 58' lang='lat' dir='ltr'><strong>ZEquam</strong></span> <span class='ocrx_word' id='word_1_723' title='bbox 2595 3969 2918 4024; x_wconf 88' lang='lat' dir='ltr'><strong>sententiam</strong></span> <span class='ocrx_word' id='word_1_724' title='bbox 2954 3967 3217 4024; x_wconf 90' lang='lat' dir='ltr'><strong>hodierno</strong></span> <span class='ocrx_word' id='word_1_725' title='bbox 3266 3970 3353 4026; x_wconf 92' lang='lat' dir='ltr'><strong>die</strong></span> <span class='ocrx_word' id='word_1_726' title='bbox 3406 3971 3592 4038; x_wconf 89' lang='lat' dir='ltr'><strong>tulisti,</strong></span> 
     </span>
    </p>
   </div>
   <div class='ocr_carea' id='block_1_99' title="bbox 2010 4064 3592 4136">
    <p class='ocr_par' dir='ltr' id='par_1_99' title="bbox 2010 4064 3592 4136">
     <span class='ocr_line' id='line_1_99' title="bbox 2010 4064 3592 4136; baseline 0.003 -18"><span class='ocrx_word' id='word_1_727' title='bbox 2010 4081 2040 4118; x_wconf 79' lang='grc' dir='ltr'><strong>ο</strong></span> <span class='ocrx_word' id='word_1_728' title='bbox 2065 4080 2178 4132; x_wconf 82' lang='lat' dir='ltr'><strong>rex,</strong></span> <span class='ocrx_word' id='word_1_729' title='bbox 2211 4081 2436 4135; x_wconf 88' lang='lat' dir='ltr'><strong>eamque</strong></span> <span class='ocrx_word' id='word_1_730' title='bbox 2467 4065 2623 4120; x_wconf 89' lang='lat' dir='ltr'><strong>velim</strong></span> <span class='ocrx_word' id='word_1_731' title='bbox 2651 4064 2792 4119; x_wconf 90' lang='lat' dir='ltr'><strong>Deus</strong></span> <span class='ocrx_word' id='word_1_732' title='bbox 2822 4064 3138 4130; x_wconf 76' lang='lat' dir='ltr'><strong>confirmet;</strong></span> <span class='ocrx_word' id='word_1_733' title='bbox 3177 4075 3340 4134; x_wconf 50' lang='lat' dir='ltr'><strong>atque</strong></span> <span class='ocrx_word' id='word_1_734' title='bbox 3376 4082 3474 4136; x_wconf 88' lang='lat' dir='ltr'><strong>ego</strong></span> <span class='ocrx_word' id='word_1_735' title='bbox 3505 4082 3592 4122; x_wconf 84' lang='lat' dir='ltr'><strong>ea-</strong></span> 
     </span>
    </p>
   </div>
   <div class='ocr_carea' id='block_1_100' title="bbox 2000 4154 3589 4228">
    <p class='ocr_par' dir='ltr' id='par_1_100' title="bbox 2000 4154 3589 4228">
     <span class='ocr_line' id='line_1_100' title="bbox 2000 4154 3589 4228; baseline 0.001 -16"><span class='ocrx_word' id='word_1_736' title='bbox 2000 4157 2119 4212; x_wconf 93' lang='lat' dir='ltr'><strong>dem</strong></span> <span class='ocrx_word' id='word_1_737' title='bbox 2155 4159 2410 4228; x_wconf 85' lang='lat' dir='ltr'><strong>magistro</strong></span> <span class='ocrx_word' id='word_1_738' title='bbox 2432 4172 2552 4212; x_wconf 91' lang='lat' dir='ltr'><strong>meo</strong></span> <span class='ocrx_word' id='word_1_739' title='bbox 2577 4155 2716 4211; x_wconf 37' lang='lat' dir='ltr'><strong>dico.</strong></span> <span class='ocrx_word' id='word_1_740' title='bbox 2745 4154 3156 4227; x_wconf 88' lang='lat' dir='ltr'><strong>Conversusque</strong></span> <span class='ocrx_word' id='word_1_741' title='bbox 3179 4158 3244 4212; x_wconf 90' lang='lat' dir='ltr'><strong>ad</strong></span> <span class='ocrx_word' id='word_1_742' title='bbox 3268 4157 3589 4227; x_wconf 86' lang='lat' dir='ltr'><strong>Nachorcm,</strong></span> 
     </span>
    </p>
   </div>
   <div class='ocr_carea' id='block_1_101' title="bbox 1999 4249 3591 4320">
    <p class='ocr_par' dir='ltr' id='par_1_101' title="bbox 1999 4249 3591 4320">
     <span class='ocr_line' id='line_1_101' title="bbox 1999 4249 3591 4320; baseline 0.001 -17"><span class='ocrx_word' id='word_1_743' title='bbox 1999 4249 2088 4320; x_wconf 91' lang='lat' dir='ltr'><strong>qui</strong></span> <span class='ocrx_word' id='word_1_744' title='bbox 2119 4250 2364 4305; x_wconf 86' lang='lat' dir='ltr'><strong>Barlaam</strong></span> <span class='ocrx_word' id='word_1_745' title='bbox 2398 4266 2517 4306; x_wconf 86' lang='lat' dir='ltr'><strong>esse</strong></span> <span class='ocrx_word' id='word_1_746' title='bbox 2551 4252 2857 4320; x_wconf 89' lang='lat' dir='ltr'><strong>putabatur;</strong></span> <span class='ocrx_word' id='word_1_747' title='bbox 2893 4249 2958 4304; x_wconf 92' lang='lat' dir='ltr'><strong>ad</strong></span> <span class='ocrx_word' id='word_1_748' title='bbox 2983 4265 3103 4305; x_wconf 90' lang='lat' dir='ltr'><strong>eum</strong></span> <span class='ocrx_word' id='word_1_749' title='bbox 3136 4249 3247 4304; x_wconf 88' lang='lat' dir='ltr'><strong>ait:</strong></span> <span class='ocrx_word' id='word_1_750' title='bbox 3285 4250 3398 4305; x_wconf 79' lang='lat' dir='ltr'><strong>Non</strong></span> <span class='ocrx_word' id='word_1_751' title='bbox 3432 4262 3483 4306; x_wconf 93' lang='lat' dir='ltr'><strong>te</strong></span> <span class='ocrx_word' id='word_1_752' title='bbox 3513 4254 3591 4305; x_wconf 82' lang='lat' dir='ltr'><strong>iu-</strong></span> 
     </span>
    </p>
   </div>
   <div class='ocr_carea' id='block_1_102' title="bbox 1998 4344 3592 4415">
    <p class='ocr_par' dir='ltr' id='par_1_102' title="bbox 1998 4344 3592 4415">
     <span class='ocr_line' id='line_1_102' title="bbox 1998 4344 3592 4415; baseline 0.004 -21"><span class='ocrx_word' id='word_1_753' title='bbox 1998 4347 2094 4414; x_wconf 85' lang='lat' dir='ltr'><strong>git,</strong></span> <span class='ocrx_word' id='word_1_754' title='bbox 2120 4360 2150 4397; x_wconf 88' lang='lat' dir='ltr'><strong>o</strong></span> <span class='ocrx_word' id='word_1_755' title='bbox 2183 4344 2450 4411; x_wconf 84' lang='lat' dir='ltr'><strong>Dariaam,</strong></span> <span class='ocrx_word' id='word_1_756' title='bbox 2481 4345 2534 4399; x_wconf 92' lang='lat' dir='ltr'><strong>in</strong></span> <span class='ocrx_word' id='word_1_757' title='bbox 2564 4359 2665 4415; x_wconf 91' lang='lat' dir='ltr'><strong>qua</strong></span> <span class='ocrx_word' id='word_1_758' title='bbox 2715 4344 2883 4413; x_wconf 84' lang='lat' dir='ltr'><strong>gloria</strong></span> <span class='ocrx_word' id='word_1_759' title='bbox 2938 4344 3239 4413; x_wconf 88' lang='lat' dir='ltr'><strong>quibusque</strong></span> <span class='ocrx_word' id='word_1_760' title='bbox 3269 4344 3474 4400; x_wconf 91' lang='lat' dir='ltr'><strong>deliciis</strong></span> <span class='ocrx_word' id='word_1_761' title='bbox 3509 4359 3592 4401; x_wconf 87' lang='lat' dir='ltr'><strong>me</strong></span> 
     </span>
    </p>
   </div>
   <div class='ocr_carea' id='block_1_103' title="bbox 2002 4434 3590 4504">
    <p class='ocr_par' dir='ltr' id='par_1_103' title="bbox 2002 4434 3590 4504">
     <span class='ocr_line' id='line_1_103' title="bbox 2002 4434 3590 4504; baseline -0.001 -14"><span class='ocrx_word' id='word_1_762' title='bbox 2002 4437 2291 4491; x_wconf 87' lang='lat' dir='ltr'><strong>inveneris.</strong></span> <span class='ocrx_word' id='word_1_763' title='bbox 2330 4436 2407 4491; x_wconf 83' lang='lat' dir='ltr'><strong>&#39;l‘u</strong></span> <span class='ocrx_word' id='word_1_764' title='bbox 2447 4446 2623 4492; x_wconf 87' lang='lat' dir='ltr'><strong>tamen</strong></span> <span class='ocrx_word' id='word_1_765' title='bbox 2668 4434 2946 4504; x_wconf 85' lang='lat' dir='ltr'><strong>permultis</strong></span> <span class='ocrx_word' id='word_1_766' title='bbox 2990 4435 3324 4488; x_wconf 90' lang='lat' dir='ltr'><strong>sermonibus</strong></span> <span class='ocrx_word' id='word_1_767' title='bbox 3367 4450 3452 4490; x_wconf 90' lang='lat' dir='ltr'><strong>me</strong></span> <span class='ocrx_word' id='word_1_768' title='bbox 3498 4435 3590 4488; x_wconf 86' lang='lat' dir='ltr'><strong>ad-</strong></span> 
     </span>
    </p>
   </div>
   <div class='ocr_carea' id='block_1_104' title="bbox 1999 4527 3586 4598">
    <p class='ocr_par' dir='ltr' id='par_1_104' title="bbox 1999 4527 3586 4598">
     <span class='ocr_line' id='line_1_104' title="bbox 1999 4527 3586 4598; baseline -0.001 -14"><span class='ocrx_word' id='word_1_769' title='bbox 1999 4530 2197 4586; x_wconf 82' lang='lat' dir='ltr'><strong>duxisti</strong></span> <span class='ocrx_word' id='word_1_770' title='bbox 2244 4539 2354 4584; x_wconf 89' lang='lat' dir='ltr'><strong>uta</strong></span> <span class='ocrx_word' id='word_1_771' title='bbox 2381 4529 2566 4598; x_wconf 88' lang='lat' dir='ltr'><strong>patriis</strong></span> <span class='ocrx_word' id='word_1_772' title='bbox 2588 4527 2794 4598; x_wconf 88' lang='lat' dir='ltr'><strong>legibus</strong></span> <span class='ocrx_word' id='word_1_773' title='bbox 2834 4536 2888 4582; x_wconf 91' lang='lat' dir='ltr'><strong>et</strong></span> <span class='ocrx_word' id='word_1_774' title='bbox 2933 4528 3189 4582; x_wconf 88' lang='lat' dir='ltr'><strong>institutis</strong></span> <span class='ocrx_word' id='word_1_775' title='bbox 3219 4528 3586 4593; x_wconf 85' lang='lat' dir='ltr'><strong>abscederem,</strong></span> 
     </span>
    </p>
   </div>
   <div class='ocr_carea' id='block_1_105' title="bbox 1998 4621 3588 4695">
    <p class='ocr_par' dir='ltr' id='par_1_105' title="bbox 1998 4621 3588 4695">
     <span class='ocr_line' id='line_1_105' title="bbox 1998 4621 3588 4695; baseline 0 -16"><span class='ocrx_word' id='word_1_776' title='bbox 1998 4633 2160 4695; x_wconf 87' lang='lat' dir='ltr'><strong>atque</strong></span> <span class='ocrx_word' id='word_1_777' title='bbox 2195 4625 2432 4694; x_wconf 88' lang='lat' dir='ltr'><strong>ignotum</strong></span> <span class='ocrx_word' id='word_1_778' title='bbox 2465 4622 2631 4678; x_wconf 89' lang='lat' dir='ltr'><strong>Deum</strong></span> <span class='ocrx_word' id='word_1_779' title='bbox 2656 4621 2909 4687; x_wconf 82' lang='lat' dir='ltr'><strong>colerem,</strong></span> <span class='ocrx_word' id='word_1_780' title='bbox 2965 4636 3285 4676; x_wconf 90' lang='lat' dir='ltr'><strong>arcanorum</strong></span> <span class='ocrx_word' id='word_1_781' title='bbox 3333 4639 3588 4692; x_wconf 89' lang='lat' dir='ltr'><strong>quorum-</strong></span> 
     </span>
    </p>
   </div>
   <div class='ocr_carea' id='block_1_106' title="bbox 1915 4709 3584 4784">
    <p class='ocr_par' dir='ltr' id='par_1_106' title="bbox 1915 4709 3584 4784">
     <span class='ocr_line' id='line_1_106' title="bbox 1915 4709 3584 4784; baseline -0.002 -9"><span class='ocrx_word' id='word_1_782' title='bbox 1915 4709 1972 4775; x_wconf 74' lang='grc' dir='ltr'><strong>Ι)</strong></span> <span class='ocrx_word' id='word_1_783' title='bbox 1998 4717 2120 4771; x_wconf 91' lang='lat' dir='ltr'><strong>dam</strong></span> <span class='ocrx_word' id='word_1_784' title='bbox 2152 4715 2404 4771; x_wconf 88' lang='lat' dir='ltr'><strong>videlicet</strong></span> <span class='ocrx_word' id='word_1_785' title='bbox 2432 4729 2493 4768; x_wconf 89' lang='lat' dir='ltr'><strong>ac</strong></span> <span class='ocrx_word' id='word_1_786' title='bbox 2520 4713 2973 4782; x_wconf 86' lang='lat' dir='ltr'><strong>sempiternorum</strong></span> <span class='ocrx_word' id='word_1_787' title='bbox 2999 4714 3263 4769; x_wconf 91' lang='lat' dir='ltr'><strong>bonorum</strong></span> <span class='ocrx_word' id='word_1_788' title='bbox 3295 4730 3389 4784; x_wconf 83' lang='lat' dir='ltr'><strong>spe</strong></span> <span class='ocrx_word' id='word_1_789' title='bbox 3431 4731 3584 4771; x_wconf 87' lang='lat' dir='ltr'><strong>men-</strong></span> 
     </span>
    </p>
   </div>
   <div class='ocr_carea' id='block_1_107' title="bbox 2001 4807 3587 4879">
    <p class='ocr_par' dir='ltr' id='par_1_107' title="bbox 2001 4807 3587 4879">
     <span class='ocr_line' id='line_1_107' title="bbox 2001 4807 3587 4879; baseline 0 -14"><span class='ocrx_word' id='word_1_790' title='bbox 2001 4822 2106 4865; x_wconf 90' lang='lat' dir='ltr'><strong>tem</strong></span> <span class='ocrx_word' id='word_1_791' title='bbox 2138 4823 2311 4864; x_wconf 87' lang='lat' dir='ltr'><strong>meam</strong></span> <span class='ocrx_word' id='word_1_792' title='bbox 2335 4809 2402 4864; x_wconf 90' lang='lat' dir='ltr'><strong>ad</strong></span> <span class='ocrx_word' id='word_1_793' title='bbox 2431 4808 2701 4879; x_wconf 91' lang='lat' dir='ltr'><strong>sequenda</strong></span> <span class='ocrx_word' id='word_1_794' title='bbox 2749 4815 2837 4862; x_wconf 90' lang='lat' dir='ltr'><strong>tua</strong></span> <span class='ocrx_word' id='word_1_795' title='bbox 2869 4807 3137 4878; x_wconf 88' lang='lat' dir='ltr'><strong>dogmata,</strong></span> <span class='ocrx_word' id='word_1_796' title='bbox 3180 4818 3234 4864; x_wconf 89' lang='lat' dir='ltr'><strong>et</strong></span> <span class='ocrx_word' id='word_1_797' title='bbox 3262 4809 3587 4866; x_wconf 84' lang='lat' dir='ltr'><strong>exacerban-</strong></span> 
     </span>
    </p>
   </div>
   <div class='ocr_carea' id='block_1_108' title="bbox 1998 4902 3583 4977">
    <p class='ocr_par' dir='ltr' id='par_1_108' title="bbox 1998 4902 3583 4977">
     <span class='ocr_line' id='line_1_108' title="bbox 1998 4902 3583 4977; baseline -0.002 -15"><span class='ocrx_word' id='word_1_798' title='bbox 1998 4907 2124 4962; x_wconf 86' lang='lat' dir='ltr'><strong>dum</strong></span> <span class='ocrx_word' id='word_1_799' title='bbox 2159 4907 2326 4977; x_wconf 87' lang='lat' dir='ltr'><strong>patris</strong></span> <span class='ocrx_word' id='word_1_800' title='bbox 2357 4906 2460 4960; x_wconf 90' lang='lat' dir='ltr'><strong>mei</strong></span> <span class='ocrx_word' id='word_1_801' title='bbox 2494 4918 2555 4960; x_wconf 88' lang='lat' dir='ltr'><strong>ac</strong></span> <span class='ocrx_word' id='word_1_802' title='bbox 2591 4902 2793 4959; x_wconf 90' lang='lat' dir='ltr'><strong>domini</strong></span> <span class='ocrx_word' id='word_1_803' title='bbox 2825 4904 3062 4959; x_wconf 91' lang='lat' dir='ltr'><strong>animum</strong></span> <span class='ocrx_word' id='word_1_804' title='bbox 3111 4919 3198 4960; x_wconf 90' lang='lat' dir='ltr'><strong>me</strong></span> <span class='ocrx_word' id='word_1_805' title='bbox 3245 4905 3583 4974; x_wconf 85' lang='lat' dir='ltr'><strong>pertrahens.</strong></span> 
     </span>
    </p>
   </div>
   <div class='ocr_carea' id='block_1_109' title="bbox 1998 4997 3582 5070">
    <p class='ocr_par' dir='ltr' id='par_1_109' title="bbox 1998 4997 3582 5070">
     <span class='ocr_line' id='line_1_109' title="bbox 1998 4997 3582 5070; baseline -0.003 -14"><span class='ocrx_word' id='word_1_806' title='bbox 1998 5001 2257 5070; x_wconf 88' lang='lat' dir='ltr'><strong>Quocirca</strong></span> <span class='ocrx_word' id='word_1_807' title='bbox 2278 5000 2348 5055; x_wconf 89' lang='lat' dir='ltr'><strong>ita</strong></span> <span class='ocrx_word' id='word_1_808' title='bbox 2380 4999 2648 5063; x_wconf 82' lang='lat' dir='ltr'><strong>existima,</strong></span> <span class='ocrx_word' id='word_1_809' title='bbox 2675 5007 2728 5054; x_wconf 91' lang='lat' dir='ltr'><strong>te</strong></span> <span class='ocrx_word' id='word_1_810' title='bbox 2759 5015 2903 5054; x_wconf 90' lang='lat' dir='ltr'><strong>nunc</strong></span> <span class='ocrx_word' id='word_1_811' title='bbox 2936 4999 3078 5053; x_wconf 90' lang='lat' dir='ltr'><strong>velut</strong></span> <span class='ocrx_word' id='word_1_812' title='bbox 3122 4997 3174 5052; x_wconf 93' lang='lat' dir='ltr'><strong>in</strong></span> <span class='ocrx_word' id='word_1_813' title='bbox 3197 5000 3388 5052; x_wconf 85' lang='lat' dir='ltr'><strong>trutina</strong></span> <span class='ocrx_word' id='word_1_814' title='bbox 3417 5005 3582 5051; x_wconf 88' lang='lat' dir='ltr'><strong>stare.</strong></span> 
     </span>
    </p>
   </div>
   <div class='ocr_carea' id='block_1_110' title="bbox 1997 5090 3582 5165">
    <p class='ocr_par' dir='ltr' id='par_1_110' title="bbox 1997 5090 3582 5165">
     <span class='ocr_line' id='line_1_110' title="bbox 1997 5090 3582 5165; baseline -0.005 -15"><span class='ocrx_word' id='word_1_815' title='bbox 1997 5094 2130 5150; x_wconf 86' lang='lat' dir='ltr'><strong>Nam</strong></span> <span class='ocrx_word' id='word_1_816' title='bbox 2159 5095 2202 5150; x_wconf 88' lang='lat' dir='ltr'><strong>si</strong></span> <span class='ocrx_word' id='word_1_817' title='bbox 2235 5109 2298 5149; x_wconf 85' lang='lat' dir='ltr'><strong>ex</strong></span> <span class='ocrx_word' id='word_1_818' title='bbox 2336 5094 2607 5165; x_wconf 83' lang='lat' dir='ltr'><strong>proposito</strong></span> <span class='ocrx_word' id='word_1_819' title='bbox 2640 5093 2934 5147; x_wconf 90' lang='lat' dir='ltr'><strong>certamine</strong></span> <span class='ocrx_word' id='word_1_820' title='bbox 2971 5092 3215 5160; x_wconf 89' lang='lat' dir='ltr'><strong>superior</strong></span> <span class='ocrx_word' id='word_1_821' title='bbox 3245 5090 3582 5158; x_wconf 82' lang='lat' dir='ltr'><strong>discesseris,</strong></span> 
     </span>
    </p>
   </div>
   <div class='ocr_carea' id='block_1_111' title="bbox 1996 5183 3586 5258">
    <p class='ocr_par' dir='ltr' id='par_1_111' title="bbox 1996 5183 3586 5258">
     <span class='ocr_line' id='line_1_111' title="bbox 1996 5183 3586 5258; baseline -0.007 -13"><span class='ocrx_word' id='word_1_822' title='bbox 1996 5203 2114 5245; x_wconf 89' lang='lat' dir='ltr'><strong>eam</strong></span> <span class='ocrx_word' id='word_1_823' title='bbox 2129 5189 2333 5244; x_wconf 90' lang='lat' dir='ltr'><strong>scilicet</strong></span> <span class='ocrx_word' id='word_1_824' title='bbox 2349 5203 2508 5258; x_wconf 88' lang='lat' dir='ltr'><strong>quam</strong></span> <span class='ocrx_word' id='word_1_825' title='bbox 2525 5186 2650 5241; x_wconf 91' lang='lat' dir='ltr'><strong>mihi</strong></span> <span class='ocrx_word' id='word_1_826' title='bbox 2672 5185 2934 5241; x_wconf 87' lang='lat' dir='ltr'><strong>tradidisti</strong></span> <span class='ocrx_word' id='word_1_827' title='bbox 2953 5183 3248 5238; x_wconf 81' lang='lat' dir='ltr'><strong>doctrinam</strong></span> <span class='ocrx_word' id='word_1_828' title='bbox 3269 5197 3446 5236; x_wconf 88' lang='lat' dir='ltr'><strong>veram</strong></span> <span class='ocrx_word' id='word_1_829' title='bbox 3466 5197 3586 5235; x_wconf 84' lang='lat' dir='ltr'><strong>esse</strong></span> 
     </span>
    </p>
   </div>
   <div class='ocr_carea' id='block_1_112' title="bbox 1995 5274 3575 5353">
    <p class='ocr_par' dir='ltr' id='par_1_112' title="bbox 1995 5274 3575 5353">
     <span class='ocr_line' id='line_1_112' title="bbox 1995 5274 3575 5353; baseline -0.009 -12"><span class='ocrx_word' id='word_1_830' title='bbox 1995 5285 2395 5350; x_wconf 89' lang='lat' dir='ltr'><strong>demonstrans,</strong></span> <span class='ocrx_word' id='word_1_831' title='bbox 2449 5291 2610 5353; x_wconf 90' lang='lat' dir='ltr'><strong>atque</strong></span> <span class='ocrx_word' id='word_1_832' title='bbox 2641 5295 2734 5336; x_wconf 90' lang='lat' dir='ltr'><strong>eos</strong></span> <span class='ocrx_word' id='word_1_833' title='bbox 2767 5279 2860 5350; x_wconf 91' lang='lat' dir='ltr'><strong>qui</strong></span> <span class='ocrx_word' id='word_1_834' title='bbox 2894 5275 3155 5332; x_wconf 86' lang='lat' dir='ltr'><strong>hodierna</strong></span> <span class='ocrx_word' id='word_1_835' title='bbox 3187 5277 3272 5330; x_wconf 91' lang='lat' dir='ltr'><strong>die</strong></span> <span class='ocrx_word' id='word_1_836' title='bbox 3301 5274 3454 5329; x_wconf 90' lang='lat' dir='ltr'><strong>nobis</strong></span> <span class='ocrx_word' id='word_1_837' title='bbox 3486 5275 3575 5328; x_wconf 33' lang='lat' dir='ltr'><strong>ads</strong></span> 
     </span>
    </p>
   </div>
   <div class='ocr_carea' id='block_1_113' title="bbox 1992 5369 3572 5442">
    <p class='ocr_par' dir='ltr' id='par_1_113' title="bbox 1992 5369 3572 5442">
     <span class='ocr_line' id='line_1_113' title="bbox 1992 5369 3572 5442; baseline -0.005 -10"><span class='ocrx_word' id='word_1_838' title='bbox 1992 5389 2294 5442; x_wconf 86' lang='lat' dir='ltr'><strong>versantur,</strong></span> <span class='ocrx_word' id='word_1_839' title='bbox 2330 5377 2384 5431; x_wconf 92' lang='lat' dir='ltr'><strong>in</strong></span> <span class='ocrx_word' id='word_1_840' title='bbox 2431 5391 2614 5431; x_wconf 88' lang='lat' dir='ltr'><strong>errore</strong></span> <span class='ocrx_word' id='word_1_841' title='bbox 2644 5373 2848 5432; x_wconf 87' lang='lat' dir='ltr'><strong>versari</strong></span> <span class='ocrx_word' id='word_1_842' title='bbox 2901 5369 3213 5436; x_wconf 89' lang='lat' dir='ltr'><strong>ostendens,</strong></span> <span class='ocrx_word' id='word_1_843' title='bbox 3250 5381 3304 5425; x_wconf 92' lang='lat' dir='ltr'><strong>tu</strong></span> <span class='ocrx_word' id='word_1_844' title='bbox 3360 5369 3572 5440; x_wconf 67' lang='lat' dir='ltr'><strong>quidem</strong></span> 
     </span>
    </p>
   </div>
   <div class='ocr_carea' id='block_1_114' title="bbox 1993 5461 3581 5543">
    <p class='ocr_par' dir='ltr' id='par_1_114' title="bbox 1993 5461 3581 5543">
     <span class='ocr_line' id='line_1_114' title="bbox 1993 5461 3581 5543; baseline -0.008 -15"><span class='ocrx_word' id='word_1_845' title='bbox 1993 5473 2250 5543; x_wconf 88' lang='lat' dir='ltr'><strong>majorem</strong></span> <span class='ocrx_word' id='word_1_846' title='bbox 2283 5486 2441 5542; x_wconf 91' lang='lat' dir='ltr'><strong>quam</strong></span> <span class='ocrx_word' id='word_1_847' title='bbox 2475 5471 2614 5525; x_wconf 88' lang='lat' dir='ltr'><strong>ullus</strong></span> <span class='ocrx_word' id='word_1_848' title='bbox 2656 5481 2886 5536; x_wconf 90' lang='lat' dir='ltr'><strong>unquam</strong></span> <span class='ocrx_word' id='word_1_849' title='bbox 2918 5463 3192 5532; x_wconf 87' lang='lat' dir='ltr'><strong>habuerit,</strong></span> <span class='ocrx_word' id='word_1_850' title='bbox 3224 5461 3444 5532; x_wconf 89' lang='lat' dir='ltr'><strong>gloriam</strong></span> <span class='ocrx_word' id='word_1_851' title='bbox 3496 5477 3581 5518; x_wconf 89' lang='lat' dir='ltr'><strong>re-</strong></span> 
     </span>
    </p>
   </div>
   <div class='ocr_carea' id='block_1_115' title="bbox 1992 5555 3574 5632">
    <p class='ocr_par' dir='ltr' id='par_1_115' title="bbox 1992 5555 3574 5632">
     <span class='ocr_line' id='line_1_115' title="bbox 1992 5555 3574 5632; baseline -0.006 -12"><span class='ocrx_word' id='word_1_852' title='bbox 1992 5564 2152 5632; x_wconf 82' lang='lat' dir='ltr'><strong>feres,</strong></span> <span class='ocrx_word' id='word_1_853' title='bbox 2188 5578 2249 5616; x_wconf 86' lang='lat' dir='ltr'><strong>ae</strong></span> <span class='ocrx_word' id='word_1_854' title='bbox 2296 5562 2536 5617; x_wconf 84' lang='lat' dir='ltr'><strong>veritatis</strong></span> <span class='ocrx_word' id='word_1_855' title='bbox 2586 5575 2758 5628; x_wconf 67' lang='lat' dir='ltr'><strong>praeco</strong></span> <span class='ocrx_word' id='word_1_856' title='bbox 2813 5555 3130 5622; x_wconf 85' lang='lat' dir='ltr'><strong>vocaberis;</strong></span> <span class='ocrx_word' id='word_1_857' title='bbox 3179 5565 3338 5627; x_wconf 86' lang='lat' dir='ltr'><strong>atque</strong></span> <span class='ocrx_word' id='word_1_858' title='bbox 3379 5571 3478 5628; x_wconf 87' lang='lat' dir='ltr'><strong>ego</strong></span> <span class='ocrx_word' id='word_1_859' title='bbox 3523 5556 3574 5611; x_wconf 91' lang='lat' dir='ltr'><strong>in</strong></span> 
     </span>
    </p>
   </div>
   <div class='ocr_carea' id='block_1_116' title="bbox 1995 5651 3573 5725">
    <p class='ocr_par' dir='ltr' id='par_1_116' title="bbox 1995 5651 3573 5725">
     <span class='ocr_line' id='line_1_116' title="bbox 1995 5651 3573 5725; baseline -0.004 -13"><span class='ocrx_word' id='word_1_860' title='bbox 1995 5667 2079 5714; x_wconf 88' lang='lat' dir='ltr'><strong>tua</strong></span> <span class='ocrx_word' id='word_1_861' title='bbox 2100 5658 2338 5713; x_wconf 85' lang='lat' dir='ltr'><strong>doctrina</strong></span> <span class='ocrx_word' id='word_1_862' title='bbox 2370 5656 2638 5725; x_wconf 86' lang='lat' dir='ltr'><strong>perstabo,</strong></span> <span class='ocrx_word' id='word_1_863' title='bbox 2669 5652 3072 5721; x_wconf 65' lang='lat' dir='ltr'><strong>Christumque,</strong></span> <span class='ocrx_word' id='word_1_864' title='bbox 3122 5651 3573 5721; x_wconf 87' lang='lat' dir='ltr'><strong>quemadmodum</strong></span> 
     </span>
    </p>
   </div>
   <div class='ocr_carea' id='block_1_117' title="bbox 1942 5741 3576 5820">
    <p class='ocr_par' dir='ltr' id='par_1_117' title="bbox 1942 5741 3576 5820">
     <span class='ocr_line' id='line_1_117' title="bbox 1942 5741 3576 5820; baseline -0.004 -14"><span class='ocrx_word' id='word_1_865' title='bbox 1942 5776 1948 5783; x_wconf 95' lang='lat'><strong><em>-</em></strong></span> <span class='ocrx_word' id='word_1_866' title='bbox 1992 5751 2314 5820; x_wconf 72' lang='lat' dir='ltr'><strong>prmdicasti,</strong></span> <span class='ocrx_word' id='word_1_867' title='bbox 2349 5748 2414 5802; x_wconf 86' lang='lat' dir='ltr'><strong>ad</strong></span> <span class='ocrx_word' id='word_1_868' title='bbox 2445 5757 2742 5802; x_wconf 89' lang='lat' dir='ltr'><strong>extremum</strong></span> <span class='ocrx_word' id='word_1_869' title='bbox 2789 5759 2954 5815; x_wconf 80' lang='lat' dir='ltr'><strong>uSque</strong></span> <span class='ocrx_word' id='word_1_870' title='bbox 2985 5741 3230 5815; x_wconf 87' lang='lat' dir='ltr'><strong>spiritum</strong></span> <span class='ocrx_word' id='word_1_871' title='bbox 3258 5744 3449 5800; x_wconf 89' lang='lat' dir='ltr'><strong>colam.</strong></span> <span class='ocrx_word' id='word_1_872' title='bbox 3480 5744 3576 5800; x_wconf 87' lang='lat' dir='ltr'><strong>Sin</strong></span> 
     </span>
    </p>
   </div>
   <div class='ocr_carea' id='block_1_118' title="bbox 1991 5835 3574 5910">
    <p class='ocr_par' dir='ltr' id='par_1_118' title="bbox 1991 5835 3574 5910">
     <span class='ocr_line' id='line_1_118' title="bbox 1991 5835 3574 5910; baseline -0.008 -12"><span class='ocrx_word' id='word_1_873' title='bbox 1991 5855 2189 5910; x_wconf 86' lang='lat' dir='ltr'><strong>autem,</strong></span> <span class='ocrx_word' id='word_1_874' title='bbox 2223 5844 2334 5897; x_wconf 83' lang='lat' dir='ltr'><strong>sive</strong></span> <span class='ocrx_word' id='word_1_875' title='bbox 2370 5841 2513 5908; x_wconf 91' lang='lat' dir='ltr'><strong>dolo,</strong></span> <span class='ocrx_word' id='word_1_876' title='bbox 2566 5840 2678 5893; x_wconf 86' lang='lat' dir='ltr'><strong>sive</strong></span> <span class='ocrx_word' id='word_1_877' title='bbox 2729 5837 2870 5893; x_wconf 89' lang='lat' dir='ltr'><strong>serio</strong></span> <span class='ocrx_word' id='word_1_878' title='bbox 2915 5851 2976 5892; x_wconf 90' lang='lat' dir='ltr'><strong>ac</strong></span> <span class='ocrx_word' id='word_1_879' title='bbox 3004 5851 3130 5892; x_wconf 89' lang='lat' dir='ltr'><strong>vere</strong></span> <span class='ocrx_word' id='word_1_880' title='bbox 3159 5845 3460 5906; x_wconf 90' lang='lat' dir='ltr'><strong>superatus,</strong></span> <span class='ocrx_word' id='word_1_881' title='bbox 3494 5835 3574 5902; x_wconf 81' lang='lat' dir='ltr'><strong>ig-</strong></span> 
     </span>
    </p>
   </div>
   <div class='ocr_carea' id='block_1_119' title="bbox 1989 5928 3573 5999">
    <p class='ocr_par' dir='ltr' id='par_1_119' title="bbox 1989 5928 3573 5999">
     <span class='ocr_line' id='line_1_119' title="bbox 1989 5928 3573 5999; baseline -0.011 -2"><span class='ocrx_word' id='word_1_882' title='bbox 1989 5934 2280 5998; x_wconf 84' lang='lat' dir='ltr'><strong>nominiam</strong></span> <span class='ocrx_word' id='word_1_883' title='bbox 2340 5932 2468 5990; x_wconf 86' lang='lat' dir='ltr'><strong>mihi</strong></span> <span class='ocrx_word' id='word_1_884' title='bbox 2542 5931 2899 5999; x_wconf 79' lang='lat' dir='ltr'><strong>cenllaveris,</strong></span> <span class='ocrx_word' id='word_1_885' title='bbox 2957 5928 3336 5986; x_wconf 85' lang='lat' dir='ltr'><strong>contumeliam</strong></span> <span class='ocrx_word' id='word_1_886' title='bbox 3401 5937 3573 5982; x_wconf 79' lang='lat' dir='ltr'><strong>meatu</strong></span> 
     </span>
    </p>
   </div>
   <div class='ocr_carea' id='block_1_120' title="bbox 2478 6097 2548 6114">
    <p class='ocr_par' dir='ltr' id='par_1_120' title="bbox 2478 6097 2548 6114">
     <span class='ocr_line' id='line_1_120' title="bbox 2478 6097 2548 6114; baseline 0.029 -2"><span class='ocrx_word' id='word_1_887' title='bbox 2478 6097 2548 6114; x_wconf 50' lang='lat' dir='ltr'><strong>-K.</strong></span> 
     </span>
    </p>
   </div>
  </div>
