4158 6354
598 354 705 422 ﬁt?

1641 366 1733 425 DE
1774 366 1955 427 VITIS
1994 366 2282 430 PATRUM
2321 366 2523 428 LIBER
2565 370 2839 434 PRIMUS.

3773 366 3880 439 ⁸³⁸⁸
3918 448 3925 455 .

597 491 780 548 statim
805 490 1053 547 ulciscar.
1095 488 1308 545 Etenim
1358 491 1604 547 meismet
1645 492 1893 549 manibus
1917 509 2012 549 cor
2038 503 2187 551 tuum
2211 501 2263 564 Α
2292 496 2547 567 quidquid
2563 506 2746 555 movet
2774 499 2996 569 eoquod
3021 510 3265 556 movetur
3286 498 3478 555 fortius
3500 507 3584 556 est
3605 516 3623 567 ;
3642 507 3703 556 et
3738 500 3878 572 quod

600 598 669 642 ac
695 584 928 655 linguam
978 582 1201 640 evellam
1228 625 1243 647 ,
1291 596 1464 652 eaque
1510 598 1632 639 cum
1675 584 1881 655 reliquo
1933 597 2025 641 tuo
2070 602 2191 642 cor-

598 695 733 753 pore
761 680 982 735 canibus
1006 678 1059 733 in
1092 678 1326 749 prauam
1370 677 1534 746 dabo,
1563 688 1624 735 ut
1674 690 1764 735 tuo
1793 685 2047 755 exemplo
2073 698 2189 740 om-

599 786 700 829 nes
722 786 906 844 regum
934 771 1060 827 ﬁliis
1110 771 1462 841 imposturam
1516 770 1740 828 minime
1787 773 1963 831 facere
2004 775 2189 832 condi-

594 876 765 923 scant.

672 962 763 1016 His
790 961 968 1017 verbis
997 960 1213 1032 auditis,
1247 959 1457 1018 Nachor
1484 962 1755 1031 ingentem
1792 960 2064 1017 tristitiam
2119 979 2184 1020 ac

596 1068 882 1109 mmrorem
904 1055 1171 1124 concepit,
1207 1064 1265 1110 ut
1284 1055 1375 1125 qui
1403 1058 1635 1126 seipsum
1665 1056 1720 1111 in
1763 1058 1973 1112 foveam
2023 1070 2183 1126 quam

595 1145 793 1201 fecerat
824 1146 1083 1210 incidere,
1115 1161 1178 1201 ac
1207 1146 1395 1218 laqueo
1425 1164 1583 1217 quem
1613 1154 1971 1216 absconderat
2002 1160 2183 1229 impli-

596 1251 724 1303 cari,
756 1251 958 1305 suoque
987 1238 1168 1309 gladio
1198 1254 1259 1293 se
1286 1239 1505 1297 confodi
1538 1248 1886 1316 perspiceret.
1919 1249 2053 1307 Cum
2084 1253 2183 1324 lgi-

595 1339 818 1386 turrem
851 1344 1033 1385 secum
1080 1341 1412 1399 reputasset,
1442 1334 1507 1388 ad
1556 1336 1648 1391 ﬁlii
1698 1342 1840 1411 regis
1890 1354 2086 1413 partes,
2124 1356 2182 1401 ut

592 1424 907 1493 impendens
952 1424 1071 1479 vitae
1100 1425 1386 1481 discrimen
1412 1428 1664 1497 effugeret
1689 1472 1705 1496 ,
1734 1447 1859 1491 sese
1885 1438 2060 1505 potius
2088 1438 2183 1492 ad.

589 1517 834 1588 iungere,
864 1518 1136 1587 ipsiusque
1166 1518 1413 1587 dogmata
1447 1522 1769 1581 conﬁrmare
1800 1530 2005 1593 statuit,
2037 1530 2181 1599 quod

588 1609 838 1665 videlicet
870 1609 962 1665 ille
987 1609 1189 1678 optimo
1215 1609 1336 1679 jure
1362 1613 1627 1682 supplicio
1654 1630 1777 1671 eum
1807 1616 2024 1675 afﬁcere
2058 1636 2183 1690 pos-

588 1711 691 1766 set,
724 1702 766 1755 si
795 1700 1008 1771 quidem
1034 1701 1199 1770 ipsius
1227 1703 1465 1757 animum
1494 1705 1825 1763 offendisset.
1859 1711 1929 1764 At
1981 1710 2031 1764 id
2092 1722 2169 1766 to-

590 1803 701 1849 tum
729 1794 921 1850 divina:
950 1796 1297 1863 providentia)
1345 1807 1478 1863 erat,
1508 1815 1631 1868 quas
1677 1802 1952 1874 religionis
1982 1816 2179 1863 nostra

2292 589 2532 643 continet
2559 598 2719 660 atque
2746 599 3032 646 conservat
3055 591 3248 647 fortius
3273 600 3357 647 est
3400 606 3468 647 eo
3516 592 3661 662 quod
3709 592 3879 647 conti-

2293 694 2447 739 netur
2483 691 2538 738 et
2589 696 2964 741 conservatur.
2996 686 3258 753 Quocirca
3305 685 3478 755 ipsum
3536 684 3705 738 Deum
3758 699 3876 741 esse

2292 772 2413 829 dico
2451 774 2542 845 qui
2588 777 2769 831 omnia
2818 777 2982 850 305
3031 778 3330 847 procreavit
3372 789 3531 846 atque
3574 785 3875 841 conservat,

2294 869 2490 939 quique
2521 868 2797 940 principiis
2825 885 3022 941 expers
3051 880 3153 936 est,
3185 879 3239 925 et
3274 869 3629 938 sempiternus
3681 876 3735 922 et
3778 868 3874 922 iin-

2288 962 2553 1029 mortalis,
2584 975 2640 1018 et
2666 962 2809 1017 nulla
2837 978 2897 1018 re
2944 961 3211 1033 indigens,
3259 960 3614 1030 omnibusque
3664 970 3874 1031 pertur-

2286 1052 2594 1109 bationibus
2641 1069 2701 1110 ac
2750 1054 3048 1111 defectibus
3091 1053 3399 1121 subltmior,
3427 1052 3528 1109 hoc
3570 1062 3651 1109 est
3703 1052 3783 1106 ira
3827 1058 3880 1108 et

2287 1142 2556 1200 oblivione
2576 1154 2737 1216 atque
2758 1146 3081 1217 ignorantia,
3101 1145 3431 1215 reliquisque
3453 1146 3701 1199 omnibus
3720 1144 3877 1199 rebus

2284 1241 2497 1308 generis
2525 1241 2787 1310 ejusdem.
2822 1241 2921 1296 Per
2967 1241 3142 1311 ipsum
3173 1247 3351 1294 autem
3393 1241 3570 1293 omnia
3596 1253 3879 1307 coagmen-

2285 1337 2396 1385 tata
2419 1339 2473 1385 et
2501 1342 2748 1387 concreta
2779 1340 2904 1387 sunt
2930 1332 3103 1405 (Psal.
3140 1332 3252 1403 xv).
3282 1330 3392 1387 Nee
3422 1346 3548 1386 vero
3598 1329 3879 1387 sacriﬁciis

2285 1430 2380 1477 aut
2402 1422 2760 1491 libaminibus,
2793 1434 2888 1479 aut
2918 1425 3024 1480 ulla
3047 1424 3152 1478 alia
3177 1440 3234 1479 re
3265 1423 3316 1477 in
3351 1433 3627 1493 aspectum
3653 1421 3879 1479 cadente

2284 1528 2423 1585 opus
2449 1515 2611 1571 habet
2640 1515 2780 1585 (Act.
2816 1518 2974 1588 xvii),
3010 1532 3190 1572 verum
3214 1524 3398 1572 contra
3424 1529 3611 1571 omnes
3661 1530 3727 1571 eo
3749 1529 3880 1587 opus

2287 1604 2502 1661 habent.

2355 1698 2488 1755 Cn.
2534 1697 2842 1757 XXVll.—
2876 1698 2971 1755 llis
3012 1698 3084 1755 ita
3133 1700 3201 1756 de
3248 1696 3359 1756 Deo
3404 1696 3878 1767 commemoratis,

2283 1792 2734 1859 quemadmodum
2780 1792 2952 1862 ipsius
3004 1792 3266 1849 beneﬁcio
3312 1793 3444 1849 mihi
3473 1792 3541 1848 de
3587 1796 3705 1863 ipso
3738 1793 3879 1865 loqui

589 1889 805 1946 decreta
833 1890 1100 1959 sapienter
1131 1904 1224 1958 per
1253 1890 1594 1948 adversarios
1622 1897 1992 1953 conﬁrmabat.
2042 1899 2176 1955 Nam

2284 1900 2598 1941 conces~um
2656 1896 2775 1952 est,
2808 1887 2874 1941 ad
2926 1887 3218 1942 humanum
3266 1902 3434 1958 genus
3490 1886 3792 1951 veniamus,
3823 1893 3880 1945 ut

589 1994 710 2035 cum
742 1981 1004 2035 idolorum
1034 1980 1304 2038 antistites
1335 1993 1393 2038 et
1416 1983 1626 2041 Nachnr
1654 2002 1936 2045 sermones
1988 2004 2178 2047 conse-

588 2087 709 2129 rere
753 2073 1070 2142 inciperent,
1126 2084 1181 2130 ut
1222 2074 1464 2131 Barlaam
1512 2077 1625 2146 ille,
1674 2095 1793 2135 cum
1841 2082 1945 2136 sub
1989 2083 2179 2140 Balaae

586 2161 835 2220 lsraelem
867 2164 1136 2235 quondam
1166 2168 1438 2221 exsecrari
1484 2184 1545 2222 ac
1574 2169 1705 2224 diris
1756 2172 2020 2229 devovere
2048 2191 2177 2231 con-

584 2262 865 2327 stituisset,
891 2260 1070 2315 multis
1094 2269 1269 2316 tamen
1296 2276 1421 2317 eum
1444 2276 1509 2316 ac
1531 2264 1694 2318 variis
1714 2264 2175 2323 benedictionibus

584 2353 921 2424 cumulavit(
949 2353 1089 2407 Num
1118 2367 1232 2409 xm
1253 2371 1295 2425 i,
1316 2353 1385 2409 ad
1434 2356 1683 2410 eumdem
1733 2365 1901 2412 etiam
1954 2364 2174 2415 modum

586 2445 801 2502 Nachor
850 2447 1224 2517 insipientibus
1272 2462 1336 2501 ac
1382 2449 1593 2505 stolidis
1632 2451 1963 2520 sapientibus
2016 2453 2177 2510 veheo

583 2550 794 2595 menter
815 2539 1202 2595 obluctabatur.
1226 2540 1360 2594 Cum
1372 2541 1513 2596 enim
1544 2556 1633 2597 rex
1653 2543 1704 2597 in
1734 2542 2175 2615 tbronosederet,

582 2644 744 2703 atque
773 2631 938 2700 ipsius
968 2630 1130 2697 ﬁlius,
1166 2631 1376 2700 utbjam
1408 2644 1440 2685 a
1480 2630 1634 2685 nobis
1679 2632 1879 2690 dictum
1920 2643 2027 2702 est,
2073 2635 2176 2705 ipsi

582 2726 881 2792 assideret,
908 2726 1064 2795 eique
1093 2724 1255 2780 etiam
1301 2723 1451 2778 stulti
1500 2722 1742 2779 rhetores
1791 2735 2052 2793 astarent,
2085 2727 2175 2794 qui

584 2830 645 2874 nt
672 2817 906 2887 gladium
941 2817 1150 2887 linguas
1179 2830 1305 2870 snas
1353 2817 1418 2869 ad
1466 2817 1872 2885 opprimendam
1924 2828 1981 2873 et
2024 2834 2176 2875 ever-

583 2913 797 2967 tendam
828 2914 1107 2966 veritatem
1134 2919 1389 2964 acuerant
1421 2908 1593 2980 (Psal.
1646 2910 1818 2981 uiti),
1850 2913 2047 2981 quique
2071 2951 2087 2978 ,
2120 2922 2179 2969 ut

582 3018 703 3059 cum
737 3002 867 3057 Isaia
898 3002 1106 3071 loquar,
1141 3002 1381 3056 laborem
1408 3003 1731 3069 parturiunt,
1758 3012 1814 3058 et
1836 3003 2173 3071 iniquitatem

582 3093 795 3165 pariunt
827 3090 1007 3165 (Isaiae
1039 3093 1176 3162 ux),
1208 3090 1376 3161 plebis
1405 3090 1565 3146 etiam
1593 3092 1658 3148 ad
1708 3095 2016 3152 certaminis
2060 3112 2176 3167 Spe-

582 3188 848 3244 ctaculum
901 3186 1307 3242 innumerabilis
1363 3186 1648 3243 multitudo
1695 3191 2085 3261 confluxisset,
2117 3200 2175 3247 ut

2283 1980 2498 2045 quinam
2532 1979 2766 2047 ipsorum
2804 1979 3065 2045 veritatis,
3097 1981 3314 2050 quinam
3343 1978 3546 2035 erroris
3588 1978 3878 2050 participes

2280 2067 2391 2122 sint
2421 2072 2834 2137 cottspiciamus.
2870 2070 2998 2125 Illud
3032 2087 3197 2139 enim,
3227 2087 3260 2127 o
3290 2088 3404 2139 rex,
3437 2070 3580 2127 inter
3618 2085 3719 2127 nos
3746 2085 3873 2126 cono

2279 2171 2404 2229 stat,
2440 2160 2540 2216 tria
2571 2164 2621 2217 itt
2669 2165 2869 2220 mundo
2902 2166 3175 2220 hominum
3219 2182 3414 2238 genera
3443 2180 3586 2232 esse,
3619 2166 3869 2221 nimirum

2280 2269 2377 2309 eos
2404 2256 2492 2325 qui
2526 2256 2664 2325 apud
2698 2272 2792 2311 vos
2826 2257 3049 2314 deorum
3092 2258 3326 2313 cultores
3369 2258 3620 2313 dicuntur
3643 2298 3659 2325 ,
3688 2268 3744 2313 et
3785 2257 3876 2312 Ju-

2279 2348 2447 2414 diros,
2476 2360 2531 2404 et
2572 2350 2930 2408 Christianos.
2978 2354 3057 2408 Ac
3086 2368 3296 2407 rursum
3326 2369 3511 2409 eorum
3543 2356 3633 2424 qui
3678 2355 3875 2413 inultos

2279 2442 2409 2498 deos
2454 2445 2636 2499 colunt
2691 2447 2881 2515 triplex
2923 2461 3093 2517 genus
3135 2461 3293 2510 esse,
3325 2461 3521 2517 nempe
3568 2446 3873 2519 Chaldaeos,

2280 2536 2498 2590 Graecos
2520 2547 2573 2590 et
2605 2537 2910 2608 Aigyptios.
2940 2537 3072 2593 Nam
3098 2535 3149 2590 lii
3176 2537 3396 2605 reliquis
3424 2538 3731 2594 nationibus
3756 2539 3875 2608 plu-

2282 2630 2419 2682 rium
2450 2629 2671 2684 deorum
2705 2631 2881 2684 cultus
2911 2639 2966 2685 et
2995 2629 3322 2685 adorationis
3353 2630 3513 2685 duces
3543 2644 3604 2684 ac
3630 2629 3872 2701 magistri

2281 2720 2518 2774 fuerunt.
2566 2722 2827 2787 Quocitca
2876 2723 3090 2793 quinatn
3131 2723 3366 2791 ipsorum
3400 2716 3451 2777 in
3481 2721 3731 2789 veritate,
3754 2724 3873 2794 qui-

2281 2827 2403 2866 nam
2436 2814 2488 2867 itt
2511 2828 2697 2869 errore
2724 2825 3024 2885 versentur,
3053 2815 3346 2872 videamus.
3376 2815 3456 2871 Ac
3479 2813 3722 2870 Cbaldmi
3754 2817 3872 2887 qui-

2283 2906 2408 2961 dem
2455 2908 2619 2961 Deum
2654 2908 2983 2978 ignorantes,
3017 2917 3136 2978 post
3165 2908 3437 2965 elementa
3468 2908 3873 2973 aberraverunt,

2279 3014 2472 3068 resque
2494 2999 2739 3055 conditas
2761 3000 3034 3056 Creatoris
3058 3000 3176 3056 loco
3198 3001 3374 3056 colere
3396 3011 3675 3071 cceperunt
3700 3018 3713 3053 :
3742 3016 3869 3071 qua-

2284 3108 2401 3146 rum
2430 3094 2592 3146 etiarn
2616 3108 2735 3148 cum
2764 3094 2963 3149 formas
2986 3093 3240 3163 quasdam
3263 3093 3587 3156 eﬁecissent,
3607 3108 3701 3147 eas
3730 3091 3873 3161 coeli,

2281 3194 2334 3238 et
2363 3195 2541 3249 terrae,
2577 3195 2631 3239 et
2663 3188 2846 3254 maris,
2872 3197 2927 3241 et
2956 3185 3110 3254 solis,
3141 3201 3203 3241 ac
3235 3188 3372 3241 lunae
3394 3228 3410 3252 ,
3438 3185 3879 3256 reliquorumque

581 3290 698 3337 utra
723 3297 847 3352 pars
872 3278 1149 3335 victoriam
1175 3278 1563 3349 adipisceretur
1587 3292 1960 3350 cognosceret,
1993 3283 2176 3339 rheto-
2205 3276 2255 3344 C
2289 3278 2678 3334 elementorum
2703 3290 2755 3335 et
2777 3280 3012 3334 siderum
3048 3280 3269 3351 ﬁguram
3298 3279 3660 3351 appellarunt,
3678 3292 3878 3349 easque

580 3388 700 3429 rum
731 3388 893 3441 unus,
922 3371 1013 3441 qui
1038 3370 1286 3427 omnibus
1333 3371 1583 3429 doctrina
1623 3376 1931 3442 przestabat,
1959 3377 2028 3433 ad
2078 3378 2180 3432 Na-

581 3467 799 3521 chorem
830 3465 967 3521 dixit
999 3482 1012 3517 :
1044 3463 1195 3520 Tune
1220 3479 1278 3519 es
1309 3465 1398 3520 ille
1423 3480 1593 3537 usque
1615 3466 1751 3521 adeo
1780 3467 1977 3530 audax,
2010 3480 2175 3539 atque

581 3562 636 3621 in
665 3563 797 3616 deos
824 3570 1040 3616 nostros
1062 3561 1486 3616 contumeliosus
1514 3561 1759 3617 Barlaatn
1789 3603 1805 3629 ,
1835 3564 1927 3633 qui
1969 3564 2177 3618 charis-

583 3653 779 3709 simum
809 3654 955 3725 regis
982 3657 1149 3707 ultum
1178 3652 1230 3707 in
1276 3652 1541 3725 ejusmodi
1587 3669 1826 3709 errorem
1878 3656 2177 3726 coniecisti,

582 3762 812 3817 eumque
838 3746 1151 3803 cruciﬁxum
1182 3746 1364 3803 colere
1409 3748 1682 3803 docuisti?
1724 3748 2020 3820 Respondit
2068 3751 2185 3805 Na-'

584 3842 718 3896 chor
741 3858 756 3897 :
778 3840 945 3908 Sane,
972 3856 1071 3910 ego
1101 3854 1217 3894 sum
1252 3842 1516 3908 Barlaam,
1545 3844 1633 3914 qui
1658 3843 1788 3899 deos
1819 3856 1957 3913 tuos,
1988 3860 2176 3916 quem-

582 3933 871 3991 admodum
914 3933 1132 3999 dixisti,
1166 3933 1321 3988 nihili
1366 3935 1568 4005 pendo,
1599 3936 1794 4007 quique
1827 3939 1967 4010 regis
2010 3938 2178 3995 lilium

584 4042 692 4084 non
725 4028 779 4081 iu
808 4040 1048 4082 errorem
1076 4027 1305 4097 conieci,
1331 4029 1426 4083 sed
1449 4044 1635 4085 errore
1660 4031 1905 4095 liberavi,
1931 4041 2091 4101 atque
2111 4030 2177 4086 ad

583 4132 770 4175 verum
794 4118 961 4173 Deum
987 4117 1228 4189 adiunxi.
1255 4120 1393 4176 Tum
1424 4123 1608 4179 rhetor
1635 4124 1727 4179 ille
1768 4125 1831 4177 ad
1881 4127 2018 4178 hunc
2064 4142 2178 4178 mo»

584 4211 713 4266 dum
742 4211 954 4267 locutus
977 4222 1059 4268 est
1088 4229 1101 4265 :
1134 4211 1395 4279 Quoniam
1443 4216 1620 4287 magni
1671 4226 1726 4271 et
1768 4216 1949 4273 eximii
2001 4217 2118 4286 viri,
2147 4235 2176 4273 a

587 4304 785 4373 quibus
808 4305 985 4360 omnis
1005 4304 1266 4375 sapientia
1292 4316 1346 4361 et
1374 4308 1597 4363 scientia
1633 4308 1843 4364 inventa
1877 4319 1977 4371 est.
2010 4312 2179 4366 subli-

588 4412 707 4455 mes
729 4397 862 4454 deos
888 4410 1051 4468 atque
1098 4400 1432 4455 immortales
1461 4416 1554 4455 eos
1602 4411 1931 4472 nuncupant,
1963 4418 2178 4459 omnes-

587 4507 710 4563 quaa
731 4492 880 4548 orbis
904 4501 1061 4549 terrae
1087 4508 1239 4563 reges
1266 4503 1321 4549 et
1346 4493 1580 4550 illustres
1606 4495 1702 4549 viri
1735 4495 1880 4564 ipsos
1907 4497 2088 4551 colant
2115 4511 2178 4551 ac

587 4595 937 4651 venerentur,
955 4600 1187 4656 quonam
1206 4588 1368 4641 modo
1391 4587 1505 4658 ipse
1536 4589 1768 4660 linguam
1799 4589 2056 4645 adversus
2084 4604 2179 4649 eos

2281 3386 2369 3426 res
2402 3373 2452 3427 in
2488 3373 2698 3441 templis
2732 3374 3013 3429 conclusas
3044 3374 3292 3441 adorant,
3324 3390 3387 3428 ac
3415 3373 3548 3429 deos
3578 3373 3877 3443 appellant.

2281 3463 2429 3530 Quos
2464 3466 2621 3519 etiam
2654 3464 2935 3537 diligenter
2964 3481 3027 3521 ac
3055 3473 3296 3521 studiose
3324 3475 3543 3521 servant
3590 3480 3659 3521 ne
3684 3481 3715 3519 a
3744 3462 3879 3520 furi-

2281 3555 2382 3611 bus
2412 3557 2798 3627 subripiantur.
2829 3557 2939 3613 Nec
2981 3558 3109 3613 illud
3159 3560 3284 3629 ipsis
3335 3560 3384 3611 in
3429 3567 3663 3613 mentem
3714 3566 3880 3631 vemt,

2282 3651 2536 3722 quidquid
2562 3661 2744 3706 servat
2772 3666 2839 3707 eo
2860 3651 3001 3720 quod
3030 3663 3273 3707 servatur
3297 3648 3472 3722 majus
3494 3665 3638 3720 esse,
3664 3660 3719 3706 et
3750 3652 3879 3706 item

2283 3759 2405 3799 eum
2436 3747 2523 3815 qui
2555 3744 2755 3816 aliquid
2795 3744 2962 3801 efﬁcit
2990 3762 3056 3802 eo
3099 3746 3242 3817 quod
3272 3748 3506 3802 efﬁcitur
3536 3748 3880 3816 praesumtio-

2283 3852 2397 3891 rem
2426 3852 2568 3891 esse.
2619 3836 2751 3892 Nam
2786 3840 2827 3893 si
2856 3842 3090 3910 ipsorum
3119 3839 3190 3894 dii
3223 3855 3287 3895 ea
3334 3839 3707 3895 imbecillitate
3734 3849 3882 3904 sunt,

2284 3940 2342 3984 ut
2371 3928 2527 3984 saluti
2578 3945 2688 3985 suae
2735 3933 3020 3988 consulere
3067 3943 3366 4003 nequeant,
3395 3948 3627 4003 quonam
3664 3934 3881 3987 tandem

2282 4033 2440 4090 pacto
2468 4022 2585 4077 aliis
2635 4023 2861 4079 salutem
2908 4023 3168 4081 affetent?
3220 4028 3397 4098 Itaque
3446 4041 3640 4099 magno
3688 4042 3881 4083 errore

2284 4112 2520 4168 Chaldaei
2572 4114 2707 4184 lapsi
2756 4126 2919 4185 sunt,
2954 4131 3191 4174 mortuas
3241 4134 3292 4176 et
3344 4122 3586 4176 utilitatis
3634 4132 3885 4193 expet-tes

2284 4216 2488 4262 statuas
2528 4219 2865 4265 venerantes.
2898 4212 3073 4282 Atque
3123 4214 3284 4268 etiam
3325 4214 3455 4269 mihi
3500 4217 3685 4269 mirari
3717 4217 3886 4281 subit,

2283 4316 2316 4355 o
2344 4315 2462 4368 rex,
2491 4318 2725 4372 quonam
2758 4304 2915 4357 modo
2942 4304 2980 4359 ii
3010 4303 3102 4376 qui
3134 4306 3270 4377 apud
3301 4322 3395 4363 eos
3442 4308 3886 4380 philosophorum

2288 4410 2487 4450 nomen
2510 4397 2779 4464 obtinent,
2806 4397 2933 4453 illud
2962 4399 3369 4473 haudquaquam
3388 4403 3885 4473 animadverterint,

2287 4490 2552 4547 elementa
2582 4508 2796 4563 quoque
2827 4495 3066 4549 interitui
3098 4496 3328 4552 obnoxia
3349 4511 3492 4553 esse.
3518 4497 3673 4565 Quod
3698 4500 3741 4553 si
3775 4500 3886 4555 ele-

2287 4595 2468 4639 menta
2498 4586 2734 4640 iuteritui
2764 4587 2985 4642 omnino
3006 4589 3235 4644 obnoxia
3266 4605 3329 4646 ac
3349 4592 3588 4661 subjecta
3620 4602 3771 4659 sunt,
3793 4592 3887 4662 qui

584 4678 758 4745 acuis,
786 4688 948 4747 atque
981 4680 1200 4733 omnino
1232 4693 1295 4734 eo
1338 4681 1571 4735 audacia:
1603 4683 1928 4753 prorumpis,
1958 4692 2016 4737 ut,
2061 4683 2177 4740 hac
2202 4664 2258 4731 Ι)
2287 4676 2499 4732 tandem
2547 4676 2619 4730 dii
2669 4691 2792 4732 esse
2843 4679 3075 4749 queant?
3108 4681 3257 4748 Quod
3303 4682 3347 4737 si
3380 4683 3644 4738 elementa
3676 4683 3751 4737 dii
3774 4699 3889 4743 non

582 4767 865 4843 proferas?
893 4771 1135 4837 Quonam
1166 4772 1295 4827 item
1326 4784 1641 4843 argumento
1692 4775 1887 4844 probas
1912 4791 2006 4832 eos
2048 4776 2178 4835 deos

587 4880 697 4922 non
725 4879 866 4932 esse,
898 4866 992 4920 sed
1018 4880 1140 4920 cum
1190 4866 1278 4934 qui
1329 4866 1475 4921 cruci
1518 4867 1711 4921 allixus
1741 4868 1861 4924 est?
1894 4868 2178 4939 Excipiens

586 4967 764 5014 autem
813 4971 1120 5014 sermonem
1167 4958 1398 5020 Nachor,
1444 4960 1713 5015 rhetorem
1764 4962 1976 5030 quidem
2029 4964 2179 5021 illum

588 5054 738 5109 nullo
767 5068 1028 5123 responso
1057 5052 1308 5122 dignatus
1333 5062 1455 5120 est;
1489 5069 1671 5109 verum
1696 5070 1816 5110 cum
1846 5056 1982 5123 plebi
2012 5057 2179 5112 silen-

588 5147 722 5200 tium
754 5162 915 5203 manu
943 5144 1246 5213 indixisset,
1279 5156 1439 5216 atque
1483 5161 1544 5202 os
1569 5162 1720 5201 suum
1747 5189 1761 5213 ,
1794 5158 2045 5217 tanquam
2088 5149 2179 5203 illa

585 5237 735 5292 asina
765 5238 1000 5305 Balaam,
1025 5239 1349 5308 aperuisset,
1371 5252 1433 5292 ea
1462 5254 1579 5308 qua:
1609 5238 1791 5295 dicere
1844 5239 2065 5294 minime
2094 5239 2178 5293 in-

587 5332 837 5388 stituerat
869 5333 1181 5402 prolocutus
1210 5340 1311 5398 est,
1344 5333 1524 5404 aitque
1546 5332 1612 5389 ad
1638 5348 1818 5405 regem
1852 5352 1864 5387 :
1897 5334 2031 5405 Ego,
2061 5350 2178 5407 rex,

585 5422 684 5479 Dei
718 5423 1053 5493 providentia
1077 5424 1130 5480 in
1175 5426 1431 5482 mundum
1457 5427 1577 5482 veni
1602 5444 1621 5494 ;
1646 5435 2045 5497 conspectoque
2073 5444 2186 5484 coe-

589 5515 665 5582 lo,
714 5526 881 5583 terra,
934 5520 1092 5585 mari,
1156 5519 1294 5583 sole,
1345 5534 1409 5574 ac
1459 5520 1604 5587 luna,
1669 5518 1997 5590 reliquisque
2038 5522 2185 5589 ejus-

588 5610 737 5666 modi
767 5612 953 5677 rebus,
983 5627 1168 5667 earum
1195 5621 1443 5666 ornatum
1493 5613 1788 5668 admiratus
1837 5627 1975 5667 sum.
2029 5612 2181 5669 Mun-

589 5703 716 5759 dum
744 5713 944 5772 autem,
975 5719 1145 5773 eaque
1175 5704 1354 5759 omnia
1384 5719 1503 5773 qum
1532 5705 1697 5774 ipsius
1723 5704 2005 5774 complexu
2052 5721 2182 5761 con-

588 5796 853 5859 tinentur,
877 5795 1184 5851 necessario
1216 5796 1423 5851 moveri
1450 5796 1812 5866 conspiciens,
1848 5813 1968 5851 eum
2001 5812 2028 5849 a
2074 5812 2181 5867 quo

588 5892 833 5945 movetur
857 5894 913 5939 et
939 5896 1287 5941 conservatur
1311 5886 1477 5942 Deum
1505 5901 1624 5943 esse
1664 5886 1920 5943 intellexi.
1970 5889 2182 5945 Etenim

2288 4772 2417 4836 sint,
2449 4784 2681 4841 quonam
2713 4773 2873 4827 modo
2902 4783 3114 4844 statuae,
3143 4791 3260 4846 quae
3301 4793 3487 4833 eorum
3515 4780 3733 4833 nomine
3762 4793 3889 4834 cuu-

2291 4875 2592 4929 SIruuutur,
2628 4866 2699 4919 dii
2731 4866 2920 4922 erunt?

2356 4959 2439 5017 Ad
2464 4962 2576 5029 ipsa
2626 4956 2785 5031 igitur
2815 4960 3106 5027 elementa,
3138 4976 3173 5017 o
3201 4978 3315 5029 rex,
3348 4961 3698 5028 accedauuts,
3723 4974 3783 5019 ut
3822 4980 3888 5021 ea

2286 5055 2418 5110 deos
2443 5070 2549 5109 non
2575 5068 2701 5109 esse
2727 5054 3181 5123 demonstremus,
3206 5054 3299 5112 sed
3322 5057 3655 5126 corruptioni
3681 5073 3744 5111 ac
3774 5074 3890 5113 mu-

2289 5146 2480 5201 talioni
2506 5146 2771 5217 subjecta,
2823 5156 2984 5217 atque
3031 5163 3095 5202 ex
3138 5148 3305 5205 nihilo
3333 5150 3384 5205 in
3425 5159 3604 5205 ortum
3653 5152 3765 5205 veri
3800 5151 3891 5209 Dei

2285 5237 2437 5308 jussu
2471 5238 2727 5308 producta
2757 5253 2895 5304 esse,
2930 5242 3015 5311 qui
3048 5241 3264 5312 quidem
3309 5243 3670 5313 corruptioiiis
3701 5253 3757 5298 et
3788 5244 3890 5297 im-

2292 5330 2604 5386 mutationis
2646 5347 2842 5403 expers
2873 5341 2976 5391 est.
3011 5342 3064 5387 et
3110 5332 3410 5400 invisibilis,
3443 5344 3743 5403 c0ntraque
3779 5339 3892 5403 ipse

2291 5421 2468 5477 omnia
2493 5424 2684 5489 cernit,
2712 5433 2765 5478 et
2794 5422 3055 5479 arbitratu
3085 5441 3182 5481 suo
3210 5422 3455 5483 immutat
3480 5437 3641 5499 atque
3662 5440 3892 5482 conver«

2293 5513 2376 5571 tit.
2411 5513 2546 5583 Quid
2574 5516 2738 5587 igitur
2768 5515 2835 5571 de
2864 5517 3149 5573 elementis
3171 5517 3329 5574 dico?

2363 5609 2461 5678 Qui
2511 5608 2705 5666 coelum
2757 5611 2913 5665 deum
2962 5626 3080 5667 esse
3127 5612 3722 5683 arbitrantur,errant.
3754 5614 3892 5676 Nam

2292 5702 2467 5771 ipsum
2491 5702 2757 5768 converti,
2785 5718 2849 5756 ac
2874 5704 3182 5760 necessario
3207 5704 3439 5773 moveri,
3461 5716 3621 5779 atque
3650 5724 3718 5765 ex
3753 5704 3889 5763 mul-

2294 5798 2360 5851 tis
2392 5797 2554 5853 rebus
2582 5808 2833 5854 constare
2876 5798 3146 5867 videmus;
3182 5811 3463 5873 propterea
3508 5804 3651 5860 enim
3695 5804 3891 5876 κόσμος

2290 5888 2341 5944 id
2370 5899 2451 5947 est
2482 5890 2714 5948 mundus
2754 5890 3068 5961 appellatur.
3100 5890 3327 5952 Mundus
3355 5911 3516 5967 porro
3543 5894 3767 5954 artiﬁcis
3794 5910 3889 5952 cu-
