4158 6354
335 371 441 428 ηιξ)

805 367 964 428 γιτΑ
1007 368 1427 429 SANL‘TQRUM
1474 368 1798 426 BARLAAM
1847 367 1924 424 EB

2039 367 2175 426 ΙΤᾹΞ
2217 371 2306 428 ΕΤ
2346 368 2702 431 JOSAPHA'I‘
2745 371 2952 432 INDIE
2991 375 3218 435 REGIS.

3505 377 3611 440 550

323 482 536 556 iusdam
567 482 896 536 constructio
925 484 1198 548 eSt.Quod
1225 493 1400 538 autem
1426 492 1789 538 constructum
1814 491 1916 547 est,
1949 479 2003 541 Α
2096 483 2371 540 Consimili
2403 487 2563 543 etiam
2596 489 2753 545 modo
2785 491 2816 543 ii
2841 491 2927 559 qui
2961 491 3135 544 lunam
3163 491 3317 545 deam
3348 509 3466 548 esse
3497 511 3615 564 opt-

327 575 649 643 principium
678 588 741 628 ae
769 575 928 628 liuent
953 576 1131 631 habet.
1173 579 1242 632 At
1271 578 1466 632 caelum
1495 591 1599 631 una
1626 591 1749 630 cum
1778 575 1916 630 side-

326 667 476 722 ribus
505 666 620 721 suis
649 666 956 721 necessario
992 677 1271 732 movetur;
1302 669 1564 736 siquidem
1595 677 1741 722 astra
1767 677 1920 722 certo

323 760 518 814 ordine
543 773 608 813 ac
633 758 811 823 spatio
841 757 1092 826 impulsa,
1124 775 1152 810 ιι
1181 768 1380 827 puncto
1407 760 1460 813 in
1491 768 1767 828 punctum,
1801 773 1922 826 par-

324 853 422 907 tim
473 851 746 914 occidunt,
780 850 971 920 partim
1029 853 1376 918 exoriuntur,
1404 854 1672 922 cenisque
1715 862 1922 920 tempo-

322 962 445 1002 rum
479 945 667 1013 spatiis
695 947 796 1000 iter
829 960 988 999 suum
1033 945 1253 1013 obeunt,
1287 954 1344 1000 ut
1368 956 1584 1002 aestates
1609 957 1662 1001 et
1695 948 1917 1010 hiemes,

323 1036 784 1107 quemadmodum
811 1035 943 1104 ipsis
963 1050 992 1088 a
1027 1036 1136 1090 Deo
1170 1037 1489 1105 imperatum
1521 1048 1634 1106 est,
1659 1037 1916 1092 efficiant.

322 1129 436 1185 Nec
457 1130 602 1199 leges
619 1128 722 1183 sibi
741 1126 894 1198 juxta
915 1127 1285 1184 inevitabilem
1315 1138 1520 1184 naturas
1546 1128 1919 1186 necessitatem

321 1225 646 1281 constitutas
674 1206 799 1278 cum
844 1224 1055 1278 cmlesti
1101 1233 1293 1279 ornatu
1344 1225 1658 1294 infringunt.
1711 1226 1784 1279 lix
1815 1239 1922 1288 quo

322 1319 670 1389 perspicuum
721 1327 824 1385 est,
854 1319 1052 1374 coelum
1109 1334 1218 1375 non
1264 1319 1448 1386 deum,
1494 1320 1592 1375 sed
1647 1321 1738 1375 Del
1785 1333 1922 1390 opus

323 1427 470 1468 8580.

398 1508 504 1573 Qui
531 1515 714 1561 autem
761 1514 953 1561 terram
988 1506 1145 1563 deam
1169 1522 1292 1563 esse
1321 1518 1562 1574 censent,
1592 1517 1793 1564 errant.
1833 1508 1923 1562 Vi-

325 1600 522 1656 demus
565 1599 708 1655 enim
738 1615 858 1654 eam
887 1599 956 1654 ab
989 1600 1295 1654 hominibus
1325 1601 1518 1670 injuria
1552 1602 1716 1666 affici,
1749 1610 1804 1655 et
1831 1616 1923 1655 co-

320 1707 442 1746 rum
471 1691 697 1761 imperio
719 1690 1011 1759 subjectam
1039 1708 1182 1756 esse,
1203 1692 1362 1746 effodi
1387 1695 1548 1747 etiam
1578 1704 1630 1747 et
1654 1694 1919 1748 contami-

320 1783 475 1853 nari,
506 1794 666 1853 atque
715 1783 954 1839 inutilem
1009 1783 1142 1838 fieri.
1201 1784 1329 1838 Nam
1369 1787 1416 1838 si
1445 1787 1565 1853 igne
1615 1794 1915 1852 torreatur,

2025 585 2242 644 nuntur,
2273 591 2474 636 errant.
2511 581 2638 635 Nam
2666 584 2833 651 ipsam
2859 586 3163 638 necessario
3191 589 3394 642 moveri
3425 595 3479 641 et
3509 589 3611 642 itu-

2023 673 2217 724 tnutari
2248 674 2508 739 videmus,
2531 687 2690 742 atque
2716 691 2743 728 a
2773 687 2971 744 puncto
2995 679 3045 729 in
3069 688 3320 746 punctum
3353 682 3607 749 migrare,

2021 774 2076 818 et
2091 765 2154 819 ad
2179 767 2449 820 hominum
2470 768 2750 823 utilitatem
2770 785 2911 825 nunc
2936 773 3158 838 exoriri,
3177 789 3316 827 nunc
3337 776 3604 841 occidere,

2022 871 2084 910 ac
2114 858 2226 912 sole
2258 861 2516 916 minorem
2564 877 2714 928 esse;
2748 866 2927 931 augeri
2959 867 3119 920 etiam
3151 875 3310 934 atque
3344 870 3609 936 imminui,

2021 964 2086 1004 ac
2112 950 2343 1020 deliquia
2376 953 2644 1008 interdum
2673 955 2802 1023 pati.
2847 957 3022 1022 Quare
3072 958 3185 1013 fieri
3215 975 3320 1014 non
3354 972 3518 1026 potest
3556 972 3614 1015 ut

2022 1042 2148 1097 luna
2172 1045 2269 1100 dea
2300 1047 2389 1114 sit,
2425 1063 2610 1103 verum
2638 1049 2730 1104 Dei
2761 1065 2897 1118 opus

2096 1137 2339 1209 Denique
2363 1140 2452 1210 qui
2485 1143 2757 1197 hominem
2796 1144 2955 1198 deum
2986 1159 3108 1199 esse
3139 1145 3468 1201 arbitrantur
3527 1163 3614 1203 er-

2023 1239 2161 1284 rant.
2190 1230 2321 1285 Natn
2361 1247 2485 1287 eum
2515 1236 2818 1289 necessario
2847 1237 3070 1305 moveri,
3105 1247 3157 1292 et
3185 1239 3276 1302 ali,
3309 1250 3362 1294 et
3385 1241 3609 1296 inritum

2024 1325 2183 1376 etiam
2212 1338 2495 1380 senescere
2543 1327 2806 1395 videmus,
2835 1339 3000 1398 atque
3039 1331 3304 1386 interdum
3335 1334 3609 1401 delectari,

2025 1412 2291 1470 interdum
2346 1433 2578 1472 mterirre
2627 1421 2787 1481 affici,
2817 1423 3042 1492 ciboque
3085 1438 3149 1478 ac
3195 1435 3320 1493 potu
3370 1437 3423 1480 et
3468 1439 3616 1482 Veste

2025 1504 2285 1572 indigere.
2342 1508 2658 1564 Iracuntlttm
2712 1514 2870 1566 etiam
2924 1524 3082 1584 atque
3131 1518 3365 1572 invidum
3395 1536 3534 1584 esse,
3561 1531 3617 1576 et

2025 1596 2246 1654 libidine
2274 1601 2503 1667 incitari,
2529 1613 2584 1656 et
2611 1604 2921 1670 poenitentia
2946 1608 3090 1673 duci,
3110 1625 3176 1662 ac
3195 1611 3372 1665 multis
3395 1613 3618 1668 defecti-

2029 1689 2128 1744 bus
2157 1691 2422 1748 laborare.
2457 1694 2656 1749 Verum
2687 1699 2868 1752 multis
2907 1701 3068 1754 etiam
3100 1703 3273 1757 modis
3315 1706 3616 1774 corrumpi-

2031 1789 2138 1846 tur,
2169 1782 2422 1839 nillil-um
2467 1785 2539 1842 ab
2587 1788 2888 1855 elementis,
2918 1801 2974 1845 et
3018 1792 3400 1857 animantibus,
3425 1811 3486 1851 ac
3516 1811 3616 1866 po-

319 1877 587 1931 eni-ritur
611 1917 626 1940 ,
653 1875 920 1944 siquidem
959 1891 1024 1930 ex
1076 1885 1212 1931 testa
1254 1877 1388 1931 nihil
1424 1876 1553 1932 oriri
1601 1887 1795 1946 potest.
1847 1882 1922 1934 Ae
1953 1867 1999 1928 Β
2027 1885 2230 1927 Strenuo
2253 1889 2285 1928 a
2319 1886 2490 1929 morte
2538 1877 2640 1946 ipsi
2680 1877 3012 1934 imminente.
3069 1884 3141 1936 Ex
3169 1899 3276 1952 quo
3303 1885 3537 1940 efficitur
3564 1895 3618 1942 ιιι

321 1977 585 2036 prasterea
614 1969 659 2022 si
689 1968 950 2023 imbribus
976 1968 1204 2022 nimium
1234 1971 1601 2037 perfundatur,
1636 1979 1748 2025 tum
1781 1972 1918 2040 ipsa,

322 2074 436 2119 tui
472 2065 639 2133 ipsius
665 2065 869 2118 fructus
897 2074 1334 2133 corrumpuntur.
1365 2066 1504 2131 Quin
1523 2066 1592 2118 ab
1613 2066 1921 2122 hominibus

325 2159 658 2228 reliquisque
707 2157 1074 2212 animantibus
1120 2159 1480 2225 proculcetur,
1522 2158 1770 2213 interfect
1806 2175 1922 2213 rum

321 2250 582 2319 sanguine
604 2249 936 2317 inquinatur,
957 2249 1228 2319 effoditur,
1251 2251 1572 2321 completur,
1596 2251 1916 2307 cadaverum

323 2343 482 2398 theca
509 2342 758 2397 efﬁcitur.
785 2342 916 2407 Quae
943 2358 1063 2398 cum
1095 2344 1166 2396 ita
1197 2342 1326 2407 sint,
1370 2342 1482 2397 fieri
1516 2360 1616 2397 non
1657 2351 1834 2411 potest
1869 2353 1925 2397 ut

324 2447 472 2492 terra
503 2436 602 2491 dea
631 2436 732 2500 sit,
767 2435 858 2492 sed
891 2449 978 2490 res
1006 2451 1036 2490 a
1069 2435 1186 2490 Deo
1224 2435 1295 2490 ad
1333 2436 1610 2492 hominum
1657 2452 1810 2490 usum
1840 2435 1923 2490 cf.

325 2531 492 2586 taeta.
1798 2597 1801 2600 _

401 2622 603 2677 Eodem
633 2622 813 2686 modo,
841 2621 929 2690 qui
951 2635 1140 2689 aquam
1163 2620 1318 2676 deam
1341 2635 1464 2676 esse
1493 2629 1698 2686 putant,
1715 2629 1920 2676 errant.

326 2714 462 2768 Nam
492 2729 552 2769 ea
583 2728 798 2783 quoque
838 2713 900 2770 ad
957 2714 1232 2768 hominum
1288 2728 1443 2768 usum
1496 2725 1771 2781 procreata
1802 2721 1920 2778 est,

327 2821 618 2876 eorumque
662 2805 1018 2861 dominationi
1069 2806 1277 2860 subest.
1325 2806 1730 2861 Contaminatur
1760 2805 1923 2860 etiam

328 2918 378 2956 et
410 2902 780 2966 labefactatur,
802 2913 852 2955 et
904 2881 1024 2956 cuin
1058 2901 1178 2969 igne
1207 2909 1388 2955 coacta
1437 2910 1540 2967 est,
1573 2902 1920 2954 immittatur:

327 2998 468 3050 alios
514 3003 674 3064 atque
703 2995 838 3048 alios
869 2993 1096 3049 subinde
1127 2993 1338 3047 colores
1377 2993 1559 3057 sumit,
1593 3002 1773 3061 utpote
1803 3007 1922 3061 quae

331 3099 382 3142 et
413 3087 614 3154 frigore
659 3095 1006 3149 concrescat,
1041 3093 1097 3140 et
1124 3099 1188 3139 ex
1221 3097 1412 3138 cruore
1440 3085 1752 3150 spurciticm
1791 3100 1923 3136 con-

333 3181 532 3243 trahat,
564 3187 618 3233 et
646 3178 711 3233 ad
745 3177 1073 3246 impuratum
1104 3179 1346 3230 omnium
1386 3191 1562 3230 rerum
1595 3176 1924 3232 ablutionem

2031 1966 2191 2022 homo
2215 1968 2348 2023 deus
2375 1984 2497 2025 esse
2526 1983 2775 2041 nequeat,
2807 1974 2900 2028 sed
2936 1975 3025 2028 Dei
3055 1990 3208 2046 opus.
3243 1979 3504 2044 Quocirca
3538 1982 3616 2034 in.

2026 2061 2175 2128 genti
2226 2075 2414 2115 errore
2468 2061 2705 2116 Chaldaei
2766 2065 2900 2132 lapsi
2947 2078 3088 2131 sunt,
3125 2068 3254 2122 dum
3303 2071 3616 2141 opinionum

2027 2166 2246 2206 suarum
2267 2166 2568 2209 commenta
2597 2167 2914 2225 sequuntur.
2937 2160 3215 2214 Elemrnta
3239 2164 3399 2227 enim,
3421 2165 3476 2217 in
3497 2178 3616 2234 qua

2027 2243 2272 2300 interitus
2297 2247 2462 2312 cadit,
2490 2263 2554 2302 ac
2581 2258 2824 2302 mortuas
2842 2260 3046 2305 statuas
3069 2263 3412 2320 venerantur,
3437 2270 3536 2312 nec
3555 2269 3616 2312 se

2026 2341 2078 2394 in
2108 2341 2324 2395 deorum
2350 2358 2628 2398 numerum
2662 2360 2724 2399 ea
2756 2347 2959 2399 referre
2987 2354 3240 2401 sentiam.

2101 2437 2180 2489 Ad
2209 2434 2427 2491 Cnet-os
2453 2436 2562 2505 jam
2589 2437 2888 2496 veniamus.
2923 2451 2972 2492 ut
3007 2441 3050 2492 si
3086 2440 3216 2507 quid
3247 2441 3384 2495 forte
3410 2441 3478 2495 de
3505 2440 3617 2496 Deo

2029 2539 2172 2584 recte
2200 2532 2434 2584 sentiant
2462 2529 2754 2584 videamus.
2797 2530 2972 2584 Grze-i
3007 2533 3162 2601 igitur
3194 2532 3474 2598 sapientiae
3503 2533 3618 2587 lau—

2027 2621 2152 2675 dem
2199 2621 2303 2675 sibi
2351 2631 2702 2691 arrogantes,
2734 2622 3009 2677 stultiores
3049 2624 3206 2677 etiam
3252 2624 3515 2678 Chaldaeis
3560 2638 3620 2680 se

2029 2713 2372 2782 lumbuerunt
2397 2754 2411 2777 ,
2441 2714 2744 2782 complures
2790 2714 3036 2769 videlicet
3083 2716 3216 2770 deos
3265 2716 3618 2784 inducentes,

2029 2805 2221 2875 partim
2254 2807 2538 2866 masculos,
2580 2807 2774 2873 partim
2820 2808 3068 2873 feminas,
3105 2809 3416 2864 vitiosarum
3445 2809 3620 2867 omni!

2027 2898 2252 2967 generis
2281 2897 2647 2965 affectionum,
2672 2913 2734 2953 ac
2750 2901 3013 2955 scelerum
3036 2901 3382 2956 architectos.
3406 2902 3617 2960 Etenim

2030 2988 2278 3055 ridicula,
2303 3001 2358 3044 et
2384 2989 2565 3053 stulta,
2588 2999 2644 3043 et
2661 2990 2843 3060 impia,
2869 3007 2902 3045 ο
2922 3008 3040 3054 rex,
3071 2992 3244 3047 Graeci
3273 2992 3618 3059 induxerunt,

2029 3097 2122 3136 eos
2170 3083 2262 3152 qui
2314 3099 2418 3137 non
2466 3092 2594 3137 sunt
2627 3083 2778 3151 juxta
2830 3099 3113 3152 perversas
3140 3101 3268 3140 snas
3293 3086 3619 3155 cupiditates

2029 3174 2159 3228 deos
2204 3176 2556 3243 appellantes,
2585 3185 2641 3229 ut
2687 3176 2937 3230 nimirum
2989 3194 3079 3232 eos
3113 3179 3226 3232 vitii
3277 3190 3621 3248 patronosae

332 3270 674 3324 adhibeatur.
705 3270 782 3325 Ex
808 3283 914 3338 quo
937 3270 1140 3339 liquido
1168 3278 1384 3324 constat
1410 3283 1602 3338 aquam
1623 3270 1776 3325 deam
1799 3285 1922 3326 esse
1949 3262 1996 3327 C
2028 3264 2342 3319 defensores
2391 3266 2652 3320 habentes
2676 3309 2689 3330 .
2718 3268 2982 3322 adulleri!
3033 3279 3368 3338 Ρθηιεῑιναιιγ
3394 3271 3622 3337 rapiam.

333 3378 442 3417 non
475 3377 654 3431 pOSSe,
682 3363 776 3417 sed
809 3362 899 3416 Dei
933 3377 1090 3430 opus.

405 3457 527 3511 Jum
561 3470 689 3511 vero
731 3457 820 3525 qui
870 3458 1044 3524 ignem
1073 3455 1234 3511 deum
1280 3471 1412 3512 esse.
1448 3457 1798 3524 arbitrantur,
1828 3457 1928 3526 ipsi

331 3570 548 3624 quoque
568 3564 769 3609 errant.
806 3554 1014 3609 Etenim
1042 3555 1182 3624 ignis
1200 3553 1265 3607 ad
1295 3553 1569 3607 hominum
1599 3570 1755 3607 nsunt
1779 3568 1931 3607 crea-

335 3657 422 3703 tus
451 3659 556 3712 est,
593 3650 934 3717 ipsorumque
979 3647 1332 3702 dominationi
1365 3648 1588 3712 subest,
1619 3655 1673 3701 et
1699 3648 1768 3701 ab
1802 3648 1931 3715 ipsis

333 3743 402 3796 ad
433 3743 609 3796 omnis
638 3742 854 3810 generis
892 3755 1082 3796 cvrnes
1110 3783 1122 3803 ,
1159 3741 1357 3808 partim
1388 3740 1693 3804 elixandas,
1739 3741 1930 3807 partiti

332 3835 618 3897 assandas,
649 3843 809 3902 atque
861 3834 1024 3887 etiam
1071 3834 1134 3886 atl
1189 3841 1400 3887 mortua
1430 3849 1654 3901 corpora
1687 3829 1932 3889 concre-

333 3925 555 3991 manda,
584 3940 618 3978 e
643 3925 762 3979 loco
791 3925 842 3978 in
875 3925 1051 3980 locum
1084 3924 1499 3988 circumfertur;
1529 3939 1690 3995 atque
1715 3927 1934 3995 insuper

333 4017 523 4075 multis
563 4018 736 4073 modis
763 4021 1143 4087 corrumpitur,
1177 4028 1232 4074 et
1275 4019 1342 4073 ab
1392 4020 1702 4074 hominibus
1726 4021 1933 4075 exstin-

334 4111 550 4182 guitur;
585 4125 646 4165 ac
696 4109 930 4179 proinde.
975 4110 1109 4179 ignis
1155 4111 1285 4166 deus
1317 4127 1440 4166 esse
1471 4128 1577 4166 non
1612 4121 1807 4181 potest,
1834 4114 1930 4168 sed

335 4201 434 4258 Dei
464 4218 619 4270 opus.

410 4295 494 4351 Ad
509 4295 931 4351 eumdemetiam
948 4295 1162 4350 modum
1179 4295 1265 4363 qui
1280 4306 1555 4351 ventorum
1575 4298 1755 4353 ﬂatum
1775 4299 1931 4354 deum

334 4405 461 4446 esse
509 4389 840 4452 existimant,
873 4398 1076 4445 errant.
1115 4391 1460 4457 l’el'~|tif2twlli
1491 4392 1633 4445 enim
1677 4404 1758 4446 est
1801 4409 1928 4447 ven-

339 4491 452 4536 tum
483 4482 637 4538 alteri
668 4482 948 4546 inservire,
981 4482 1144 4553 306
1171 4494 1329 4550 atque
1372 4483 1643 4538 hominum
1675 4501 1834 4539 causa
1865 4486 1931 4540 ad

337 4574 772 4631 transvehendas
805 4589 970 4629 naves
1001 4589 1063 4628 ac
1094 4575 1359 4629 frumenta
1405 4578 1811 4645 comportanda,
1847 4593 1936 4633 re-

2037 3359 2324 3423 trucident,
2344 3368 2501 3426 atque
2525 3360 2860 3414 atrocissima
2894 3377 3118 3431 quaeque
3144 3363 3356 3417 scelera
3375 3365 3624 3418 commit-

2037 3462 2170 3506 tant.
2201 3451 2332 3506 Nam
2361 3469 2482 3506 cum
2529 3454 2767 3522 ipsorth
2810 3454 2886 3508 dii
2916 3454 3222 3524 hujusmodi
3251 3454 3444 3525 flagitia
3476 3455 3625 3510 desi-

2033 3548 2266 3616 gnarint,
2299 3562 2537 3616 quorum
2564 3559 2722 3618 pacto
2749 3549 2855 3617 ipsi
2883 3564 3099 3619 quot'tue
3135 3566 3240 3604 non
3270 3551 3456 3605 eadem
3504 3567 3626 3619 per-

2037 3641 2356 3710 petrabant?
2382 3641 2458 3696 Ex
2500 3640 2586 3696 his
2630 3641 2792 3712 igitur
2817 3644 3020 3697 erroris
3043 3642 3234 3698 studiis
3259 3651 3315 3696 et
3347 3643 3625 3710 institutis,

2039 3733 2344 3788 hominibus
2369 3735 2506 3788 bella
2536 3745 2593 3789 et
2617 3736 2813 3800 caedes,
2843 3745 3003 3803 atque
3032 3736 3258 3790 acerbas
3285 3737 3626 3804 captivitate:

2036 3828 2226 3880 crte-bro
2253 3830 2481 3896 experiri
2515 3829 2755 3895 contigit.
2811 3830 2948 3895 Quin
2979 3813 3138 3884 etiam
3165 3871 3182 3895 ,
3210 3831 3254 3884 si
3286 3831 3352 3884 de
3389 3831 3626 3900 ipsorum

2039 3922 2143 3976 diis
2171 3923 2441 3993 sigillatim
2475 3924 2636 3979 verba
2671 3927 2842 3980 facere
2873 3928 3120 3994 velimus,
3148 3928 3420 3998 ingentem
3441 3931 3627 3984 absur-

2037 4013 2258 4069 ditatem
2289 4025 2667 4084 perspecturus
2697 4033 2773 4071 es.

2107 4107 2379 4176 Siquidem
2425 4110 2718 4166 Saturnum
2747 4113 2848 4181 ipsi
2876 4123 3000 4166 ante
3050 4129 3240 4168 omnes
3266 4115 3423 4170 deum
3473 4117 3630 4171 indu~

2039 4209 2188 4265 cunt,
2216 4200 2376 4271 eique
2406 4201 2552 4258 filios
2577 4217 2703 4258 suos
2725 4214 2980 4260 mactant.
3011 4205 3112 4272 Qui
3136 4206 3348 4276 quidem
3379 4224 3445 4264 es
3475 4207 3627 4265 Rhea

2041 4293 2240 4350 multos
2268 4295 2404 4351 filios
2435 4297 2640 4363 habuit,
2669 4314 2804 4366 quos
2833 4299 2992 4353 etiam
3039 4299 3153 4369 ipse
3185 4301 3366 4356 furore
3399 4305 3631 4370 percitus

2038 4388 2355 4444 devorabat.
2409 4391 2573 4445 Aiunt
2614 4402 2794 4447 autem
2843 4392 3028 4446 Jovem
3061 4394 3164 4460 ipsi
3192 4395 3426 4462 genitale
3459 4412 3627 4449 mem-

2040 4480 2192 4535 brum
2247 4482 2538 4537 ausetdisse
2564 4523 2579 4550 ,
2613 4490 2771 4551 atque
2803 4487 2852 4535 in
2890 4500 3036 4537 mare
3086 4483 3397 4552 proiecisse,
3429 4502 3492 4540 ex
3525 4503 3632 4554 quo

2044 4570 2305 4625 Venerem
2340 4581 2510 4625 ortam
2558 4588 2676 4627 esse
2706 4573 3028 4627 fabulantur.
3083 4575 3294 4644 Jupiter
3321 4586 3504 4632 autem
3533 4595 3624 4649 pa-

335 4667 623 4738 liquosque
670 4668 906 4737 ipsorum
957 4681 1084 4722 usus
1113 4683 1141 4721 a
1175 4667 1287 4721 Deo
1310 4668 1581 4722 conditum
1635 4684 1770 4724 esse.
1821 4669 1934 4724 unc
1963 4662 2016 4723 l)
2042 4673 2178 4716 trem
2199 4679 2353 4718 suum
2389 4665 2616 4718 vinculis
2645 4671 3017 4733 constrictum,
3051 4669 3104 4721 in
3137 4677 3390 4726 tartarum
3438 4675 3632 4742 prteri-

337 4761 569 4825 accedit,
602 4764 739 4832 quod
776 4778 872 4830 pro
905 4762 995 4816 Dci
1030 4762 1185 4830 jussu
1214 4770 1382 4829 atque
1424 4761 1650 4828 imperio
1681 4771 1789 4816 tum
1837 4779 1931 4817 au-

333 4859 507 4928 gessit
557 4869 666 4910 tum
700 4856 1052 4908 imminuitur.
1113 4853 1292 4921 Quare
1339 4853 1449 4909 ﬁeri
1504 4870 1608 4910 non
1664 4866 1838 4924 potest
1878 4867 1934 4910 ut

338 4959 530 5004 ventus
558 4951 690 5004 deus
721 4951 809 5012 sit,
841 4964 1027 5004 verum
1064 4947 1151 5002 Dei
1183 4962 1333 5015 Opus.

412 5044 577 5098 Porro
619 5043 709 5112 qui
760 5042 930 5098 solem
960 5041 1118 5095 deum
1169 5055 1290 5095 csse
1339 5049 1546 5109 putant,
1579 5039 1678 5109 ipsi
1723 5056 1933 5110 quoque

331 5134 833 5205 errant.Siquident
860 5150 979 5187 rum
1005 5137 1312 5188 necessario,
1331 5137 1530 5188 moveri
1557 5134 1930 5202 perspicimus,

329 5240 494 5299 atque
524 5245 552 5282 a
583 5238 779 5299 puncto
813 5229 864 5282 in
891 5236 1142 5294 punctum
1177 5229 1407 5298 migrare
1435 5241 1486 5281 et
1507 5231 1850 5295 commutari,
1873 5238 1927 5284 et

336 5322 589 5377 oeci-lere
635 5330 690 5375 et
731 5321 958 5387 exoriri,
993 5332 1046 5374 ut
1074 5321 1139 5374 ad
1173 5320 1446 5375 hominum
1495 5323 1776 5378 utilitatem
1807 5323 1931 5377 stir-

329 5428 433 5484 pes
457 5424 512 5469 et
544 5413 754 5483 plantas
785 5414 962 5468 calore
993 5413 1189 5466 alliciat
1216 5458 1228 5479 ,
1260 5424 1419 5482 atque
1451 5415 1671 5484 insuper
1699 5431 1822 5471 eum
1850 5415 1932 5470 di-

327 5508 596 5562 visionem
649 5521 779 5562 cunt
827 5506 1047 5574 reliquis
1086 5506 1354 5561 sideribus
1401 5508 1617 5574 habere,
1653 5525 1714 5564 ae
1746 5510 1927 5566 multis

327 5602 572 5672 partibus
593 5603 730 5656 coelo
755 5603 1016 5658 minorem
1047 5615 1192 5665 esse,
1211 5601 1431 5669 luceque
1455 5602 1723 5657 interdum
1748 5603 1927 5668 defici,

325 5710 431 5751 nec
459 5694 622 5748 ullum
655 5695 938 5764 imperium
961 5703 1009 5748 et
1039 5693 1394 5773 ptiticipattttn
1425 5695 1688 5748 oblinere.
1720 5696 1797 5749 Ex
1821 5712 1928 5764 quo

323 5790 466 5847 illud
499 5792 714 5861 planum
747 5802 831 5848 est
861 5791 976 5846 ﬁeri
1010 5807 1113 5844 nou
1145 5807 1303 5860 posse
1355 5805 1410 5846 ut
1439 5793 1514 5847 sol
1546 5795 1678 5848 tleus
1707 5794 1796 5858 sit,
1833 5794 1924 5849 sed

264 5881 281 5927 '-
327 5883 428 5943 Ι)θί
452 5900 605 5955 opus.

2045 4757 2207 4823 pitetu
2251 4754 2416 4810 dedit.
2451 4755 2609 4810 Vides
2649 4772 2885 4813 errorem
2919 4775 2982 4814 ac
3014 4761 3286 4817 libidinem
3307 4808 3320 4830 ,
3352 4782 3510 4834 quam
3540 4766 3633 4819 ad-

2044 4864 2230 4902 versus
2261 4848 2418 4903 deum
2453 4865 2606 4904 suum
2637 4851 2920 4907 invehunt.
2955 4854 3092 4910 Num
3120 4859 3263 4912 enim
3317 4860 3426 4912 fieri
3462 4867 3634 4927 potest

2046 4951 2103 4993 nt
2149 4941 2284 4996 deus
2326 4943 2531 4997 catenis
2581 4944 2864 5010 vinciatur,
2899 4946 3104 5017 ipsique
3142 4950 3404 5018 genitales
3457 4961 3635 5017 partes

2045 5041 2422 5100 :ttttpufentur‘!
2453 5038 2500 5090 Ο
2544 5037 2868 5107 singularem
2916 5042 3234 5096 amentiam!
3281 5041 3410 5108 Qum
3455 5051 3636 5099 tuente

2045 5131 2299 5200 prmditus
2333 5130 2450 5185 haec
2477 5133 2667 5189 dixerit
2692 5133 2714 5185 ‘l

2111 5223 2393 5278 Secundus
2435 5225 2644 5294 Jupiter
2674 5226 2963 5293 inducitur,
2994 5242 3154 5297 quem
3186 5227 3238 5280 in
3269 5242 3454 5281 omnes
3495 5229 3629 5283 deos

2035 5329 2164 5370 Suos
2191 5331 2414 5385 regnum
2461 5329 2644 5373 tenere
2678 5319 2852 5383 aiunt,
2872 5331 3038 5388 atque
3079 5319 3136 5373 in
3165 5320 3340 5373 varias
3383 5319 3626 5374 animau-

2037 5413 2176 5466 tium
2201 5411 2400 5482 figuras
2429 5413 2722 5480 immutari,
2744 5422 2802 5467 ut
2831 5413 3144 5468 mortalibus
3177 5414 3490 5469 niul'teribus
3519 5425 3634 5470 stu.-

2038 5519 2191 5572 prum
2225 5505 2444 5560 inferat.
2470 5506 2680 5560 Etenim
2711 5521 2833 5559 eum
2864 5505 2916 5558 in
2943 5518 3154 5559 taurum
3175 5521 3298 5560 sese
3321 5505 3635 5563 immutasse

2036 5600 2269 5663 tradunt,
2296 5611 2351 5654 ut
2374 5601 2582 5668 Europa
2617 5600 2904 5668 potiretur;
2933 5599 2988 5652 iu
3011 5616 3224 5668 aurum,
3251 5613 3314 5657 ut
3331 5601 3546 5658 Denar
3579 5602 3636 5658 in

2036 5710 2289 5763 cygnum,
2322 5705 2380 5746 ut
2426 5693 2602 5759 Leda;
2637 5695 2687 5747 iu
2718 5696 2986 5764 Satyrum,
3023 5705 3078 5748 ut
3114 5695 3386 5766 Anium;
3428 5697 3484 5754 iu
3529 5696 3636 5752 iub-

2038 5804 2182 5849 tnen,
2211 5797 2265 5840 ut
2298 5787 2528 5841 Semela.
2565 5789 2638 5841 Ac
2673 5800 2854 5857 postea
2887 5792 3085 5846 multos
3107 5808 3173 5847 ex
3208 5791 3270 5844 iis
3304 5792 3444 5845 ﬁlios
3464 5790 3630 5844 elati-

2039 5883 2186 5944 tisse,
2225 5880 2485 5934 Bacchum
2517 5881 2749 5948 scilicet,
2785 5882 3014 5941 Zethum
3044 5929 3057 5954 ,
3091 5885 3467 5955 Amphionem,
3502 5882 3634 5935 Ber-
