4158 6354
581 442 680 498 551

1611 441 1696 496 DE
1739 442 1916 499 VITlS
1957 439 2238 497 PATRUM
2280 437 2485 495 LIBER
2523 437 2802 495 PRIMUS.

3763 439 3869 499 552

576 559 775 627 colem,
810 559 1112 630 Apollinem
1137 599 1154 625 ,
1187 557 1441 624 Dianam,
1474 556 1729 612 Perseum
1753 600 1769 625 ,
1803 558 2078 612 Castorem
2111 565 2166 611 et
2193 560 2247 620 Α
2271 564 2381 610 tras
2420 554 2737 620 habentem,
2791 552 3066 623 solamque
3111 567 3234 608 cum
3275 552 3500 609 canibus
3547 565 3866 625 vagantem,

581 651 870 715 Pollucem,
902 652 1179 716 Helenam,
1212 651 1464 718 Minoem,
1493 651 1943 717 lthadamantum,
1971 651 2167 720 Sarpe-

583 746 804 810 donem,
848 752 904 799 et
949 759 1142 800 novem
1191 745 1319 800 item
1369 743 1525 809 filias,
1557 759 1689 814 quas
1736 743 1914 799 Musas
1962 757 2168 798 nuncu-

579 849 723 908 pant.

654 937 729 989 Ac
784 937 998 989 demum
1053 935 1120 990 de
1171 934 1480 1005 ganymede
1532 948 1833 988 sermonem
1887 931 2166 986 inducunt.

583 1025 716 1083 llinc
749 1028 944 1095 itaque,
976 1043 1010 1082 ο
1042 1043 1158 1093 rex,
1194 1027 1502 1082 hominibus
1525 1026 1763 1094 contigit,
1801 1035 1857 1079 ut
1884 1024 1948 1078 ad
1973 1024 2055 1078 dei
2086 1022 2167 1076 sui

578 1119 928 1173 imitationem
978 1121 1092 1175 hate
1122 1120 1302 1175 omnia
1334 1120 1672 1173 imitarentur
1692 1157 1706 1183 ,
1735 1126 1894 1187 atque
1937 1115 2168 1170 adulteri

577 1222 778 1276 essent,
807 1221 862 1266 et
890 1213 1076 1268 insano
1111 1212 1469 1266 masculorum
1520 1225 1702 1265 amore
1752 1217 2084 1272 tenerentur,
2112 1215 2168 1261 et

576 1304 678 1359 alia
713 1305 977 1359 horrenda
1036 1305 1231 1375 ﬂagitia
1287 1312 1680 1374 perpetrarent.
1731 1305 1973 1368 Quonam
2008 1299 2168 1370 igitur

581 1400 741 1455 modo
791 1401 902 1456 fieri
935 1411 1111 1471 potest
1156 1410 1214 1456 ut
1259 1401 1400 1456 Deus
1431 1400 1638 1454 adulter
1665 1399 1769 1465 sit,
1799 1407 1889 1452 aut
1919 1396 2124 1467 pcedico
2152 1435 2167 1461 ,

581 1504 674 1549 aut
706 1495 1005 1565 parricida?

651 1585 791 1654 Quin
824 1586 1114 1641 Vulcanum
1163 1587 1323 1641 etiam
1368 1586 1654 1656 quemdam
1697 1585 1852 1641 deum
1895 1600 2016 1641 esse
2056 1594 2167 1640 tra-

580 1676 733 1744 dunt,
768 1693 1000 1746 eumque
1029 1679 1301 1746 claudum,
1329 1680 1684 1748 malleumque
1719 1694 1781 1732 ac
1804 1678 2062 1746 forcipem
2095 1689 2170 1733 te-

579 1767 816 1836 nentem,
838 1781 890 1824 et
915 1770 1150 1826 ferrariae
1176 1773 1273 1825 arti
1304 1773 1475 1825 victus
1503 1786 1663 1826 causa
1687 1786 1906 1840 operam
1932 1771 2167 1824 dantem.

584 1859 722 1928 Ergo
754 1874 928 1913 rerum
960 1859 1178 1927 penuria
1202 1860 1493 1914 laborabat.
1522 1860 1681 1926 Atqui
1707 1875 1733 1910 a
1763 1860 1869 1914 Deo
1891 1859 2165 1924 abhorret,

581 1951 827 2006 claudum
861 1967 1000 2017 esse,
1035 1963 1196 2022 atque
1227 1953 1501 2006 hominum
1529 1968 1630 2021 ope
1660 1952 1915 2022 indigere.

654 2044 852 2100 Adlizec
881 2046 1199 2101 Mercurium
1229 2046 1388 2099 etiam
1415 2047 1568 2100 nobis
1591 2045 1748 2100 deum
1773 2043 2050 2109 inducunt,
2077 2044 2168 2112 qui

580 2140 806 2209 cupidus
856 2140 946 2208 sit,
975 2149 1027 2195 et
1081 2141 1182 2204 lur,
1214 2149 1267 2194 ct
1314 2155 1540 2205 avarus,
1571 2149 1624 2194 et
1672 2155 1873 2210 magus,
1913 2150 1967 2194 et
1997 2139 2167 2194 versi-

580 2229 756 2298 pellis,
787 2245 850 2285 ac
879 2245 1186 2286 sermonum
1217 2233 1503 2303 interpres.
1532 2231 1686 2298 Quod
1713 2231 1931 2302 quidem
1963 2232 2090 2286 item
2113 2230 2166 2285 in

581 2319 676 2376 Dei
707 2329 950 2376 naturam
982 2324 1200 2378 minime
1231 2324 1392 2378 cadit.

654 2413 1018 2486 Esculapium
1053 2416 1270 2486 insuper
1317 2416 1372 2471 in
1419 2417 1642 2474 deorum
1689 2433 1912 2472 numero
1946 2417 2164 2486 habent,

575 2505 667 2576 qui
711 2507 950 2562 medicus
996 2517 1147 2572 erat,
1179 2517 1232 2563 et
1281 2509 1564 2576 pharmaca
1613 2510 1771 2580 307
1825 2509 2163 2579 conficiebat,

577 2607 740 2668 atque
789 2599 1112 2669 emplastra,
1142 2601 1313 2655 victus
1343 2602 1562 2670 parandi
1593 2616 1751 2656 causa
1787 2602 1934 2674 (nam
1963 2603 2014 2657 in
2039 2617 2166 2672 egi:-

577 2701 716 2750 state
744 2693 1078 2762 versabatur)
1106 2697 1483 2764 componebat,
1520 2706 1640 2764 post
1666 2704 1842 2750 autem
1875 2711 1995 2750 eum
2041 2709 2164 2762 pro-

574 2794 693 2855 pter
740 2785 1010 2857 Tyndarei
1057 2786 1445 2842 Lacedazmonii
1495 2789 1662 2844 filium
1694 2805 1722 2842 a
1769 2789 1900 2843 Jove
1946 2789 2166 2845 fulmine

575 2892 890 2949 percussum
941 2879 1208 2935 interiisse
1257 2888 1495 2934 narrant.
1547 2881 1699 2947 Quod
1729 2883 1773 2935 si
1803 2882 2165 2952 zEsrulapius,

577 2982 700 3025 cum
745 2969 880 3026 deus
925 2981 1092 3038 esset,
1122 2986 1186 3027 ac
1232 2971 1452 3027 fulmine
1495 2982 1885 3044 percuteretur,
1917 2975 2014 3029 sibi
2065 2975 2166 3044 ipsi

575 3064 829 3134 opitulari
858 3067 1120 3139 nequivit,
1151 3069 1239 3138 qui
1283 3070 1494 3125 tandem
1541 3070 1662 3126 aliis
1698 3086 1857 3141 opem
1898 3067 2166 3143 ferrepe-

576 3158 738 3214 terit?

645 3253 786 3310 Mars
814 3252 972 3309 etiam
1015 3255 1084 3311 ab
1113 3258 1178 3311 iis
1204 3257 1337 3313 deus
1367 3258 1491 3314 belli
1536 3259 1805 3316 studiosus
1845 3270 1898 3316 et
1943 3261 2162 3316 iracun-

2275 653 2333 700 ut
2385 659 2604 700 cervum
2655 653 2746 699 aut
2798 659 2987 714 aprum
3041 642 3361 714 intercipiat.
3407 644 3650 712 Quonam
3703 645 3869 716 igitur

2280 735 2438 791 modo
2484 736 2584 792 dea
2641 737 2742 793 erit
2798 736 3038 794 venatrix
3088 737 3310 806 mulier,
3366 745 3423 794 et
3469 752 3592 794 cum
3641 738 3866 804 canibus

2271 829 2529 884 oberrans
2551 831 2572 882 ?

2349 924 2630 977 Postremo
2676 922 2942 979 Venerem
2985 921 3148 978 etiam
3195 923 3351 978 deam
3397 937 3518 980 esse
3563 923 3866 982 adulteram

2272 1013 2478 1070 dicunt.
2507 1015 2806 1084 Aliquando
2834 1014 2981 1070 enim
3019 1030 3142 1072 cum
3176 1014 3346 1071 Marte
3386 1016 3711 1087 concubuit,
3761 1016 3867 1072 ali-

2271 1112 2485 1180 quando
2509 1126 2630 1166 cutn
2662 1111 2921 1177 Anchise,
2949 1111 3234 1180 aliquando
3261 1126 3382 1166 cum
3411 1110 3678 1176 Adonide,
3710 1111 3865 1181 cujus

2283 1203 2442 1258 etiam
2475 1213 2702 1257 mortem
2747 1201 3021 1272 deplorat,
3065 1202 3331 1257 amasium
3361 1217 3517 1256 suum
3558 1203 3866 1273 requirens.

2276 1299 2413 1367 Quin
2465 1299 2625 1352 etiam
2684 1312 2801 1352 eam
2848 1297 2915 1351 ad
2959 1296 3158 1352 inferos
3203 1296 3548 1352 descendisse
3595 1299 3775 1365 aiunt,
3809 1304 3870 1350 ut

2275 1393 2572 1447 Adonidem
2598 1405 2628 1445 a
2651 1390 2969 1461 Proserpina
2992 1390 3304 1446 redimeret.
3325 1390 3584 1446 Vidistine
3605 1406 3861 1461 unquam,

2273 1500 2307 1540 ο
2330 1501 2451 1550 rex,
2483 1483 2805 1539 dementiam
2838 1484 2940 1540 hac
2970 1483 3272 1554 majorem?
3304 1483 3461 1539 deam
3493 1483 3745 1538 nimirum
3779 1482 3860 1535 in-

2272 1578 2495 1644 ducere,
2521 1593 2638 1647 quae
2661 1576 2909 1632 adulterii
2931 1577 3160 1633 crimine
3185 1591 3245 1633 se
3266 1576 3590 1648 obstringat,
3611 1586 3669 1632 et
3694 1576 3868 1647 ploret

2273 1684 2338 1726 ac
2367 1671 2720 1725 lamentetur.

2345 1763 2642 1818 Adonidem
2664 1773 2841 1820 autem
2865 1764 3027 1820 etiam
3050 1763 3208 1820 deum
3233 1771 3542 1820 venatorem
3577 1762 3864 1832 inducunt,

2275 1871 2504 1927 eumque
2533 1858 2599 1913 ab
2629 1874 2759 1928 apro
2791 1873 3108 1928 percussum
3139 1858 3370 1914 violenta
3398 1867 3572 1914 morte
3597 1858 3869 1914 interiisse

2196 1955 2244 2016 Β
2270 1949 2446 2013 aiunt,
2477 1964 2573 2004 nec
2629 1949 2681 2004 in
2713 1949 3017 2019 hujusmodi
3056 1951 3367 2006 calamitate
3406 1965 3564 2019 opem
3611 1950 3711 2004 sibi
3765 1949 3865 2019 ipsi

2272 2047 2465 2102 afferre
2499 2049 2755 2115 potuisse.
2785 2046 3029 2115 Quonam
3060 2048 3238 2117 itaque
3269 2057 3426 2117 pacto
3455 2045 3732 2100 hominum
3773 2060 3867 2100 cu-

2273 2155 2385 2195 ram
2417 2148 2565 2209 geret
2595 2140 2804 2196 adulter
2828 2150 2882 2196 et
2911 2149 3157 2207 venator,
3182 2140 3381 2211 quique
3419 2139 3654 2195 violenta
3690 2149 3866 2196 morte

2272 2233 2510 2288 interiit?

2347 2328 2470 2384 Haac
2499 2330 2679 2384 Omnia
2709 2343 2772 2385 ac
2803 2330 2968 2384 multa
2995 2328 3100 2383 alia
3128 2326 3392 2398 eiusmodi
3434 2327 3611 2382 adhuc
3643 2327 3867 2384 fmdiora

2271 2432 2324 2478 et
2354 2423 2724 2494 sceleratiora,
2759 2438 2794 2479 ο
2823 2438 2948 2489 rex,
2982 2423 3049 2478 de
3076 2421 3182 2477 diis
3211 2422 3322 2478 suis
3349 2422 3523 2478 οπωρί
3569 2423 3866 2488 inducunt,

2270 2533 2388 2586 quae
2420 2534 2519 2574 nec
2549 2518 2752 2586 dicere,
2786 2533 2887 2575 nec
2939 2518 3199 2574 memoria
3247 2519 3358 2573 ullo
3402 2518 3561 2574 modo
3604 2534 3866 2588 usurpare

2272 2611 2351 2665 fas
2390 2623 2496 2666 est.
2541 2611 2692 2668 Unde
2723 2613 2966 2670 homines
3010 2627 3041 2668 a
3068 2613 3174 2667 diis
3214 2613 3324 2667 suis
3357 2613 3696 2668 occasionem
3728 2614 3864 2668 arri-

2273 2705 2500 2774 pientes,
2537 2721 2701 2761 omne
2741 2707 2961 2762 sceleris
3003 2715 3060 2762 et
3097 2705 3337 2761 libidinis
3379 2716 3538 2777 atque
3579 2706 3867 2776 impietatis

2270 2812 2438 2867 genus
2484 2807 2897 2868 perpetrarunt,
2932 2797 3216 2854 horrendis
3259 2798 3473 2869 ﬂagitiis
3508 2798 3623 2854 suis
3671 2807 3865 2854 terram

2270 2899 2324 2946 et
2350 2905 2528 2945 aerem
2567 2891 3017 2946 contaminantes.

2340 2981 2577 3051 Egyptii
2604 2991 2783 3037 autem
2815 2997 2908 3037 eos
2937 2982 3163 3038 stultitia
3194 2991 3249 3038 et
3277 2982 3575 3038 stoliditate
3608 2998 3866 3053 superan-

2271 3080 2373 3138 tes,
2419 3070 2634 3141 gravius
2671 3089 2832 3143 quam
2883 3073 3006 3128 ulla:
3056 3072 3175 3128 alia
3228 3075 3470 3129 nationes
3517 3075 3865 3130 aberrarunt.

2267 3163 2452 3235 Neque
2480 3166 2624 3220 enim
2671 3166 2981 3222 Graecorum
3025 3166 3157 3222 deos
3201 3168 3445 3223 venerari
3486 3167 3620 3222 satis
3662 3167 3864 3226 habue-

2267 3267 2421 3323 runt;
2450 3273 2638 3315 verum
2667 3260 2886 3329 insuper
2913 3262 3065 3316 bruta
3096 3263 3408 3330 animantia,
3443 3273 3550 3319 tam
3578 3266 3856 3320 terrestria

574 3345 695 3413 dus,
729 3364 790 3402 ac
818 3349 1080 3417 pecudum
1111 3350 1445 3422 aliarumque
1484 3369 1662 3409 rerum
1694 3355 1918 3424 cupidus
1952 3355 2157 3410 induci-
2189 3349 2236 3413 C
2266 3362 2425 3418 quam
2468 3351 2519 3404 in
2550 3349 2704 3421 aquis
2734 3351 3003 3420 degentia,
3039 3361 3145 3406 tam
3195 3353 3394 3422 stirpes
3441 3370 3601 3425 quam
3651 3357 3861 3424 plantas

577 3453 680 3497 tur.
707 3445 873 3510 Quem
904 3446 1032 3499 item
1064 3454 1268 3515 postea,
1299 3461 1418 3500 cum
1457 3447 1716 3503 Venerem
1747 3457 2160 3518 constupraret,

575 3549 607 3589 a
633 3550 796 3604 puero
820 3536 1079 3606 Cupidine
1098 3555 1162 3595 ac
1189 3539 1425 3595 Vulcano
1448 3542 1673 3597 vinculis
1696 3543 1974 3597 astrictum
2001 3543 2164 3599 fuisse

575 3629 778 3684 dicunt.
809 3630 907 3695 Qui
939 3630 1096 3700 igitur
1126 3631 1258 3686 deus
1286 3633 1329 3686 is
1358 3648 1478 3689 esse
1507 3644 1702 3704 queat,
1735 3637 1828 3706 qui
1872 3636 2166 3705 cupiditate

576 3721 788 3793 ﬂagrat,
810 3737 872 3777 ac
895 3722 1050 3780 bellis
1073 3725 1390 3796 delectatur,
1414 3726 1839 3798 adulteriumque
1862 3739 2159 3800 perpetrat,

575 3827 638 3869 ac
666 3814 890 3870 vinculis
920 3818 1337 3887 constringitur?

652 3909 882 3966 Rursum
929 3923 1106 3968 autem
1156 3913 1424 3970 Bacchum
1471 3916 1610 3973 inter
1657 3918 1789 3972 deos
1838 3928 2158 3984 numerant,

575 4012 833 4058 nocturna
864 4004 997 4059 festa
1027 4005 1386 4063 celebrantem
1407 4050 1421 4074 ,
1456 4011 1784 4066 temulentiae
1819 4013 2160 4081 magistrum,

577 4096 908 4167 aliorumque
932 4114 1131 4155 uxores
1160 4100 1578 4172 abstrahentem,
1609 4105 1788 4160 furore
1819 4115 2160 4171 aestuantem,

579 4190 900 4258 fugientem,
932 4207 994 4246 ac
1045 4202 1312 4263 postremo
1360 4211 1389 4248 a
1437 4193 1717 4251 Titanibus
1762 4197 2157 4252 obtruncatum.

576 4282 733 4350 Quod
757 4285 801 4337 si
826 4283 1064 4339 Bacchus
1083 4300 1206 4340 cum
1233 4285 1648 4353 interimeretur,
1667 4286 1768 4342 sibi
1790 4287 1891 4358 ipsi
1911 4288 2160 4356 opitulari

579 4393 684 4434 non
724 4380 924 4448 pOtuit,
958 4395 1141 4434 verum
1187 4389 1241 4437 et
1293 4381 1470 4437 furore
1515 4397 1750 4452 praeceps
1797 4384 2076 4454 agebatur,
2111 4392 2164 4439 et

578 4472 821 4527 ebrietati
872 4472 1153 4540 studebat,
1201 4482 1256 4529 ct
1303 4473 1668 4545 profugiebat,
1722 4489 1956 4544 quonam
2007 4484 2162 4546 pacto

577 4565 711 4621 deus
737 4581 858 4622 esse
888 4568 1088 4637 queat?

652 4655 787 4710 Tum
831 4666 1008 4711 autem
1057 4658 1335 4714 llerculem
1369 4660 1651 4725 inducunt,
1686 4663 1774 4732 qui
1811 4678 1869 4717 se
1914 4663 2039 4718 vino
2069 4663 2164 4717 ob-

2269 3439 2323 3495 in
2354 3441 2576 3497 deorum
2609 3459 2835 3498 numero
2885 3446 3218 3510 habuerunt,
3251 3456 3410 3518 atque
3450 3451 3595 3503 omni
3641 3450 3864 3504 insaniat

2268 3548 2332 3589 ac
2361 3535 2597 3592 libidinis
2628 3552 2828 3607 genere
2855 3538 3069 3607 gravius
3092 3554 3251 3608 quam
3277 3541 3400 3594 ulla:
3429 3549 3589 3595 terra:
3619 3542 3865 3596 nationes

2269 3642 2389 3683 sese
2426 3640 2873 3699 coaspurcaruut.
2921 3632 3227 3703 Antiquitus
3271 3636 3414 3689 enim
3466 3635 3656 3690 Isidem
3714 3635 3865 3690 cole-

2267 3728 2425 3792 bant,
2470 3726 2640 3781 virum
2684 3726 2844 3779 simul
2873 3741 2935 3780 ac
2980 3725 3198 3782 fratrem
3229 3727 3494 3784 Osiridem
3543 3728 3863 3796 habentem,

2267 3820 2356 3889 qui
2386 3836 2415 3874 a
2447 3819 2611 3872 fratre
2640 3833 2738 3887 suo
2767 3817 3026 3890 Typhone
3053 3820 3404 3877 obtruncatus
3432 3832 3532 3877 est.
3579 3823 3762 3894 anue
3791 3825 3865 3881 de

2266 3925 2425 3967 causa
2454 3909 2549 3965 Isis
2578 3925 2698 3964 cum
2734 3910 2844 3964 filio
2873 3925 2972 3965 suo
2999 3911 3104 3966 Oro
3139 3912 3190 3967 in
3233 3912 3456 3984 Byblum
3489 3913 3660 3985 Syria:
3691 3914 3858 3987 fugit,

2270 4003 2536 4060 Osiridem
2586 4019 2852 4074 quzerens,
2885 4015 3043 4075 atque
3086 4007 3278 4062 acerbe
3322 4008 3639 4076 lamentans,
3677 4011 3857 4081 quoad

2277 4095 2491 4150 tandem
2533 4095 2675 4149 Orus
2703 4097 2980 4163 crevisset,
3010 4113 3072 4153 ac
3099 4097 3412 4170 Typhonem
3444 4101 3512 4156 de
3541 4101 3718 4157 medio
3746 4117 3865 4160 sus-

2275 4188 2505 4244 tulisset.
2556 4186 2697 4259 Ei'go
2748 4205 2846 4245 nec
2893 4190 2989 4245 lsis
3036 4190 3187 4245 fratri
3218 4209 3314 4246 suo
3357 4208 3421 4248 ac
3447 4194 3560 4248 viro
3589 4196 3864 4264 suppetias

2267 4279 2415 4336 ferre
2441 4281 2641 4350 potuit,
2667 4297 2763 4336 nec
2787 4282 2974 4350 Osiris,
3001 4298 3120 4338 cum
3143 4299 3171 4337 a
3195 4281 3453 4356 Typhone
3483 4287 3860 4356 trucidaretur,

2267 4375 2366 4429 sibi
2419 4373 2516 4444 ipsi
2568 4376 2764 4430 auxilio
2814 4391 2933 4432 esse
2981 4380 3182 4447 potuit,
3215 4394 3314 4435 uec
3360 4379 3590 4449 denique
3637 4381 3862 4452 Typhon

2268 4465 2566 4534 fratricida,
2596 4484 2715 4524 cum
2746 4470 2794 4524 ei
2828 4470 2895 4525 ab
2916 4471 3024 4526 Oro
3055 4481 3109 4527 et
3139 4471 3276 4527 Iside
3304 4474 3522 4528 exitium
3556 4473 3862 4543 aﬂ‘erretur,

2265 4564 2501 4633 seipsum
2529 4579 2557 4618 a
2591 4575 2762 4618 morte
2791 4564 3076 4619 vindicare.
3109 4566 3175 4620 Et
3203 4577 3379 4622 tamen
3423 4582 3544 4621 cum
3576 4567 3632 4622 hi
3659 4568 3730 4621 ob
3761 4567 3858 4623 hu-

2266 4659 2498 4730 jusmodi
2528 4661 2858 4716 calamitates
2887 4661 2951 4716 ad
2985 4661 3263 4719 hominum
3310 4664 3552 4719 notitiam
3585 4665 3861 4736 pervenis-

578 4755 724 4814 ruat,
757 4756 914 4818 atque
946 4749 996 4803 iu
1031 4748 1265 4806 furorem
1310 4765 1462 4818 ruat,
1493 4769 1726 4824 suosque
1757 4754 1894 4810 ﬂlios
1919 4755 2159 4826 jugulet,
2194 4739 2243 4802 ί)
2268 4763 2416 4819 sent,
2443 4768 2471 4805 a
2495 4753 2670 4807 Slullis
2698 4751 2961 4824 Egypliis
2988 4754 3059 4808 dii
3091 4755 3252 4810 habili
3286 4765 3429 4812 sunt.

576 4854 641 4894 ac
677 4839 873 4894 deinde
914 4841 1144 4898 ﬂammis
1191 4843 1501 4914 absumptus
1546 4847 1793 4902 intereat.
1834 4848 1934 4914 Qui
1984 4858 2162 4904 autem

579 4933 717 4988 Deus
748 4949 868 4989 esse
900 4935 943 4988 is
988 4947 1175 5006 queat,
1207 4940 1295 5007 qui
1337 4955 1396 4996 se
1439 4941 1562 4995 vino
1603 4941 1811 5007 obruit,
1857 4957 1918 4997 ac
1963 4943 2164 4999 liberos

575 5041 701 5083 suos
729 5030 1044 5095 obtruncat,
1077 5031 1317 5102 ignisque
1344 5034 1534 5089 ardore
1563 5035 1894 5105 conﬂagrat?
1922 5038 2027 5092 Aut
2053 5053 2161 5108 quo

577 5121 790 5176 tandem
823 5122 982 5177 modo
1010 5123 1129 5178 aliis
1157 5125 1353 5182 auxilio
1382 5142 1501 5184 esse
1531 5128 1749 5198 poterit,
1774 5129 1863 5198 qui
1894 5129 1994 5185 sibi
2019 5130 2162 5184 auxi-

576 5214 705 5271 lium
734 5217 925 5272 afferre
955 5234 1058 5271 non
1093 5221 1307 5288 potuit?

647 5307 910 5364 Praeterea
936 5310 1238 5378 Apollinem
1265 5313 1547 5380 inducunt,
1577 5316 1774 5370 invidia
1801 5316 2156 5384 laborantem,

573 5410 734 5470 atque
769 5418 950 5459 arcum
1000 5415 1049 5460 et
1097 5408 1432 5475 pharetram,
1480 5423 1544 5462 ac
1582 5424 1967 5478 nonnunquam
1997 5410 2157 5464 etiam

573 5494 832 5549 citharam
857 5507 911 5552 et
939 5497 1118 5552 tibiam
1147 5508 1416 5553 tenentem
1438 5544 1452 5567 ,
1482 5501 1895 5572 hominibusque
1921 5513 2158 5570 quiestus

569 5601 730 5644 causa
760 5591 1015 5646 vaticinia
1055 5591 1324 5646 edentem.
1379 5593 1582 5663 Egebat
1625 5593 1806 5664 igitur.
1837 5595 1996 5662 Atqui
2040 5595 2157 5651 fieri

569 5695 676 5737 non
709 5693 887 5754 potest
926 5692 985 5739 ut
1026 5683 1172 5739 Deus
1213 5693 1366 5752 egeat
1406 5693 1462 5740 et
1511 5686 1775 5756 invideat,
1807 5695 1860 5742 et
1903 5688 2157 5744 citharae-

569 5772 670 5830 dus
697 5779 786 5834 sit.

643 5869 850 5926 Eodem
879 5871 1041 5925 etiam
1075 5868 1234 5924 modo
1268 5869 1486 5924 Dianam
1534 5871 1701 5941 ipsius
1730 5887 1968 5928 sororem
2004 5874 2156 5928 indu-

567 5969 724 6028 cunt.
758 5960 1025 6022 venationi
1073 5960 1411 6029 studentem,
1453 5971 1612 6032 atque
1656 5978 1837 6021 arcum
1871 5972 1925 6021 et
1964 5965 2156 6035 phare-

2341 4850 2477 4918 Quin
2527 4865 2699 4920 neque
2747 4850 2832 4904 his
2861 4859 2952 4906 aut
3000 4851 3220 4922 reliquis
3263 4854 3500 4922 gentium
3550 4853 3859 4910 numinibus

2269 4945 2536 5010 contenti,
2569 4947 2720 4999 bruta
2748 4943 2889 5000 enim
2916 4945 3204 5000 animantia
3237 4948 3576 5002 iuvexcrnnt.
3611 4947 3857 5003 Nonnulli

2267 5037 2462 5092 etenim
2505 5037 2738 5106 ipsorum
2781 5053 2966 5104 ovem,
2997 5038 3086 5092 alii
3137 5038 3369 5102 hircum,
3405 5041 3495 5095 alii
3549 5040 3774 5096 vitulum
3803 5050 3856 5096 et

2267 5146 2450 5194 suem,
2492 5130 2582 5184 alii
2621 5145 2836 5186 corvum
2878 5142 2932 5186 et
2978 5133 3318 5202 accipitrem,
3355 5133 3439 5188 alii
3491 5135 3758 5192 vulturem
3806 5141 3862 5192 et

2267 5221 2530 5293 aquilam,
2565 5223 2652 5277 alii
2682 5223 3036 5289 crocodilum;
3068 5225 3282 5294 quidam
3333 5227 3520 5291 felem,
3551 5238 3607 5282 et
3633 5207 3852 5291 canem,

2266 5323 2320 5367 et
2353 5315 2564 5380 lupum,
2593 5323 2646 5369 et
2675 5314 2915 5382 simiam,
2951 5324 3007 5371 et
3032 5315 3353 5383 draconem,
3387 5327 3441 5373 et
3467 5317 3738 5386 aspidem;
3768 5317 3860 5374 alii

2266 5418 2444 5474 cepas,
2485 5414 2538 5459 et
2583 5405 2726 5472 allia,
2758 5416 2811 5462 et
2849 5407 3053 5477 spinas,
3101 5417 3431 5478 craterasque
3479 5426 3569 5466 res
3613 5411 3859 5466 conditas

2265 5499 2563 5555 coluerunt.
2592 5499 2701 5555 Nec
2743 5500 2987 5555 homines
3019 5502 3201 5556 miseri
3245 5503 3376 5557 nihil
3409 5505 3633 5559 omnino
3664 5504 3856 5560 virium

2265 5593 2346 5648 his
2391 5596 2636 5648 omnibus
2678 5594 2838 5649 rebus
2871 5595 3046 5650 inesse
3091 5597 3350 5651 sentiunt.
3382 5596 3511 5650 Nam
3557 5611 3679 5652 cum
3724 5596 3860 5653 deos

2263 5703 2389 5743 suos
2421 5689 2490 5742 ab
2517 5689 2635 5743 aliis
2663 5689 2967 5743 hominibus
2997 5700 3050 5744 et
3076 5691 3316 5758 comedi,
3351 5700 3404 5747 ct
3437 5693 3558 5762 igne
3585 5692 3859 5761 cremari,

2264 5791 2316 5834 et
2342 5780 2570 5850 jugulari
2603 5791 2760 5849 atque
2787 5781 3060 5848 corrumpi
3087 5780 3334 5845 videant,
3367 5800 3472 5840 non
3522 5793 3700 5840 tamen
3735 5799 3868 5856 pro-

2268 5872 2389 5926 inde
2415 5888 2508 5928 cos
2538 5875 2665 5929 deos
2695 5891 2800 5928 non
2831 5891 2952 5932 esse
2985 5877 3386 5934 intellexerunt.

2335 5963 2595 6030 Quocirca
2633 5978 2829 6035 magno
2873 5984 3056 6028 errore
3101 5981 3211 6029 tum
3245 5970 3516 6044 Egyptii,
3552 5983 3661 6028 tum
3692 5967 3858 6028 Chala

2975 6119 2996 6130 ’“
3009 6126 3058 6136 V-
