4158 6354
295 349 408 413 555

767 351 933 412 VITA
972 351 1391 414 SANCTORUM
1425 353 1765 413 RARLAAM
1805 353 2135 412 EREMIT/E
2177 356 2266 414 ET
2305 357 2653 421 JOSAPHAT
2692 361 2905 420 ΙΝῡιιΕ
2945 363 3170 425 REGIS.

3466 365 3572 424 554
3593 360 3602 402 ί

293 469 433 538 dati,
461 476 576 528 tum
617 470 790 528 Graeci
839 473 974 544 lapsi
1019 486 1171 544 sunt,
1206 477 1336 533 deos
1382 476 1687 546 hujusmodi
1733 476 1888 533 indu-
1917 477 1971 539 Α
1994 485 2154 547 atque
2187 479 2420 550 ingratos
2461 496 2582 538 sese
2614 483 2932 552 praebentes,
2965 486 3199 556 gentium
3239 487 3370 543 deos
3398 502 3575 558 saepe-

288 573 510 630 centes,
551 572 713 635 atque
749 567 984 636 ipsorum
1027 579 1229 625 statuas
1259 571 1581 642 efﬁcientes,
1614 572 1883 642 surdaque

289 665 348 714 et
373 671 564 712 sensus
585 661 824 728 expertia
853 662 1138 718 simulacra
1159 665 1321 736 308
1351 681 1447 736 pro
1467 668 1570 722 diis
1600 668 1880 723 habentes.

289 748 372 805 Ac
400 748 639 805 demiror
668 766 775 821 quo
810 762 987 822 pacto,
1018 770 1140 810 cum
1180 757 1309 813 deos
1341 774 1467 816 suos
1497 762 1563 815 ab
1591 762 1883 818 artiﬁcibus

287 845 484 909 secari,
509 853 565 900 et
594 843 766 900 dolari
783 890 798 914 ,
823 863 886 903 ac
915 851 1173 917 truncari,
1196 861 1357 922 atque
1384 856 1643 924 temporis
1674 856 1885 928 longin-

289 932 497 1010 quitate
543 939 941 998 inveterascere
971 953 1027 1000 et
1069 945 1377 1018 immutari,
1405 957 1566 1021 atque
1597 951 1717 1021 igne
1755 964 1886 1008 con-

288 1029 410 1087 ﬂari
440 1042 760 1102 cernerent,
793 1034 916 1091 hinc
946 1052 1039 1094 eos
1068 1039 1287 1098 minime
1329 1042 1458 1098 deos
1485 1057 1606 1100 esse
1634 1059 1741 1100 non
1768 1045 1884 1099 ani-

287 1123 697 1182 madverterint.
729 1126 860 1183 Nam
887 1130 977 1198 qui
999 1130 1054 1184 in
1081 1145 1192 1187 suae
1222 1133 1412 1190 salutis
1438 1135 1652 1205 negotio
1682 1134 1882 1191 nullam

286 1217 397 1273 vim
432 1217 664 1289 habent,
698 1235 929 1291 quonam
960 1224 1174 1280 tandem
1206 1227 1366 1283 modo
1395 1227 1676 1284 hominum
1718 1228 1881 1284 saluti

287 1308 618 1366 consulenti
662 1314 731 1367 At
775 1328 905 1370 vero
942 1325 1114 1385 poetae
1167 1318 1438 1388 ipsorum,
1475 1331 1531 1376 et
1577 1319 1884 1391 philosophi

288 1411 403 1458 tam
442 1402 817 1460 Chaldaeorum
861 1421 1020 1476 quam
1051 1408 1422 1481 Egyptiorum
1442 1453 1456 1479 ,
1489 1428 1611 1468 cum
1641 1412 1887 1471 versibus

287 1495 405 1551 suis
444 1509 509 1551 ac
548 1495 847 1552 litterarum
887 1502 1252 1557 monumentis
1296 1505 1428 1558 deos
1457 1519 1583 1560 suos
1625 1520 1888 1562 exornare

285 1586 645 1657 studuerunt,
689 1604 875 1646 eorum
923 1592 1269 1662 ignominiam
1307 1598 1479 1666 magis
1529 1598 1883 1668 detexerunt,

287 1679 602 1750 nudamque
643 1682 882 1738 omnium
927 1686 1098 1740 oculis
1147 1698 1557 1758 proposuerunt.
1590 1690 1723 1745 Nam
1763 1705 1885 1745 cum

285 1769 528 1828 hominis
581 1785 809 1842 corpus,
861 1776 1103 1845 quamvis
1155 1777 1351 1848 alioqui
1410 1780 1593 1835 multis
1643 1780 1885 1851 partibus

1987 589 2208 629 numero
2258 574 2578 644 adorarunt,
2627 578 3016 648 prophetasque
3061 580 3126 634 ad
3168 595 3227 636 se
3275 581 3471 636 missos
3512 597 3577 636 ac

1983 665 2156 735 justos
2181 668 2324 723 viros
2355 679 2526 724 morte
2549 667 2858 725 affecerunt.
2882 669 2958 724 Ac
2986 670 3196 738 deinde,
3229 680 3577 742 posteaquam

1985 758 2056 814 ita
2091 759 2187 815 Dei
2214 760 2458 816 voluntas
2491 761 2637 828 tulit,
2671 772 2724 816 ut
2772 761 2941 816 Filius
2986 777 3113 818 suus
3152 764 3204 817 in
3252 773 3448 818 terram
3478 779 3578 819 ve-

1987 851 2155 922 niret,
2185 868 2306 909 cum
2349 855 2672 909 contumelia
2713 854 2991 923 affectum,
3025 855 3214 910 Pontio
3261 856 3430 912 Pilato
3461 855 3575 910 Ro-

1988 958 2264 999 manorum
2287 945 2406 1002 duci
2439 945 2801 1016 tradiderunt,
2831 947 3110 1016 crucisque
3139 947 3402 1017 supplicio
3432 961 3565 1002 con-

1990 1035 2345 1106 demnarunt,
2369 1037 2513 1092 nulla
2542 1037 2788 1094 videlicet
2812 1036 2981 1108 ipsius
3010 1039 3390 1096 beneficiorum
3418 1050 3579 1111 atque

1991 1127 2471 1185 innumerabilium
2500 1129 2912 1197 miraculorum,
2956 1146 3076 1201 quae
3113 1131 3254 1188 inter
3297 1134 3444 1200 ipsos
3483 1133 3579 1189 de-

1995 1216 2261 1289 signarat,
2308 1221 2490 1276 habita
2538 1223 2770 1285 ratione,
2803 1235 3008 1292 suoque
3036 1223 3240 1279 scelere
3283 1223 3579 1292 perierunt.

1996 1308 2130 1365 Nam
2191 1327 2333 1366 nunc
2390 1328 2603 1384 quoque
2663 1313 2837 1369 solum
2895 1313 3112 1383 quidem
3165 1314 3582 1384 omnipotentem

1993 1403 2163 1460 Deum
2193 1406 2408 1474 colunt,
2449 1406 2547 1462 sed
2589 1423 2697 1462 non
2746 1407 3036 1462 secundum
3067 1409 3369 1475 scientiam,
3413 1410 3584 1478 siqui—

1993 1492 2114 1549 dem
2148 1494 2417 1550 Christum
2445 1494 2640 1551 Filium
2685 1497 2781 1552 Dei
2811 1505 3007 1568 negant
3044 1497 3228 1572 (Rom.
3254 1498 3336 1568 ι),
3365 1497 3581 1567 gentili-

1994 1584 2202 1656 busque
2227 1587 2430 1643 similes
2458 1595 2602 1655 sunt,
2629 1588 2840 1644 etiamsi
2863 1589 2927 1644 ad
2957 1590 3262 1660 veritatem,
3291 1606 3322 1644 a
3343 1605 3447 1661 qua
3467 1603 3583 1660 pro-

1993 1678 2080 1733 cul
2109 1693 2167 1734 se
2212 1689 2592 1748 removerunt,
2625 1683 2847 1751 propius
2894 1682 3168 1753 aliquanto
3207 1681 3469 1740 accedere
3497 1680 3577 1738 vi-

1994 1767 2239 1823 deantur.
2266 1771 2342 1825 Ac
2364 1769 2432 1826 de
2459 1769 2660 1825 Iudaeis
2690 1771 2967 1828 hactenus.

286 1869 536 1930 constet,
566 1861 772 1918 nullum
807 1871 985 1921 tamen
1025 1868 1388 1924 membrorum
1430 1882 1650 1924 suorum
1675 1869 1885 1940 abjicit,

2069 1881 2139 1936 At
2181 1881 2531 1939 Christiania
2562 1885 2788 1940 Domino
2832 1895 3014 1942 nostro
3062 1886 3187 1943 Jesu
3229 1887 3445 1943 Christo
3485 1885 3584 1945 do-

285 1967 477 2010 verum
520 1953 880 2013 ﬁrmissimam
908 1972 1030 2014 cum
1081 1959 1210 2030 ipsis
1256 1958 1506 2017 omnibus
1552 1963 1884 2032 conjunctio-

285 2065 411 2107 nem
475 2050 712 2121 habens,
763 2067 948 2109 secum
1007 2053 1181 2124 ipsum
1238 2055 1565 2122 concordat,
1615 2057 1706 2127 qui
1762 2067 1883 2111 tan-

233 2147 238 2150 ’
287 2143 416 2201 dem
448 2145 502 2199 in
532 2145 854 2217 Dehnatura
898 2156 1044 2203 tanta
1085 2162 1259 2218 pugna
1298 2157 1353 2204 et
1400 2149 1667 2204 discordia
1708 2151 1883 2206 futura

285 2238 411 2294 est?
439 2235 572 2294 Nam
605 2238 650 2294 si
680 2254 784 2294 una
829 2237 1054 2295 deorum
1105 2251 1293 2295 natura
1343 2250 1517 2308 esset,
1550 2242 1682 2296 deus
1723 2240 1884 2297 deum

287 2331 587 2401 insectari,
618 2341 709 2386 aut
747 2331 1096 2401 obtruncare,
1131 2342 1220 2387 aut
1251 2332 1392 2388 malo
1418 2333 1598 2403 aliquo
1626 2333 1886 2388 mulctare

287 2427 514 2482 minime
543 2425 792 2482 debebat.
826 2427 980 2496 Quod
1009 2427 1054 2483 si
1094 2426 1168 2482 dii
1209 2442 1237 2481 a
1269 2427 1372 2483 diis
1402 2426 1601 2493 vexati,
1635 2435 1690 2482 et
1716 2426 1887 2482 inter-

289 2520 489 2591 empti,
542 2528 598 2576 et
634 2521 881 2590 spoliati,
926 2535 988 2576 ac
1023 2520 1248 2577 fulmine
1297 2521 1535 2591 percussi
1581 2515 1741 2590 sunt,
1775 2535 1886 2578 non

287 2615 400 2686 iam
429 2629 535 2670 una
565 2629 751 2670 eorum
779 2622 972 2670 natura
998 2624 1111 2682 est,
1140 2614 1237 2672 sed
1285 2614 1550 2672 diStinctae
1577 2615 1886 2674 voluntates

288 2714 453 2776 atque
483 2720 672 2763 omnes
697 2705 938 2762 exitiosae
959 2721 1022 2763 ac
1051 2706 1341 2778 pestiferae.

365 2797 444 2852 Ex
474 2812 582 2868 quo
622 2797 1050 2854 concludendum
1092 2807 1177 2854 est
1205 2796 1474 2854 neminem
1504 2812 1692 2856 eorum
1718 2797 1886 2854 deum

297 2903 443 2944 esse.
480 2889 827 2960 Perspicuum
854 2897 937 2946 est
966 2887 1142 2959 igitur,
1169 2905 1201 2945 ο
1230 2904 1346 2955 rex,
1371 2904 1586 2945 omnem
1607 2904 1796 2946 eorum
1818 2889 1890 2948 de

289 2979 522 3038 deorum
568 2993 758 3039 natura
790 2982 1204 3053 disputationem
1250 2983 1454 3039 erroris
1491 2983 1707 3053 plenam
1742 2997 1884 3040 esse.

288 3073 534 3142 Quonam
577 3084 755 3132 autem
810 3085 967 3146 pacto
1010 3076 1046 3131 ii
1077 3077 1167 3147 qui
1194 3077 1331 3146 apud
1361 3077 1578 3133 Graecos
1607 3076 1888 3148 sapientia:

289 3177 449 3238 atque
477 3167 735 3224 doctrinm
759 3166 903 3224 fama
933 3168 1258 3236 floruerunt,
1290 3169 1418 3223 illud
1448 3168 1672 3225 minime
1719 3169 1883 3226 intel-

1990 1975 2176 2030 ctrina:
2204 1991 2314 2031 sua:
2338 1977 2597 2047 originem
2625 1978 2849 2034 ducunt.
2879 1978 2978 2034 Hic
3002 1987 3181 2035 autem
3210 1979 3306 2034 Dei
3335 1977 3584 2034 altissimi

1993 2067 2155 2121 Filius
2178 2067 2234 2121 in
2258 2067 2456 2137 Spiritu
2485 2080 2671 2124 sancto
2693 2070 2948 2127 creditur.
2972 2070 3074 2136 Qui
3098 2070 3312 2140 quidem
3335 2069 3584 2124 humanae

1990 2161 2177 2216 salutis
2219 2177 2377 2217 causa
2420 2163 2487 2218 de
2535 2163 2675 2219 caelo
2725 2163 3042 2228 descendit,
3076 2175 3234 2234 atque
3278 2178 3348 2220 ex
3398 2171 3584 2219 sancta

1990 2253 2210 2325 Virgine
2239 2255 2449 2326 genitus
2479 2265 2594 2322 est,
2627 2272 2690 2311 ac
2733 2257 2849 2312 sine
2895 2257 3100 2312 semine
3140 2265 3194 2311 et
3239 2255 3583 2325 corruptione

1991 2364 2211 2404 carnem
2241 2350 2511 2418 suscepit,
2545 2349 2961 2418 hominibusque
3002 2348 3279 2419 apparuit,
3311 2356 3367 2402 ut
3411 2362 3506 2402 eos
3552 2360 3584 2400 a

1989 2438 2125 2494 falso
2172 2439 2458 2494 multorum
2508 2439 2734 2495 deorum
2767 2441 2916 2494 cultu
2949 2447 3242 2495 revocaret.
3277 2439 3453 2507 Atque
3482 2437 3583 2491 ad-

1991 2532 2234 2588 miranda
2279 2532 2664 2587 incarnationis
2695 2546 2805 2587 sure
2833 2531 3236 2602 dispensatione
3273 2529 3582 2599 perfunctus

1993 2636 2225 2682 mortem
2255 2636 2469 2695 sponte,
2499 2633 2662 2696 atque
2693 2625 2893 2696 ingenti
2931 2623 3164 2695 quodam
3209 2621 3456 2687 consilio,
3489 2635 3584 2691 per

1994 2731 2210 2774 crucem
2251 2717 2568 2786 degustavit.
2617 2714 2818 2771 Triduo
2863 2724 3042 2771 autem
3090 2724 3213 2785 post
3258 2711 3586 2778 resurrexit,

1992 2818 2153 2881 atque
2181 2810 2234 2864 in
2264 2809 2436 2865 cmlos
2462 2808 2725 2864 ascendit.
2755 2807 2918 2878 Cujus
2949 2807 3248 2879 praesentiae
3272 2806 3495 2877 gloriam
3520 2820 3586 2860 ex

1988 2901 2286 2971 Scriptura,
2328 2916 2447 2970 quae
2470 2899 2614 2970 apud
2645 2915 2740 2956 eos
2772 2900 3090 2971 Evangelica
3121 2909 3363 2969 vocatur,
3395 2899 3439 2954 si
3469 2912 3586 2954 eam

1990 2993 2167 3064 legere
2193 2993 2249 3048 in
2280 2993 2517 3048 animum
2563 2992 2859 3059 induxeris,
2891 2992 3197 3061 perspicere
3226 2991 3382 3056 licet,
3412 3004 3446 3045 o
3469 3003 3584 3045 rex.

1990 3087 2088 3142 Hic
2117 3087 2401 3143 duodecim
2433 3086 2728 3156 discipulos
2769 3086 2984 3154 habuit,
3028 3086 3117 3156 qui
3159 3093 3281 3155 post
3322 3083 3488 3152 ipsius
3533 3081 3588 3138 in

1989 3183 2186 3240 etelum
2214 3197 2495 3239 ascensum
2526 3182 2579 3236 in
2610 3182 2753 3238 orbis
2783 3191 2939 3237 terrae
2965 3181 3268 3250 provincias
3292 3179 3572 3243 exierunt,

288 3259 572 3329 lexerunt,
601 3276 696 3317 eos
726 3261 817 3332 qui
849 3261 996 3333 leges
1040 3261 1276 3318 tulerunt
1306 3263 1530 3317 suismet
1568 3260 1772 3331 legibus
1796 3261 1887 3333 ju-

1997 3275 2269 3346 ipsiusque
2325 3284 2608 3345 angustam
2665 3273 3069 3344 amplitudinem
3129 3273 3584 3343 promulgarunt:

288 3354 500 3411 dicari?
524 3353 658 3409 Nam
692 3354 736 3409 si
775 3353 920 3424 leges
953 3355 1112 3425 justa:
1150 3362 1307 3421 sunt,
1341 3353 1522 3423 injusti
1553 3353 1774 3408 omnino
1804 3353 1886 3427 ip-

288 3460 476 3505 eorum
505 3447 580 3502 dii
621 3456 778 3515 sunt,
807 3449 897 3518 qui
925 3456 1113 3504 contra
1146 3446 1321 3517 legum
1354 3446 1668 3515 prrescripta
1698 3453 1886 3501 mutuo

289 3553 416 3598 sese
460 3539 862 3609 interfecerint,
895 3550 1058 3611 atque
1102 3541 1156 3596 in
1194 3539 1473 3606 veneﬁcia,
1506 3549 1560 3594 et
1598 3539 1883 3607 adulteria,

288 3642 346 3691 ct
391 3632 557 3703 furta,
598 3643 655 3691 et
701 3642 1059 3704 praeposteras
1112 3633 1361 3690 libidines
1422 3633 1744 3704 proruerint.
1791 3632 1887 3689 Sin

289 3737 470 3784 autem
498 3738 645 3785 recte
673 3728 940 3797 fecerunt,
971 3729 1115 3800 leges
1137 3738 1283 3784 certe
1310 3728 1514 3799 iniquas.
1533 3739 1675 3798 sunt,
1702 3735 1888 3798 utpote

288 3820 552 3878 adversus
574 3821 704 3878 deos
722 3824 1044 3879 constitutae.
1065 3821 1218 3878 Nunc
1243 3830 1421 3879 autem
1446 3822 1593 3891 leges
1615 3822 1888 3893 przeclarae

287 3929 350 3972 ac
376 3917 536 3987 iusta:
566 3924 719 3984 sunt,
757 3924 814 3971 ut
857 3931 975 3987 quae
1005 3925 1060 3972 et
1097 3918 1323 3973 virtutes
1371 3916 1626 3986 laudent,
1657 3925 1713 3973 et
1755 3918 1887 3972 vitia

293 4009 657 4080 prohibeant;
708 4008 932 4066 deorum
972 4018 1189 4078 autem,
1233 4024 1368 4080 quos
1411 4010 1512 4079 ipsi
1541 4009 1753 4078 colunt,
1787 4009 1890 4065 ini-

288 4116 396 4171 qua
418 4112 547 4158 sunt
571 4117 736 4173 opera
763 4096 781 4157 Ξ
806 4117 972 4174 quare
998 4102 1166 4172 iniqui
1187 4102 1348 4159 etiam
1377 4104 1615 4173 ipsorum
1636 4103 1712 4159 dii
1733 4113 1887 4174 sunt,

291 4207 591 4267 omnesque
632 4195 780 4266 impii
829 4211 892 4251 ac
943 4205 1118 4252 morte
1161 4196 1452 4265 multandi,
1486 4195 1578 4267 qui
1625 4197 1890 4266 ejusmodi

295 4291 432 4348 deos
481 4292 759 4350 inducunt.
793 4292 924 4348 Nam
955 4293 1002 4348 si
1040 4308 1101 4350 ea
1144 4309 1264 4365 quae
1307 4293 1376 4349 de
1424 4293 1556 4364 ipsis
1593 4293 1891 4350 litterarum

290 4388 659 4443 monumentis
709 4388 923 4458 prodita
974 4396 1126 4455 sunt,
1171 4387 1293 4443 [icta
1339 4396 1394 4444 et
1443 4386 1681 4443 fabulosa
1733 4393 1888 4451 sunt,

288 4479 424 4536 nihil
451 4479 598 4534 aliud
627 4490 751 4535 sunt
795 4494 956 4550 quam
986 4481 1123 4536 meri
1150 4493 1464 4544 sermones;
1498 4479 1545 4533 si
1578 4485 1756 4533 autem
1789 4492 1889 4531 na-

289 4574 509 4641 turalia,
533 4590 636 4629 non
660 4575 772 4646 jam
793 4575 864 4630 dii
894 4582 1022 4630 sunt
1045 4576 1136 4645 qui
1163 4574 1276 4629 haec
1300 4573 1544 4630 fecerunt
1564 4587 1625 4628 ac
1648 4569 1892 4643 perpessi

1992 3366 2442 3440 quemadmodum
2469 3365 2635 3422 etiam
2665 3380 2802 3422 unus
2832 3381 2897 3421 ex
2931 3366 3060 3435 ipsis
3084 3365 3329 3435 regiones
3376 3372 3590 3418 nostras

1992 3459 2326 3530 peragravit,
2361 3468 2419 3514 ut
2446 3459 2690 3515 veritatis
2719 3459 2972 3529 dogmata
3001 3459 3322 3529 praedicaret
3349 3458 3589 3530 (Supra,

1992 3571 2039 3609 c.
2069 3554 2154 3626 l);
2201 3554 2342 3609 unde
2394 3554 2686 3609 etiamnum
2737 3553 2774 3607 ii
2824 3553 2913 3623 qui
2965 3553 3360 3623 praedicationis
3408 3567 3592 3608 eorum

1987 3646 2214 3718 iustitia:
2244 3645 2616 3701 administram
2645 3660 2864 3714 operam
2897 3653 3126 3715 navant,
3159 3643 3451 3700 Christiani
3496 3658 3594 3713 ap-

1990 3739 2281 3810 pellantur.
2311 3740 2490 3808 Atque
2520 3737 2574 3792 hi
2620 3747 2743 3793 sunt
2773 3738 2864 3807 qui
2895 3737 3176 3792 veritatem
3212 3751 3373 3806 supra
3406 3749 3594 3790 omnes

1993 3841 2153 3888 terra:
2197 3831 2448 3886 nationes
2496 3830 2840 3886 invenerunt.
2881 3828 3156 3898 Siquidem
3203 3828 3369 3884 Deum
3411 3841 3592 3882 rerum

1993 3924 2234 3982 omnium
2264 3921 2602 3980 conditorem
2634 3931 2794 3993 atque
2821 3921 3174 3977 architectum
3204 3919 3258 3974 in
3304 3919 3442 3975 Filio
3474 3919 3594 3974 uni-

1991 4019 2176 4089 genito
2197 4026 2252 4073 et
2281 4013 2486 4085 Spiritu
2529 4024 2717 4070 sancto
2743 4023 3067 4084 agnoscunt,
3100 4027 3198 4068 nec
3246 4021 3441 4082 praeter
3468 4011 3592 4066 cum

1993 4111 2164 4166 ullum
2215 4109 2378 4164 alium
2422 4109 2588 4165 Deum
2619 4119 2967 4166 venerantur.
3012 4109 3220 4165 llabent
3260 4119 3441 4166 autem
3489 4107 3595 4164 Do-

1994 4207 2125 4263 mini
2153 4205 2280 4261 Jesu
2320 4201 2520 4260 Christi
2557 4204 2721 4275 309
2749 4203 3000 4259 mandata
3043 4202 3295 4257 cordibus
3340 4203 3454 4257 suis
3508 4203 3591 4256 in-

1998 4300 2237 4370 sculpta,
2271 4315 2441 4370 eaque
2485 4298 2826 4364 custodiunt,
2861 4305 3195 4351 mortuorum
3241 4295 3591 4351 resurrectio-

1995 4408 2120 4448 nem
2154 4407 2216 4447 ac
2248 4392 2410 4448 futuri
2443 4389 2627 4446 satculi
2659 4389 2822 4444 vitam
2853 4396 3252 4457 exspectantes.
3284 4386 3398 4440 Non
3445 4387 3594 4440 adul-

1998 4484 2117 4539 terii
2139 4527 2152 4549 ,
2187 4498 2292 4538 non
2325 4481 2694 4537 fornicationis
2717 4479 2942 4534 crimine
2967 4493 3087 4533 sese
3115 4476 3449 4540 devinciunt,
3478 4491 3590 4530 non

1997 4577 2192 4633 falsum
2224 4577 2589 4632 testimonium
2617 4575 2821 4639 dicunt,
2845 4573 3018 4627 aliena
3046 4587 3148 4626 non
3170 4572 3593 4644 concupiscunt},

289 4676 450 4733 sunt;
477 4667 618 4738 quod
650 4668 696 4722 si
738 4667 1029 4738 allegorico
1074 4682 1236 4722 sensu
1277 4681 1340 4723 ea
1386 4666 1662 4734 dieuntur,
1697 4663 1891 4719 fabulae
1919 4653 1976 4714 D
2000 4670 2139 4743 patri
2169 4679 2222 4727 et
2252 4670 2409 4725 matri
2457 4671 2716 4724 honorem
2749 4667 3024 4731 tribuunt,
3059 4667 3332 4736 proximos
3378 4677 3589 4734 amant,

289 4770 453 4830 Sunt,
479 4776 541 4816 ac
571 4761 702 4816 nihil
733 4770 1016 4831 praeterea.
1052 4761 1488 4817 Demonstratum
1513 4769 1599 4816 est
1627 4760 1827 4829 itaque,
1857 4771 1892 4813 o

291 4868 415 4922 rex,
443 4855 543 4909 hos
569 4870 756 4912 omnes
779 4855 978 4924 cultus,
1003 4855 1091 4925 qui
1119 4853 1303 4911 multis
1325 4853 1428 4909 diis
1456 4853 1781 4918 tribuuntur,
1809 4867 1894 4907 er-

295 4948 438 5003 roris
465 4955 624 5018 atque
647 4949 795 5004 exitii
824 4963 986 5019 opera
1014 4962 1135 5006 esse
1162 4949 1363 5023 (neque
1390 4947 1535 5003 enim
1565 4946 1695 5001 deos
1720 4945 1895 5016 appel-

301 5037 419 5094 lare
457 5041 710 5096 convenit
750 5040 841 5111 qui
883 5041 1128 5097 videntur
1181 5055 1246 5097 ac
1289 5056 1398 5098 non
1443 5041 1663 5108 vident;
1705 5055 1891 5096 verum

228 5177 239 5183 .
300 5145 426 5186 eum
468 5133 560 5202 qui
607 5146 730 5188 cum
771 5134 886 5203 ipse
931 5134 1081 5189 cerni
1124 5142 1392 5204 nequeat,
1439 5133 1620 5189 omnia
1664 5132 1893 5202 cernit),

303 5225 585 5296 Deumque
613 5225 706 5296 qui
737 5225 918 5282 omnia
957 5225 1229 5293 condidit,
1259 5226 1540 5283 colendum
1569 5240 1712 5283 esse.

375 5319 667 5376 Veniamus
697 5319 880 5394 igitur,
908 5335 941 5376 ο
963 5336 1087 5389 rex,
1115 5321 1277 5378 etiam
1300 5321 1368 5377 ad
1397 5321 1635 5389 Iudaeos,
1663 5329 1720 5376 ut
1744 5319 1897 5391 quid-

299 5425 426 5465 nam
454 5411 554 5480 ipsi
588 5428 802 5483 quoque
822 5412 892 5470 de
914 5412 1027 5470 Deo
1053 5414 1288 5470 sentiant
1312 5412 1611 5470 videamus.
1636 5413 1768 5468 Nam
1795 5412 1898 5482 ipsi

298 5503 670 5560 ah‘Abraham
691 5551 706 5576 ,
739 5505 909 5573 Isaac,
940 5515 998 5564 et
1023 5505 1190 5563 Iacob
1217 5506 1463 5575 oriundi,
1492 5504 1780 5577 Egyptum
1814 5506 1895 5560 in-

297 5597 603 5654 coluerunt.
632 5597 786 5655 Illinc
815 5609 994 5658 autem
1027 5601 1168 5658 Deus
1199 5618 1294 5659 eos
1322 5603 1377 5658 in
1408 5618 1568 5658 manu
1612 5605 1812 5672 potenti
1843 5612 1896 5657 et

299 5687 532 5745 brachio
575 5693 815 5761 excelso,
856 5707 954 5763 per
989 5693 1206 5766 Moysen
1252 5696 1487 5764 ipsorum
1538 5696 1896 5765 legislatorem

294 5780 518 5847 eduxit,
551 5798 614 5839 ac
643 5799 738 5854 per
776 5785 940 5841 multa
989 5787 1230 5856 prodigia
1267 5796 1320 5843 et
1361 5789 1512 5858 signa
1562 5801 1716 5843 suam
1768 5786 1901 5858 ipsis

297 5873 600 5946 potentiam
651 5876 966 5933 declaravit.
1003 5878 1201 5934 Verum
1251 5879 1354 5949 ipsi
1406 5896 1621 5952 quoquc
1668 5880 1902 5950 perﬁdos

589 5990 860 6058 PATROL.
897 5990 1187 6055 LXXIII.

1995 4765 2198 4835 justum
2226 4763 2486 4835 judicium
2516 4762 2725 4826 ferunt;
2755 4775 2874 4832 quae
2901 4761 3002 4816 sibi
3049 4760 3179 4830 ipsis
3211 4761 3327 4816 fieri
3374 4761 3592 4828 nolunt,

2000 4857 2123 4915 aliis
2153 4873 2260 4914 non
2294 4855 2526 4921 faciunt;
2558 4869 2650 4911 eos
2680 4869 2710 4908 a
2739 4853 2929 4924 quibus
2958 4853 3226 4909 laeduntur
3271 4853 3585 4920 obsecrant,

2003 4965 2068 5006 ac
2096 4950 2200 5008 sibi
2223 4963 2409 5005 eorum
2440 4945 2731 5004 amicitiam
2762 4947 3070 5003 conciliant.
3105 4945 3353 5002 Inimicos
3396 4946 3596 5000 benefi-

2002 5045 2102 5100 ciis
2152 5041 2372 5098 afﬁcere
2412 5042 2656 5106 student,
2706 5041 2853 5097 lenes
2896 5048 2952 5095 et
3001 5040 3184 5097 faciles
3213 5055 3272 5095 se
3318 5038 3596 5108 praebent,

2003 5139 2070 5193 ab
2101 5137 2248 5193 omni
2292 5136 2474 5206 iniquo
2506 5134 2798 5190 concubitu
2825 5143 2983 5205 atque
3011 5134 3078 5188 ab
3107 5133 3251 5188 omni
3284 5130 3595 5201 impuritate

2004 5228 2311 5297 abstinent,
2337 5228 2550 5284 viduam
2595 5214 2701 5283 non
2742 5233 3125 5292 contemnunt,
3157 5225 3359 5296 pupillo
3397 5237 3600 5279 mcero—

2004 5339 2121 5382 rem
2167 5338 2274 5380 non
2322 5322 2589 5389 inferunt,
2640 5322 2732 5392 qui
2783 5320 2942 5375 habet
2980 5333 3086 5373 non
3133 5316 3349 5372 habenti
3394 5315 3601 5386 prolixe

2005 5418 2408 5475 subministrat.
2454 5415 2803 5485 Peregrinum
2842 5412 2887 5468 si
2928 5411 3189 5477 viderint,
3239 5418 3381 5466 tecto
3409 5408 3603 5466 admit-

2007 5519 2160 5578 tunt,
2191 5510 2414 5581 ejusque
2453 5523 2557 5563 non
2600 5524 2755 5565 secus
2794 5521 2854 5560 ac
2895 5505 3006 5559 veri
3045 5512 3100 5560 et
3138 5503 3375 5574 germani
3415 5499 3601 5558 fratris

2010 5601 2246 5658 adventu
2273 5600 2627 5657 delectantur.
2657 5599 2774 5654 Non
2798 5598 2941 5654 enim
2969 5595 3164 5662 carnis,
3195 5594 3288 5650 sed
3306 5593 3477 5648 animi
3510 5608 3596 5648 ra-

2012 5694 2162 5750 tione
2209 5693 2400 5750 fratres
2439 5708 2500 5748 se
2525 5702 2754 5761 vocant.
2793 5691 2965 5746 Vitam
3010 5704 3160 5745 suam
3209 5687 3406 5743 Christi
3437 5700 3599 5742 causa

2014 5787 2340 5858 profundere
2373 5786 2540 5856 parati
2571 5793 2733 5840 sunt:
2769 5801 2889 5841 nam
2925 5785 3092 5855 ipsius
3139 5793 3404 5854 pratcepta
3447 5780 3602 5835 ﬁrme

1988 5870 2342 5957 iubservant,
2378 5890 2561 5938 sancte
2592 5880 2838 5939 videlicet
2867 5894 2928 5936 ac
2955 5881 3115 5952 juste,
3149 5874 3596 5951 quemadmodum

3177 5995 3249 6056 18
