4158 6354
628 344 735 413 555

1665 349 1754 411 DE
1799 349 1971 417 ἫΉὸ
2006 349 2297 415 ΡΑΤΒΟΜ
2336 348 2537 409 LIBER
2575 344 2850 419 PRIMUS.

3797 352 3904 425 550

628 468 890 527 nuntians
914 467 1055 535 Deus
1076 468 1213 539 ipsis
1242 466 1549 538 imperavit,
1580 468 2086 537 viventes:gratias
2107 466 2207 537 ipsi
2234 469 2287 537 Α
2314 474 2482 533 metu,
2547 466 2621 529 tui
2679 474 2857 533 autem
2914 464 2966 533 in
3011 462 3196 530 laetitia
3242 473 3296 521 et
3340 463 3503 533 animi
3558 466 3933 543 remissione,

626 562 772 618 omni
819 561 949 625 hera
992 562 1044 617 in
1074 559 1219 615 omni
1263 558 1383 617 cibo
1422 573 1477 614 et
1506 569 1664 628 potu,
1692 573 1754 621 ac
1792 558 2014 630 reliquis
2054 560 2208 615 bonis

625 663 844 725 agentes
868 653 1087 726 (Ephes.
1110 652 1191 724 v).
1225 651 1361 707 Vere
1390 652 1531 707 enim
1563 651 1679 708 haec
1720 652 1955 719 veritatis
1983 652 2063 719 via
2091 663 2173 709 εει
2192 694 2205 719 ,

624 766 741 820 qua:
765 748 979 817 quidem
1009 761 1103 811 eos
1130 744 1222 817 qui
1251 760 1371 801 eam
1408 745 1796 815 ingrediuntur,
1829 744 1893 800 ad
1925 744 2208 823 sempiter-

625 855 749 894 num
782 854 1028 907 regnum,
1061 838 1203 907 quod
1236 853 1265 891 a
1291 837 1505 893 Christo
1533 838 1586 897 in
1614 837 1788 907 futura
1826 838 1932 893 vita
1974 837 2208 908 promis-

622 947 740 989 sum
764 941 874 996 est,
910 940 1158 1001 tanquam
1188 939 1433 1003 porrecta
1464 944 1623 997 manu
1649 929 1815 993 ducit.

696 1025 869 1093 Atque
932 1033 991 1087 ut
1026 1023 1325 1093 intelligas,
1366 1038 1400 1087 9
1440 1037 1565 1090 rex,
1606 1037 1693 1085 me
1730 1023 1844 1089 hate
1882 1037 1946 1077 ex
1985 1021 2209 1089 cerebro

621 1135 742 1177 meo
780 1120 1000 1179 minime
1038 1120 1278 1187 tingere,
1319 1118 1364 1177 si
1404 1117 1472 1177 ad
1506 1115 1935 1183 Chrtstianorum
1968 1113 2209 1187 Scriptu-

618 1228 707 1268 ras
745 1216 933 1271 oculus
986 1211 1284 1280 adieceris,
1325 1226 1413 1269 me
1452 1210 1581 1271 nihil
1619 1224 1651 1269 a
1690 1210 1913 1267 veritate
1972 1209 2205 1269 alienum

613 1305 763 1375 loqui
795 1304 1055 1372 reperies.
1088 1304 1266 1370 Quare
1294 1302 1554 1375 praeclare
1585 1300 1724 1357 ﬁlius
1765 1311 1888 1359 tuus
1918 1299 2202 1365 intellexit,

615 1398 925 1467 optimoque
956 1395 1081 1465 iure
1102 1396 1217 1461 Dee
1246 1394 1367 1457 vivo
1390 1394 1596 1461 cultum
1625 1393 1882 1449 adhibere
1911 1391 2115 1459 didicit,
2151 1400 2207 1457 ut

613 1489 669 1544 in
696 1489 879 1547 futuro
909 1502 1025 1553 tero
1050 1488 1282 1555 salutem
1309 1487 1572 1555 ebtineat.
1602 1486 1789 1557 Magna
1814 1485 2013 1549 etenim
2046 1494 2205 1551 atque

611 1581 926 1641 admiranda
954 1590 1080 1649 sunt
1102 1596 1226 1651 qua:
1250 1595 1286 1635 α
1310 1578 1633 1645 Christianis
1665 1587 1774 1634 tum
1806 1576 2061 1645 dicuntur
2092 1585 2204 1629 tum

609 1680 888 1742 gemam.
950 1670 1135 1740 Neque
1196 1671 1341 1737 enim
1404 1669 1706 1736 hominum,
1770 1668 1866 1729 sed
1908 1667 2001 1724 Dei
2042 1666 2203 1731 verba

607 1763 1020 1833 proloquuntur,
1051 1765 1274 1835 reliqua:
1293 1775 1470 1827 autem
1497 1764 1743 1819 nationes
1772 1771 1976 1827 errant,‘
2008 1775 2073 1823 ac
2097 1760 2201 1816 sibi

2313 576 2523 627 aequum
2572 559 2701 625 mihi
2744 560 3003 629 judicium
3052 558 3189 625 istud
3233 575 3353 616 esse
3403 576 3508 623 non
3539 561 3770 629 videtur,
3806 565 3899 633 sed

2311 655 2639 735 principatus
2666 652 2903 719 licentia,
2925 661 2978 709 et
3006 662 3282 721 pactorum
3314 652 3556 709 violatio.
3584 652 3696 709 Rex
3722 654 3901 727 itaque

2290 745 2471 819 ,hujus
2502 746 2762 803 orationis
2792 747 2973 817 lepore
3002 746 3206 812 victus,
3240 746 3527 812 assumptis
3568 747 3903 817 sapientibus

2312 846 2367 909 et
2406 838 2775 905 sacerdotibus
2813 837 2946 909 suis,
2988 836 3284 905 Nachorem
3326 838 3437 894 ﬁlio
3468 840 3761 905 concessit,
3807 842 3905 899 hac

2310 931 2567 985 nimirum
2610 945 2706 1001 spe
2738 930 2921 999 fretus,
2953 930 3069 986 fore
3108 938 3167 1001 ut
3193 946 3257 999 ea
3289 946 3407 1002 quae
3434 930 3704 1007 pollicitus
3734 931 3903 1005 fuerat

2308 1032 2608 1092 praestaret.

2382 1114 2542 1187 Regis
2590 1117 2767 1186 itaque
2795 1116 2935 1172 ﬁlius
2963 1115 3015 1185 in
3048 1114 3302 1187 palatium
3332 1130 3487 1170 suum
3521 1115 3901 1185 proﬁciscitur,

2311 1225 2418 1277 non
2448 1226 2603 1281 secus
2633 1222 2791 1283 atque
2822 1194 3133 1282 OlympiCus
3163 1210 3379 1283 quidam
3408 1212 3605 1277 victor,
3632 1212 3903 1283 superatis

2309 1304 2665 1375 adversariis,
2702 1318 2889 1373 secum
2931 1303 3227 1359 Nachorem
3269 1302 3495 1371 habens.
3547 1302 3714 1371 Quem
3756 1319 3901 1372 cum,

2308 1394 2530 1461 remotis
2568 1393 2807 1460 arbitris,
2848 1393 3149 1462 accivisset,
3181 1395 3261 1449 his
3286 1394 3350 1463 ad
3393 1410 3515 1465 eum
3560 1396 3736 1452 verbis
3778 1412 3907 1465 usus

2308 1495 2389 1539 est
2416 1502 2426 1538 :
2454 1484 2530 1540 Ne
2560 1500 2664 1553 me,
2694 1485 2783 1555 qui
2811 1486 2906 1556 sis,
2933 1484 3180 1559 ignorare
3207 1488 3498 1553 existimes.
3536 1487 3904 1543 Certissimum

2308 1578 2449 1633 enim
2481 1578 2650 1632 habeo
2702 1588 2752 1633 te
2779 1578 3169 1633 divinissimum
3201 1578 3539 1645 Barlaamum
3588 1579 3725 1633 haud
3772 1596 3905 1655 qua-

2309 1685 2468 1736 quam
2510 1684 2651 1736 esse,
2685 1685 2871 1724 verum
2904 1669 3202 1725 Nachorem
3253 1671 3602 1741 astrologum.
3635 1673 3712 1725 Ac
3741 1674 3904 1726 miror

2307 1762 2435 1832 quid
2460 1761 2612 1829 vobis
2639 1762 2693 1817 in
2724 1771 2957 1816 mentem
2989 1763 3215 1829 venerit,
3247 1770 3307 1829 ut
3333 1762 3636 1831 bujusmudi
3668 1762 3904 1817 fabulam

607 1853 739 1924 ipsis
776 1854 1119 1923 intposltlram
1156 1854 1378 1919 faciunt,
1420 1854 1681 1923 siquidem
1723 1854 1776 1908 in
1820 1852 2053 1907 tenebris
2090 1866 2206 1905 am—
2233 1844 2283 1915 Β
2310 1854 2604 1927 ﬁngeretis,
2652 1864 2815 1929 atque
2860 1854 2961 1911 hoc
2998 1856 3150 1913 vobis
3201 1855 3621 1926 persuaderetis,
3671 1871 3767 1923 vos
3809 1872 3905 1911 eas

609 1945 878 2013 halantes,
902 1946 1169 2015 ebriorum
1196 1945 1363 2003 instar
1384 1946 1435 2013 in
1459 1944 1663 2015 seipsos
1689 1946 2009 2016 impingunt.
2028 1945 2202 2013 Atque

608 2036 693 2099 hic
719 2037 810 2105 sit,
854 2051 887 2101 ο
922 2052 1041 2104 rex,
1072 2050 1208 2095 mea:
1245 2034 1313 2091 ad
1344 2045 1399 2101 te
1425 2036 1685 2105 orationis
1713 2036 1854 2102 ﬁnis,
1890 2050 2046 2107 quam
2080 2036 2198 2106 qui-

606 2127 727 2195 dem
756 2127 955 2197 veritas
998 2128 1049 2181 in
1084 2135 1265 2195 mente
1298 2143 1415 2193 mea
1445 2128 1685 2183 dictavit.
1720 2128 1979 2183 Desinant
2022 2129 2199 2199 itaque

604 2219 878 2285 vtecordes
917 2219 990 2272 tui
1031 2218 1302 2287 sapientes
1340 2219 1599 2275 adversus
1639 2220 1925 2275 Dominum
1986 2220 2195 2290 nugari.

602 2312 733 2381 Nam
774 2312 927 2368 vobis
967 2311 1136 2377 Deum
1177 2320 1473 2368 creatorem
1516 2313 1782 2381 venerari,
1826 2320 1992 2383 atque
2032 2312 2198 2382 ipsius

601 2404 780 2467 verbis
801 2404 868 2461 ab
887 2402 1102 2469 interitu
1126 2405 1316 2473 alienis
1336 2419 1519 2461 aurem
1541 2403 1945 2460 accommodare
1958 2401 2194 2481 expedit,

602 2509 654 2553 ut
687 2496 1189 2565 condemnationem
1216 2510 1279 2565 ac
1304 2496 1626 2566 supplicium
1657 2495 1997 2566 eﬁ‘ugientes,
2029 2495 2194 2557 vitam

602 2593 847 2651 interitus
878 2601 1153 2663 expertem
1187 2592 1529 2655 hereditario
1558 2592 1900 2663 possideatis.

671 2685 797 2745 Car.
845 2682 1080 2751 XXVIII.
1124 2710 1193 2725 —-
1254 2683 1383 2747 Haec
1445 2692 1793 2755 posteaquam
1856 2699 1884 2737 a
1950 2683 2194 2741 Nachore

598 2785 1013 2843 commemorata
1044 2784 1191 2842 sunt,
1230 2791 1322 2831 rex
1354 2775 1628 2833 iracundia
1666 2776 1959 2842 aestuabat;
2006 2778 2192 2832 rheto-

600 2883 687 2923 res
727 2878 906 2935 autem
945 2868 1114 2941 ipsius
1149 2877 1204 2926 et
1234 2869 1544 2926 sacerdotes
1582 2869 1717 2925 muti
1748 2870 1983 2937 stabant,
2015 2879 2070 2937 ut
2100 2870 2190 2941 qui

601 2960 729 3015 nihil
768 2970 955 3021 contra
982 3002 999 3027 ,
1050 2969 1245 3041 praeter
1285 2961 1529 3019 inﬁrmos
1574 2963 1833 3034 quosdam
1875 2978 1939 3018 ac
1990 2964 2191 3035 nullius

598 3056 854 3117 momenti
881 3056 1274 3124 sermunculos,
1301 3056 1493 3113 aﬁ'erre
1523 3068 1763 3127 possent.
1790 3060 1860 3113 At
1890 3073 2021 3115 vero
2049 3059 2189 3133 regis

599 3148 738 3202 ﬁlius
769 3147 961 3218 spiritu
987 3148 1315 3213 exsultabat,
1346 3159 1506 3218 atque
1539 3149 1691 3204 hilari
1719 3150 1867 3219 vulm
1900 3149 2183 3205 Dominum

2314 1947 2619 2017 elarissima
2657 1947 2746 2005 die
2777 1949 2947 2017 oculis
2976 1948 3109 2003 meis
3148 1948 3396 2019 tenebras
3422 1947 3729 2017 objeeturps
3761 1963 3908 2017 esse,

2306 2049 2366 2094 ut
2393 2055 2490 2110 pro
2517 2055 2618 2107 ove
2646 2040 2828 2117 lupum
2856 2041 3176 2109 acciperem.
3206 2038 3403 2109 Verum
3437 2055 3544 2095 non
3575 2041 3671 2107 abs
3700 2056 3759 2096 re
3785 2056 3906 2110 pro-

2304 2132 2491 2195 verbio
2518 2132 2705 2198 fertur,
2736 2131 2841 2186 Cor
2883 2133 3029 2187 stulti
3070 2148 3205 2199 vana
3252 2134 3506 2202 cogitare.
3560 2135 3735 2203 Atque
3784 2133 3907 2189 hmc

2304 2226 2519 2299 quidem
2584 2225 2831 2301 cogitatio
2888 2234 2941 2281 et
2982 2227 3262 2285 consilium
3323 2236 3561 2295 vestrum
3624 2227 3909 2286 rancidum

2302 2334 2433 2385 sane
2462 2332 2524 2375 ac
2553 2332 2774 2389 prorsus
2801 2317 3052 2372 stolidum
3081 2326 3217 2389 erat,
3247 2332 3381 2390 OplIS
3402 2325 3579 2387 autem
3605 2320 3746 2388 quod
3784 2319 3905 2389 ipse

2302 2409 2497 2483 egisti,
2549 2409 2695 2465 omni
2748 2409 3025 2479 prudentia
3076 2418 3131 2473 et
3176 2408 3464 2480 sagacitate
3512 2409 3733 2483 plenqu
3785 2422 3898 2480 est,

2302 2499 2464 2587 310
2492 2516 2555 2569 ac
2582 2511 2865 2587 propterea
2895 2500 3087 2570 gaude,
3120 2499 3353 2565 Nachor,
3389 2508 3445 2556 et
3477 2502 3713 2555 exsulta.

2376 2586 2738 2661 Multasenim
2781 2591 2875 2646 tibi
2904 2590 3006 2645 hoc
3038 2590 3251 2646 nomine
3281 2591 3478 2661 gratias
3523 2591 3716 2658 habeo,
3757 2592 3908 2662 quod

2300 2684 2549 2738 veritatis
2600 2684 2951 2753 patrocinium
2999 2682 3258 2737 hodierno
3308 2682 3394 2737 die
3441 2682 3746 2752 suscepisti,
3803 2697 3910 2741 nec

2297 2774 2577 2845 sceleratis
2624 2776 2804 2829 verbis
2852 2789 2916 2843 ac
2961 2784 3178 2830 versuta
3225 2774 3568 2830 simulatione
3614 2774 3758 2829 labia
3806 2783 3907 2830 tua

2300 2867 2710 2939 contaminasti',
2744 2871 2871 2939 quin
2903 2869 3078 2940 potius
3104 2882 3166 2922 ea
3212 2866 3394 2921 multis
3420 2867 3671 2922 sordibus
3698 2882 3907 2938 expur—

2294 2959 2465 3031 gasti,
2509 2960 2761 3014 falsorum
2803 2960 3056 3014 nimirum
3096 2960 3319 3014 deorum
3362 2973 3547 3014 errore
3584 2958 3902 3030 confutata,

2295 3044 2454 3129 atque
2480 3052 2908 3111 Christianorum
2949 3054 3256 3129 dogmatutn
3288 3056 3512 3109 veritate
3548 3056 3904 3110 conlirmata.

2296 3147 2406 3231 Ego
2432 3163 2557 3203 vero
2584 3148 2787 3220 duplici
2814 3149 2880 3203 de
2919 3161 3097 3216 causa,
3135 3156 3190 3202 ut
3220 3156 3271 3209 te
3302 3162 3507 3203 mecum
3540 3148 3902 3211 adducerem.

512 3232 515 3233 ⁷
598 3238 927 3307 celebrabat,
952 3238 1042 3310 qui
1084 3238 1151 3296 iis
1170 3255 1397 3310 quorum
1425 3241 1614 3296 ﬁducia
1665 3242 1716 3296 in
1747 3242 1867 3313 ipso
1890 3245 2057 3313 posita
2082 3252 2182 3309 est,
2215 3236 2262 3300 C
2292 3254 2510 3309 operam
2540 3238 2693 3306 dedi;
2724 3238 2915 3307 altera,
2950 3256 3017 3294 ne
3043 3248 3094 3294 te
3124 3254 3214 3293 rex
3244 3240 3492 3309 privatim
3525 3249 3737 3305 tenens,
3768 3256 3904 3311 Sup-

598 3329 653 3383 in
693 3329 851 3385 rebus
894 3328 1162 3399 perplexis
1198 3338 1254 3384 et
1291 3330 1561 3399 impeditis
1604 3332 1804 3387 exitum
1845 3332 1958 3402 dat,
1989 3333 2188 3403 quique

597 3423 757 3479 etiam
792 3437 889 3491 per
918 3421 1190 3479 inimicum
1230 3434 1285 3478 et
1326 3422 1535 3478 hostem
1574 3424 1853 3478 veritatem
1893 3424 2186 3480 conﬁrma-

595 3512 707 3581 bat,
731 3514 1099 3584 efliciebatque
1123 3525 1181 3569 ut
1210 3523 1265 3570 et
1285 3516 1375 3585 qui
1405 3516 1605 3570 erroris
1634 3518 2013 3588 antesignanus
2042 3526 2184 3587 erat,

597 3614 759 3659 rectas
789 3605 1047 3667 doctrina:
1072 3616 1354 3674 patronum
1382 3620 1444 3661 se
1473 3606 1756 3678 praeberet.

670 3699 786 3754 Rex
826 3714 1019 3771 porro,
1060 3700 1305 3773 quamvis
1343 3700 1542 3771 alioqui
1560 3700 1792 3757 Nachori
1834 3701 2187 3759 vehementer

596 3803 941 3859 irasceretur,
977 3791 1126 3846 nullo
1167 3800 1344 3861 tamen
1386 3808 1507 3847 eum
1549 3793 1688 3848 malo
1727 3790 1945 3850 afﬁcere
1985 3796 2181 3866 potuit,

596 3894 877 3956 propterea
916 3884 1057 3955 quod
1098 3883 1214 3956 lege
1255 3900 1437 3939 coram
1480 3885 1727 3941 omnibus
1768 3895 1891 3943 ante
1951 3888 2185 3957 promul-

594 3983 737 4049 gata,
770 3974 817 4041 ei
846 3988 945 4045 pro
972 3973 1289 4029 Christianis
1320 3973 1489 4031 libere
1517 3976 1678 4030 verba
1708 3975 1883 4033 facere
1914 3979 2186 4047 permisis-

594 4079 694 4137 set.
727 4070 994 4133 Czeterum
1033 4084 1147 4140 ipse
1180 4086 1419 4141 persaepe
1461 4072 1803 4143 sermonibus
1834 4074 2001 4144 ipsius
2029 4073 2185 4129 oblu-

595 4175 773 4230 etans,
805 4178 927 4218 eum
968 4178 1062 4234 per
1101 4165 1249 4231 signa
1289 4164 1533 4237 quaedam
1571 4166 1914 4239 admonebat,
1945 4178 2000 4223 ut
2038 4169 2181 4225 illam

595 4256 862 4327 pugnandi
919 4256 1265 4329 acrimoniam
1325 4260 1653 4327 remitteret,
1695 4268 1853 4331 atque
1906 4260 2181 4318 rhetorum

593 4353 940 4423 diSputattoni
974 4368 1163 4411 manus
1189 4354 1361 4423 daret.
1395 4364 1465 4417 et
1493 4357 1584 4411 tlte
1612 4354 1987 4412 vehementius
2035 4360 2182 4413 inva-

591 4444 849 4513 lescehat,
891 4460 1077 4503 omnes
1116 4444 1353 4517 ipsorum
1397 4447 1789 4519 propositiones
1831 4456 1993 4519 atque
2024 4466 2180 4520 argu-

594 4548 771 4593 menta
795 4538 1054 4604 refutans,
1082 4540 1408 4612 errorisque,
1436 4554 1543 4611 quo
1574 4540 1914 4609 tenebantur,
1941 4532 2178 4603 fraudem

2292 3334 2453 3403 plicio
2476 3332 2736 3401 afﬁceret,
2764 3342 3044 3404 propterea
3071 3333 3209 3405 quod
3242 3350 3343 3386 non
3367 3348 3427 3397 ea
3454 3348 3513 3395 es
3539 3334 3748 3387 locutus
3770 3350 3902 3405 qua:

2292 3427 2393 3496 ipsi
2430 3436 2580 3496 grata
2620 3436 2843 3491 essent;
2885 3426 3051 3481 altera
3094 3435 3147 3479 ut
3188 3425 3291 3479 bed
3317 3440 3449 3479 erno
3489 3434 3580 3479 tuo
3622 3427 3902 3484 beneﬁcio

2290 3518 2516 3587 gratiam
2547 3517 2640 3572 tibi
2670 3517 2981 3587 rependam.
3011 3517 3252 3586 Quonam
3277 3527 3453 3574 autem
3484 3518 3703 3573 tandem
3735 3532 3903 3588 pacto

2292 3611 2432 3679 istud
2455 3613 2476 3664 ?
2522 3611 2780 3679 Nimirum
2823 3622 2874 3666 te
2902 3596 3217 3676 admOueus,
3254 3620 3310 3679 ut
3338 3626 3368 3665 a
3395 3627 3556 3683 prava
3587 3622 3640 3667 et
3672 3618 3900 3682 pericu—

2293 3706 2404 3763 losa
2436 3704 2533 3759 hac
2558 3704 2663 3769 via,
2694 3719 2852 3774 quam
2885 3704 2950 3757 ad
2983 3704 3125 3759 hunc
3151 3720 3317 3775 usque
3347 3703 3493 3760 diem
3525 3705 3765 3767 tenuisti.
3800 3710 3899 3764 dc-

2293 3794 2469 3865 flecta,
2502 3813 2565 3853 ac
2594 3808 2791 3854 rectam
2824 3807 2877 3853 et
2906 3798 3196 3854 salutarem
3241 3800 3491 3855 semitam
3531 3800 3897 3873 ingrediaris:

2291 3903 2448 3961 quam
2488 3888 2704 3962 quidem
2734 3890 2843 3944 ‘non
2876 3890 3148 3960 ignorans,
3184 3890 3277 3945 sed
3318 3901 3510 3960 sponte
3539 3893 3741 3948 malum
3771 3909 3897 3949 am-

2292 3984 2549 4050 plectens,
2581 3982 2834 4054 effugisti,
2880 3984 2932 4037 in
2978 3983 3274 4054 iniquitatis
3312 3984 3562 4039 harathra
3604 3994 3658 4041 et
3689 3992 3896 4057 praeci-

2291 4074 2419 4145 pitia
2451 4075 2678 4146 teipsum
2712 4075 3012 4144 impellens.
3064 4075 3299 4145 lntellige
3351 4076 3555 4147 itaque,
3590 4092 3623 4129 ο
3647 4076 3897 4145 Nochor,

2290 4182 2409 4235 cum
2441 4167 2675 4239 prudens
2707 4176 2760 4221 et
2789 4182 2947 4241 sagax
2982 4170 3078 4233 sis,
3110 4182 3171 4222 ac
3199 4168 3471 4223 Christum
3500 4170 3698 4235 solum,
3731 4185 3783 4225 et
3820 4169 3896 4225 vi-

2290 4269 2398 4316 tam
2430 4262 2568 4332 apud
2602 4261 2771 4333 ipsum
2802 4262 3101 4318 abstrusam
3132 4262 3363 4318 elucrari
3411 4264 3587 4329 stude,
3616 4262 3779 4319 ﬂuxis
3812 4266 3897 4321 his

2289 4364 2343 4410 et
2369 4355 2588 4409 caducis
2616 4354 2934 4423 contemptis
2964 4368 3025 4409 ae
3050 4368 3144 4422 pro
3167 4353 3335 4409 nihilo
3356 4353 3573 4410 habitis.
3600 4354 3717 4409 Non
3741 4357 3894 4411 enim

2289 4449 2340 4503 in
2364 4459 2624 4503 aeternum
2650 4448 2802 4503 vives
2822 4463 2837 4514 ;
2860 4446 2973 4513 sed,
2998 4461 3120 4501 cum
3146 4446 3384 4502 mortalis
3406 4447 3503 4513 sis,
3528 4448 3637 4517 jam
3664 4447 3895 4518 jamque

2288 4538 2412 4595 hinc
2442 4539 2683 4594 abiturus
2710 4551 2791 4605 es,
2823 4537 3270 4608 quemadmodum
3312 4547 3367 4594 et
3396 4555 3607 4605 omnes,
3636 4542 3728 4611 qui
3762 4554 3894 4597 ante

594 4645 654 4683 ac
685 4630 943 4687 fallaciam
969 4632 1246 4702 detegens.
1278 4633 1408 4687 Cum
1446 4644 1623 4689 autem
1651 4649 1785 4705 pene
1810 4635 1876 4689 ad
1904 4650 2180 4706 veSperam
2210 4632 2267 4709 ι)
2295 4642 2345 4686 te
2375 4633 2715 4686 exstiterunt.
2760 4633 2954 4702 Atque,
2986 4646 3020 4685 ο
3048 4641 3097 4686 te
3127 4632 3419 4687 miserum!
3448 4631 3518 4698 si,
3547 4632 3639 4686 ubi
3678 4634 3892 4701 justum

593 4743 759 4797 usque
804 4727 1094 4799 disputatio
1140 4730 1393 4807 producta
1442 4728 1665 4797 fuisset,
1720 4747 1812 4788 rex
1863 4734 2177 4789 concionem

590 4820 724 4885 solvi
742 4820 927 4899 jussit,
956 4831 1205 4891 tanquam
1234 4824 1438 4879 scilicet
1466 4825 1722 4899 postridie
1754 4840 1965 4897 rursum
1991 4827 2055 4881 de
2080 4827 2179 4895 hac

590 4932 646 4969 re
678 4914 865 4986 agitari
894 4915 1070 4977 vellet.

659 5009 1108 5080 .losaphatautem
1133 5023 1310 5080 regem
1333 5012 1404 5065 ita
1425 5019 1506 5066 est
1523 5011 1819 5068 allocutus:
1842 5010 2181 5089 Utprimoju-

584 5110 669 5159 ate
691 5100 873 5163 timuia
895 5099 1007 5171 geri
1023 5100 1248 5171 jussisti,
1273 5115 1305 5153 ο
1328 5116 1443 5166 rex,
1463 5099 1532 5156 ita
1550 5101 1769 5171 justitize
1793 5117 2002 5175 quoque
2020 5103 2177 5157 ﬁnem

589 5195 832 5262 impune,
862 5192 1089 5249 duorum
1121 5193 1350 5248 alterum
1382 5192 1615 5259 faciens,
1647 5209 1840 5263 nempe
1868 5203 1925 5248 ttt
1955 5195 2034 5248 vel
2066 5210 2178 5249 ma-

584 5286 809 5355 gistrum
841 5298 1017 5340 meum
1050 5285 1147 5340 hac
1186 5296 1341 5340 nocte
1373 5301 1583 5341 mecum
1617 5301 1835 5341 manere
1877 5288 2175 5355 permittas,

588 5388 641 5427 ut
664 5377 731 5433 de
755 5377 836 5433 his
861 5378 1020 5432 rebus
1043 5378 1111 5433 de
1133 5378 1330 5448 quibus
1356 5378 1586 5433 crastina
1614 5378 1701 5432 die
1727 5394 1849 5432 cum
1879 5378 1942 5434 iis
1964 5381 2049 5449 qui
2078 5396 2177 5436 nos

589 5471 727 5533 hellu
760 5470 1027 5541 lacessent
1054 5471 1213 5528 verba
1246 5471 1484 5527 facienda
1516 5480 1644 5525 sunt
1670 5487 1774 5525 una
1804 5472 2171 5545 dispiciamus,

586 5576 647 5615 ac
678 5570 729 5627 tu
760 5562 888 5619 item
918 5574 1033 5616 tuos
1065 5578 1363 5629 assumens,
1411 5564 1673 5620 arbitratu
1706 5575 1795 5620 tuo
1823 5581 1945 5619 cum
1979 5566 2085 5621 iliis
2113 5583 2173 5623 ea

584 5668 705 5725 qua}
744 5654 796 5707 iu
840 5667 951 5706 rem
994 5652 1163 5708 futura
1208 5656 1526 5713 videbuntur
1568 5656 1882 5724 meditcris;
1922 5667 2015 5712 aut
2054 5671 2172 5716 tuos

586 5750 713 5805 mihi
761 5746 859 5803 hac
900 5754 1054 5799 nocte
1093 5752 1427 5821 concedens,
1470 5769 1647 5807 meum
1689 5754 1899 5824 accipe.
1936 5754 2088 5822 Quod
2130 5756 2173 5809 si

586 5842 793 5913 utrique
823 5835 963 5905 apud
996 5846 1043 5890 te
1074 5838 1200 5904 sint,
1232 5859 1383 5900 meus
1410 5847 1661 5903 nimirum
1710 5848 1761 5902 iu
1794 5847 2088 5903 alﬁictioue
2119 5855 2174 5903 et

2281 4727 2575 4799 judicium,
2610 4741 2674 4781 ac
2702 4728 2845 4796 iusta
2877 4740 3099 4795 operum
3134 4741 3341 4782 merces
3370 4734 3472 4792 est,
3504 4740 3723 4799 gravem
3756 4743 3893 4797 pec-

2285 4806 2387 4877 cati
2420 4820 2684 4876 sarcinam
2719 4831 2893 4875 tecum
2920 4820 3100 4877 ferens
3127 4821 3313 4887 abeas,
3338 4835 3436 4876 nec
3465 4834 3584 4876 eam
3614 4824 3763 4892 prius
3795 4824 3891 4905 ab;

2283 4916 2504 4986 ieceris,
2535 4931 2656 4985 cum
2685 4914 2920 4985 abjicere
2952 4914 3185 4983 proclive
3212 4915 3304 4969 sit.

2358 5007 2568 5060 Nachur
2634 5005 2812 5074 itaque
2872 5006 2942 5060 ob
2990 5005 3300 5075 hujusmodi
3358 5019 3640 5061 sermones
3700 5009 3887 5063 animo

2286 5109 2658 5171 compunctus,
2704 5100 2786 5151 his
2827 5098 3003 5152 verbis
3051 5113 3176 5153 usus
3216 5108 3298 5153 est
3332 5116 3343 5151 :
3385 5096 3553 5153 Recte
3603 5097 3813 5164 dixisti,
3854 5116 3887 5152 ο

2284 5206 2399 5258 rex,
2444 5200 2590 5244 recte
2630 5192 2864 5257 inquam.
2910 5187 3043 5259 Nam
3085 5188 3200 5258 ipse
3240 5203 3453 5259 quoque
3495 5204 3687 5243 verum
3730 5198 3785 5245 et
3820 5191 3888 5243 a'i

2281 5286 2423 5339 omni
2473 5285 2753 5340 mendacio
2810 5286 3041 5340 alienum
3082 5285 3250 5341 Deum
3277 5326 3293 5352 ,
3352 5300 3451 5357 per
3492 5303 3652 5358 quem
3699 5302 3805 5342 om
3840 5292 3884 5339 si

2283 5377 2419 5431 facta
2446 5387 2589 5443 sunt,
2624 5379 2779 5444 novi;
2811 5385 2969 5447 atque
3018 5379 3144 5432 item
3188 5381 3419 5433 futurum
3448 5379 3712 5449 judicium
3742 5384 3885 5442 εγω,

2279 5486 2343 5525 ex
2369 5470 2548 5525 multis
2572 5470 2817 5525 videlicet
2836 5470 3126 5539 Scripturas
3148 5487 3317 5527 sacra:
3343 5473 3522 5528 verbis
3547 5473 3596 5527 id
3620 5473 3849 5528 edoctus
3866 5512 3883 5537 ,

2285 5582 2470 5619 verum
2516 5566 2755 5635 improba
2797 5566 3150 5633 consuetudo,
3188 5579 3346 5637 atque
3387 5568 3592 5641 antiqui
3622 5567 3856 5635 supplau

2283 5659 2467 5713 tutoris
2491 5660 2720 5713 versutia
2746 5659 2923 5714 cordis
2955 5661 3057 5716 mei
3087 5662 3268 5716 oculos
3295 5662 3535 5723 crecavit,
3569 5662 3882 5729 densasque

2281 5752 2459 5807 animo
2492 5766 2613 5807 meo
2642 5754 2891 5809 tenebras
2922 5753 3127 5808 oll'udit.
3160 5754 3312 5809 Nunc
3340 5765 3521 5809 autem
3554 5753 3620 5809 ad
3651 5752 3879 5807 verbum

2280 5855 2426 5901 tuum
2454 5845 2664 5913 abjecto
2687 5848 2974 5903 tenebroso
3002 5848 3286 5913 velamine,
3312 5848 3377 5902 ad
3408 5848 3583 5901 vultus
3609 5842 3881 5901 Doniiuici
