4208 6352
251 348 363 418 8.57

730 349 889 407 VITA
933 348 1349 410 SANCTORUM
1390 346 1721 415 BARLAAM
1765 340 2098 417 EBEMITE
2141 343 2224 398 ET
2265 332 2616 407 JOSAPHAT
2657 339 2866 398 ιΝῡΙιιΕ
2907 330 3132 397 REGIS.

3424 333 3539 415 5.58,

251 475 426 539 lucem
475 486 787 543 occurram:
839 470 1067 541 fortasse
1125 472 1268 526 enim
1318 466 1828 529 mei'miserebitur,
1859 459 2200 530 Aexposcit.
2274 459 2536 516 Sacerdos
2590 461 2805 530 itaque,
2882 465 3062 529 utpote
3117 457 3299 511 divina
3352 442 3535 529 gratia.

250 568 685 639 pmnitentigeque
703 565 923 636 jauuam
950 566 1078 621 mibi
1104 566 1348 635 improbo
1376 580 1437 633 ac
1468 562 1651 617 rebelli
1676 576 1831 615 servo

250 660 475 731 aperiet.
522 658 833 733 Quanquam
872 658 1000 729 mihi
1046 658 1156 727 fieri
1201 674 1305 725 non
1348 671 1509 731 posse
1542 654 1750 715 videtur
1780 660 1836 721 ut

251 762 590 822 peccatorum
644 766 906 817 meorum,
952 768 1071 825 qua:
1118 766 1283 821 arena
1320 748 1566 820 graviora
1609 756 1751 813 sunt,
1781 754 1837 809 et

250 860 436 899 eorum
469 859 587 914 quas
619 852 729 913 tum
759 844 933 898 sciens
963 854 1071 898 tum
1105 845 1357 917 ignorans
1382 842 1712 919 lperpetravi,
1746 855 1837 895 ve-

251 938 390 991 niam
418 937 710 991 obtineam.

324 1032 432 1085 Hac
472 1032 712 1091 oratione
752 1032 953 1101 audita,
999 1030 1138 1103 regis
1170 1032 1317 1101 filius
1354 1029 1532 1099 statim
1575 1028 1832 1101 exsurgit,

212 1114 225 1125 ”
252 1137 412 1193 atque
447 1125 624 1191 animo
655 1124 949 1193 incalescit,
984 1125 1331 1194 animumque
1358 1124 1620 1179 Nachoris
1650 1123 1715 1175 ad
1743 1122 1838 1177 de-

250 1217 612 1287 sperationem
648 1216 1066 1289 propendentem
1100 1230 1419 1285 recuperare
1446 1227 1606 1287 atque
1630 1216 1840 1285 erigere

146 1375 165 1387 .
252 1309 455 1379 incipit.
488 1306 644 1367 Nulia
677 1308 843 1374 enim,
892 1323 924 1362 ο
953 1307 1185 1373 Nachor,
1215 1307 1404 1379 inquit,
1438 1307 1580 1362 nulla
1626 1307 1693 1362 de
1742 1307 1841 1371 hac

250 1414 308 1455 re
353 1398 615 1467 dubitatio
675 1400 913 1461 animum
974 1409 1120 1469 tuum
1173 1401 1382 1455 subeat.
1447 1399 1715 1471 Scriptum
1760 1410 1845 1458 est

250 1492 392 1557 enim
426 1492 604 1562 (Joan.
633 1496 750 1565 vtn)
782 1507 942 1567 posse
971 1493 1138 1555 Deum
1168 1496 1331 1557 etiam
1360 1510 1427 1567 ex
1458 1495 1542 1555 his
1576 1495 1843 1567 lapidibus

250 1584 489 1653 excitare
519 1584 655 1653 filios
678 1583 926 1649 Abrahae.
960 1584 1112 1653 Quod
1134 1586 1371 1657 quidem,
1400 1598 1461 1649 ,ιιι
1487 1587 1668 1659 aiebat
1693 1597 1842 1659 pater

251 1674 521 1745 Barlaam.
551 1675 681 1753 quid
712 1677 854 1733 aliud
882 1686 988 1747 est.
1023 1694 1181 1751 quam
1208 1678 1350 1750 quod
1383 1679 1628 1751 homines
1658 1680 1842 1751 (temp-

251 1776 382 1837 rata:
414 1767 770 1849 immutatis
800 1779 960 1841 atque
986 1772 1130 1841 omni
1165 1772 1455 1849 iniquitatis
1476 1787 1684 1849 assere
1711 1787 1847 1843 cett.-

1944 551 2167 620 plenus,
2209 551 2476 620 ingentem
2529 550 2709 615 animo
2749 552 3075 619 voluptatem
3113 550 3271 619 cepit,
3300 564 3531 621 eumque

1942 640 2259 706 confestim,
2304 651 2361 695 ut
2414 656 2531 707 mos
2573 640 2817 707 ferebat,
2862 656 2955 708 per
2997 641 3111 701 dies
3158 640 3299 696 haud
3331 657 3530 710 paucos

1943 729 2261 788 Chrisnanm
2336 732 2440 789 fide
2526 733 2841 788 rudimentis
2922 732 3269 797 institutum,
3346 735 3531 811 divino

1944 824 2101 907 311
2131 825 2450 893 baptismate
2502 825 2712 894 perlicit
2773 824 2823 878 in
2881 824 3094 881 nomine
3124 826 3294 880 Patris
3351 835 3405 881 et
3437 828 3526 881 Fi.

1943 917 1998 972 lii
2031 928 2083 973 et
2111 918 2348 991 Spiritus
2377 919 2549 975 sancti
2577 918 2771 992 (Marc.
2802 918 2945 989 ult.).
2980 920 3171 973 Mansit
3199 929 3380 975 autem
3409 935 3530 987 cum

1946 1000 2038 1063 illo
2069 1010 2302 1079 Nacltor,
2339 1020 2590 1081 perpetua
2620 1013 2689 1065 ob
2720 1025 2781 1065 ca
2810 1021 3024 1080 peccata
3055 1028 3173 1084 quae
3199 1020 3535 1083 perpetraret

1947 1097 2280 1170 pmiiittidine
2308 1101 2524 1171 ductus,
2561 1102 2832 1174 Deumque
2861 1103 3202 1169 benedicens,
3231 1104 3321 1175 qui
3363 1107 3536 1159 nenii-

1945 1211 2069 1250 nem
2119 1197 2296 1267 perire
2325 1198 2459 1266 vult,
2492 1213 2678 1252 verum
2710 1199 2946 1253 omnium
2978 1198 3404 1267 resipiscentiam
3436 1213 3533 1253 ex-

1945 1302 2170 1362 Spcctat,
2202 1301 2363 1362 atque
2393 1306 2486 1346 eos
2510 1293 2597 1363 qui
2629 1291 2993 1361 ptenitentiam
3019 1302 3181 1362 agunt
3209 1290 3439 1359 humane
3468 1304 3532 1346 ac

1952 1383 2180 1456 benigne
2209 1385 2405 1455 excipit
2434 1383 2519 1456 (ll
2548 1383 2664 1439 Pet.
2698 1400 2791 1450 Ui;
2840 1383 3028 1438 Ezech.
3063 1384 3233 1455 thtt).

2019 1478 2132 1533 Rex
2160 1488 2360 1545 autem,
2395 1494 2514 1535 cum
2545 1480 2611 1537 de
2648 1479 2904 1534 Nacltoris
2940 1478 3101 1534 rebus
3142 1492 3299 1547 mane
3323 1477 3525 1549 certior

1948 1569 2120 1643 factus
2169 1570 2378 1639 fuisset,
2408 1587 2471 1628 ac
2510 1587 2607 1642 spe
2638 1586 2732 1626 sua
2788 1571 3117 1639 excidisset,
3169 1580 3225 1627 et
3275 1580 3538 1644 praeterea

1950 1666 2220 1736 sapientes
2267 1680 2394 1735 suos
2438 1681 2501 1721 ac
2550 1664 2776 1735 stolidos
2821 1673 3065 1737 oratores
3119 1665 3266 1721 nullo
3324 1664 3538 1735 negotio

1954 1769 2238 1829 superatos
2270 1761 2433 1831 fuisse
2459 1760 2850 1831 conspexisset,
2876 1760 2927 1814 in
2950 1773 3142 1829 magna
3174 1758 3339 1825 animi
3362 1757 3538 1812 anxie-

250 1846 494 1927 tamjnati
540 1860 765 1929 salutem
810 1862 1065 1941 consequi
1112 1846 1352 1935 possint,
1400 1846 1707 1938 Christique
1746 1863 1847 1931 lilii

1961 1860 2063 1923 late
2097 1851 2443 1913 versabatur;
2472 1866 2695 1920 eosque,
2726 1865 2846 1905 cum
2874 1864 3065 1922 graves
3088 1850 3237 1918 prius
3260 1859 3537 1919 contume-

251 1951 426 2023 elticj,
454 1952 541 2027 qui
573 1965 672 2031 pro
700 1966 796 2017 sua
826 1967 1035 2019 summa
1075 1964 1128 2010 et
1169 1954 1465 2027 incredibili
1510 1954 1845 2027 humanitate

252 2044 501 2113 omnibus
529 2058 651 2113 sese
687 2044 753 2099 ad
776 2046 1058 2113 meliorem
1095 2044 1301 2116 frugem
1326 2045 1709 2115 recipientibus
1738 2062 1847 2123 cte-

253 2132 415 2203 lestes
444 2145 626 2206 portas
650 2135 934 2206 patefecit?
960 2137 1143 2211 Neque
1173 2139 1314 2207 enim
1344 2138 1595 2211 cuiquam
1624 2140 1848 2213 omnino

255 2227 445 2291 salutis
489 2228 693 2291 aditum
735 2228 1028 2301 praeclusit,
1064 2244 1251 2284 verum
1291 2244 1387 2301 eos
1414 2245 1547 2307 quos
1576 2230 1845 2301 scelerum

255 2319 481 2391 pmnitet
510 2321 843 2377 misericordi
875 2320 1057 2393 animo
1078 2323 1335 2392 suscipit;
1369 2322 1439 2393 ob
1468 2337 1692 2394 eantque
1720 2337 1847 2391 cau-

256 2426 369 2483 sam
404 2414 471 2479 iis
498 2414 591 2487 qui
620 2414 754 2485 liora
785 2416 987 2484 prima,
1020 2426 1077 2471 et
1104 2416 1280 2483 tertia,
1311 2426 1366 2472 et
1393 2426 1567 2485 sexta,
1596 2424 1656 2475 et
1683 2431 1845 2489 nona,

259 2517 313 2573 et
343 2508 625 2571 undecima
656 2510 725 2565 ad
773 2510 987 2565 vineam
1035 2521 1409 2580 accesserunt,
1464 2526 1613 2583 aequa
1644 2526 1851 2581 merces

257 2599 589 2666 attribuitur,
625 2601 1077 2672 quemadmodum
1110 2602 1448 2673 Evangelicis
1477 2603 1691 2675 scriptis
1723 2619 1850 2673 pro-

258 2690 427 2747 ditum
468 2691 792 2759 est(Matt_h.
818 2694 932 2765 sx).
976 2696 1051 2749 Ac
1093 2695 1317 2769 prohide
1353 2697 1564 2769 etiamsi
1598 2698 1669 2771 ad
1708 2697 1852 2769 hunc

260 2798 431 2855 usque
468 2785 609 2849 diem
652 2786 704 2842 in
744 2786 983 2859 peccatis
1023 2790 1392 2861 consenueris,
1438 2800 1611 2863 tamen
1657 2790 1705 2861 si
1744 2792 1854 2849 fer-

260 2879 405 2931 venti
449 2878 628 2937 animo
669 2881 919 2949 accedas,
965 2880 1153 2953 eadem
1196 2898 1313 2953 quae
1355 2883 1389 2937 ii
1428 2884 1516 2955 qui
1558 2884 1627 2947 ab
1670 2883 1852 2949 adole-

259 2970 467 3037 scentia
534 2979 807 3041 certamen
873 2972 1156 3045 subierunt
1207 2976 1425 3049 pratmia
1479 2978 1849 3049 consequeris.

261 3065 392 3122 llaec
419 3075 477 3124 et
498 3068 663 3127 multa
703 3068 810 3123 alia
847 3083 969 3139 cum
999 3068 1368 3141 divinissimus
1401 3070 1621 3140 juvenis
1660 3070 1728 3141 ad
1751 3071 1856 3143 N3-

261 3157 484 3225 cborem
527 3160 581 3215 in
612 3159 769 3215 malis
811 3160 1165 3229 inveteratum
1203 3160 1271 3227 de
1298 3162 1612 3233 ptgpitentia
1644 3162 1854 3221 locutus

1958 1943 2059 2015 lias
2084 1958 2148 1998 ac
2177 1944 2447 2015 dedecora
2480 1944 2608 2019 ipsis
2638 1932 2933 2015 intulisset,
2963 1959 3026 2011 ac
3054 1944 3342 2017 nonnullos
3378 1945 3540 2001 etiam

1957 2036 2172 2111 bubulis
2212 2035 2397 2101 nervis
2445 2046 2682 2091 atrocem
2716 2036 2768 2107 iu
2800 2038 3015 2107 modum
3048 2036 3364 2107 lacerasset,
3398 2037 3542 2107 ipso-

1954 2142 2178 2205 rumque
2200 2128 2383 2201 oculos
2405 2126 2625 2201 fuligine
2647 2127 2925 2199 illevissct,
2954 2142 2983 2181 a
3021 2144 3080 2201 se
3109 2128 3395 2213 ablegavit.
3427 2129 3543 2200 ipse

1953 2225 2131 2287 autem
2170 2217 2424 2272 falsorum
2455 2218 2679 2273 deorum
2718 2218 3141 2289 imbecillitatem
3172 2222 3429 2291 damnare
3459 2222 3543 2275 in-

1954 2314 2140 2385 cmpit,
2156 2314 2365 2385 etiamsi
2390 2313 2588 2385 alioqui
2618 2311 2852 2383 nondum
2880 2314 2946 2385 ad
2968 2313 3166 2383 Christi
3194 2314 3367 2385 lucem
3388 2312 3545 2385 picus

1963 2420 2027 2477 ac
2058 2404 2296 2477 perfecte
2327 2404 2513 2477 oculos
2556 2403 2827 2476 conjicere
2871 2404 2923 2475 in
2965 2406 3202 2477 animum
3236 2404 3540 2471 induceret.

1957 2497 2172 2569 Etenim
2222 2499 2388 2563 densa
2435 2497 2676 2569 caliginis
2712 2498 2882 2569 nubes
2934 2497 3035 2575 ipsi
3084 2498 3320 2569 undique
3377 2497 3545 2569 affusg

1958 2592 2135 2655 cordis
2188 2590 2354 2661 ipsius
2402 2592 2589 2661 oculos
2643 2592 2818 2663 adhuc
2854 2593 3089 2663 tenebat.
3132 2591 3402 2665 Caeterum
3444 2609 3547 2663 nou

1952 2685 2063 2759 jam
2117 2685 2426 2755 sacerdotes
2458 2698 2586 2753 suos
2618 2686 2672 2742 in
2705 2686 2961 2759 honorem
2999 2685 3252 2759 habebat,
3282 2702 3383 2743 nec
3412 2686 3548 2751 festa

1958 2789 2011 2851 et
2042 2781 2297 2843 libamina
2328 2782 2633 2837 simulacris
2661 2783 2772 2837 suis
2802 2782 3116 2857 peragebat,
3148 2798 3333 2856 verum
3364 2784 3548 2853 animo

1957 2871 2014 2945 in
2062 2881 2345 2944 utramque
2390 2883 2597 2953 partem
2636 2875 2959 2949 vacillabat:
2986 2874 3109 2932 hinc
3134 2876 3390 2937 nimirum
3416 2876 3549 2933 deo-

1960 2978 2079 3037 rum
2112 2980 2336 3039 suorum
2369 2967 2792 3029 imbecillitatem
2819 2968 3153 3040 improbans,
3186 2968 3333 3024 illinc
3362 2977 3549 3035 autem

1960 3055 2300 3128 Evangelicze
2321 3057 2444 3114 vitat
2468 3059 2835 3131 sinceritatem
2864 3044 3247 3125 reformidans,
3281 3074 3551 3131 pravaque

1962 3149 2359 3225 consuetudine
2382 3151 2453 3205 ita
2493 3153 2839 3218 constrictus,
2868 3162 2926 3208 ut
2949 3152 3017 3208 ab
3040 3168 3103 3208 ea
3133 3153 3219 3207 vix
3246 3152 3406 3208 avelli
3430 3166 3551 3222 pos-

263 3252 487 3320 (uisset,
531 3253 736 3327 ipsique
776 3254 988 3311 veniam
1031 3254 1411 3324 smpqnqigsa
1429 3295 1444 3321 ,
1474 3253 1856 3327 Christumque
1882 3261 1933 3333 β
1962 3252 2065 3298 set.
2100 3242 2379 3314 Siquidem
2408 3258 2792 3312 corporearum
2813 3244 3143 3314 voluptatum
3170 3244 3417 3300 servituti
3438 3259 3551 3313 ωας

262 3344 473 3407 facilem
505 3362 568 3401 ac
597 3348 881 3419 propitium
1064 3347 1180 3405 fore
1204 3347 1565 3419 promisisset,
1612 3348 1854 3419 illudque

266 3456 366 3514 pro
396 3451 545 3497 certo
587 3441 926 3515 affirmasset,
966 3458 1091 3511 eum
1122 3456 1220 3512 pro
1244 3457 1338 3507 sua
1368 3440 1610 3499 bonitate
1642 3457 1858 3513 semper

265 3535 565 3603 peccatoris
629 3533 997 3604 ptenitentiam
1065 3533 1337 3609 suscipere
1398 3543 1645 3605 paratum
1713 3550 1855 3604 esse,

268 3644 469 3698 nigram
509 3630 677 3699 ipsius
715 3630 970 3697 animam,
1003 3639 1251 3705 tanquam
1293 3632 1703 3697 medicamentis
1740 3634 1861 3706 qui-

266 3720 497 3779 busdam
527 3723 825 3792 emolliens,
855 3725 1026 3799 ipsum
1054 3739 1275 3792 prorsus
1314 3726 1366 3783 in
1397 3728 1683 3789 sanitatem
1710 3742 1861 3786 asse-

267 3813 398 3868 ruit.

342 3903 533 3963 Statim
559 3908 703 3963 enim
745 3907 815 3965 ad
838 3923 963 3975 eum
991 3908 1205 3975 Nacbor
1229 3910 1361 3966 dixit
1390 3930 1403 3967 :
1436 3911 1513 3969 Tu
1551 3912 1789 3982 quidem,
1827 3928 1861 3969 o

267 3997 453 4067 animo
488 3999 650 4055 etiam
686 4015 846 4071 quam
873 4016 1102 4072 corpore
1130 4003 1381 4073 nobilior,
1410 4006 1500 4074 qui
1532 4006 1862 4065 admirabili-

270 4090 373 4159 btts
402 4092 483 4146 his
510 4091 778 4163 mysteriis
810 4095 1066 4164 praeclare
1089 4096 1323 4159 imbutus
1351 4112 1433 4166 es,
1463 4098 1529 4153 ad
1556 4107 1860 4157 extremum

272 4197 443 4253 usque
484 4184 534 4238 in
572 4185 827 4255 praeclara
870 4185 1209 4253 confessione
1248 4189 1408 4253 velim
1450 4204 1669 4247 matteas
1695 4232 1710 4255 ,
1764 4206 1862 4247 nec

268 4289 390 4341 eam
422 4284 515 4330 aut
545 4276 707 4341 ullum
757 4287 983 4349 tempus,
1017 4287 1108 4333 aut
1138 4278 1278 4334 ullus
1306 4281 1495 4339 modus
1549 4297 1582 4337 e
1631 4290 1720 4336 tuo
1762 4297 1862 4351 pe-

265 4374 422 4435 ctore
463 4366 672 4422 evellat.
715 4367 827 4438 Ego
867 4377 1043 4424 autem
1076 4371 1176 4425 hac
1222 4371 1335 4441 ipsa
1364 4371 1494 4426 liora
1533 4372 1862 4442 proficiscar,

264 4468 328 4514 ut
366 4458 587 4513 salutem
618 4474 791 4515 meam
819 4476 1076 4528 quaeram,
1109 4462 1346 4533 mihique
1380 4463 1575 4529 Deum,
1611 4478 1768 4535 quem
1798 4463 1865 4531 ad

266 4550 410 4606 iram
436 4551 747 4623 provocavi,
779 4566 873 4620 per
903 4553 1269 4621 ptenitentiam
1302 4554 1591 4629 propitium
1638 4569 1700 4613 ac
1732 4555 1865 4607 faci-

268 4640 382 4711 lem
412 4640 653 4707 reddam.
699 4642 813 4709 Noti
852 4644 993 4699 enim
1037 4643 1278 4713 posthac,
1312 4645 1410 4705 nisi
1459 4646 1551 4713 tibi
1583 4645 1739 4719 aliter
1783 4647 1865 4701 vi-
1890 4662 1945 4724 θ

265 4736 486 4805 deatur,
514 4737 654 4805 regis
682 4736 870 4805 faciem
893 4735 1246 4808 conspiciam.
1272 4736 1476 4809 lugenti
1499 4747 1676 4801 autem
1703 4738 1869 4811 animi

258 4829 463 4915 gentia
492 4828 711 4889 efl’ectus
742 4830 882 4907 regis
916 4830 1079 4896 filius,
1112 4839 1273 4901 atque
1299 4830 1441 4903 hunc
1468 4846 1772 4903 sermonem
1800 4833 1866 4887 li-

268 4920 468 4979 benter
492 4922 787 4994 excipiens,
815 4924 986 4995 ipsum
1012 4923 1391 4999 complectitur
1420 4933 1473 4980 et
1501 4924 1866 4997 exosculatur,

268 5016 606 5089 attentisque
645 5016 712 5070 ad
742 5015 910 5079 Deum
960 5016 1091 5089 fusis
1135 5016 1401 5093 precibus,
1431 5032 1554 5089 eum
1602 5032 1633 5072 e
1672 5018 1868 5089 palatio

270 5107 493 5173 emittit.

370 5201 631 5274 Egressus
675 5210 856 5277 autem
900 5202 1134 5271 Nachor,
1187 5203 1367 5277 animo
1413 5212 1763 5274 compunctus
1810 5201 1864 5265 in

272 5294 653 5363 densissimam
683 5294 1028 5351 solitudinem
1054 5296 1198 5355 cervi
1228 5296 1395 5352 instar
1426 5296 1675 5367 prosiliit,
1706 5307 1866 5367 atque

274 5387 332 5442 itt
366 5384 616 5442 monachi
641 5385 943 5458 cujusdam,
974 5389 1063 5459 qui
1093 5389 1382 5459 sacerdotii
1409 5389 1670 5461 dignitate
1698 5404 1865 5445 orna—

276 5487 366 5545 tus
410 5487 548 5545 erat,
592 5480 902 5551 speluncam
943 5496 1002 5539 se
1043 5480 1252 5539 confert
1291 5482 1347 5539 in
1390 5498 1495 5559 qua
1526 5483 1617 5539 ille
1652 5492 1869 5553 propter

274 5570 654 5628 imminentem
678 5584 879 5645 metum
902 5574 1271 5649 delitescebat.
1313 5576 1487 5647 Atque
1527 5584 1653 5635 ante
1692 5576 1867 5646 ipsum

276 5662 683 5733 ferventissimo
712 5678 927 5738 pectore
954 5668 1101 5737 humi
1136 5684 1259 5731 sese
1289 5670 1568 5740 provolvit,
1600 5670 1871 5741 ipsiusque

276 5756 468 5829 pedes,
506 5758 672 5829 instar
694 5760 940 5825 videlicet
979 5762 1172 5819 veteris
1206 5761 1348 5835 illius
1372 5761 1673 5835 meretricis
1691 5760 1876 5832 (Luae

277 5842 401 5915 vn),
462 5845 709 5919 lacrymis
779 5848 1076 5918 perfundit,
1136 5864 1198 5903 ac
1262 5849 1498 5902 divinum
1552 5848 1872 5917 baptismum

1958 3333 2131 3405 jorem
2162 3332 2215 3388 in
2260 3334 2475 3390 modum
2506 3335 2756 3405 addictus
2787 3345 2926 3404 erat,
2959 3336 3274 3405 vitiosisque
3302 3334 3548 3391 affectio-

1964 3412 2123 3483 nibus
2151 3443 2373 3496 prorsus
2397 3443 2617 3501 operam
2662 3429 2846 3497 dabat,
2880 3428 3079 3500 captivi
3123 3428 3290 3503 instar
3329 3427 3544 3493 ductus,

1964 3527 2125 3593 atque
2156 3520 2359 3591 absque
2384 3504 2543 3589 vino,
2575 3530 2634 3576 ut
2664 3520 2813 3576 Isaia:
2840 3522 3020 3578 verbis
3052 3531 3172 3576 utar
3221 3519 3402 3592 (Isaia:
3431 3522 3508 3593 1.1)
3535 3564 3553 3590 ,

1964 3612 2168 3678 ebrius,
2199 3622 2254 3668 et
2299 3615 2365 3668 ab
2410 3614 2650 3689 improba
2692 3613 3084 3671 consuetudine
3113 3625 3365 3686 tanquam
3389 3614 3554 3683 fraeno

1964 3704 2193 3775 quodam
2228 3715 2507 3760 retractus.

2038 3797 2172 3852 Cum
2202 3798 2364 3867 igitur
2395 3814 2488 3853 rex
2522 3814 2640 3853 cum
2676 3799 2881 3870 duplici
2916 3801 3243 3871 cogitatione
3291 3802 3359 3855 ad
3410 3799 3554 3859 hunc

1970 3890 2188 3957 modum
2229 3892 2522 3945 luctaretur
2551 3935 2565 3960 ,
2618 3893 2985 3948 nobilissimus
3042 3894 3212 3967 ipsius
3264 3893 3450 3996 filius;
3489 3909 3554 3950 ac

1966 3996 2093 4036 vere
2142 3984 2289 4053 regio
2336 3985 2517 4039 animo
2563 3984 2839 4055 praeditus,
2876 3985 2926 4038 in
2976 4000 3075 4041 suo
3116 3984 3557 4057 palatioquiettts

1968 4073 2216 4146 degebat,
2246 4086 2458 4147 naturai
2488 4092 2601 4134 sure
2629 4079 3046 4153 generositatem
3078 4120 3094 4147 ,
3129 4081 3557 4151 modestiamque

1968 4175 2025 4224 et
2061 4168 2420 4225 constantiam
2474 4186 2571 4247 per
2612 4186 2777 4243 opera
2822 4174 3029 4228 cunctis
3082 4173 3379 4247 declarans.
3423 4173 3556 4228 Nam

1972 4260 2179 4317 theatra
2215 4274 2263 4317 et
2294 4279 2555 4331 equorum
2586 4266 2914 4335 certamina,
2946 4275 3000 4321 et
3031 4268 3372 4323 venationum
3402 4282 3559 4323 exer-

1972 4354 2277 4433 citationes,
2308 4365 2363 4410 et
2383 4357 2559 4411 inania
2584 4360 2765 4413 omnia
2792 4359 3048 4429 juvenilis
3078 4362 3251 4414 aetatis
3280 4360 3477 4426 studia,
3502 4369 3559 4415 et

1974 4448 2299 4517 imposturas
2328 4451 2521 4519 quibus
2553 4452 2702 4506 stulti
2756 4453 2921 4507 animi
2966 4452 3300 4511 definiuntur
3326 4463 3381 4509 et
3408 4455 3556 4510 ines-

1973 4556 2161 4602 cantur
2188 4588 2201 4612 ,
2257 4548 2411 4603 nihili
2457 4550 2676 4613 omnino
2705 4550 2966 4612 ducebat;
3009 4566 3198 4607 verum
3242 4567 3308 4608 ex
3356 4551 3558 4608 Christi

1973 4640 2238 4695 mandatis
2267 4642 2487 4696 omnino
2518 4643 2807 4712 pendebat,
2837 4657 2899 4697 ac
2926 4644 3109 4699 divino
3139 4659 3326 4702 amore
3351 4646 3561 4703 saucia-

1972 4739 2079 4803 tus,
2109 4745 2232 4786 eum
2263 4732 2588 4801 expetebat,
2622 4733 2711 4803 qui
2745 4748 2869 4789 vere
2898 4735 3233 4805 expetendus
3270 4746 3371 4800 est,
3415 4744 3559 4793 totus

1972 4822 2154 4876 suavis
2188 4837 2252 4877 ac
2282 4832 2421 4877 totus
2450 4824 2822 4881 desiderabilis
2860 4826 3034 4899 (Cant.
3066 4827 3121 4900 v)
3146 4870 3162 4895 ,
3212 4840 3373 4899 atque
3416 4830 3553 4899 ejus-

1973 4915 2139 4981 modi,
2175 4924 2235 4971 ut
2262 4917 2378 4972 sine
2401 4917 2506 4973 ulla
2531 4918 2813 4976 saturitate
2841 4928 3174 4991 expectatur.

2046 5007 2103 5062 In
2136 5011 2453 5066 memoriam
2503 5022 2682 5067 autem
2738 5013 2956 5070 rediens
2995 5014 3233 5084 magistri
3286 5014 3372 5069 sui
3429 5014 3561 5068 Bari

1974 5102 2132 5167 laatn.
2157 5112 2317 5175 atque
2341 5105 2511 5176 ipsius
2536 5106 2698 5163 vitam
2731 5108 2830 5165 sibi
2860 5118 2984 5165 ante
3010 5109 3196 5165 oculos
3225 5122 3558 5179 proponens,

1974 5198 2140 5270 ipsius
2170 5212 2355 5254 amore
2386 5200 2626 5255 animum
2657 5214 2811 5255 suum
2844 5200 3137 5256 demulceri
3169 5198 3457 5265 sentiebat,
3491 5213 3553 5254 ac

1974 5307 2208 5363 quonam
2234 5299 2391 5363 pacto
2414 5294 2585 5363 ipsum
2614 5292 2843 5353 videret,
2872 5306 3082 5347 summo
3111 5290 3288 5345 studio
3315 5290 3560 5358 curabat;

1978 5395 2137 5456 atque
2170 5385 2341 5456 ipsius
2394 5401 2676 5442 sermones
2730 5387 2847 5440 sine
2906 5385 3011 5440 ulla
3053 5384 3455 5441 intermissione
3505 5388 3560 5441 in

1976 5478 2143 5533 corde
2186 5493 2284 5533 suo
2327 5477 2751 5541 circumferens,
2787 5484 2905 5532 erat
2932 5485 3182 5546 tauquam
3210 5476 3372 5531 arbor
3401 5492 3559 5537 secus

1977 5584 2234 5639 aquarum
2268 5570 2525 5626 decursus
2556 5571 2807 5640 plantata,
2836 5578 3196 5641 perpetuoque
3227 5569 3468 5640 irrigua,
3499 5586 3563 5626 ac

1980 5666 2327 5735 tempestivos
2374 5664 2591 5720 domino
2623 5664 2829 5719 fructus
2871 5664 3122 5731 all'ereos.
3171 5664 3363 5727 Multas
3411 5665 3557 5739 enim

1978 5758 2188 5810 animas
2217 5755 2415 5810 diaboli
2464 5756 2669 5827 laqueis
2718 5755 2935 5825 eripuit,
2969 5756 3291 5828 Christoque
3319 5766 3561 5813 servatas

1981 5847 2193 5910 obtulit,
2228 5848 2490 5918 siquidem
2525 5849 2679 5903 multi
2731 5848 2797 5903 ad
2849 5864 2969 5904 eum
3016 5864 3138 5906 sese
3178 5849 3518 5905 conferentes
3544 5885 3564 5917 ,
