4158 6354
363 343 466 403 561

775 283 966 396 .VITA
1005 337 1424 397 SANCTORUM
1464 336 1793 394 BARLAAM
1834 334 2173 393 EREMITE
2217 339 2304 396 ET
2344 340 2700 398 JOSAPHAT
2744 341 2951 401 INDIZE
2995 342 3219 401 REGIS.

3535 351 3644 407 562

362 458 606 530 expleas,
633 455 906 524 liliumque
927 469 1128 522 meum,
1154 454 1243 523 qui
1273 443 1956 522 areligionenOstradesci-
1985 453 2038 514 Α
2061 453 2183 510 dam
2223 458 2508 514 obscurum
2555 476 2616 516 ex
2649 478 2780 532 rupe
2808 464 3032 532 quadam
3065 464 3398 530 condidisse,
3451 465 3647 522 tilium-

363 556 462 621 vit,
493 567 520 606 a
543 549 967 607 Christianorum
992 562 1175 602 errore
1205 546 1462 612 vindices,
1487 560 1550 601 ac
1565 559 1687 600 cum
1717 543 1956 612 benignis

363 650 467 706 diis
500 648 550 702 in
573 645 797 715 gratiam
824 643 1067 696 reducas.
1099 641 1233 696 Nam
1262 655 1361 711 ego
1382 655 1504 695 cum
1543 648 1712 693 artem
1741 652 1955 692 omnem

363 739 724 805 adhibuerim,
751 743 911 804 atque
939 749 1152 788 omnem
1185 733 1415 803 lapidem
1449 733 1727 797 moverim,
1753 731 1955 787 nullam

365 843 548 888 tamen
570 827 744 884 morbi
766 826 1084 882 medicinam
1099 824 1394 890 reperi,sed
1409 824 1574 892 ipsius
1591 833 1826 878 mentem
1840 837 1956 876 om—

363 924 526 983 nibus
555 921 714 977 rebus
748 917 1080 988 superiorem
1097 931 1218 972 esse
1242 914 1658 986 perspexi.{Nam
1685 915 1730 969 si
1760 912 1954 969 blande

361 1032 428 1072 ac
456 1015 646 1071 leniter
691 1028 811 1068 cum
843 1026 908 1067 eo
937 1025 1095 1079 agere
1124 1009 1351 1074 institui,
1381 1023 1450 1062 ne
1478 1007 1559 1062 sic
1586 1006 1800 1077 quidem
1831 1022 1951 1061 eum

363 1108 498 1164 mihi
533 1106 642 1161 ullo
659 1103 819 1159 modo
845 1101 1082 1157 animum
1110 1101 1342 1172 adjicere
1365 1100 1625 1170 comperi.
1652 1099 1884 1155 Rursum
1906 1099 1953 1154 si

363 1217 558 1259 severe
571 1209 730 1269 atque
757 1197 950 1253 acerbe
977 1212 1098 1252 eum
1123 1195 1385 1264 accepi,in
1402 1193 1750 1262 pervicaciam
1775 1193 1953 1262 potius

362 1296 492 1354 inde
520 1296 694 1365 ipsum
716 1291 886 1346 attolli
914 1291 1187 1361 conspexi.
1213 1289 1573 1357 Quamobrem
1594 1287 1952 1342 calamitatem

362 1406 485 1448 eam
545 1404 664 1460 quae
713 1386 842 1442 mibi
867 1386 1082 1453 accidit,
1114 1385 1389 1454 sapientire
1416 1391 1520 1438 tua:
1541 1381 1842 1438 committo.
1875 1383 1953 1436 Ac

361 1481 630 1553 siquidem
657 1493 742 1540 ea.
764 1493 864 1549 ope
885 1486 974 1532 tua
1002 1485 1056 1532 et
1078 1477 1278 1530 auxilio
1305 1474 1756 1541 liberatus,fi|ium
1771 1487 1948 1527 meum

363 1589 577 1630 mecum
611 1585 798 1626 rursus
820 1571 948 1625 deos
987 1584 1138 1625 meos
1163 1569 1427 1624 colentem
1451 1612 1465 1637 ,
1491 1576 1651 1638 atque
1680 1567 1950 1636 voluptua—

362 1669 459 1724 ria:
509 1664 668 1734 hujus
710 1665 843 1718 .vitae
890 1661 1268 1732 cupiditatibus
1305 1675 1370 1715 ac
1409 1660 1562 1730 regni
1591 1658 1949 1728 voluptatibus

366 1758 636 1813 fruentem
661 1754 841 1820 video,
874 1768 1092 1808 auream
1136 1753 1229 1807 tibi
1276 1760 1506 1806 statuam
1550 1752 1750 1820 erigam
1778 1794 1792 1818 ,
1830 1748 1948 1804 effi-

2060 564 2162 618 que
2209 550 2320 605 illic
2350 568 2452 606 una
2483 568 2603 608 cum
2659 556 2952 612 nutricibus
2982 557 3261 612 inclusisse
3310 556 3501 627 fertur,
3549 574 3648 616 nec

2059 653 2183 698 ante
2213 644 2494 701 duodecim
2527 663 2696 702 annos
2724 660 2942 704 exactos
2969 652 3131 704 ullum
3163 652 3382 705 omnino
3425 652 3526 721 ipsi
3560 653 3647 706 lu—

2059 735 2135 789 cis
2179 736 2518 804 Splendorcm
2570 741 2887 796 ostendisse.
2932 741 3197 798 Confecto
3237 752 3418 798 autem
3463 744 3650 811 hujus-

2043 828 2200 881 modi
2230 831 2484 898 temporis
2508 833 2796 898 curriculo,
2829 835 3023 900 lilium,
3052 837 3140 905 qui
3173 836 3305 890 nihil
3325 837 3547 891 omnino
3571 853 3648 892 re-

2056 934 2174 973 rum
2209 921 2594 977 mundanarum
2627 925 2692 978 ad
2740 925 2882 980 hunc
2908 941 3074 996 usque
3103 927 3245 982 diem
3277 940 3646 999 perspexerat,

2055 1025 2122 1066 ex
2149 1011 2275 1066 -ltoc
2325 1014 2566 1068 cubiculo
2617 1016 2823 1081 educit;
2863 1031 2924 1072 ac
2973 1026 3081 1071 tum
3111 1018 3209 1087 ipsi
3253 1020 3462 1085 omnia,
3494 1021 3647 1089 juxta

2054 1117 2210 1158 suum
2243 1107 2488 1176 quodque
2518 1123 2686 1175 genus
2717 1108 2954 1164 exhiberi
2984 1125 3046 1164 ac
3078 1110 3436 1167 demonstrari
3456 1113 3644 1182 jubet,

2045 1197 2201 1252 .viros
2232 1197 2481 1253 nimirum
2526 1199 2578 1254 in
2611 1215 2715 1255 uno
2746 1201 2884 1266 loco,
2925 1203 2976 1257 in
3007 1203 3112 1257 alio
3143 1204 3391 1272 feminas,
3432 1205 3648 1261 aliunde

2055 1304 2275 1357 aurum,
2307 1291 2408 1346 alia
2455 1308 2516 1348 ex
2550 1304 2700 1362 parte
2729 1305 3040 1364 argentum,
3070 1299 3298 1354 uniones
3328 1309 3382 1354 et
3428 1300 3638 1369 lapides

2053 1384 2303 1453 exquisiti
2335 1386 2512 1453 pretii,
2545 1395 2720 1442 vestes
2752 1389 3050 1446 luculentas
3081 1400 3134 1446 et
3160 1392 3455 1461 elegantes,
3507 1408 3634 1448 cur—

2054 1490 2146 1530 rus
2168 1477 2362 1548 insigni
2392 1466 2780 1547 pulchritudine
2810 1483 2969 1537 simul
3001 1499 3121 1538 cum
3160 1486 3322 1555 regiis
3346 1487 3497 1555 equis
3542 1502 3638 1541 au-

2052 1581 2148 1621 reo
2176 1566 2329 1623 freno
2354 1570 2646 1637 instructis,
2670 1588 2790 1627 cum
2820 1574 3003 1630 aulaeis
3031 1577 3335 1646 purpureis,
3366 1591 3428 1632 ac
3460 1593 3642 1634 sesso-

2053 1660 2202 1716 ribus
2231 1665 2469 1729 armatis,
2505 1664 2662 1720 bo‘um
2695 1667 2820 1721 item
2849 1678 3115 1737 armenta,
3147 1679 3201 1725 et
3231 1670 3494 1738 pecudum
3516 1685 3644 1742 gre-

2051 1765 2179 1820 ges;
2211 1762 2392 1822 atque,
2428 1764 2484 1808 ut
2509 1758 2813 1812 summatim
2844 1759 3038 1824 dicam,
3068 1761 3248 1814 omnia
3275 1769 3424 1815 certo
3455 1761 3644 1816 ordine

365 1851 614 1917 ciatnque
646 1858 704 1902 ut
745 1847 968 1917 posthac
1011 1846 1062 1899 in
1109 1845 1494 1914 sempiternum
1527 1841 1668 1898 idem
1715 1843 1806 1898 tibi
1849 1841 1954 1896 diis
1984 1828 2033 1889 B
2060 1858 2227 1912 puero
2257 1845 2675 1903 demonstrabat.
2715 1850 3073 1906 Percontante
3098 1862 3275 1906 autem
3319 1868 3382 1907 eo
3411 1869 3642 1923 quonam

365 1943 538 2000 honor
565 1959 592 1996 a
624 1941 830 1997 cunctis
861 1938 1140 1995 tribuatur.

439 2037 694 2092 Theudas
725 2037 886 2107 igitur
907 2045 1160 2089 attentam
1184 2046 1368 2087 aurem
1391 2030 1606 2086 diabolo
1632 2028 1946 2097 subiiciens,

367 2139 528 2201 atque
580 2131 648 2186 ab
703 2131 795 2185 illo
849 2129 1147 2199 improbum
1201 2142 1263 2182 ac
1315 2127 1624 2197 pestiferum
1667 2124 1949 2179 consilium

367 2224 614 2289 edoctus,
645 2224 852 2292 ipsique
876 2222 1076 2291 linguas
1108 2230 1269 2289 atque
1306 2221 1414 2272 oris
1444 2231 1661 2286 operam
1689 2231 1896 2270 navans
1931 2261 1944 2283 ,

364 2314 432 2367 ad
466 2307 646 2383 regem
681 2313 755 2367 ait
788 2331 800 2366 ε
829 2313 883 2367 Si
917 2311 1082 2367 filium
1135 2321 1278 2364 tuum
1331 2311 1383 2364 in
1436 2316 1753 2378 potestatem
1806 2315 1947 2361 tuam

364 2407 630 2477 redigere,
663 2407 933 2475 ipsiusque
959 2406 1011 2459 in
1041 2402 1326 2474 pugnando
1349 2401 1701 2471 pervicaciam
1734 2401 1947 2454 inanem

364 2499 596 2555 reddere
627 2499 798 2567 cupis,
827 2511 915 2550 ars
937 2513 965 2550 a
989 2511 1076 2550 me
1103 2494 1409 2564 excogitata
1435 2501 1536 2558 est,
1569 2492 1654 2547 cui
1685 2490 1949 2546 obluctari

363 2592 517 2647 nullo
563 2590 722 2646 modo
769 2589 986 2660 poterit,
1019 2602 1207 2643 verum
1237 2588 1400 2642 durus
1430 2584 1596 2656 ipsius
1622 2585 1833 2639 animus
1873 2582 1950 2638 fa-

362 2685 518 2742 cilius
551 2685 878 2748 emollietur,
926 2696 1084 2753 quam
1130 2695 1252 2736 cera
1298 2680 1495 2750 ingenti
1546 2693 1676 2750 rogo
1705 2678 1942 2733 admota.

362 2777 478 2833 Rex
522 2778 699 2847 itaque
736 2791 933 2830 vanum
967 2775 1239 2828 hominem
1280 2775 1420 2828 inani
1459 2783 1669 2828 tumore
1703 2772 1946 2826 inﬂatum

360 2869 575 2935 videns,
604 2870 669 2922 ad
693 2869 1020 2937 voluptatem
1045 2869 1222 2922 statim
1244 2866 1515 2937 animique
1547 2866 1785 2920 laetitiam
1827 2880 1948 2922 sese

361 2965 523 3036 313
552 2963 837 3026 convertit,
871 2977 1094 3032 sperans
1125 2961 1394 3027 videlicet,
1425 2962 1754 3031 petulantem
1788 2961 1937 3014 illam

362 3067 417 3115 et
449 3059 706 3112 audacem
736 3057 969 3124 linguam
1002 3056 1235 3110 animum
1279 3054 1535 3109 divinitus
1581 3055 1834 3109 edoctum
1876 3067 1939 3109 ac

362 3149 712 3220 philosophiae
736 3148 951 3217 plenum
977 3157 1346 3218 superaturam
1371 3161 1514 3202 esse.
1535 3148 1775 3213 Cumque
1800 3162 1947 3217 quae-

363 3257 486 3297 nam
521 3241 610 3296 illa
639 3256 726 3296 ars
758 3250 900 3296 esset
920 3257 985 3296 ex
1009 3256 1074 3296 eo
1106 3242 1490 3306 sciscitaretur,
1523 3249 1632 3294 tum
1667 3239 1940 3305 Theudas,

364 3342 618 3402 tanquam
644 3332 903 3387 novacula
931 3342 1084 3386 acuta
1104 3333 1282 3386 dolum
1307 3329 1940 3401 contexit(Psal.Lxxu),

361 3423 659 3490 callideque
706 3424 990 3491 pharmaca
1053 3433 1348 3492 comparat.
1417 3425 1590 3491 Atque
1639 3421 1942 3491 improbam

360 3516 610 3571 technam
637 3554 652 3579 ,
695 3515 1014 3592 ‘diabolique
1058 3516 1340 3569 consilium
1372 3557 1386 3579 ,
1417 3530 1600 3585 quaeso
1625 3557 1640 3582 ,
1676 3515 1944 3584 perspice.-

362 3609 644 3676 Omnibus,
678 3608 867 3679 inquit,
897 3623 930 3662 o
959 3624 1074 3676 rex,
1130 3610 1216 3678 qui
1253 3609 1362 3664 lilio
1391 3617 1565 3664 astant
1586 3618 1745 3679 atque
1773 3611 1944 3664 inser-

359 3701 512 3756 viunt
537 3744 553 3768 ,
581 3702 649 3755 ab
677 3717 742 3756 eo
773 3703 960 3771 procul
991 3701 1270 3771 disjunctis
1296 3742 1310 3767 ,
1359 3701 1576 3771 pulchra
1604 3710 1658 3756 et
1687 3717 1941 3772 perquam

359 3795 588 3865 eleganti
646 3796 817 3850 forma
873 3795 1124 3865 praeditas
1154 3797 1426 3860 mulieres,
1464 3805 1624 3865 atque
1668 3797 1734 3850 ad
1791 3798 1945 3865 pelli-

359 3887 582 3944 ciendos
603 3889 812 3943 animos
839 3888 1147 3954 adornatas,
1183 3905 1304 3945 cum
1335 3904 1400 3945 eo
1428 3898 1690 3958 perpetuo
1715 3891 1940 3954 versari,

359 3981 571 4052 ipsique
615 3983 922 4039 ministrare
949 4024 962 4049 ,
993 3985 1228 4054 vitazque
1269 3985 1709 4040 consuetudinem
1731 3993 1786 4039 et
1815 3999 1944 4040 con-

360 4075 665 4131 tubernium
695 4093 816 4132 cum
845 4093 909 4132 eo
941 4077 1140 4133 habere
1169 4077 1323 4148 juhe.
1373 4079 1483 4149 Ego
1528 4088 1705 4133 autem
1741 4093 1850 4134 uno
1877 4094 1942 4135 ex

360 4168 426 4224 iis
457 4169 750 4238 spiritibus,
800 4185 932 4240 quos
977 4171 1042 4224 ad
1071 4186 1160 4226 res
1189 4171 1494 4240 hujusmodi
1522 4173 1852 4242 comparavi,
1877 4173 1942 4227 ad

358 4275 482 4316 eum
506 4269 690 4329 postea
721 4261 1013 4329 submisso,
1044 4263 1303 4319 acriorem
1330 4266 1617 4334 voluptatis
1650 4266 1825 4336 ignem
1852 4281 1946 4321 ex-

358 4351 553 4408 citabo.
581 4354 658 4408 Ac
681 4354 837 4408 simul
863 4363 1022 4423 atque
1047 4355 1132 4410 vel
1163 4371 1282 4411 cum
1327 4373 1431 4411 una
1477 4357 1590 4411 sola
1636 4358 1944 4426 hujusmodi

358 4445 669 4501 muliercula
719 4461 829 4501 rem
870 4447 1161 4516 habuerit,
1210 4449 1308 4502 nisi
1344 4447 1438 4502 tibi
1472 4449 1648 4502 omnia
1680 4463 1744 4504 ex
1778 4450 1942 4504 animi

357 4537 622 4592 sententia
655 4537 857 4604 fluant,
890 4541 989 4593 erit
1014 4538 1124 4609 jam
1159 4555 1254 4595 cur
1281 4557 1367 4595 uie
1395 4551 1711 4596 contemnas
1738 4582 1752 4608 ,
1783 4551 1945 4612 atque

2055 1935 2280 2006 singulae
2311 1951 2399 1991 res
2429 1940 2646 1993 nomine
2671 1941 3090 2009 appellarentur,
3121 1945 3264 2013 regis
3295 1944 3558 1999 satellites
3581 1957 3643 1998 ac

2055 2026 2342 2097 stipatores
2391 2029 2814 2102 uniuscujusque
2858 2047 3051 2088 nomen
3096 2034 3459 2102 exponebant.
3507 2036 3642 2090 Cum

2055 2130 2234 2178 autem
2263 2125 2547 2180 mulierum
2579 2142 2773 2182 nomen
2801 2130 2940 2183 scire
2970 2137 3215 2198 cuperet,
3250 2138 3361 2184 tum
3394 2129 3534 2200 regis
3553 2144 3641 2184 ar-

2053 2217 2224 2286 miger
2249 2216 2426 2285 lepide
2454 2232 2517 2272 ac
2548 2218 2760 2285 festive,
2783 2219 3057 2276 daemones
3077 2236 3167 2276 eas
3195 2221 3459 2290 appellari
3482 2221 3638 2288 dixit,

2055 2321 2084 2360 a
2115 2308 2310 2376 quibus
2342 2309 2615 2364 hominum
2648 2320 2853 2367 mentes
2890 2313 2945 2367 in
2991 2328 3230 2368 errorem
3276 2317 3640 2368 traherentur.

2053 2399 2212 2456 Pueri
2243 2411 2419 2456 autem
2467 2411 2654 2471 pectus
2699 2419 2883 2458 earum
2931 2420 3114 2461 amore
3141 2415 3300 2476 atque
3348 2404 3641 2474 cupiditate

2053 2492 2422 2548 vehementius
2450 2509 2608 2563 quam
2651 2495 2808 2551 ullius
2833 2497 2967 2553 alius
2996 2497 3072 2552 rei
3100 2497 3370 2553 desiderio
3401 2497 3638 2552 illectum

2053 2600 2116 2641 ac
2137 2586 2415 2640 delinitum
2446 2596 2548 2642 est.
2572 2587 2705 2643 Cum
2735 2588 2897 2660 igitur
2924 2591 3172 2645 omnibus
3200 2590 3359 2645 rebus
3385 2603 3640 2660 peragra-

2055 2677 2123 2730 tis
2153 2678 2218 2730 ad
2249 2692 2426 2748 regem
2459 2693 2581 2733 eum
2621 2678 2997 2747 adduxissent,
3027 2695 3089 2734 ac
3120 2695 3212 2735 rex
3242 2696 3304 2734 ex
3350 2683 3468 2750 ipso
3488 2679 3642 2750 quid-

2051 2781 2178 2822 nam
2209 2782 2276 2822 ex
2306 2769 2553 2823 omnibus
2579 2769 2740 2824 rebus
2769 2785 2902 2841 quas
2931 2770 3156 2826 vidisset
3186 2770 3288 2840 ipsi
3313 2771 3482 2842 magis
3511 2772 3642 2826 arri-

2051 2859 2225 2928 deret,
2253 2864 2626 2932 qumsivisset:
2659 2865 2819 2932 Quid,
2851 2867 3042 2935 inquit,
3073 2865 3217 2921 aliud
3246 2882 3405 2936 quam
3435 2867 3639 2922 daemo-

2052 2969 2149 3010 nes
2194 2955 2268 3009 illi
2298 2955 2407 3026 (qui
2452 2956 2696 3013 homines
2741 2959 2794 3013 in
2839 2955 3080 3014 fraudem
3126 2949 3420 3015 in'ducunt?
3458 2959 3642 3030 Neque

2051 3049 2193 3104 enim
2244 3050 2402 3104 ullius
2446 3052 2522 3105 rei
2573 3066 2642 3106 ex
2685 3051 2770 3105 his
2804 3054 3053 3108 omnibus
3082 3067 3214 3123 quas
3245 3053 3505 3108 hodierno
3550 3053 3639 3108 die

2051 3138 2157 3193 vidi
2189 3141 2410 3208 perinde
2443 3151 2602 3212 atque
2629 3156 2814 3197 eorum
2843 3157 3025 3198 amore
3053 3145 3261 3199 animus
3284 3160 3434 3199 meus
3455 3144 3639 3199 incen-

1972 3220 2018 3282 Ε
2050 3250 2143 3291 sus
2171 3245 2270 3292 est.
2304 3238 2482 3307 Atque
2516 3239 2657 3292 hunc
2688 3239 2839 3307 pueri
2869 3253 3173 3294 sermonem
3207 3254 3301 3294 rex
3334 3240 3426 3293 ille
3461 3239 3638 3294 admi-

2050 3337 2197 3382 ratus
2239 3337 2342 3394 est,
2375 3343 2648 3399 quamque
2689 3329 2925 3384 violenta
2971 3346 3032 3385 ac
3062 3333 3338 3402 tyrannica
3366 3347 3453 3387 res
3483 3332 3640 3388 femi-

2048 3436 2236 3476 narum
2269 3436 2422 3476 amor
2446 3431 2608 3488 esset,
2639 3423 2763 3478 hinc
2790 3424 3069 3494 judicavit.
3115 3427 3377 3494 Quocirca
3420 3436 3472 3481 tu
3499 3443 3636 3498 quo-

2047 3529 2152 3583 que
2182 3529 2286 3568 non
2313 3515 2417 3569 ulla
2452 3515 2554 3569 alia
2585 3517 2796 3572 ratione
2825 3532 2980 3586 quam
3007 3519 3104 3573 ista
3135 3528 3185 3574 te
3215 3518 3383 3574 lilium
3410 3529 3557 3576 tuum
3584 3522 3638 3578 in

2048 3613 2364 3674 potestatem
2396 3607 2738 3662 redacturum
2775 3619 2950 3678 putes.

2119 3698 2233 3753 Rex
2261 3701 2363 3755 hoc
2385 3700 2671 3755 consilium
2690 3703 2909 3771 excipit,
2932 3710 3093 3773 atque
3116 3704 3398 3759 confestim
3426 3705 3491 3759 ad
3516 3720 3639 3762 eum

2049 3790 2272 3847 delecta:
2301 3793 2492 3862 puellae
2523 3796 2799 3864 praestanti
2841 3806 3000 3865 atque
3030 3799 3242 3868 egregia
3277 3797 3446 3851 forma
3475 3798 3636 3852 indu-

2049 3894 2262 3941 cuntur.
2302 3886 2445 3953 Quas
2483 3889 2642 3944 etiam
2675 3903 2796 3942 cum
2847 3890 2962 3960 ipse
3009 3891 3247 3960 eleganti
3278 3902 3471 3946 ornatu
3520 3893 3641 3947 illu-

2048 3988 2292 4045 strasset,
2329 3988 2492 4049 atque
2516 3982 2737 4035 omnino
2768 3981 2833 4034 ad
2865 3981 3239 4051 pelliciendum
3267 3982 3482 4053 juvenis
3525 3984 3640 4039 ani-

2049 4090 2193 4129 mum
2223 4075 2587 4141 instruxisset,
2609 4090 2796 4130 omnes
2824 4076 2993 4143 ipsius
3025 4075 3256 4130 famulos
3281 4085 3336 4130 et
3364 4078 3640 4133 ministros

2048 4185 2080 4226 e
2121 4170 2318 4240 palatio
2350 4169 2517 4238 ejicit,
2571 4183 2769 4239 easque
2814 4169 2866 4224 in
2912 4185 3097 4225 eorum
3131 4171 3305 4226 locum
3342 4171 3638 4228 substituit.

2051 4261 2142 4316 Ha:
2173 4262 2347 4331 itaque
2387 4261 2487 4331 ipsi
2517 4261 2750 4332 undique
2786 4263 3095 4330 haerebant,
3127 4279 3358 4332 eumque
3398 4265 3639 4334 comple-

2049 4353 2354 4418 ctebantur,
2383 4363 2542 4422 atque
2570 4354 2922 4409 ad'nefarium
2950 4357 3290 4409 concubitum
3325 4358 3639 4410 exstimula-

2049 4443 2198 4510 bant,
2232 4458 2327 4513 per
2353 4457 2540 4498 omnes
2572 4443 2823 4498 videlicet
2866 4454 3046 4513 gestus
3073 4461 3135 4497 ac
3163 4459 3441 4500 sermones
3463 4448 3638 4515 ipsum

2051 4535 2116 4588 ad
2165 4535 2490 4604 voluptatem
2533 4545 2910 4604 provocantes.
2954 4535 3233 4590 Neminem
3279 4536 3438 4589 alium
3475 4537 3638 4592 hahe-

356 4636 417 4682 ut
447 4629 648 4683 nullius
674 4646 801 4685 usus
831 4631 1124 4698 hominem,
1157 4647 1262 4685 non
1307 4631 1623 4700 honoribus,
1656 4633 1747 4687 sed
1774 4635 1942 4688 maxi-
1970 4613 2024 4674 D
2050 4629 2140 4683 bat
2190 4643 2346 4697 quem
2406 4628 2779 4696 conspiceret,
2857 4643 2977 4681 cum
3028 4643 3133 4697 quo
3199 4628 3633 4700 colloqueretur,

356 4720 459 4774 mis
487 4721 766 4790 suppliciis
794 4719 1134 4776 afficiendum
1174 4722 1359 4776 ducas.
1385 4722 1527 4776 Nihil
1560 4723 1702 4777 enim
1732 4739 1940 4778 mascu-

355 4811 532 4867 lorum
574 4814 782 4868 animos
821 4815 1038 4884 perinde
1071 4815 1288 4870 allicere
1311 4829 1372 4869 ac
1417 4814 1724 4870 demulcere
1780 4817 1936 4882 solet,

354 4914 411 4957 ut
441 4902 754 4958 feminarum
789 4913 1125 4974 conspectus.
1158 4907 1333 4977 Atque
1357 4915 1415 4960 ut
1439 4907 1780 4962 sermonibus
1804 4909 1939 4963 meis

354 4993 513 5050 fidem
543 4995 819 5058 adhibeas.
849 4997 1126 5051 historiam
1161 4999 1299 5054 hanc
1323 4999 1486 5054 velim
1517 4999 1721 5055 audias.

421 5085 550 5141 Cap.
595 5086 764 5142 XXX.
806 5117 877 5132 --
915 5088 1025 5143 Rex
1075 5090 1288 5159 quidam
1337 5105 1457 5145 cum
1513 5094 1746 5147 mascula
1789 5093 1939 5162 prole

351 5185 563 5232 careret
593 5177 942 5234 vehementer
971 5181 1146 5234 animo
1178 5182 1492 5254 angebatur,
1546 5197 1773 5254 eamque
1799 5186 1940 5240 cala-

351 5269 591 5323 mitatem
625 5267 762 5324 haud
809 5283 1026 5339 parvam
1075 5273 1436 5330 existimabat.
1472 5273 1584 5329 Hoc
1615 5275 1775 5345 igitur
1821 5291 1938 5332 cum

348 5368 495 5414 statu
543 5369 707 5430 esset,
758 5360 926 5418 filium
977 5364 1028 5417 in
1083 5366 1251 5420 lucem
1296 5367 1484 5432 edidit,
1525 5383 1697 5439 eoque
1727 5371 1940 5427 nomine

349 5465 562 5508 summa
609 5455 883 5524 voluptate
912 5455 1158 5526 perfusus
1193 5469 1296 5512 est.
1332 5459 1596 5516 Dixerunt
1626 5463 1824 5531 {autem
1872 5464 1938 5518 ad

347 5561 471 5602 eum
521 5549 714 5604 eruditi
756 5551 974 5620 quidam
1024 5553 1238 5620 medici,
1293 5553 1409 5610 fore
1460 5565 1517 5610 ut
1564 5557 1607 5611 si
1639 5571 1770 5626 puer
1797 5559 1937 5612 intra

346 5638 632 5695 duodecim
688 5656 856 5696 annos
898 5643 1064 5698 solem
1113 5654 1205 5700 aut
1234 5646 1406 5717 ignem
1457 5648 1680 5714 videret,
1735 5651 1934 5705 lumine

348 5745 571 5801 prorsus
616 5733 914 5801 orbaretur,
966 5735 1015 5790 id
1055 5737 1196 5792 enim
1237 5753 1299 5793 ex
1328 5741 1600 5795 oculorum
1630 5741 1798 5811 ipsius
1829 5744 1932 5798 situ

348 5824 638 5894 designari.
667 5825 795 5894 Quae
825 5840 944 5881 cum
977 5836 1126 5897 pater
1145 5827 1398 5902 audisset,
1433 5830 1735 5888 cubiculum
1760 5834 1931 5904 quod-

2044 4730 2135 4776 aut
2192 4729 2449 4784 coenaret,
2502 4721 2632 4788 ipsa:
2677 4719 2817 4773 enim
2867 4719 3045 4773 omnia
3096 4719 3196 4789 ipsi
3231 4728 3412 4775 erant.
3463 4725 3638 4791 Atque

2044 4812 2157 4868 haec
2189 4811 2402 4882 quidem
2436 4827 2526 4867 rex
2571 4810 2814 4866 faciebat.
2849 4811 3096 4866 Theudas
3126 4821 3302 4868 autem
3330 4828 3538 4868 rursum
3569 4813 3636 4869 ad

2042 4904 2347 4975 pestiferam
2377 4918 2526 4958 suam
2556 4903 2866 4972 speluncam
2896 4903 3189 4973 profectus,
3222 4905 3390 4959 libros
3417 4906 3507 4972 qui
3541 4919 3628 4959 res

2043 4998 2387 5067 hujusmundi
2414 4998 2632 5052 efﬁcere
2659 5005 2922 5066 poterant,
2953 4995 3006 5051 in
3047 5011 3234 5052 manus
3257 4998 3450 5059 sumit;
3497 4984 3631 5051 evo-

2042 5103 2325 5161 catumque
2347 5106 2509 5145 unum
2538 5105 2601 5145 ex
2628 5091 2886 5160 improbis
2909 5091 3185 5160 spiritibus
3216 5088 3283 5144 ad
3309 5087 3506 5143 ChriSti
3531 5091 3624 5144 mi-

2045 5185 2192 5239 litem
2223 5183 2361 5238 bello
2387 5181 2750 5237 lacessendum
2780 5181 2996 5248 emittit,
3032 5179 3282 5235 nesciens
3309 5178 3515 5233 scilicet
3534 5182 3632 5234 Ini-

2045 5291 2133 5332 ser
2157 5277 2249 5332 ille
2275 5285 2533 5346 quantum
2566 5273 2651 5328 sui
2679 5274 2846 5328 risum
2887 5273 3239 5337 excitaturus,
3266 5279 3626 5342 quantamque

2044 5368 2202 5422 simul
2250 5382 2370 5422 cum
2402 5369 2652 5421 universa
2689 5381 2786 5420 sue
2833 5363 3096 5418 diabolica
3145 5361 3366 5417 cohorte
3394 5361 3632 5419 infamias

2045 5471 2223 5517 notam
2247 5461 2520 5515 subiturus
2546 5467 2709 5514 esset.
2733 5457 3012 5526 Improbus
3038 5463 3217 5509 autem
3241 5455 3482 5525 spiritus,
3506 5457 3624 5511 aliis

2044 5555 2261 5623 insuper
2305 5552 2652 5623 nequioribus
2692 5547 2968 5616 Spiritibus
3013 5548 3325 5616 assumptis,
3356 5546 3421 5602 ad
3452 5563 3620 5619 gene-

2050 5645 2159 5702 rosi
2213 5643 2574 5699 adolescentis
2617 5641 2921 5695 cubiculum
2951 5654 3009 5695 se
3039 5639 3267 5707 confert,
3304 5638 3357 5694 in
3387 5653 3619 5709 eumque

2045 5739 2300 5808 impetum
2347 5739 2498 5802 facit,
2559 5735 3077 5791 vehementissimam
3127 5735 3300 5791 carnis
3349 5735 3620 5792 fornacem

2044 5833 2394 5890 succendens.
2427 5836 2504 5889 Ac
2547 5831 2792 5888 diabolus
2816 5830 3028 5902 quidem
3062 5831 3295 5887 internas
3323 5829 3422 5901 ipsi
3463 5831 3616 5886 llam-
