  <div class='ocr_page' id='page_1' title='image "/cluster/home/n/w/nwhite01/storage/ocr_20150623/73/hvd.32044011474434/287.png"; bbox 0 0 4158 6354; ppageno 0'>
   <div class='ocr_carea' id='block_1_1' title="bbox 606 431 712 491">
    <p class='ocr_par' dir='ltr' id='par_1_1' title="bbox 606 431 712 491">
     <span class='ocr_line' id='line_1_1' title="bbox 606 431 712 491; baseline 0.019 -2"><span class='ocrx_word' id='word_1_1' title='bbox 606 431 712 491; x_wconf 72' lang='lat' dir='ltr'><strong>B65</strong></span> 
     </span>
    </p>
   </div>
   <div class='ocr_carea' id='block_1_2' title="bbox 1634 440 2831 501">
    <p class='ocr_par' dir='ltr' id='par_1_2' title="bbox 1634 440 2831 501">
     <span class='ocr_line' id='line_1_2' title="bbox 1634 440 2831 501; baseline 0 -3"><span class='ocrx_word' id='word_1_2' title='bbox 1634 442 1722 498; x_wconf 88' lang='lat' dir='ltr'><strong>DE</strong></span> <span class='ocrx_word' id='word_1_3' title='bbox 1761 441 1944 501; x_wconf 73' lang='lat' dir='ltr'><strong>VITIS</strong></span> <span class='ocrx_word' id='word_1_4' title='bbox 1986 440 2269 500; x_wconf 74' lang='lat' dir='ltr'><strong>PATRUM</strong></span> <span class='ocrx_word' id='word_1_5' title='bbox 2311 441 2512 499; x_wconf 81' lang='lat' dir='ltr'><strong>LIBER</strong></span> <span class='ocrx_word' id='word_1_6' title='bbox 2553 442 2831 500; x_wconf 86' lang='lat' dir='ltr'><strong>PRIMUS.</strong></span> 
     </span>
    </p>
   </div>
   <div class='ocr_carea' id='block_1_3' title="bbox 3571 414 3601 436">
    <p class='ocr_par' dir='ltr' id='par_1_3' title="bbox 3571 414 3601 436">
     <span class='ocr_line' id='line_1_3' title="bbox 3571 414 3601 436; baseline 0 0"><span class='ocrx_word' id='word_1_7' title='bbox 3571 414 3601 436; x_wconf 65' lang='grc' dir='ltr'><em>Ο</em></span> 
     </span>
    </p>
   </div>
   <div class='ocr_carea' id='block_1_4' title="bbox 3757 447 3856 502">
    <p class='ocr_par' dir='ltr' id='par_1_4' title="bbox 3757 447 3856 502">
     <span class='ocr_line' id='line_1_4' title="bbox 3757 447 3856 502; baseline -0.02 0"><span class='ocrx_word' id='word_1_8' title='bbox 3757 447 3856 502; x_wconf 70' lang='grc' dir='ltr'><strong>εει</strong></span> 
     </span>
    </p>
   </div>
   <div class='ocr_carea' id='block_1_5' title="bbox 600 549 3857 625">
    <p class='ocr_par' dir='ltr' id='par_1_5' title="bbox 600 549 3857 625">
     <span class='ocr_line' id='line_1_5' title="bbox 600 549 3857 625; baseline 0.004 -21"><span class='ocrx_word' id='word_1_9' title='bbox 600 563 717 605; x_wconf 78' lang='lat' dir='ltr'><strong>tuas</strong></span> <span class='ocrx_word' id='word_1_10' title='bbox 744 549 1088 617; x_wconf 75' lang='lat' dir='ltr'><strong>admovebat,</strong></span> <span class='ocrx_word' id='word_1_11' title='bbox 1122 552 1311 621; x_wconf 74' lang='lat' dir='ltr'><strong>puellm</strong></span> <span class='ocrx_word' id='word_1_12' title='bbox 1340 561 1541 621; x_wconf 83' lang='lat' dir='ltr'><strong>autem,</strong></span> <span class='ocrx_word' id='word_1_13' title='bbox 1567 563 1624 608; x_wconf 91' lang='lat' dir='ltr'><strong>ut</strong></span> <span class='ocrx_word' id='word_1_14' title='bbox 1651 556 1895 625; x_wconf 89' lang='lat' dir='ltr'><strong>corporis</strong></span> <span class='ocrx_word' id='word_1_15' title='bbox 1935 556 2167 624; x_wconf 84' lang='lat' dir='ltr'><strong>pulcbri-</strong></span> <span class='ocrx_word' id='word_1_16' title='bbox 2195 559 2246 617; x_wconf 77' lang='grc' dir='ltr'>Α</span> <span class='ocrx_word' id='word_1_17' title='bbox 2344 555 2423 609; x_wconf 87' lang='lat' dir='ltr'><strong>Ad</strong></span> <span class='ocrx_word' id='word_1_18' title='bbox 2445 556 2696 624; x_wconf 85' lang='lat' dir='ltr'><strong>juvenem</strong></span> <span class='ocrx_word' id='word_1_19' title='bbox 2721 554 2863 609; x_wconf 81' lang='lat' dir='ltr'><strong>enim</strong></span> <span class='ocrx_word' id='word_1_20' title='bbox 2888 569 2955 609; x_wconf 74' lang='lat' dir='ltr'><strong>es</strong></span> <span class='ocrx_word' id='word_1_21' title='bbox 2992 555 3183 624; x_wconf 82' lang='lat' dir='ltr'><strong>puellis</strong></span> <span class='ocrx_word' id='word_1_22' title='bbox 3212 556 3321 613; x_wconf 88' lang='lat' dir='ltr'><strong>illis</strong></span> <span class='ocrx_word' id='word_1_23' title='bbox 3355 571 3464 613; x_wconf 87' lang='lat' dir='ltr'><strong>una</strong></span> <span class='ocrx_word' id='word_1_24' title='bbox 3490 559 3735 615; x_wconf 80' lang='lat' dir='ltr'><strong>omnium</strong></span> <span class='ocrx_word' id='word_1_25' title='bbox 3759 560 3857 617; x_wconf 86' lang='lat' dir='ltr'><strong>for-</strong></span> 
     </span>
    </p>
   </div>
   <div class='ocr_carea' id='block_1_6' title="bbox 600 641 2172 715">
    <p class='ocr_par' dir='ltr' id='par_1_6' title="bbox 600 641 2172 715">
     <span class='ocr_line' id='line_1_6' title="bbox 600 641 2172 715; baseline 0.003 -19"><span class='ocrx_word' id='word_1_26' title='bbox 600 641 785 698; x_wconf 87' lang='lat' dir='ltr'><strong>tudine</strong></span> <span class='ocrx_word' id='word_1_27' title='bbox 808 641 1063 712; x_wconf 74' lang='lat' dir='ltr'><strong>insignes,</strong></span> <span class='ocrx_word' id='word_1_28' title='bbox 1095 645 1175 701; x_wconf 87' lang='lat' dir='ltr'><strong>sic</strong></span> <span class='ocrx_word' id='word_1_29' title='bbox 1200 645 1382 700; x_wconf 86' lang='lat' dir='ltr'><strong>animo</strong></span> <span class='ocrx_word' id='word_1_30' title='bbox 1416 645 1685 701; x_wconf 74' lang='lat' dir='ltr'><strong>deformes</strong></span> <span class='ocrx_word' id='word_1_31' title='bbox 1715 647 2012 715; x_wconf 75' lang='lat' dir='ltr'><strong>improbam</strong></span> <span class='ocrx_word' id='word_1_32' title='bbox 2058 661 2172 701; x_wconf 78' lang='lat' dir='ltr'><strong>ma~</strong></span> 
     </span>
    </p>
   </div>
   <div class='ocr_carea' id='block_1_7' title="bbox 601 736 1501 809">
    <p class='ocr_par' dir='ltr' id='par_1_7' title="bbox 601 736 1501 809">
     <span class='ocr_line' id='line_1_7' title="bbox 601 736 1501 809; baseline 0.004 -18"><span class='ocrx_word' id='word_1_33' title='bbox 601 736 787 792; x_wconf 86' lang='lat' dir='ltr'><strong>teriam</strong></span> <span class='ocrx_word' id='word_1_34' title='bbox 812 746 1037 795; x_wconf 81' lang='lat' dir='ltr'><strong>externe</strong></span> <span class='ocrx_word' id='word_1_35' title='bbox 1064 738 1501 809; x_wconf 67' lang='lat' dir='ltr'><strong>suppeditabant.</strong></span> 
     </span>
    </p>
   </div>
   <div class='ocr_carea' id='block_1_8' title="bbox 670 831 2171 901">
    <p class='ocr_par' dir='ltr' id='par_1_8' title="bbox 670 831 2171 901">
     <span class='ocr_line' id='line_1_8' title="bbox 670 831 2171 901; baseline 0.001 -17"><span class='ocrx_word' id='word_1_36' title='bbox 670 832 737 884; x_wconf 83' lang='lat' dir='ltr'><strong>At</strong></span> <span class='ocrx_word' id='word_1_37' title='bbox 764 844 892 885; x_wconf 84' lang='lat' dir='ltr'><strong>vero</strong></span> <span class='ocrx_word' id='word_1_38' title='bbox 923 846 1052 900; x_wconf 89' lang='lat' dir='ltr'><strong>pura</strong></span> <span class='ocrx_word' id='word_1_39' title='bbox 1080 833 1171 887; x_wconf 82' lang='lat' dir='ltr'><strong>illa</strong></span> <span class='ocrx_word' id='word_1_40' title='bbox 1201 833 1378 887; x_wconf 88' lang='lat' dir='ltr'><strong>anima</strong></span> <span class='ocrx_word' id='word_1_41' title='bbox 1411 832 1647 901; x_wconf 71' lang='lat' dir='ltr'><strong>peStiferi</strong></span> <span class='ocrx_word' id='word_1_42' title='bbox 1676 831 1895 901; x_wconf 78' lang='lat' dir='ltr'><strong>spiritus</strong></span> <span class='ocrx_word' id='word_1_43' title='bbox 1914 831 2171 899; x_wconf 89' lang='lat' dir='ltr'><strong>impetum</strong></span> 
     </span>
    </p>
   </div>
   <div class='ocr_carea' id='block_1_9' title="bbox 597 922 2171 994">
    <p class='ocr_par' dir='ltr' id='par_1_9' title="bbox 597 922 2171 994">
     <span class='ocr_line' id='line_1_9' title="bbox 597 922 2171 994; baseline 0.003 -21"><span class='ocrx_word' id='word_1_44' title='bbox 597 934 915 990; x_wconf 72' lang='lat' dir='ltr'><strong>agnoscens,</strong></span> <span class='ocrx_word' id='word_1_45' title='bbox 930 922 1392 992; x_wconf 62' lang='lat' dir='ltr'><strong>aq‘pr‘aposterum</strong></span> <span class='ocrx_word' id='word_1_46' title='bbox 1410 924 1599 993; x_wconf 87' lang='lat' dir='ltr'><strong>cogitat</strong></span> <span class='ocrx_word' id='word_1_47' title='bbox 1611 923 2171 994; x_wconf 81' lang='lat' dir='ltr'><strong>ionum_bellum,quod</strong></span> 
     </span>
    </p>
   </div>
   <div class='ocr_carea' id='block_1_10' title="bbox 595 1014 2173 1085">
    <p class='ocr_par' dir='ltr' id='par_1_10' title="bbox 595 1014 2173 1085">
     <span class='ocr_line' id='line_1_10' title="bbox 595 1014 2173 1085; baseline 0.002 -19"><span class='ocrx_word' id='word_1_48' title='bbox 595 1026 790 1083; x_wconf 79' lang='lat' dir='ltr'><strong>magno</strong></span> <span class='ocrx_word' id='word_1_49' title='bbox 813 1028 875 1067; x_wconf 89' lang='lat' dir='ltr'><strong>ac</strong></span> <span class='ocrx_word' id='word_1_50' title='bbox 915 1014 1214 1068; x_wconf 73' lang='lat' dir='ltr'><strong>vehementi</strong></span> <span class='ocrx_word' id='word_1_51' title='bbox 1239 1014 1403 1085; x_wconf 63' lang='grc'><strong>314.</strong></span> <span class='ocrx_word' id='word_1_52' title='bbox 1441 1014 1722 1069; x_wconf 85' lang='lat' dir='ltr'><strong>adversum</strong></span> <span class='ocrx_word' id='word_1_53' title='bbox 1747 1030 1805 1069; x_wconf 92' lang='lat' dir='ltr'><strong>se</strong></span> <span class='ocrx_word' id='word_1_54' title='bbox 1846 1023 2044 1081; x_wconf 85' lang='lat' dir='ltr'><strong>tmpetu</strong></span> <span class='ocrx_word' id='word_1_55' title='bbox 2082 1028 2173 1069; x_wconf 87' lang='lat' dir='ltr'><strong>ve-</strong></span> 
     </span>
    </p>
   </div>
   <div class='ocr_carea' id='block_1_11' title="bbox 596 1105 2173 1177">
    <p class='ocr_par' dir='ltr' id='par_1_11' title="bbox 596 1105 2173 1177">
     <span class='ocr_line' id='line_1_11' title="bbox 596 1105 2173 1177; baseline 0.002 -19"><span class='ocrx_word' id='word_1_56' title='bbox 596 1105 796 1172; x_wconf 81' lang='lat' dir='ltr'><strong>niebat,</strong></span> <span class='ocrx_word' id='word_1_57' title='bbox 824 1106 1184 1175; x_wconf 84' lang='lat' dir='ltr'><strong>conspiciens,</strong></span> <span class='ocrx_word' id='word_1_58' title='bbox 1211 1106 1643 1175; x_wconf 77' lang='lat' dir='ltr'><strong>perturbabatur,</strong></span> <span class='ocrx_word' id='word_1_59' title='bbox 1667 1116 1924 1177; x_wconf 87' lang='lat' dir='ltr'><strong>tantoque</strong></span> <span class='ocrx_word' id='word_1_60' title='bbox 1946 1107 2086 1161; x_wconf 86' lang='lat' dir='ltr'><strong>malo</strong></span> <span class='ocrx_word' id='word_1_61' title='bbox 2110 1105 2173 1161; x_wconf 89' lang='lat' dir='ltr'><strong>li-</strong></span> 
     </span>
    </p>
   </div>
   <div class='ocr_carea' id='block_1_12' title="bbox 591 1193 2168 1269">
    <p class='ocr_par' dir='ltr' id='par_1_12' title="bbox 591 1193 2168 1269">
     <span class='ocr_line' id='line_1_12' title="bbox 591 1193 2168 1269; baseline 0.003 -19"><span class='ocrx_word' id='word_1_62' title='bbox 591 1193 792 1259; x_wconf 79' lang='lat' dir='ltr'><strong>hereri,</strong></span> <span class='ocrx_word' id='word_1_63' title='bbox 826 1210 1127 1266; x_wconf 84' lang='lat' dir='ltr'><strong>purumque</strong></span> <span class='ocrx_word' id='word_1_64' title='bbox 1171 1212 1291 1253; x_wconf 87' lang='lat' dir='ltr'><strong>sese</strong></span> <span class='ocrx_word' id='word_1_65' title='bbox 1330 1196 1543 1254; x_wconf 82' lang='lat' dir='ltr'><strong>Christo</strong></span> <span class='ocrx_word' id='word_1_66' title='bbox 1583 1198 1837 1255; x_wconf 79' lang='lat' dir='ltr'><strong>exhibere</strong></span> <span class='ocrx_word' id='word_1_67' title='bbox 1882 1199 2168 1269; x_wconf 78' lang='lat' dir='ltr'><strong>cupiebat,</strong></span> 
     </span>
    </p>
   </div>
   <div class='ocr_carea' id='block_1_13' title="bbox 593 1288 2170 1361">
    <p class='ocr_par' dir='ltr' id='par_1_13' title="bbox 593 1288 2170 1361">
     <span class='ocr_line' id='line_1_13' title="bbox 593 1288 2170 1361; baseline 0.004 -21"><span class='ocrx_word' id='word_1_68' title='bbox 593 1297 693 1340; x_wconf 85' lang='lat' dir='ltr'><strong>nec</strong></span> <span class='ocrx_word' id='word_1_69' title='bbox 719 1296 958 1341; x_wconf 86' lang='lat' dir='ltr'><strong>sanctam</strong></span> <span class='ocrx_word' id='word_1_70' title='bbox 992 1288 1134 1343; x_wconf 80' lang='lat' dir='ltr'><strong>illam</strong></span> <span class='ocrx_word' id='word_1_71' title='bbox 1177 1290 1394 1358; x_wconf 79' lang='lat' dir='ltr'><strong>stolam,</strong></span> <span class='ocrx_word' id='word_1_72' title='bbox 1422 1305 1526 1360; x_wconf 92' lang='lat' dir='ltr'><strong>qua</strong></span> <span class='ocrx_word' id='word_1_73' title='bbox 1554 1306 1678 1346; x_wconf 90' lang='lat' dir='ltr'><strong>eum</strong></span> <span class='ocrx_word' id='word_1_74' title='bbox 1723 1291 1970 1361; x_wconf 84' lang='lat' dir='ltr'><strong>baptismi</strong></span> <span class='ocrx_word' id='word_1_75' title='bbox 1998 1293 2170 1361; x_wconf 76' lang='lat' dir='ltr'><strong>gratia</strong></span> 
     </span>
    </p>
   </div>
   <div class='ocr_carea' id='block_1_14' title="bbox 592 1380 2171 1445">
    <p class='ocr_par' dir='ltr' id='par_1_14' title="bbox 592 1380 2171 1445">
     <span class='ocr_line' id='line_1_14' title="bbox 592 1380 2171 1445; baseline 0.004 -11"><span class='ocrx_word' id='word_1_76' title='bbox 592 1380 859 1445; x_wconf 85' lang='lat' dir='ltr'><strong>induerat,</strong></span> <span class='ocrx_word' id='word_1_77' title='bbox 886 1380 1126 1437; x_wconf 84' lang='lat' dir='ltr'><strong>libidinis</strong></span> <span class='ocrx_word' id='word_1_78' title='bbox 1151 1397 1309 1438; x_wconf 69' lang='lat' dir='ltr'><strong>omne</strong></span> <span class='ocrx_word' id='word_1_79' title='bbox 1332 1384 1718 1439; x_wconf 79' lang='lat' dir='ltr'><strong>contaminare.</strong></span> <span class='ocrx_word' id='word_1_80' title='bbox 1750 1383 2043 1439; x_wconf 77' lang='lat' dir='ltr'><strong>Confestim</strong></span> <span class='ocrx_word' id='word_1_81' title='bbox 2070 1385 2171 1440; x_wconf 86' lang='lat' dir='ltr'><strong>ita-</strong></span> 
     </span>
    </p>
   </div>
   <div class='ocr_carea' id='block_1_15' title="bbox 593 1472 2167 1545">
    <p class='ocr_par' dir='ltr' id='par_1_15' title="bbox 593 1472 2167 1545">
     <span class='ocr_line' id='line_1_15' title="bbox 593 1472 2167 1545; baseline 0.004 -20"><span class='ocrx_word' id='word_1_82' title='bbox 593 1485 696 1541; x_wconf 85' lang='lat' dir='ltr'><strong>que</strong></span> <span class='ocrx_word' id='word_1_83' title='bbox 738 1472 907 1527; x_wconf 82' lang='lat' dir='ltr'><strong>amori</strong></span> <span class='ocrx_word' id='word_1_84' title='bbox 938 1486 1201 1537; x_wconf 87' lang='lat' dir='ltr'><strong>amorem,</strong></span> <span class='ocrx_word' id='word_1_85' title='bbox 1244 1473 1347 1528; x_wconf 85' lang='lat' dir='ltr'><strong>hoc</strong></span> <span class='ocrx_word' id='word_1_86' title='bbox 1397 1483 1479 1529; x_wconf 87' lang='lat' dir='ltr'><strong>est</strong></span> <span class='ocrx_word' id='word_1_87' title='bbox 1505 1474 1778 1543; x_wconf 79' lang='lat' dir='ltr'><strong>impudico</strong></span> <span class='ocrx_word' id='word_1_88' title='bbox 1804 1474 2040 1530; x_wconf 76' lang='lat' dir='ltr'><strong>divinum</strong></span> <span class='ocrx_word' id='word_1_89' title='bbox 2073 1490 2167 1545; x_wconf 86' lang='lat' dir='ltr'><strong>op-</strong></span> 
     </span>
    </p>
   </div>
   <div class='ocr_carea' id='block_1_16' title="bbox 591 1566 2169 1639">
    <p class='ocr_par' dir='ltr' id='par_1_16' title="bbox 591 1566 2169 1639">
     <span class='ocr_line' id='line_1_16' title="bbox 591 1566 2169 1639; baseline 0.004 -20"><span class='ocrx_word' id='word_1_90' title='bbox 591 1566 761 1633; x_wconf 86' lang='lat' dir='ltr'><strong>ponit,</strong></span> <span class='ocrx_word' id='word_1_91' title='bbox 792 1566 999 1636; x_wconf 81' lang='lat' dir='ltr'><strong>sibique</strong></span> <span class='ocrx_word' id='word_1_92' title='bbox 1030 1567 1481 1637; x_wconf 81' lang='lat' dir='ltr'><strong>pulchritudinem</strong></span> <span class='ocrx_word' id='word_1_93' title='bbox 1506 1569 1652 1623; x_wconf 85' lang='lat' dir='ltr'><strong>illam</strong></span> <span class='ocrx_word' id='word_1_94' title='bbox 1684 1583 1746 1625; x_wconf 89' lang='lat' dir='ltr'><strong>ac</strong></span> <span class='ocrx_word' id='word_1_95' title='bbox 1773 1568 2003 1639; x_wconf 74' lang='lat' dir='ltr'><strong>gloriam</strong></span> <span class='ocrx_word' id='word_1_96' title='bbox 2021 1570 2169 1625; x_wconf 83' lang='lat' dir='ltr'><strong>omni</strong></span> 
     </span>
    </p>
   </div>
   <div class='ocr_carea' id='block_1_17' title="bbox 593 1661 2167 1733">
    <p class='ocr_par' dir='ltr' id='par_1_17' title="bbox 593 1661 2167 1733">
     <span class='ocr_line' id='line_1_17' title="bbox 593 1661 2167 1733; baseline 0.004 -20"><span class='ocrx_word' id='word_1_97' title='bbox 593 1668 843 1714; x_wconf 81' lang='lat' dir='ltr'><strong>sermone</strong></span> <span class='ocrx_word' id='word_1_98' title='bbox 868 1661 1319 1729; x_wconf 52' lang='lat' dir='ltr'><strong>praestantiorem,</strong></span> <span class='ocrx_word' id='word_1_99' title='bbox 1336 1676 1494 1731; x_wconf 90' lang='lat' dir='ltr'><strong>quam</strong></span> <span class='ocrx_word' id='word_1_100' title='bbox 1520 1678 1665 1733; x_wconf 73' lang='lat' dir='ltr'><strong>pura:</strong></span> <span class='ocrx_word' id='word_1_101' title='bbox 1684 1663 1876 1718; x_wconf 68' lang='lat' dir='ltr'><strong>animm</strong></span> <span class='ocrx_word' id='word_1_102' title='bbox 1894 1663 1947 1719; x_wconf 90' lang='lat' dir='ltr'><strong>in</strong></span> <span class='ocrx_word' id='word_1_103' title='bbox 1969 1663 2167 1719; x_wconf 81' lang='lat' dir='ltr'><strong>Christi</strong></span> 
     </span>
    </p>
   </div>
   <div class='ocr_carea' id='block_1_18' title="bbox 585 1755 2164 1827">
    <p class='ocr_par' dir='ltr' id='par_1_18' title="bbox 585 1755 2164 1827">
     <span class='ocr_line' id='line_1_18' title="bbox 585 1755 2164 1827; baseline 0.003 -18"><span class='ocrx_word' id='word_1_104' title='bbox 585 1755 771 1823; x_wconf 80' lang='lat' dir='ltr'><strong>sponsi</strong></span> <span class='ocrx_word' id='word_1_105' title='bbox 802 1757 1021 1825; x_wconf 79' lang='lat' dir='ltr'><strong>nuptiis,</strong></span> <span class='ocrx_word' id='word_1_106' title='bbox 1047 1773 1113 1813; x_wconf 78' lang='lat' dir='ltr'><strong>ex</strong></span> <span class='ocrx_word' id='word_1_107' title='bbox 1154 1758 1346 1826; x_wconf 84' lang='lat' dir='ltr'><strong>quibus</strong></span> <span class='ocrx_word' id='word_1_108' title='bbox 1383 1757 1461 1812; x_wconf 90' lang='lat' dir='ltr'><strong>illi</strong></span> <span class='ocrx_word' id='word_1_109' title='bbox 1486 1759 1574 1827; x_wconf 90' lang='lat' dir='ltr'><strong>qui</strong></span> <span class='ocrx_word' id='word_1_110' title='bbox 1606 1756 1898 1827; x_wconf 79' lang='lat' dir='ltr'><strong>nuptialem</strong></span> <span class='ocrx_word' id='word_1_111' title='bbox 1932 1759 2164 1814; x_wconf 78' lang='lat' dir='ltr'><strong>tunicam</strong></span> 
     </span>
    </p>
   </div>
   <div class='ocr_carea' id='block_1_19' title="bbox 584 1848 2165 1919">
    <p class='ocr_par' dir='ltr' id='par_1_19' title="bbox 584 1848 2165 1919">
     <span class='ocr_line' id='line_1_19' title="bbox 584 1848 2165 1919; baseline 0.004 -20"><span class='ocrx_word' id='word_1_112' title='bbox 584 1848 994 1915; x_wconf 78' lang='lat' dir='ltr'><strong>conspurcariut</strong></span> <span class='ocrx_word' id='word_1_113' title='bbox 1034 1849 1334 1917; x_wconf 78' lang='lat' dir='ltr'><strong>ejieientur,</strong></span> <span class='ocrx_word' id='word_1_114' title='bbox 1365 1850 1665 1919; x_wconf 69' lang='lat' dir='ltr'><strong>vinetisque</strong></span> <span class='ocrx_word' id='word_1_115' title='bbox 1707 1850 1951 1906; x_wconf 80' lang='lat' dir='ltr'><strong>manibus</strong></span> <span class='ocrx_word' id='word_1_116' title='bbox 1980 1859 2034 1905; x_wconf 88' lang='lat' dir='ltr'><strong>et</strong></span> <span class='ocrx_word' id='word_1_117' title='bbox 2076 1864 2165 1919; x_wconf 90' lang='lat' dir='ltr'><strong>pe-</strong></span> 
     </span>
    </p>
   </div>
   <div class='ocr_carea' id='block_1_20' title="bbox 2277 648 3855 721">
    <p class='ocr_par' dir='ltr' id='par_1_20' title="bbox 2277 648 3855 721">
     <span class='ocr_line' id='line_1_20' title="bbox 2277 648 3855 721; baseline 0.004 -19"><span class='ocrx_word' id='word_1_118' title='bbox 2277 648 2583 703; x_wconf 81' lang='lat' dir='ltr'><strong>mosissinta</strong></span> <span class='ocrx_word' id='word_1_119' title='bbox 2603 648 2918 716; x_wconf 79' lang='lat' dir='ltr'><strong>ingreditur,</strong></span> <span class='ocrx_word' id='word_1_120' title='bbox 2944 663 3066 717; x_wconf 66' lang='lat' dir='ltr'><strong>quae</strong></span> <span class='ocrx_word' id='word_1_121' title='bbox 3093 648 3257 704; x_wconf 80' lang='lat' dir='ltr'><strong>etiam</strong></span> <span class='ocrx_word' id='word_1_122' title='bbox 3278 650 3418 721; x_wconf 88' lang='lat' dir='ltr'><strong>regis</strong></span> <span class='ocrx_word' id='word_1_123' title='bbox 3439 652 3717 719; x_wconf 88' lang='lat' dir='ltr'><strong>cujusdam</strong></span> <span class='ocrx_word' id='word_1_124' title='bbox 3749 654 3855 709; x_wconf 79' lang='lat' dir='ltr'><strong>lilia</strong></span> 
     </span>
    </p>
   </div>
   <div class='ocr_carea' id='block_1_21' title="bbox 2276 741 3855 813">
    <p class='ocr_par' dir='ltr' id='par_1_21' title="bbox 2276 741 3855 813">
     <span class='ocr_line' id='line_1_21' title="bbox 2276 741 3855 813; baseline 0.004 -19"><span class='ocrx_word' id='word_1_125' title='bbox 2276 752 2409 806; x_wconf 83' lang='lat' dir='ltr'><strong>erat,</strong></span> <span class='ocrx_word' id='word_1_126' title='bbox 2440 741 2756 811; x_wconf 83' lang='lat' dir='ltr'><strong>captivaque</strong></span> <span class='ocrx_word' id='word_1_127' title='bbox 2781 755 2809 794; x_wconf 92' lang='lat' dir='ltr'><strong>a</strong></span> <span class='ocrx_word' id='word_1_128' title='bbox 2833 741 3004 810; x_wconf 84' lang='lat' dir='ltr'><strong>patria</strong></span> <span class='ocrx_word' id='word_1_129' title='bbox 3032 755 3128 795; x_wconf 86' lang='lat' dir='ltr'><strong>sua</strong></span> <span class='ocrx_word' id='word_1_130' title='bbox 3148 741 3404 808; x_wconf 82' lang='lat' dir='ltr'><strong>abducta,</strong></span> <span class='ocrx_word' id='word_1_131' title='bbox 3429 744 3544 812; x_wconf 83' lang='lat' dir='ltr'><strong>regi</strong></span> <span class='ocrx_word' id='word_1_132' title='bbox 3581 745 3855 813; x_wconf 85' lang='lat' dir='ltr'><strong>Abenner,</strong></span> 
     </span>
    </p>
   </div>
   <div class='ocr_carea' id='block_1_22' title="bbox 2276 830 3852 903">
    <p class='ocr_par' dir='ltr' id='par_1_22' title="bbox 2276 830 3852 903">
     <span class='ocr_line' id='line_1_22' title="bbox 2276 830 3852 903; baseline 0.004 -17"><span class='ocrx_word' id='word_1_133' title='bbox 2276 832 2700 899; x_wconf 64' lang='lat' dir='ltr'><strong>prastantissimi</strong></span> <span class='ocrx_word' id='word_1_134' title='bbox 2726 830 3003 903; x_wconf 79' lang='lat' dir='ltr'><strong>cujusdam</strong></span> <span class='ocrx_word' id='word_1_135' title='bbox 3033 834 3270 889; x_wconf 81' lang='lat' dir='ltr'><strong>muneris</strong></span> <span class='ocrx_word' id='word_1_136' title='bbox 3318 835 3511 903; x_wconf 86' lang='lat' dir='ltr'><strong>instar,</strong></span> <span class='ocrx_word' id='word_1_137' title='bbox 3544 836 3852 895; x_wconf 78' lang='lat' dir='ltr'><strong>oblatafue-</strong></span> 
     </span>
    </p>
   </div>
   <div class='ocr_carea' id='block_1_23' title="bbox 2275 926 3842 999">
    <p class='ocr_par' dir='ltr' id='par_1_23' title="bbox 2275 926 3842 999">
     <span class='ocr_line' id='line_1_23' title="bbox 2275 926 3842 999; baseline 0.005 -22"><span class='ocrx_word' id='word_1_138' title='bbox 2275 932 2359 977; x_wconf 87' lang='lat' dir='ltr'><strong>rat</strong></span> <span class='ocrx_word' id='word_1_139' title='bbox 2386 940 2399 976; x_wconf 93' lang='lat'><strong>:</strong></span> <span class='ocrx_word' id='word_1_140' title='bbox 2428 938 2586 993; x_wconf 86' lang='lat' dir='ltr'><strong>quam</strong></span> <span class='ocrx_word' id='word_1_141' title='bbox 2609 933 2778 992; x_wconf 86' lang='lat' dir='ltr'><strong>pater,</strong></span> <span class='ocrx_word' id='word_1_142' title='bbox 2809 933 2866 979; x_wconf 91' lang='lat' dir='ltr'><strong>ut</strong></span> <span class='ocrx_word' id='word_1_143' title='bbox 2885 926 3086 980; x_wconf 84' lang='lat' dir='ltr'><strong>eximia</strong></span> <span class='ocrx_word' id='word_1_144' title='bbox 3112 926 3514 995; x_wconf 69' lang='lat' dir='ltr'><strong>pulchritudine</strong></span> <span class='ocrx_word' id='word_1_145' title='bbox 3542 931 3842 999; x_wconf 63' lang='lat' dir='ltr'><strong>preditam,</strong></span> 
     </span>
    </p>
   </div>
   <div class='ocr_carea' id='block_1_24' title="bbox 2273 1014 3853 1086">
    <p class='ocr_par' dir='ltr' id='par_1_24' title="bbox 2273 1014 3853 1086">
     <span class='ocr_line' id='line_1_24' title="bbox 2273 1014 3853 1086; baseline 0.004 -16"><span class='ocrx_word' id='word_1_146' title='bbox 2273 1016 2343 1070; x_wconf 74' lang='lat' dir='ltr'><strong>ad</strong></span> <span class='ocrx_word' id='word_1_147' title='bbox 2372 1014 2795 1071; x_wconf 77' lang='lat' dir='ltr'><strong>labefactandam</strong></span> <span class='ocrx_word' id='word_1_148' title='bbox 2820 1030 2883 1072; x_wconf 90' lang='lat' dir='ltr'><strong>ac</strong></span> <span class='ocrx_word' id='word_1_149' title='bbox 2908 1016 3269 1086; x_wconf 82' lang='lat' dir='ltr'><strong>dejiciendum</strong></span> <span class='ocrx_word' id='word_1_150' title='bbox 3300 1018 3395 1074; x_wconf 77' lang='lat' dir='ltr'><strong>ﬁlii</strong></span> <span class='ocrx_word' id='word_1_151' title='bbox 3425 1019 3660 1075; x_wconf 86' lang='lat' dir='ltr'><strong>animum</strong></span> <span class='ocrx_word' id='word_1_152' title='bbox 3692 1022 3853 1076; x_wconf 83' lang='lat' dir='ltr'><strong>mise-</strong></span> 
     </span>
    </p>
   </div>
   <div class='ocr_carea' id='block_1_25' title="bbox 2273 1108 3857 1182">
    <p class='ocr_par' dir='ltr' id='par_1_25' title="bbox 2273 1108 3857 1182">
     <span class='ocr_line' id='line_1_25' title="bbox 2273 1108 3857 1182; baseline 0.004 -21"><span class='ocrx_word' id='word_1_153' title='bbox 2273 1117 2374 1162; x_wconf 90' lang='lat' dir='ltr'><strong>rat.</strong></span> <span class='ocrx_word' id='word_1_154' title='bbox 2410 1108 2559 1162; x_wconf 76' lang='lat' dir='ltr'><strong>Hane</strong></span> <span class='ocrx_word' id='word_1_155' title='bbox 2598 1108 2857 1177; x_wconf 84' lang='lat' dir='ltr'><strong>impostor</strong></span> <span class='ocrx_word' id='word_1_156' title='bbox 2887 1108 2979 1164; x_wconf 91' lang='lat' dir='ltr'><strong>ille</strong></span> <span class='ocrx_word' id='word_1_157' title='bbox 3003 1108 3175 1175; x_wconf 23' lang='lat' dir='ltr'><strong>subit-,4</strong></span> <span class='ocrx_word' id='word_1_158' title='bbox 3216 1110 3426 1180; x_wconf 78' lang='lat' dir='ltr'><strong>ipsique</strong></span> <span class='ocrx_word' id='word_1_159' title='bbox 3452 1112 3717 1182; x_wconf 81' lang='lat' dir='ltr'><strong>ejusmodi</strong></span> <span class='ocrx_word' id='word_1_160' title='bbox 3754 1126 3857 1167; x_wconf 59' lang='lat' dir='ltr'><strong>sero</strong></span> 
     </span>
    </p>
   </div>
   <div class='ocr_carea' id='block_1_26' title="bbox 2274 1201 3856 1272">
    <p class='ocr_par' dir='ltr' id='par_1_26' title="bbox 2274 1201 3856 1272">
     <span class='ocr_line' id='line_1_26' title="bbox 2274 1201 3856 1272; baseline 0.003 -18"><span class='ocrx_word' id='word_1_161' title='bbox 2274 1214 2464 1256; x_wconf 88' lang='lat' dir='ltr'><strong>mones</strong></span> <span class='ocrx_word' id='word_1_162' title='bbox 2486 1201 2723 1271; x_wconf 84' lang='lat' dir='ltr'><strong>suggerit</strong></span> <span class='ocrx_word' id='word_1_163' title='bbox 2751 1201 2839 1269; x_wconf 83' lang='lat' dir='ltr'><strong>qui</strong></span> <span class='ocrx_word' id='word_1_164' title='bbox 2873 1202 3038 1257; x_wconf 86' lang='lat' dir='ltr'><strong>animi</strong></span> <span class='ocrx_word' id='word_1_165' title='bbox 3085 1203 3251 1271; x_wconf 82' lang='lat' dir='ltr'><strong>ipsius</strong></span> <span class='ocrx_word' id='word_1_166' title='bbox 3298 1203 3636 1272; x_wconf 81' lang='lat' dir='ltr'><strong>prudentiam</strong></span> <span class='ocrx_word' id='word_1_167' title='bbox 3677 1219 3741 1257; x_wconf 88' lang='lat' dir='ltr'><strong>ac</strong></span> <span class='ocrx_word' id='word_1_168' title='bbox 3770 1220 3856 1259; x_wconf 86' lang='lat' dir='ltr'><strong>sa-</strong></span> 
     </span>
    </p>
   </div>
   <div class='ocr_carea' id='block_1_27' title="bbox 2272 1292 3852 1366">
    <p class='ocr_par' dir='ltr' id='par_1_27' title="bbox 2272 1292 3852 1366">
     <span class='ocr_line' id='line_1_27' title="bbox 2272 1292 3852 1366; baseline 0.001 -18"><span class='ocrx_word' id='word_1_169' title='bbox 2272 1292 2527 1362; x_wconf 78' lang='lat' dir='ltr'><strong>pientiam</strong></span> <span class='ocrx_word' id='word_1_170' title='bbox 2568 1294 2847 1363; x_wconf 87' lang='lat' dir='ltr'><strong>perspicue</strong></span> <span class='ocrx_word' id='word_1_171' title='bbox 2884 1294 3248 1362; x_wconf 83' lang='lat' dir='ltr'><strong>declararent,</strong></span> <span class='ocrx_word' id='word_1_172' title='bbox 3299 1295 3564 1366; x_wconf 83' lang='lat' dir='ltr'><strong>siquidem</strong></span> <span class='ocrx_word' id='word_1_173' title='bbox 3609 1296 3852 1351; x_wconf 82' lang='lat' dir='ltr'><strong>diabolus</strong></span> 
     </span>
    </p>
   </div>
   <div class='ocr_carea' id='block_1_28' title="bbox 2272 1384 3854 1455">
    <p class='ocr_par' dir='ltr' id='par_1_28' title="bbox 2272 1384 3854 1455">
     <span class='ocr_line' id='line_1_28' title="bbox 2272 1384 3854 1455; baseline 0.002 -17"><span class='ocrx_word' id='word_1_174' title='bbox 2272 1398 2461 1439; x_wconf 86' lang='lat' dir='ltr'><strong>omnes</strong></span> <span class='ocrx_word' id='word_1_175' title='bbox 2487 1384 2553 1439; x_wconf 80' lang='lat' dir='ltr'><strong>ad</strong></span> <span class='ocrx_word' id='word_1_176' title='bbox 2580 1386 2767 1441; x_wconf 74' lang='lat' dir='ltr'><strong>vitium</strong></span> <span class='ocrx_word' id='word_1_177' title='bbox 2788 1386 3223 1441; x_wconf 81' lang='lat' dir='ltr'><strong>accommodatas</strong></span> <span class='ocrx_word' id='word_1_178' title='bbox 3246 1396 3392 1441; x_wconf 87' lang='lat' dir='ltr'><strong>artes</strong></span> <span class='ocrx_word' id='word_1_179' title='bbox 3413 1387 3570 1442; x_wconf 82' lang='lat' dir='ltr'><strong>facile</strong></span> <span class='ocrx_word' id='word_1_180' title='bbox 3597 1402 3662 1441; x_wconf 89' lang='lat' dir='ltr'><strong>ac</strong></span> <span class='ocrx_word' id='word_1_181' title='bbox 3685 1401 3854 1455; x_wconf 85' lang='lat' dir='ltr'><strong>prom-</strong></span> 
     </span>
    </p>
   </div>
   <div class='ocr_carea' id='block_1_29' title="bbox 2271 1474 3848 1547">
    <p class='ocr_par' dir='ltr' id='par_1_29' title="bbox 2271 1474 3848 1547">
     <span class='ocr_line' id='line_1_29' title="bbox 2271 1474 3848 1547; baseline 0.003 -18"><span class='ocrx_word' id='word_1_182' title='bbox 2271 1484 2361 1542; x_wconf 84' lang='lat' dir='ltr'><strong>pte</strong></span> <span class='ocrx_word' id='word_1_183' title='bbox 2378 1484 2615 1529; x_wconf 76' lang='lat' dir='ltr'><strong>exercet.</strong></span> <span class='ocrx_word' id='word_1_184' title='bbox 2646 1474 2946 1545; x_wconf 78' lang='lat' dir='ltr'><strong>Posteaque</strong></span> <span class='ocrx_word' id='word_1_185' title='bbox 2972 1478 3114 1546; x_wconf 84' lang='lat' dir='ltr'><strong>regis</strong></span> <span class='ocrx_word' id='word_1_186' title='bbox 3138 1476 3306 1531; x_wconf 85' lang='lat' dir='ltr'><strong>lilium</strong></span> <span class='ocrx_word' id='word_1_187' title='bbox 3330 1492 3360 1531; x_wconf 91' lang='lat' dir='ltr'><strong>a</strong></span> <span class='ocrx_word' id='word_1_188' title='bbox 3380 1478 3585 1533; x_wconf 82' lang='lat' dir='ltr'><strong>dextris</strong></span> <span class='ocrx_word' id='word_1_189' title='bbox 3609 1476 3848 1547; x_wconf 79' lang='lat' dir='ltr'><strong>adortus,</strong></span> 
     </span>
    </p>
   </div>
   <div class='ocr_carea' id='block_1_30' title="bbox 2272 1566 3853 1638">
    <p class='ocr_par' dir='ltr' id='par_1_30' title="bbox 2272 1566 3853 1638">
     <span class='ocr_line' id='line_1_30' title="bbox 2272 1566 3853 1638; baseline 0.002 -18"><span class='ocrx_word' id='word_1_190' title='bbox 2272 1566 2459 1634; x_wconf 79' lang='lat' dir='ltr'><strong>puellae</strong></span> <span class='ocrx_word' id='word_1_191' title='bbox 2484 1580 2723 1622; x_wconf 85' lang='lat' dir='ltr'><strong>amorem</strong></span> <span class='ocrx_word' id='word_1_192' title='bbox 2764 1567 2863 1636; x_wconf 86' lang='lat' dir='ltr'><strong>ipsi</strong></span> <span class='ocrx_word' id='word_1_193' title='bbox 2912 1567 3127 1632; x_wconf 82' lang='lat' dir='ltr'><strong>inserit,</strong></span> <span class='ocrx_word' id='word_1_194' title='bbox 3150 1568 3220 1622; x_wconf 90' lang='lat' dir='ltr'><strong>ob</strong></span> <span class='ocrx_word' id='word_1_195' title='bbox 3247 1568 3419 1637; x_wconf 85' lang='lat' dir='ltr'><strong>ipsius</strong></span> <span class='ocrx_word' id='word_1_196' title='bbox 3449 1568 3700 1623; x_wconf 87' lang='lat' dir='ltr'><strong>videlicet</strong></span> <span class='ocrx_word' id='word_1_197' title='bbox 3730 1583 3853 1638; x_wconf 86' lang='lat' dir='ltr'><strong>pru-</strong></span> 
     </span>
    </p>
   </div>
   <div class='ocr_carea' id='block_1_31' title="bbox 2269 1654 3849 1727">
    <p class='ocr_par' dir='ltr' id='par_1_31' title="bbox 2269 1654 3849 1727">
     <span class='ocr_line' id='line_1_31' title="bbox 2269 1654 3849 1727; baseline 0.001 -16"><span class='ocrx_word' id='word_1_198' title='bbox 2269 1654 2505 1711; x_wconf 87' lang='lat' dir='ltr'><strong>dentiam</strong></span> <span class='ocrx_word' id='word_1_199' title='bbox 2534 1666 2584 1711; x_wconf 91' lang='lat' dir='ltr'><strong>et</strong></span> <span class='ocrx_word' id='word_1_200' title='bbox 2615 1658 2952 1727; x_wconf 80' lang='lat' dir='ltr'><strong>gravitatem,</strong></span> <span class='ocrx_word' id='word_1_201' title='bbox 2986 1665 3145 1727; x_wconf 80' lang='lat' dir='ltr'><strong>atque</strong></span> <span class='ocrx_word' id='word_1_202' title='bbox 3184 1657 3347 1711; x_wconf 88' lang='lat' dir='ltr'><strong>etiam</strong></span> <span class='ocrx_word' id='word_1_203' title='bbox 3371 1658 3443 1712; x_wconf 89' lang='lat' dir='ltr'><strong>ob</strong></span> <span class='ocrx_word' id='word_1_204' title='bbox 3467 1672 3583 1711; x_wconf 88' lang='lat' dir='ltr'><strong>eam</strong></span> <span class='ocrx_word' id='word_1_205' title='bbox 3610 1672 3849 1724; x_wconf 81' lang='lat' dir='ltr'><strong>causam,</strong></span> 
     </span>
    </p>
   </div>
   <div class='ocr_carea' id='block_1_32' title="bbox 2268 1747 3853 1819">
    <p class='ocr_par' dir='ltr' id='par_1_32' title="bbox 2268 1747 3853 1819">
     <span class='ocr_line' id='line_1_32' title="bbox 2268 1747 3853 1819; baseline 0 -18"><span class='ocrx_word' id='word_1_206' title='bbox 2268 1748 2411 1817; x_wconf 91' lang='lat' dir='ltr'><strong>quod</strong></span> <span class='ocrx_word' id='word_1_207' title='bbox 2432 1762 2557 1803; x_wconf 80' lang='lat' dir='ltr'><strong>cum</strong></span> <span class='ocrx_word' id='word_1_208' title='bbox 2586 1764 2649 1803; x_wconf 90' lang='lat' dir='ltr'><strong>ea</strong></span> <span class='ocrx_word' id='word_1_209' title='bbox 2666 1748 2944 1803; x_wconf 83' lang='lat' dir='ltr'><strong>nobilitate</strong></span> <span class='ocrx_word' id='word_1_210' title='bbox 2960 1758 3125 1815; x_wconf 85' lang='lat' dir='ltr'><strong>esset,</strong></span> <span class='ocrx_word' id='word_1_211' title='bbox 3149 1756 3310 1817; x_wconf 88' lang='lat' dir='ltr'><strong>atque</strong></span> <span class='ocrx_word' id='word_1_212' title='bbox 3331 1763 3362 1802; x_wconf 92' lang='lat' dir='ltr'><strong>e</strong></span> <span class='ocrx_word' id='word_1_213' title='bbox 3384 1748 3530 1819; x_wconf 84' lang='lat' dir='ltr'><strong>regia</strong></span> <span class='ocrx_word' id='word_1_214' title='bbox 3552 1747 3721 1817; x_wconf 89' lang='lat' dir='ltr'><strong>stirpe</strong></span> <span class='ocrx_word' id='word_1_215' title='bbox 3742 1763 3853 1818; x_wconf 88' lang='lat' dir='ltr'><strong>pro-</strong></span> 
     </span>
    </p>
   </div>
   <div class='ocr_carea' id='block_1_33' title="bbox 2267 1842 3843 1913">
    <p class='ocr_par' dir='ltr' id='par_1_33' title="bbox 2267 1842 3843 1913">
     <span class='ocr_line' id='line_1_33' title="bbox 2267 1842 3843 1913; baseline 0.001 -16"><span class='ocrx_word' id='word_1_216' title='bbox 2267 1842 2473 1911; x_wconf 89' lang='lat' dir='ltr'><strong>diisset,</strong></span> <span class='ocrx_word' id='word_1_217' title='bbox 2520 1844 2687 1913; x_wconf 87' lang='lat' dir='ltr'><strong>patria</strong></span> <span class='ocrx_word' id='word_1_218' title='bbox 2730 1853 2909 1899; x_wconf 88' lang='lat' dir='ltr'><strong>tamen</strong></span> <span class='ocrx_word' id='word_1_219' title='bbox 2931 1844 3090 1897; x_wconf 86' lang='lat' dir='ltr'><strong>simul</strong></span> <span class='ocrx_word' id='word_1_220' title='bbox 3141 1858 3204 1898; x_wconf 88' lang='lat' dir='ltr'><strong>ac</strong></span> <span class='ocrx_word' id='word_1_221' title='bbox 3246 1842 3418 1912; x_wconf 85' lang='lat' dir='ltr'><strong>gloria</strong></span> <span class='ocrx_word' id='word_1_222' title='bbox 3465 1842 3650 1897; x_wconf 87' lang='lat' dir='ltr'><strong>orbata</strong></span> <span class='ocrx_word' id='word_1_223' title='bbox 3679 1854 3843 1899; x_wconf 83' lang='lat' dir='ltr'><strong>esset.</strong></span> 
     </span>
    </p>
   </div>
   <div class='ocr_carea' id='block_1_34' title="bbox 584 1932 3848 2011">
    <p class='ocr_par' dir='ltr' id='par_1_34' title="bbox 584 1932 3848 2011">
     <span class='ocr_line' id='line_1_34' title="bbox 584 1932 3848 2011; baseline -0.002 -18"><span class='ocrx_word' id='word_1_224' title='bbox 584 1938 745 1993; x_wconf 76' lang='lat' dir='ltr'><strong>dibus</strong></span> <span class='ocrx_word' id='word_1_225' title='bbox 789 1940 844 1993; x_wconf 87' lang='lat' dir='ltr'><strong>in</strong></span> <span class='ocrx_word' id='word_1_226' title='bbox 896 1942 1195 1997; x_wconf 75' lang='lat' dir='ltr'><strong>exteriores</strong></span> <span class='ocrx_word' id='word_1_227' title='bbox 1220 1945 1469 1998; x_wconf 78' lang='lat' dir='ltr'><strong>tenebras</strong></span> <span class='ocrx_word' id='word_1_228' title='bbox 1514 1943 1913 2011; x_wconf 74' lang='lat' dir='ltr'><strong>protrudentur,</strong></span> <span class='ocrx_word' id='word_1_229' title='bbox 1958 1943 2162 1998; x_wconf 69' lang='lat' dir='ltr'><strong>habita.</strong></span> <span class='ocrx_word' id='word_1_230' title='bbox 2190 1932 2242 1995; x_wconf 87' lang='lat' dir='ltr'><strong><em>B</em></strong></span> <span class='ocrx_word' id='word_1_231' title='bbox 2265 1934 2345 1990; x_wconf 84' lang='lat' dir='ltr'><strong>Ad</strong></span> <span class='ocrx_word' id='word_1_232' title='bbox 2369 1935 2481 1989; x_wconf 68' lang='lat' dir='ltr'><strong>haec</strong></span> <span class='ocrx_word' id='word_1_233' title='bbox 2513 1934 2817 2002; x_wconf 87' lang='lat' dir='ltr'><strong>hujusmodi</strong></span> <span class='ocrx_word' id='word_1_234' title='bbox 2841 1950 3053 2004; x_wconf 89' lang='lat' dir='ltr'><strong>quoque</strong></span> <span class='ocrx_word' id='word_1_235' title='bbox 3084 1934 3440 2003; x_wconf 75' lang='lat' dir='ltr'><strong>cogitationes</strong></span> <span class='ocrx_word' id='word_1_236' title='bbox 3470 1932 3572 2003; x_wconf 86' lang='lat' dir='ltr'><strong>ipsi</strong></span> <span class='ocrx_word' id='word_1_237' title='bbox 3595 1934 3848 1999; x_wconf 87' lang='lat' dir='ltr'><strong>subserit,</strong></span> 
     </span>
    </p>
   </div>
   <div class='ocr_carea' id='block_1_35' title="bbox 582 2030 2159 2102">
    <p class='ocr_par' dir='ltr' id='par_1_35' title="bbox 582 2030 2159 2102">
     <span class='ocr_line' id='line_1_35' title="bbox 582 2030 2159 2102; baseline 0.003 -19"><span class='ocrx_word' id='word_1_238' title='bbox 582 2036 719 2083; x_wconf 70' lang='lat' dir='ltr'><strong>tura:</strong></span> <span class='ocrx_word' id='word_1_239' title='bbox 753 2038 879 2085; x_wconf 81' lang='lat' dir='ltr'><strong>sunt</strong></span> <span class='ocrx_word' id='word_1_240' title='bbox 906 2030 1118 2101; x_wconf 75' lang='lat' dir='ltr'><strong>(Matth.</strong></span> <span class='ocrx_word' id='word_1_241' title='bbox 1145 2034 1300 2102; x_wconf 86' lang='lat' dir='ltr'><strong>xxn),</strong></span> <span class='ocrx_word' id='word_1_242' title='bbox 1333 2035 1384 2087; x_wconf 91' lang='lat' dir='ltr'><strong>in</strong></span> <span class='ocrx_word' id='word_1_243' title='bbox 1428 2036 1742 2089; x_wconf 81' lang='lat' dir='ltr'><strong>memoriam</strong></span> <span class='ocrx_word' id='word_1_244' title='bbox 1770 2041 2007 2088; x_wconf 80' lang='lat' dir='ltr'><strong>revocat.-</strong></span> <span class='ocrx_word' id='word_1_245' title='bbox 2036 2034 2159 2088; x_wconf 63' lang='lat' dir='ltr'><strong>Haec</strong></span> 
     </span>
    </p>
   </div>
   <div class='ocr_carea' id='block_1_36' title="bbox 580 2121 2153 2196">
    <p class='ocr_par' dir='ltr' id='par_1_36' title="bbox 580 2121 2153 2196">
     <span class='ocr_line' id='line_1_36' title="bbox 580 2121 2153 2196; baseline 0.003 -22"><span class='ocrx_word' id='word_1_246' title='bbox 580 2133 703 2174; x_wconf 82' lang='lat' dir='ltr'><strong>eum</strong></span> <span class='ocrx_word' id='word_1_247' title='bbox 720 2121 899 2176; x_wconf 86' lang='lat' dir='ltr'><strong>animo</strong></span> <span class='ocrx_word' id='word_1_248' title='bbox 927 2135 1027 2177; x_wconf 89' lang='lat' dir='ltr'><strong>suo</strong></span> <span class='ocrx_word' id='word_1_249' title='bbox 1042 2125 1409 2191; x_wconf 80' lang='lat' dir='ltr'><strong>considerans,</strong></span> <span class='ocrx_word' id='word_1_250' title='bbox 1446 2134 1501 2180; x_wconf 88' lang='lat' dir='ltr'><strong>et</strong></span> <span class='ocrx_word' id='word_1_251' title='bbox 1522 2126 1785 2196; x_wconf 87' lang='lat' dir='ltr'><strong>lacrymas</strong></span> <span class='ocrx_word' id='word_1_252' title='bbox 1807 2128 2153 2195; x_wconf 73' lang='lat' dir='ltr'><strong>profundens,</strong></span> 
     </span>
    </p>
   </div>
   <div class='ocr_carea' id='block_1_37' title="bbox 581 2216 2158 2290">
    <p class='ocr_par' dir='ltr' id='par_1_37' title="bbox 581 2216 2158 2290">
     <span class='ocr_line' id='line_1_37' title="bbox 581 2216 2158 2290; baseline 0.004 -23"><span class='ocrx_word' id='word_1_253' title='bbox 581 2220 769 2283; x_wconf 86' lang='lat' dir='ltr'><strong>pectus</strong></span> <span class='ocrx_word' id='word_1_254' title='bbox 798 2216 1131 2283; x_wconf 77' lang='lat' dir='ltr'><strong>verberabat,</strong></span> <span class='ocrx_word' id='word_1_255' title='bbox 1174 2219 1444 2287; x_wconf 86' lang='lat' dir='ltr'><strong>improbas</strong></span> <span class='ocrx_word' id='word_1_256' title='bbox 1474 2218 1593 2273; x_wconf 89' lang='lat' dir='ltr'><strong>illas</strong></span> <span class='ocrx_word' id='word_1_257' title='bbox 1619 2219 2006 2290; x_wconf 79' lang='lat' dir='ltr'><strong>cogitationes,</strong></span> <span class='ocrx_word' id='word_1_258' title='bbox 2050 2233 2158 2273; x_wconf 83' lang='lat' dir='ltr'><strong>non</strong></span> 
     </span>
    </p>
   </div>
   <div class='ocr_carea' id='block_1_38' title="bbox 577 2310 2159 2385">
    <p class='ocr_par' dir='ltr' id='par_1_38' title="bbox 577 2310 2159 2385">
     <span class='ocr_line' id='line_1_38' title="bbox 577 2310 2159 2385; baseline 0.004 -24"><span class='ocrx_word' id='word_1_259' title='bbox 577 2318 735 2362; x_wconf 83' lang='lat' dir='ltr'><strong>secus</strong></span> <span class='ocrx_word' id='word_1_260' title='bbox 769 2322 833 2363; x_wconf 83' lang='lat' dir='ltr'><strong>ac</strong></span> <span class='ocrx_word' id='word_1_261' title='bbox 880 2310 1033 2365; x_wconf 84' lang='lat' dir='ltr'><strong>fucos</strong></span> <span class='ocrx_word' id='word_1_262' title='bbox 1058 2312 1313 2381; x_wconf 82' lang='lat' dir='ltr'><strong>quosdam</strong></span> <span class='ocrx_word' id='word_1_263' title='bbox 1365 2313 1423 2367; x_wconf 77' lang='lat' dir='ltr'><strong>in</strong></span> <span class='ocrx_word' id='word_1_264' title='bbox 1452 2318 1635 2385; x_wconf 75' lang='lat' dir='ltr'><strong>rugam</strong></span> <span class='ocrx_word' id='word_1_265' title='bbox 1668 2322 1908 2369; x_wconf 86' lang='lat' dir='ltr'><strong>vertens.</strong></span> <span class='ocrx_word' id='word_1_266' title='bbox 1960 2312 2159 2367; x_wconf 77' lang='lat' dir='ltr'><strong>Deinde</strong></span> 
     </span>
    </p>
   </div>
   <div class='ocr_carea' id='block_1_39' title="bbox 576 2404 2158 2475">
    <p class='ocr_par' dir='ltr' id='par_1_39' title="bbox 576 2404 2158 2475">
     <span class='ocr_line' id='line_1_39' title="bbox 576 2404 2158 2475; baseline 0.006 -24"><span class='ocrx_word' id='word_1_267' title='bbox 576 2411 819 2468; x_wconf 85' lang='lat' dir='ltr'><strong>surgens,</strong></span> <span class='ocrx_word' id='word_1_268' title='bbox 851 2416 914 2456; x_wconf 90' lang='lat' dir='ltr'><strong>ac</strong></span> <span class='ocrx_word' id='word_1_269' title='bbox 941 2417 1130 2458; x_wconf 88' lang='lat' dir='ltr'><strong>manus</strong></span> <span class='ocrx_word' id='word_1_270' title='bbox 1174 2404 1445 2475; x_wconf 78' lang='lat' dir='ltr'><strong>attollens,</strong></span> <span class='ocrx_word' id='word_1_271' title='bbox 1475 2404 1774 2461; x_wconf 87' lang='lat' dir='ltr'><strong>calentibus</strong></span> <span class='ocrx_word' id='word_1_272' title='bbox 1804 2404 2059 2475; x_wconf 79' lang='lat' dir='ltr'><strong>lacrymis</strong></span> <span class='ocrx_word' id='word_1_273' title='bbox 2094 2410 2158 2460; x_wconf 80' lang='lat' dir='ltr'><strong>ac</strong></span> 
     </span>
    </p>
   </div>
   <div class='ocr_carea' id='block_1_40' title="bbox 575 2491 2158 2567">
    <p class='ocr_par' dir='ltr' id='par_1_40' title="bbox 575 2491 2158 2567">
     <span class='ocr_line' id='line_1_40' title="bbox 575 2491 2158 2567; baseline 0.004 -23"><span class='ocrx_word' id='word_1_274' title='bbox 575 2491 863 2561; x_wconf 83' lang='lat' dir='ltr'><strong>gemitibus</strong></span> <span class='ocrx_word' id='word_1_275' title='bbox 888 2493 977 2547; x_wconf 84' lang='lat' dir='ltr'><strong>Dei</strong></span> <span class='ocrx_word' id='word_1_276' title='bbox 1010 2509 1171 2563; x_wconf 87' lang='lat' dir='ltr'><strong>opem</strong></span> <span class='ocrx_word' id='word_1_277' title='bbox 1212 2505 1374 2566; x_wconf 86' lang='lat' dir='ltr'><strong>atque</strong></span> <span class='ocrx_word' id='word_1_278' title='bbox 1403 2497 1661 2553; x_wconf 83' lang='lat' dir='ltr'><strong>auxilium</strong></span> <span class='ocrx_word' id='word_1_279' title='bbox 1683 2496 2025 2567; x_wconf 77' lang='lat' dir='ltr'><strong>implorabat,</strong></span> <span class='ocrx_word' id='word_1_280' title='bbox 2063 2496 2158 2551; x_wconf 56' lang='lat' dir='ltr'><strong>iis»</strong></span> 
     </span>
    </p>
   </div>
   <div class='ocr_carea' id='block_1_41' title="bbox 574 2583 2155 2658">
    <p class='ocr_par' dir='ltr' id='par_1_41' title="bbox 574 2583 2155 2658">
     <span class='ocr_line' id='line_1_41' title="bbox 574 2583 2155 2658; baseline 0.006 -23"><span class='ocrx_word' id='word_1_281' title='bbox 574 2596 680 2651; x_wconf 84' lang='lat' dir='ltr'><strong>que</strong></span> <span class='ocrx_word' id='word_1_282' title='bbox 706 2583 884 2639; x_wconf 84' lang='lat' dir='ltr'><strong>verbis</strong></span> <span class='ocrx_word' id='word_1_283' title='bbox 907 2585 1156 2641; x_wconf 79' lang='lat' dir='ltr'><strong>utebatur</strong></span> <span class='ocrx_word' id='word_1_284' title='bbox 1181 2606 1193 2640; x_wconf 86' lang='lat'><strong>:</strong></span> <span class='ocrx_word' id='word_1_285' title='bbox 1226 2588 1581 2657; x_wconf 76' lang='lat' dir='ltr'><strong>Omnipotens</strong></span> <span class='ocrx_word' id='word_1_286' title='bbox 1613 2589 1857 2655; x_wconf 89' lang='lat' dir='ltr'><strong>Domine,</strong></span> <span class='ocrx_word' id='word_1_287' title='bbox 1888 2588 1979 2658; x_wconf 86' lang='lat' dir='ltr'><strong>qui</strong></span> <span class='ocrx_word' id='word_1_288' title='bbox 2009 2590 2155 2645; x_wconf 80' lang='lat' dir='ltr'><strong>solus</strong></span> 
     </span>
    </p>
   </div>
   <div class='ocr_carea' id='block_1_42' title="bbox 574 2672 2152 2749">
    <p class='ocr_par' dir='ltr' id='par_1_42' title="bbox 574 2672 2152 2749">
     <span class='ocr_line' id='line_1_42' title="bbox 574 2672 2152 2749; baseline 0.006 -23"><span class='ocrx_word' id='word_1_289' title='bbox 574 2672 776 2729; x_wconf 82' lang='lat' dir='ltr'><strong>viribus</strong></span> <span class='ocrx_word' id='word_1_290' title='bbox 803 2676 991 2745; x_wconf 89' lang='lat' dir='ltr'><strong>polles,</strong></span> <span class='ocrx_word' id='word_1_291' title='bbox 1027 2688 1185 2747; x_wconf 85' lang='lat' dir='ltr'><strong>atque</strong></span> <span class='ocrx_word' id='word_1_292' title='bbox 1216 2678 1281 2732; x_wconf 89' lang='lat' dir='ltr'><strong>ad</strong></span> <span class='ocrx_word' id='word_1_293' title='bbox 1313 2679 1737 2734; x_wconf 80' lang='lat' dir='ltr'><strong>misericordiam</strong></span> <span class='ocrx_word' id='word_1_294' title='bbox 1779 2680 2037 2749; x_wconf 82' lang='lat' dir='ltr'><strong>proclivis</strong></span> <span class='ocrx_word' id='word_1_295' title='bbox 2071 2693 2152 2745; x_wconf 90' lang='lat' dir='ltr'><strong>es,</strong></span> 
     </span>
    </p>
   </div>
   <div class='ocr_carea' id='block_1_43' title="bbox 572 2765 2154 2843">
    <p class='ocr_par' dir='ltr' id='par_1_43' title="bbox 572 2765 2154 2843">
     <span class='ocr_line' id='line_1_43' title="bbox 572 2765 2154 2843; baseline 0.004 -23"><span class='ocrx_word' id='word_1_296' title='bbox 572 2765 827 2835; x_wconf 82' lang='lat' dir='ltr'><strong>Domine,</strong></span> <span class='ocrx_word' id='word_1_297' title='bbox 870 2769 1115 2839; x_wconf 83' lang='lat' dir='ltr'><strong>inquam,</strong></span> <span class='ocrx_word' id='word_1_298' title='bbox 1154 2785 1279 2840; x_wconf 89' lang='lat' dir='ltr'><strong>spes</strong></span> <span class='ocrx_word' id='word_1_299' title='bbox 1305 2772 1712 2840; x_wconf 80' lang='lat' dir='ltr'><strong>desperatorum</strong></span> <span class='ocrx_word' id='word_1_300' title='bbox 1740 2782 1796 2827; x_wconf 90' lang='lat' dir='ltr'><strong>et</strong></span> <span class='ocrx_word' id='word_1_301' title='bbox 1834 2786 2027 2827; x_wconf 88' lang='lat' dir='ltr'><strong>eorum</strong></span> <span class='ocrx_word' id='word_1_302' title='bbox 2066 2773 2154 2843; x_wconf 81' lang='lat' dir='ltr'><strong>qui</strong></span> 
     </span>
    </p>
   </div>
   <div class='ocr_carea' id='block_1_44' title="bbox 570 2858 2153 2931">
    <p class='ocr_par' dir='ltr' id='par_1_44' title="bbox 570 2858 2153 2931">
     <span class='ocr_line' id='line_1_44' title="bbox 570 2858 2153 2931; baseline 0.005 -20"><span class='ocrx_word' id='word_1_303' title='bbox 570 2858 777 2912; x_wconf 82' lang='lat' dir='ltr'><strong>auxilio</strong></span> <span class='ocrx_word' id='word_1_304' title='bbox 806 2874 1013 2925; x_wconf 79' lang='lat' dir='ltr'><strong>carent,</strong></span> <span class='ocrx_word' id='word_1_305' title='bbox 1062 2862 1193 2925; x_wconf 67' lang='lat' dir='ltr'><strong>mei,</strong></span> <span class='ocrx_word' id='word_1_306' title='bbox 1220 2877 1429 2931; x_wconf 57' lang='lat' dir='ltr'><strong>quaso,</strong></span> <span class='ocrx_word' id='word_1_307' title='bbox 1478 2862 1685 2918; x_wconf 89' lang='lat' dir='ltr'><strong>inutilis</strong></span> <span class='ocrx_word' id='word_1_308' title='bbox 1725 2864 1801 2918; x_wconf 87' lang='lat' dir='ltr'><strong>tui</strong></span> <span class='ocrx_word' id='word_1_309' title='bbox 1832 2866 1972 2917; x_wconf 83' lang='lat' dir='ltr'><strong>servi</strong></span> <span class='ocrx_word' id='word_1_310' title='bbox 2012 2878 2153 2919; x_wconf 84' lang='lat' dir='ltr'><strong>nunc</strong></span> 
     </span>
    </p>
   </div>
   <div class='ocr_carea' id='block_1_45' title="bbox 566 2948 2150 3024">
    <p class='ocr_par' dir='ltr' id='par_1_45' title="bbox 566 2948 2150 3024">
     <span class='ocr_line' id='line_1_45' title="bbox 566 2948 2150 3024; baseline 0.005 -21"><span class='ocrx_word' id='word_1_311' title='bbox 566 2948 871 3017; x_wconf 74' lang='lat' dir='ltr'><strong>recordare,</strong></span> <span class='ocrx_word' id='word_1_312' title='bbox 917 2950 1165 3023; x_wconf 68' lang='lat' dir='ltr'><strong>facilique</strong></span> <span class='ocrx_word' id='word_1_313' title='bbox 1192 2955 1267 3023; x_wconf 62' lang='lat' dir='ltr'><strong>,ac</strong></span> <span class='ocrx_word' id='word_1_314' title='bbox 1306 2953 1540 3024; x_wconf 89' lang='lat' dir='ltr'><strong>propitio</strong></span> <span class='ocrx_word' id='word_1_315' title='bbox 1589 2957 1745 3009; x_wconf 89' lang='lat' dir='ltr'><strong>oculo</strong></span> <span class='ocrx_word' id='word_1_316' title='bbox 1787 2969 1874 3009; x_wconf 89' lang='lat' dir='ltr'><strong>me</strong></span> <span class='ocrx_word' id='word_1_317' title='bbox 1918 2955 2150 3023; x_wconf 80' lang='lat' dir='ltr'><strong>intuere,</strong></span> 
     </span>
    </p>
   </div>
   <div class='ocr_carea' id='block_1_46' title="bbox 568 3042 2153 3117">
    <p class='ocr_par' dir='ltr' id='par_1_46' title="bbox 568 3042 2153 3117">
     <span class='ocr_line' id='line_1_46' title="bbox 568 3042 2153 3117; baseline 0.005 -21"><span class='ocrx_word' id='word_1_318' title='bbox 568 3042 903 3113; x_wconf 76' lang='lat' dir='ltr'><strong>animamque</strong></span> <span class='ocrx_word' id='word_1_319' title='bbox 942 3061 1117 3101; x_wconf 90' lang='lat' dir='ltr'><strong>meam</strong></span> <span class='ocrx_word' id='word_1_320' title='bbox 1152 3062 1183 3101; x_wconf 91' lang='lat' dir='ltr'><strong>a</strong></span> <span class='ocrx_word' id='word_1_321' title='bbox 1230 3047 1490 3103; x_wconf 84' lang='lat' dir='ltr'><strong>diabolica</strong></span> <span class='ocrx_word' id='word_1_322' title='bbox 1537 3047 1738 3102; x_wconf 81' lang='lat' dir='ltr'><strong>framea</strong></span> <span class='ocrx_word' id='word_1_323' title='bbox 1763 3048 1932 3117; x_wconf 86' lang='lat' dir='ltr'><strong>eripe.</strong></span> <span class='ocrx_word' id='word_1_324' title='bbox 1978 3063 2042 3103; x_wconf 93' lang='lat' dir='ltr'><strong>ac</strong></span> <span class='ocrx_word' id='word_1_325' title='bbox 2085 3049 2153 3104; x_wconf 90' lang='lat' dir='ltr'><strong>de</strong></span> 
     </span>
    </p>
   </div>
   <div class='ocr_carea' id='block_1_47' title="bbox 570 3136 2150 3205">
    <p class='ocr_par' dir='ltr' id='par_1_47' title="bbox 570 3136 2150 3205">
     <span class='ocr_line' id='line_1_47' title="bbox 570 3136 2150 3205; baseline 0.004 -16"><span class='ocrx_word' id='word_1_326' title='bbox 570 3150 727 3190; x_wconf 89' lang='lat' dir='ltr'><strong>manu</strong></span> <span class='ocrx_word' id='word_1_327' title='bbox 751 3136 898 3193; x_wconf 81' lang='lat' dir='ltr'><strong>canis</strong></span> <span class='ocrx_word' id='word_1_328' title='bbox 928 3138 1139 3194; x_wconf 84' lang='lat' dir='ltr'><strong>unicam</strong></span> <span class='ocrx_word' id='word_1_329' title='bbox 1172 3155 1367 3205; x_wconf 76' lang='lat' dir='ltr'><strong>meum,</strong></span> <span class='ocrx_word' id='word_1_330' title='bbox 1400 3156 1498 3197; x_wconf 84' lang='lat' dir='ltr'><strong>nec</strong></span> <span class='ocrx_word' id='word_1_331' title='bbox 1525 3155 1611 3196; x_wconf 88' lang='lat' dir='ltr'><strong>me</strong></span> <span class='ocrx_word' id='word_1_332' title='bbox 1640 3141 1695 3195; x_wconf 88' lang='lat' dir='ltr'><strong>in</strong></span> <span class='ocrx_word' id='word_1_333' title='bbox 1725 3140 1960 3195; x_wconf 87' lang='lat' dir='ltr'><strong>hostium</strong></span> <span class='ocrx_word' id='word_1_334' title='bbox 2000 3155 2150 3196; x_wconf 82' lang='lat' dir='ltr'><strong>meo-</strong></span> 
     </span>
    </p>
   </div>
   <div class='ocr_carea' id='block_1_48' title="bbox 567 3230 2154 3303">
    <p class='ocr_par' dir='ltr' id='par_1_48' title="bbox 567 3230 2154 3303">
     <span class='ocr_line' id='line_1_48' title="bbox 567 3230 2154 3303; baseline 0.004 -22"><span class='ocrx_word' id='word_1_335' title='bbox 567 3238 684 3282; x_wconf 87' lang='lat' dir='ltr'><strong>rum</strong></span> <span class='ocrx_word' id='word_1_336' title='bbox 715 3238 906 3285; x_wconf 81' lang='lat' dir='ltr'><strong>manus</strong></span> <span class='ocrx_word' id='word_1_337' title='bbox 934 3230 1173 3286; x_wconf 87' lang='lat' dir='ltr'><strong>incidere</strong></span> <span class='ocrx_word' id='word_1_338' title='bbox 1201 3232 1483 3302; x_wconf 68' lang='lat' dir='ltr'><strong>permittas</strong></span> <span class='ocrx_word' id='word_1_339' title='bbox 1509 3230 1683 3303; x_wconf 72' lang='lat' dir='ltr'><strong>(Psal.</strong></span> <span class='ocrx_word' id='word_1_340' title='bbox 1720 3232 1853 3302; x_wconf 79' lang='lat' dir='ltr'><strong>xxi).</strong></span> <span class='ocrx_word' id='word_1_341' title='bbox 1900 3232 2018 3287; x_wconf 86' lang='lat' dir='ltr'><strong>Non</strong></span> <span class='ocrx_word' id='word_1_342' title='bbox 2068 3248 2154 3288; x_wconf 89' lang='lat' dir='ltr'><strong>su-</strong></span> 
     </span>
    </p>
   </div>
   <div class='ocr_carea' id='block_1_49' title="bbox 2266 2024 3851 2090">
    <p class='ocr_par' dir='ltr' id='par_1_49' title="bbox 2266 2024 3851 2090">
     <span class='ocr_line' id='line_1_49' title="bbox 2266 2024 3851 2090; baseline -0.004 -9"><span class='ocrx_word' id='word_1_343' title='bbox 2266 2037 2324 2081; x_wconf 92' lang='lat' dir='ltr'><strong>ut</strong></span> <span class='ocrx_word' id='word_1_344' title='bbox 2343 2042 2461 2081; x_wconf 90' lang='lat' dir='ltr'><strong>eam</strong></span> <span class='ocrx_word' id='word_1_345' title='bbox 2485 2027 2551 2081; x_wconf 86' lang='lat' dir='ltr'><strong>ab</strong></span> <span class='ocrx_word' id='word_1_346' title='bbox 2574 2028 2771 2081; x_wconf 77' lang='lat' dir='ltr'><strong>insane</strong></span> <span class='ocrx_word' id='word_1_347' title='bbox 2794 2028 3063 2081; x_wconf 84' lang='lat' dir='ltr'><strong>idolorum</strong></span> <span class='ocrx_word' id='word_1_348' title='bbox 3108 2026 3257 2080; x_wconf 90' lang='lat' dir='ltr'><strong>cultu</strong></span> <span class='ocrx_word' id='word_1_349' title='bbox 3286 2025 3565 2090; x_wconf 88' lang='lat' dir='ltr'><strong>liberaret,</strong></span> <span class='ocrx_word' id='word_1_350' title='bbox 3589 2024 3851 2080; x_wconf 81' lang='lat' dir='ltr'><strong>Christia-</strong></span> 
     </span>
    </p>
   </div>
   <div class='ocr_carea' id='block_1_50' title="bbox 2262 2119 2776 2189">
    <p class='ocr_par' dir='ltr' id='par_1_50' title="bbox 2262 2119 2776 2189">
     <span class='ocr_line' id='line_1_50' title="bbox 2262 2119 2776 2189; baseline 0 -15"><span class='ocrx_word' id='word_1_351' title='bbox 2262 2135 2494 2189; x_wconf 79' lang='lat' dir='ltr'><strong>namque</strong></span> <span class='ocrx_word' id='word_1_352' title='bbox 2518 2119 2776 2174; x_wconf 78' lang='lat' dir='ltr'><strong>efﬁceret.</strong></span> 
     </span>
    </p>
   </div>
   <div class='ocr_carea' id='block_1_51' title="bbox 2334 2210 3845 2268">
    <p class='ocr_par' dir='ltr' id='par_1_51' title="bbox 2334 2210 3845 2268">
     <span class='ocr_line' id='line_1_51' title="bbox 2334 2210 3845 2268; baseline 0 -1"><span class='ocrx_word' id='word_1_353' title='bbox 2334 2214 2457 2268; x_wconf 74' lang='lat' dir='ltr'><strong>lisse</strong></span> <span class='ocrx_word' id='word_1_354' title='bbox 2484 2222 2661 2268; x_wconf 87' lang='lat' dir='ltr'><strong>autem</strong></span> <span class='ocrx_word' id='word_1_355' title='bbox 2695 2214 2872 2266; x_wconf 86' lang='lat' dir='ltr'><strong>omnia</strong></span> <span class='ocrx_word' id='word_1_356' title='bbox 2905 2211 3104 2266; x_wconf 87' lang='lat' dir='ltr'><strong>versuti</strong></span> <span class='ocrx_word' id='word_1_357' title='bbox 3129 2210 3375 2265; x_wconf 84' lang='lat' dir='ltr'><strong>draconis</strong></span> <span class='ocrx_word' id='word_1_358' title='bbox 3426 2210 3633 2265; x_wconf 77' lang='lat' dir='ltr'><strong>technm</strong></span> <span class='ocrx_word' id='word_1_359' title='bbox 3667 2224 3845 2267; x_wconf 87' lang='lat' dir='ltr'><strong>erant.</strong></span> 
     </span>
    </p>
   </div>
   <div class='ocr_carea' id='block_1_52' title="bbox 2259 2303 3847 2376">
    <p class='ocr_par' dir='ltr' id='par_1_52' title="bbox 2259 2303 3847 2376">
     <span class='ocr_line' id='line_1_52' title="bbox 2259 2303 3847 2376; baseline -0.001 -16"><span class='ocrx_word' id='word_1_360' title='bbox 2259 2303 2392 2360; x_wconf 82' lang='lat' dir='ltr'><strong>Nam</strong></span> <span class='ocrx_word' id='word_1_361' title='bbox 2421 2320 2547 2360; x_wconf 79' lang='lat' dir='ltr'><strong>cum</strong></span> <span class='ocrx_word' id='word_1_362' title='bbox 2587 2305 2729 2376; x_wconf 83' lang='lat' dir='ltr'><strong>regis</strong></span> <span class='ocrx_word' id='word_1_363' title='bbox 2770 2303 2912 2358; x_wconf 85' lang='lat' dir='ltr'><strong>lilius</strong></span> <span class='ocrx_word' id='word_1_364' title='bbox 2940 2303 3119 2357; x_wconf 85' lang='lat' dir='ltr'><strong>animo</strong></span> <span class='ocrx_word' id='word_1_365' title='bbox 3144 2304 3214 2357; x_wconf 89' lang='lat' dir='ltr'><strong>ita</strong></span> <span class='ocrx_word' id='word_1_366' title='bbox 3244 2314 3587 2372; x_wconf 86' lang='lat' dir='ltr'><strong>comparatus</strong></span> <span class='ocrx_word' id='word_1_367' title='bbox 3631 2312 3687 2359; x_wconf 88' lang='lat' dir='ltr'><strong>et</strong></span> <span class='ocrx_word' id='word_1_368' title='bbox 3715 2318 3847 2359; x_wconf 84' lang='lat' dir='ltr'><strong>cou-</strong></span> 
     </span>
    </p>
   </div>
   <div class='ocr_carea' id='block_1_53' title="bbox 2258 2397 3849 2467">
    <p class='ocr_par' dir='ltr' id='par_1_53' title="bbox 2258 2397 3849 2467">
     <span class='ocr_line' id='line_1_53' title="bbox 2258 2397 3849 2467; baseline -0.002 -13"><span class='ocrx_word' id='word_1_369' title='bbox 2258 2399 2478 2454; x_wconf 81' lang='lat' dir='ltr'><strong>stitutus</strong></span> <span class='ocrx_word' id='word_1_370' title='bbox 2503 2409 2667 2465; x_wconf 83' lang='lat' dir='ltr'><strong>esset,</strong></span> <span class='ocrx_word' id='word_1_371' title='bbox 2710 2406 2769 2452; x_wconf 86' lang='lat' dir='ltr'><strong>ut</strong></span> <span class='ocrx_word' id='word_1_372' title='bbox 2793 2397 2993 2452; x_wconf 88' lang='lat' dir='ltr'><strong>nullam</strong></span> <span class='ocrx_word' id='word_1_373' title='bbox 3029 2398 3316 2452; x_wconf 88' lang='lat' dir='ltr'><strong>obscenam</strong></span> <span class='ocrx_word' id='word_1_374' title='bbox 3346 2397 3732 2467; x_wconf 85' lang='lat' dir='ltr'><strong>cogitationem</strong></span> <span class='ocrx_word' id='word_1_375' title='bbox 3759 2406 3849 2452; x_wconf 85' lang='lat' dir='ltr'><strong>aut</strong></span> 
     </span>
    </p>
   </div>
   <div class='ocr_carea' id='block_1_54' title="bbox 2259 2489 3846 2558">
    <p class='ocr_par' dir='ltr' id='par_1_54' title="bbox 2259 2489 3846 2558">
     <span class='ocr_line' id='line_1_54' title="bbox 2259 2489 3846 2558; baseline -0.003 -11"><span class='ocrx_word' id='word_1_376' title='bbox 2259 2491 2597 2547; x_wconf 86' lang='lat' dir='ltr'><strong>libidinosum</strong></span> <span class='ocrx_word' id='word_1_377' title='bbox 2620 2506 2858 2546; x_wconf 85' lang='lat' dir='ltr'><strong>amorem</strong></span> <span class='ocrx_word' id='word_1_378' title='bbox 2874 2490 2939 2544; x_wconf 89' lang='lat' dir='ltr'><strong>ad</strong></span> <span class='ocrx_word' id='word_1_379' title='bbox 2970 2490 3198 2556; x_wconf 88' lang='lat' dir='ltr'><strong>puellam</strong></span> <span class='ocrx_word' id='word_1_380' title='bbox 3222 2489 3562 2545; x_wconf 87' lang='lat' dir='ltr'><strong>vacillantem</strong></span> <span class='ocrx_word' id='word_1_381' title='bbox 3587 2490 3643 2543; x_wconf 85' lang='lat' dir='ltr'><strong>iu</strong></span> <span class='ocrx_word' id='word_1_382' title='bbox 3665 2490 3846 2558; x_wconf 90' lang='lat' dir='ltr'><strong>seipso</strong></span> 
     </span>
    </p>
   </div>
   <div class='ocr_carea' id='block_1_55' title="bbox 2257 2579 3847 2653">
    <p class='ocr_par' dir='ltr' id='par_1_55' title="bbox 2257 2579 3847 2653">
     <span class='ocr_line' id='line_1_55' title="bbox 2257 2579 3847 2653; baseline -0.003 -15"><span class='ocrx_word' id='word_1_383' title='bbox 2257 2583 2617 2653; x_wconf 82' lang='lat' dir='ltr'><strong>perspiceret,</strong></span> <span class='ocrx_word' id='word_1_384' title='bbox 2664 2592 2849 2637; x_wconf 82' lang='lat' dir='ltr'><strong>verum</strong></span> <span class='ocrx_word' id='word_1_385' title='bbox 2892 2580 3063 2650; x_wconf 87' lang='lat' dir='ltr'><strong>ipsius</strong></span> <span class='ocrx_word' id='word_1_386' title='bbox 3089 2580 3348 2635; x_wconf 72' lang='lat' dir='ltr'><strong>duntaxat</strong></span> <span class='ocrx_word' id='word_1_387' title='bbox 3393 2579 3704 2635; x_wconf 82' lang='lat' dir='ltr'><strong>calamitate</strong></span> <span class='ocrx_word' id='word_1_388' title='bbox 3731 2579 3847 2634; x_wconf 91' lang='lat' dir='ltr'><strong>ani-</strong></span> 
     </span>
    </p>
   </div>
   <div class='ocr_carea' id='block_1_56' title="bbox 2257 2670 3846 2744">
    <p class='ocr_par' dir='ltr' id='par_1_56' title="bbox 2257 2670 3846 2744">
     <span class='ocr_line' id='line_1_56' title="bbox 2257 2670 3846 2744; baseline -0.004 -13"><span class='ocrx_word' id='word_1_389' title='bbox 2257 2690 2465 2744; x_wconf 69' lang='lat' dir='ltr'><strong>matque</strong></span> <span class='ocrx_word' id='word_1_390' title='bbox 2494 2674 2659 2728; x_wconf 85' lang='lat' dir='ltr'><strong>exitio</strong></span> <span class='ocrx_word' id='word_1_391' title='bbox 2687 2687 2747 2727; x_wconf 89' lang='lat' dir='ltr'><strong>se</strong></span> <span class='ocrx_word' id='word_1_392' title='bbox 2776 2674 3108 2727; x_wconf 86' lang='lat' dir='ltr'><strong>commoveri</strong></span> <span class='ocrx_word' id='word_1_393' title='bbox 3136 2674 3387 2737; x_wconf 89' lang='lat' dir='ltr'><strong>sentiret,</strong></span> <span class='ocrx_word' id='word_1_394' title='bbox 3420 2686 3533 2727; x_wconf 89' lang='lat' dir='ltr'><strong>rem</strong></span> <span class='ocrx_word' id='word_1_395' title='bbox 3559 2670 3697 2726; x_wconf 88' lang='lat' dir='ltr'><strong>hanc</strong></span> <span class='ocrx_word' id='word_1_396' title='bbox 3730 2672 3846 2726; x_wconf 90' lang='lat' dir='ltr'><strong>dia-</strong></span> 
     </span>
    </p>
   </div>
   <div class='ocr_carea' id='block_1_57' title="bbox 2255 2763 3843 2822">
    <p class='ocr_par' dir='ltr' id='par_1_57' title="bbox 2255 2763 3843 2822">
     <span class='ocr_line' id='line_1_57' title="bbox 2255 2763 3843 2822; baseline -0.002 0"><span class='ocrx_word' id='word_1_397' title='bbox 2255 2766 2489 2822; x_wconf 80' lang='lat' dir='ltr'><strong>bolienm</strong></span> <span class='ocrx_word' id='word_1_398' title='bbox 2526 2776 2890 2820; x_wconf 87' lang='lat' dir='ltr'><strong>commentum</strong></span> <span class='ocrx_word' id='word_1_399' title='bbox 2928 2778 3048 2819; x_wconf 87' lang='lat' dir='ltr'><strong>esse</strong></span> <span class='ocrx_word' id='word_1_400' title='bbox 3100 2764 3326 2819; x_wconf 90' lang='lat' dir='ltr'><strong>minime</strong></span> <span class='ocrx_word' id='word_1_401' title='bbox 3355 2763 3843 2819; x_wconf 86' lang='lat' dir='ltr'><strong>animadvertebat.</strong></span> 
     </span>
    </p>
   </div>
   <div class='ocr_carea' id='block_1_58' title="bbox 2253 2856 3845 2931">
    <p class='ocr_par' dir='ltr' id='par_1_58' title="bbox 2253 2856 3845 2931">
     <span class='ocr_line' id='line_1_58' title="bbox 2253 2856 3845 2931; baseline -0.003 -16"><span class='ocrx_word' id='word_1_402' title='bbox 2253 2858 2529 2928; x_wconf 73' lang='lat' dir='ltr'><strong>Siquidem</strong></span> <span class='ocrx_word' id='word_1_403' title='bbox 2577 2871 2764 2912; x_wconf 88' lang='lat' dir='ltr'><strong>revera</strong></span> <span class='ocrx_word' id='word_1_404' title='bbox 2805 2856 2977 2925; x_wconf 85' lang='lat' dir='ltr'><strong>caligo</strong></span> <span class='ocrx_word' id='word_1_405' title='bbox 3004 2856 3095 2911; x_wconf 86' lang='lat' dir='ltr'><strong>ille</strong></span> <span class='ocrx_word' id='word_1_406' title='bbox 3124 2866 3227 2922; x_wconf 88' lang='lat' dir='ltr'><strong>est,</strong></span> <span class='ocrx_word' id='word_1_407' title='bbox 3259 2870 3318 2912; x_wconf 88' lang='lat' dir='ltr'><strong>ac</strong></span> <span class='ocrx_word' id='word_1_408' title='bbox 3354 2857 3528 2913; x_wconf 85' lang='lat' dir='ltr'><strong>lucem</strong></span> <span class='ocrx_word' id='word_1_409' title='bbox 3558 2856 3845 2931; x_wconf 87' lang='lat' dir='ltr'><strong>assimilat.</strong></span> 
     </span>
    </p>
   </div>
   <div class='ocr_carea' id='block_1_59' title="bbox 2254 2947 3845 3019">
    <p class='ocr_par' dir='ltr' id='par_1_59' title="bbox 2254 2947 3845 3019">
     <span class='ocr_line' id='line_1_59' title="bbox 2254 2947 3845 3019; baseline -0.001 -15"><span class='ocrx_word' id='word_1_410' title='bbox 2254 2948 2324 3005; x_wconf 82' lang='lat' dir='ltr'><strong>Ut</strong></span> <span class='ocrx_word' id='word_1_411' title='bbox 2353 2949 2495 3003; x_wconf 89' lang='lat' dir='ltr'><strong>enim</strong></span> <span class='ocrx_word' id='word_1_412' title='bbox 2523 2948 2663 3018; x_wconf 88' lang='lat' dir='ltr'><strong>regis</strong></span> <span class='ocrx_word' id='word_1_413' title='bbox 2692 2947 2833 3003; x_wconf 85' lang='lat' dir='ltr'><strong>filius</strong></span> <span class='ocrx_word' id='word_1_414' title='bbox 2856 2949 3086 3019; x_wconf 87' lang='lat' dir='ltr'><strong>puellam</strong></span> <span class='ocrx_word' id='word_1_415' title='bbox 3118 2948 3314 3018; x_wconf 89' lang='lat' dir='ltr'><strong>alloqui</strong></span> <span class='ocrx_word' id='word_1_416' title='bbox 3336 2948 3641 3019; x_wconf 67' lang='lat' dir='ltr'><strong>divinaeque</strong></span> <span class='ocrx_word' id='word_1_417' title='bbox 3663 2948 3845 3019; x_wconf 86' lang='lat' dir='ltr'><strong>cogni-</strong></span> 
     </span>
    </p>
   </div>
   <div class='ocr_carea' id='block_1_60' title="bbox 2254 3039 3847 3109">
    <p class='ocr_par' dir='ltr' id='par_1_60' title="bbox 2254 3039 3847 3109">
     <span class='ocr_line' id='line_1_60' title="bbox 2254 3039 3847 3109; baseline 0 -15"><span class='ocrx_word' id='word_1_418' title='bbox 2254 3039 2418 3095; x_wconf 85' lang='lat' dir='ltr'><strong>tionis</strong></span> <span class='ocrx_word' id='word_1_419' title='bbox 2453 3041 2667 3094; x_wconf 86' lang='lat' dir='ltr'><strong>oracula</strong></span> <span class='ocrx_word' id='word_1_420' title='bbox 2714 3039 2813 3107; x_wconf 88' lang='lat' dir='ltr'><strong>ipsi</strong></span> <span class='ocrx_word' id='word_1_421' title='bbox 2842 3054 3116 3108; x_wconf 80' lang='lat' dir='ltr'><strong>exponere</strong></span> <span class='ocrx_word' id='word_1_422' title='bbox 3164 3041 3329 3107; x_wconf 69' lang='lat' dir='ltr'><strong>erepit</strong></span> <span class='ocrx_word' id='word_1_423' title='bbox 3373 3057 3385 3092; x_wconf 89' lang='lat'><strong>:</strong></span> <span class='ocrx_word' id='word_1_424' title='bbox 3444 3042 3714 3109; x_wconf 81' lang='lat' dir='ltr'><strong>Agnosce,</strong></span> <span class='ocrx_word' id='word_1_425' title='bbox 3767 3040 3847 3094; x_wconf 83' lang='lat' dir='ltr'><strong>in-</strong></span> 
     </span>
    </p>
   </div>
   <div class='ocr_carea' id='block_1_61' title="bbox 2252 3131 3843 3201">
    <p class='ocr_par' dir='ltr' id='par_1_61' title="bbox 2252 3131 3843 3201">
     <span class='ocr_line' id='line_1_61' title="bbox 2252 3131 3843 3201; baseline -0.001 -15"><span class='ocrx_word' id='word_1_426' title='bbox 2252 3133 2465 3201; x_wconf 83' lang='lat' dir='ltr'><strong>quiens,</strong></span> <span class='ocrx_word' id='word_1_427' title='bbox 2507 3148 2539 3187; x_wconf 91' lang='grc' dir='ltr'>ο</span> <span class='ocrx_word' id='word_1_428' title='bbox 2580 3131 2807 3199; x_wconf 67' lang='lat' dir='ltr'><strong>mulieri,</strong></span> <span class='ocrx_word' id='word_1_429' title='bbox 2849 3131 3018 3188; x_wconf 88' lang='lat' dir='ltr'><strong>Deum</strong></span> <span class='ocrx_word' id='word_1_430' title='bbox 3065 3133 3116 3185; x_wconf 90' lang='lat' dir='ltr'><strong>in</strong></span> <span class='ocrx_word' id='word_1_431' title='bbox 3162 3146 3324 3187; x_wconf 87' lang='lat' dir='ltr'><strong>omne</strong></span> <span class='ocrx_word' id='word_1_432' title='bbox 3351 3146 3523 3186; x_wconf 70' lang='lat' dir='ltr'><strong>aevum</strong></span> <span class='ocrx_word' id='word_1_433' title='bbox 3550 3131 3843 3197; x_wconf 85' lang='lat' dir='ltr'><strong>viventem,</strong></span> 
     </span>
    </p>
   </div>
   <div class='ocr_carea' id='block_1_62' title="bbox 2252 3223 3845 3290">
    <p class='ocr_par' dir='ltr' id='par_1_62' title="bbox 2252 3223 3845 3290">
     <span class='ocr_line' id='line_1_62' title="bbox 2252 3223 3845 3290; baseline -0.001 -10"><span class='ocrx_word' id='word_1_434' title='bbox 2252 3239 2353 3280; x_wconf 90' lang='lat' dir='ltr'><strong>nec</strong></span> <span class='ocrx_word' id='word_1_435' title='bbox 2383 3234 2436 3279; x_wconf 91' lang='lat' dir='ltr'><strong>te</strong></span> <span class='ocrx_word' id='word_1_436' title='bbox 2462 3224 2727 3279; x_wconf 83' lang='lat' dir='ltr'><strong>idolorum</strong></span> <span class='ocrx_word' id='word_1_437' title='bbox 2776 3238 2962 3279; x_wconf 88' lang='lat' dir='ltr'><strong>errore</strong></span> <span class='ocrx_word' id='word_1_438' title='bbox 3005 3224 3237 3281; x_wconf 81' lang='lat' dir='ltr'><strong>detineri</strong></span> <span class='ocrx_word' id='word_1_439' title='bbox 3263 3224 3401 3290; x_wconf 91' lang='lat' dir='ltr'><strong>sine,</strong></span> <span class='ocrx_word' id='word_1_440' title='bbox 3434 3238 3618 3279; x_wconf 87' lang='lat' dir='ltr'><strong>verum</strong></span> <span class='ocrx_word' id='word_1_441' title='bbox 3665 3223 3845 3279; x_wconf 90' lang='lat' dir='ltr'><strong>Domi-</strong></span> 
     </span>
    </p>
   </div>
   <div class='ocr_carea' id='block_1_63' title="bbox 568 3318 3846 3396">
    <p class='ocr_par' dir='ltr' id='par_1_63' title="bbox 568 3318 3846 3396">
     <span class='ocr_line' id='line_1_63' title="bbox 568 3318 3846 3396; baseline 0 -22"><span class='ocrx_word' id='word_1_442' title='bbox 568 3321 1072 3389; x_wconf 82' lang='lat' dir='ltr'><strong>pergaudeantmihi</strong></span> <span class='ocrx_word' id='word_1_443' title='bbox 1095 3323 2136 3396; x_wconf 75' lang='lat' dir='ltr'><strong>quioderuutmeiniqne(Psal.xxxtv);</strong></span> <span class='ocrx_word' id='word_1_444' title='bbox 2170 3326 2216 3390; x_wconf 87' lang='lat' dir='ltr'>C</span> <span class='ocrx_word' id='word_1_445' title='bbox 2246 3335 2373 3377; x_wconf 87' lang='lat' dir='ltr'><strong>num</strong></span> <span class='ocrx_word' id='word_1_446' title='bbox 2405 3334 2594 3374; x_wconf 83' lang='lat' dir='ltr'><strong>rerum</strong></span> <span class='ocrx_word' id='word_1_447' title='bbox 2626 3318 2869 3375; x_wconf 86' lang='lat' dir='ltr'><strong>omnium</strong></span> <span class='ocrx_word' id='word_1_448' title='bbox 2915 3318 3231 3375; x_wconf 73' lang='lat' dir='ltr'><strong>eﬂectorem</strong></span> <span class='ocrx_word' id='word_1_449' title='bbox 3282 3320 3541 3390; x_wconf 75' lang='lat' dir='ltr'><strong>intelligo,</strong></span> <span class='ocrx_word' id='word_1_450' title='bbox 3588 3333 3653 3374; x_wconf 92' lang='lat' dir='ltr'><strong>ac</strong></span> <span class='ocrx_word' id='word_1_451' title='bbox 3690 3318 3846 3375; x_wconf 80' lang='lat' dir='ltr'><strong>beata</strong></span> 
     </span>
    </p>
   </div>
   <div class='ocr_carea' id='block_1_64' title="bbox 569 3414 2148 3487">
    <p class='ocr_par' dir='ltr' id='par_1_64' title="bbox 569 3414 2148 3487">
     <span class='ocr_line' id='line_1_64' title="bbox 569 3414 2148 3487; baseline 0.003 -20"><span class='ocrx_word' id='word_1_452' title='bbox 569 3427 667 3467; x_wconf 88' lang='lat' dir='ltr'><strong>nec</strong></span> <span class='ocrx_word' id='word_1_453' title='bbox 711 3428 796 3468; x_wconf 87' lang='lat' dir='ltr'><strong>me</strong></span> <span class='ocrx_word' id='word_1_454' title='bbox 826 3416 877 3469; x_wconf 89' lang='lat' dir='ltr'><strong>in</strong></span> <span class='ocrx_word' id='word_1_455' title='bbox 923 3414 1295 3485; x_wconf 83' lang='lat' dir='ltr'><strong>iniquitatibus</strong></span> <span class='ocrx_word' id='word_1_456' title='bbox 1331 3419 1604 3486; x_wconf 84' lang='lat' dir='ltr'><strong>corrumpi</strong></span> <span class='ocrx_word' id='word_1_457' title='bbox 1650 3419 1816 3484; x_wconf 84' lang='lat' dir='ltr'><strong>sinas,</strong></span> <span class='ocrx_word' id='word_1_458' title='bbox 1848 3432 2148 3487; x_wconf 75' lang='lat' dir='ltr'><strong>corpusque</strong></span> 
     </span>
    </p>
   </div>
   <div class='ocr_carea' id='block_1_65' title="bbox 568 3507 2151 3579">
    <p class='ocr_par' dir='ltr' id='par_1_65' title="bbox 568 3507 2151 3579">
     <span class='ocr_line' id='line_1_65' title="bbox 568 3507 2151 3579; baseline 0.002 -21"><span class='ocrx_word' id='word_1_459' title='bbox 568 3518 764 3570; x_wconf 78' lang='lat' dir='ltr'><strong>meum,</strong></span> <span class='ocrx_word' id='word_1_460' title='bbox 799 3507 937 3575; x_wconf 88' lang='lat' dir='ltr'><strong>quod</strong></span> <span class='ocrx_word' id='word_1_461' title='bbox 972 3509 1065 3563; x_wconf 87' lang='lat' dir='ltr'><strong>tibi</strong></span> <span class='ocrx_word' id='word_1_462' title='bbox 1092 3521 1297 3563; x_wconf 87' lang='lat' dir='ltr'><strong>castum</strong></span> <span class='ocrx_word' id='word_1_463' title='bbox 1322 3510 1579 3565; x_wconf 78' lang='lat' dir='ltr'><strong>exhibere</strong></span> <span class='ocrx_word' id='word_1_464' title='bbox 1602 3508 1847 3579; x_wconf 86' lang='lat' dir='ltr'><strong>promisi,</strong></span> <span class='ocrx_word' id='word_1_465' title='bbox 1882 3510 2077 3578; x_wconf 86' lang='lat' dir='ltr'><strong>probro</strong></span> <span class='ocrx_word' id='word_1_466' title='bbox 2098 3517 2151 3563; x_wconf 89' lang='lat' dir='ltr'><strong>et</strong></span> 
     </span>
    </p>
   </div>
   <div class='ocr_carea' id='block_1_66' title="bbox 569 3597 2147 3670">
    <p class='ocr_par' dir='ltr' id='par_1_66' title="bbox 569 3597 2147 3670">
     <span class='ocr_line' id='line_1_66' title="bbox 569 3597 2147 3670; baseline 0.003 -19"><span class='ocrx_word' id='word_1_467' title='bbox 569 3597 889 3651; x_wconf 88' lang='lat' dir='ltr'><strong>contumelia</strong></span> <span class='ocrx_word' id='word_1_468' title='bbox 912 3599 1147 3653; x_wconf 67' lang='lat' dir='ltr'><strong>allicere.</strong></span> <span class='ocrx_word' id='word_1_469' title='bbox 1172 3600 1249 3655; x_wconf 86' lang='lat' dir='ltr'><strong>Te</strong></span> <span class='ocrx_word' id='word_1_470' title='bbox 1263 3600 1405 3655; x_wconf 91' lang='lat' dir='ltr'><strong>enim</strong></span> <span class='ocrx_word' id='word_1_471' title='bbox 1420 3602 1762 3670; x_wconf 83' lang='lat' dir='ltr'><strong>concupisco,</strong></span> <span class='ocrx_word' id='word_1_472' title='bbox 1781 3608 1940 3667; x_wconf 70' lang='lat' dir='ltr'><strong>teque</strong></span> <span class='ocrx_word' id='word_1_473' title='bbox 1958 3600 2147 3667; x_wconf 83' lang='lat' dir='ltr'><strong>adoro,</strong></span> 
     </span>
    </p>
   </div>
   <div class='ocr_carea' id='block_1_67' title="bbox 566 3687 2141 3762">
    <p class='ocr_par' dir='ltr' id='par_1_67' title="bbox 566 3687 2141 3762">
     <span class='ocr_line' id='line_1_67' title="bbox 566 3687 2141 3762; baseline 0.003 -20"><span class='ocrx_word' id='word_1_474' title='bbox 566 3687 796 3754; x_wconf 81' lang='lat' dir='ltr'><strong>Patrem,</strong></span> <span class='ocrx_word' id='word_1_475' title='bbox 824 3699 877 3744; x_wconf 86' lang='lat' dir='ltr'><strong>et</strong></span> <span class='ocrx_word' id='word_1_476' title='bbox 906 3689 1119 3755; x_wconf 82' lang='lat' dir='ltr'><strong>Filium,</strong></span> <span class='ocrx_word' id='word_1_477' title='bbox 1151 3702 1204 3746; x_wconf 91' lang='lat' dir='ltr'><strong>et</strong></span> <span class='ocrx_word' id='word_1_478' title='bbox 1236 3692 1496 3762; x_wconf 85' lang='lat' dir='ltr'><strong>Spiritum</strong></span> <span class='ocrx_word' id='word_1_479' title='bbox 1521 3704 1798 3759; x_wconf 85' lang='lat' dir='ltr'><strong>sanctum,</strong></span> <span class='ocrx_word' id='word_1_480' title='bbox 1829 3692 1883 3748; x_wconf 85' lang='lat' dir='ltr'><strong>in</strong></span> <span class='ocrx_word' id='word_1_481' title='bbox 1922 3694 2141 3748; x_wconf 63' lang='lat' dir='ltr'><strong>saecula.</strong></span> 
     </span>
    </p>
   </div>
   <div class='ocr_carea' id='block_1_68' title="bbox 558 3783 2143 3855">
    <p class='ocr_par' dir='ltr' id='par_1_68' title="bbox 558 3783 2143 3855">
     <span class='ocr_line' id='line_1_68' title="bbox 558 3783 2143 3855; baseline 0.001 -16"><span class='ocrx_word' id='word_1_482' title='bbox 558 3826 561 3829; x_wconf 84' lang='lat'><strong>.</strong></span> <span class='ocrx_word' id='word_1_483' title='bbox 632 3783 873 3855; x_wconf 83' lang='lat' dir='ltr'><strong>Cumque</strong></span> <span class='ocrx_word' id='word_1_484' title='bbox 910 3784 1081 3840; x_wconf 85' lang='lat' dir='ltr'><strong>Amen</strong></span> <span class='ocrx_word' id='word_1_485' title='bbox 1108 3785 1493 3855; x_wconf 79' lang='lat' dir='ltr'><strong>Subjuuxisset,</strong></span> <span class='ocrx_word' id='word_1_486' title='bbox 1538 3786 1775 3841; x_wconf 86' lang='lat' dir='ltr'><strong>divinam</strong></span> <span class='ocrx_word' id='word_1_487' title='bbox 1819 3787 2143 3842; x_wconf 82' lang='lat' dir='ltr'><strong>consolatio-</strong></span> 
     </span>
    </p>
   </div>
   <div class='ocr_carea' id='block_1_69' title="bbox 565 3879 2147 3950">
    <p class='ocr_par' dir='ltr' id='par_1_69' title="bbox 565 3879 2147 3950">
     <span class='ocr_line' id='line_1_69' title="bbox 565 3879 2147 3950; baseline 0.001 -16"><span class='ocrx_word' id='word_1_488' title='bbox 565 3896 685 3934; x_wconf 87' lang='lat' dir='ltr'><strong>nem</strong></span> <span class='ocrx_word' id='word_1_489' title='bbox 713 3880 927 3935; x_wconf 78' lang='lat' dir='ltr'><strong>ctelitus</strong></span> <span class='ocrx_word' id='word_1_490' title='bbox 949 3881 1063 3950; x_wconf 90' lang='lat' dir='ltr'><strong>ipse</strong></span> <span class='ocrx_word' id='word_1_491' title='bbox 1088 3882 1186 3935; x_wconf 86' lang='lat' dir='ltr'><strong>sibi</strong></span> <span class='ocrx_word' id='word_1_492' title='bbox 1217 3879 1674 3943; x_wconf 83' lang='lat' dir='ltr'><strong>adveniresensit,</strong></span> <span class='ocrx_word' id='word_1_493' title='bbox 1697 3890 1858 3950; x_wconf 87' lang='lat' dir='ltr'><strong>atque</strong></span> <span class='ocrx_word' id='word_1_494' title='bbox 1888 3880 2147 3949; x_wconf 75' lang='lat' dir='ltr'><strong>improbae</strong></span> 
     </span>
    </p>
   </div>
   <div class='ocr_carea' id='block_1_70' title="bbox 564 3971 2146 4042">
    <p class='ocr_par' dir='ltr' id='par_1_70' title="bbox 564 3971 2146 4042">
     <span class='ocr_line' id='line_1_70' title="bbox 564 3971 2146 4042; baseline 0 -16"><span class='ocrx_word' id='word_1_495' title='bbox 564 3972 913 4041; x_wconf 84' lang='lat' dir='ltr'><strong>cogitationes</strong></span> <span class='ocrx_word' id='word_1_496' title='bbox 944 3986 1064 4028; x_wconf 86' lang='lat' dir='ltr'><strong>sese</strong></span> <span class='ocrx_word' id='word_1_497' title='bbox 1092 3972 1485 4030; x_wconf 78' lang='lat' dir='ltr'><strong>subduxerunt.</strong></span> <span class='ocrx_word' id='word_1_498' title='bbox 1521 3971 1637 4042; x_wconf 88' lang='lat' dir='ltr'><strong>Ipse</strong></span> <span class='ocrx_word' id='word_1_499' title='bbox 1664 3982 1844 4028; x_wconf 90' lang='lat' dir='ltr'><strong>autem</strong></span> <span class='ocrx_word' id='word_1_500' title='bbox 1872 3974 1938 4027; x_wconf 90' lang='lat' dir='ltr'><strong>ad</strong></span> <span class='ocrx_word' id='word_1_501' title='bbox 1977 3984 2146 4027; x_wconf 62' lang='lat' dir='ltr'><strong>maluo</strong></span> 
     </span>
    </p>
   </div>
   <div class='ocr_carea' id='block_1_71' title="bbox 562 4061 2146 4131">
    <p class='ocr_par' dir='ltr' id='par_1_71' title="bbox 562 4061 2146 4131">
     <span class='ocr_line' id='line_1_71' title="bbox 562 4061 2146 4131; baseline 0 -15"><span class='ocrx_word' id='word_1_502' title='bbox 562 4063 729 4116; x_wconf 84' lang='lat' dir='ltr'><strong>tinum</strong></span> <span class='ocrx_word' id='word_1_503' title='bbox 771 4078 945 4131; x_wconf 91' lang='lat' dir='ltr'><strong>usque</strong></span> <span class='ocrx_word' id='word_1_504' title='bbox 988 4071 1199 4131; x_wconf 79' lang='lat' dir='ltr'><strong>tempus</strong></span> <span class='ocrx_word' id='word_1_505' title='bbox 1233 4061 1287 4115; x_wconf 88' lang='lat' dir='ltr'><strong>in</strong></span> <span class='ocrx_word' id='word_1_506' title='bbox 1330 4062 1581 4131; x_wconf 88' lang='lat' dir='ltr'><strong>precibus</strong></span> <span class='ocrx_word' id='word_1_507' title='bbox 1612 4061 1884 4131; x_wconf 87' lang='lat' dir='ltr'><strong>perstitit;</strong></span> <span class='ocrx_word' id='word_1_508' title='bbox 1938 4062 2146 4116; x_wconf 78' lang='lat' dir='ltr'><strong>intelle-</strong></span> 
     </span>
    </p>
   </div>
   <div class='ocr_carea' id='block_1_72' title="bbox 498 4152 2143 4223">
    <p class='ocr_par' dir='ltr' id='par_1_72' title="bbox 498 4152 2143 4223">
     <span class='ocr_line' id='line_1_72' title="bbox 498 4152 2143 4223; baseline 0.001 -16"><span class='ocrx_word' id='word_1_509' title='bbox 498 4180 501 4181; x_wconf 53' lang='grc' dir='ltr'><em>ν</em></span> <span class='ocrx_word' id='word_1_510' title='bbox 564 4153 776 4221; x_wconf 87' lang='lat' dir='ltr'><strong>ctisque</strong></span> <span class='ocrx_word' id='word_1_511' title='bbox 801 4152 1100 4222; x_wconf 84' lang='lat' dir='ltr'><strong>versipellis</strong></span> <span class='ocrx_word' id='word_1_512' title='bbox 1132 4152 1301 4207; x_wconf 84' lang='lat' dir='ltr'><strong>hostis</strong></span> <span class='ocrx_word' id='word_1_513' title='bbox 1330 4152 1544 4209; x_wconf 89' lang='lat' dir='ltr'><strong>technis</strong></span> <span class='ocrx_word' id='word_1_514' title='bbox 1569 4164 1729 4223; x_wconf 88' lang='lat' dir='ltr'><strong>atque</strong></span> <span class='ocrx_word' id='word_1_515' title='bbox 1759 4154 1990 4219; x_wconf 86' lang='lat' dir='ltr'><strong>artibus,</strong></span> <span class='ocrx_word' id='word_1_516' title='bbox 2025 4170 2143 4208; x_wconf 86' lang='lat' dir='ltr'><strong>cor-</strong></span> 
     </span>
    </p>
   </div>
   <div class='ocr_carea' id='block_1_73' title="bbox 563 4244 2148 4317">
    <p class='ocr_par' dir='ltr' id='par_1_73' title="bbox 563 4244 2148 4317">
     <span class='ocr_line' id='line_1_73' title="bbox 563 4244 2148 4317; baseline 0.002 -19"><span class='ocrx_word' id='word_1_517' title='bbox 563 4259 666 4313; x_wconf 83' lang='lat' dir='ltr'><strong>pus</strong></span> <span class='ocrx_word' id='word_1_518' title='bbox 693 4259 848 4299; x_wconf 90' lang='lat' dir='ltr'><strong>suum</strong></span> <span class='ocrx_word' id='word_1_519' title='bbox 894 4253 1004 4316; x_wconf 82' lang='lat' dir='ltr'><strong>tum</strong></span> <span class='ocrx_word' id='word_1_520' title='bbox 1052 4244 1180 4317; x_wconf 71' lang='lat' dir='ltr'><strong>cibi]</strong></span> <span class='ocrx_word' id='word_1_521' title='bbox 1200 4245 1441 4315; x_wconf 87' lang='lat' dir='ltr'><strong>penuria,</strong></span> <span class='ocrx_word' id='word_1_522' title='bbox 1475 4254 1587 4301; x_wconf 90' lang='lat' dir='ltr'><strong>tum</strong></span> <span class='ocrx_word' id='word_1_523' title='bbox 1615 4245 1701 4301; x_wconf 87' lang='lat' dir='ltr'><strong>siti</strong></span> <span class='ocrx_word' id='word_1_524' title='bbox 1751 4246 1975 4316; x_wconf 87' lang='lat' dir='ltr'><strong>aliisque</strong></span> <span class='ocrx_word' id='word_1_525' title='bbox 2016 4246 2148 4303; x_wconf 81' lang='lat' dir='ltr'><strong>afﬂi-</strong></span> 
     </span>
    </p>
   </div>
   <div class='ocr_carea' id='block_1_74' title="bbox 552 4337 2146 4409">
    <p class='ocr_par' dir='ltr' id='par_1_74' title="bbox 552 4337 2146 4409">
     <span class='ocr_line' id='line_1_74' title="bbox 552 4337 2146 4409; baseline 0.001 -18"><span class='ocrx_word' id='word_1_526' title='bbox 552 4339 801 4392; x_wconf 84' lang='lat' dir='ltr'><strong>ctionum</strong></span> <span class='ocrx_word' id='word_1_527' title='bbox 848 4337 1133 4409; x_wconf 90' lang='lat' dir='ltr'><strong>generibus</strong></span> <span class='ocrx_word' id='word_1_528' title='bbox 1182 4352 1427 4406; x_wconf 85' lang='lat' dir='ltr'><strong>premere</strong></span> <span class='ocrx_word' id='word_1_529' title='bbox 1474 4337 1669 4408; x_wconf 74' lang='lat' dir='ltr'><strong>cmpit,</strong></span> <span class='ocrx_word' id='word_1_530' title='bbox 1698 4338 1752 4393; x_wconf 90' lang='lat' dir='ltr'><strong>in</strong></span> <span class='ocrx_word' id='word_1_531' title='bbox 1816 4338 2146 4393; x_wconf 85' lang='lat' dir='ltr'><strong>orationibus</strong></span> 
     </span>
    </p>
   </div>
   <div class='ocr_carea' id='block_1_75' title="bbox 561 4432 2144 4503">
    <p class='ocr_par' dir='ltr' id='par_1_75' title="bbox 561 4432 2144 4503">
     <span class='ocr_line' id='line_1_75' title="bbox 561 4432 2144 4503; baseline -0.001 -15"><span class='ocrx_word' id='word_1_532' title='bbox 561 4439 746 4488; x_wconf 88' lang='lat' dir='ltr'><strong>erecto</strong></span> <span class='ocrx_word' id='word_1_533' title='bbox 774 4447 999 4502; x_wconf 86' lang='lat' dir='ltr'><strong>corpore</strong></span> <span class='ocrx_word' id='word_1_534' title='bbox 1030 4442 1374 4503; x_wconf 84' lang='lat' dir='ltr'><strong>peruoctans,</strong></span> <span class='ocrx_word' id='word_1_535' title='bbox 1401 4432 1611 4503; x_wconf 89' lang='lat' dir='ltr'><strong>sibique</strong></span> <span class='ocrx_word' id='word_1_536' title='bbox 1636 4432 1736 4502; x_wconf 89' lang='lat' dir='ltr'><strong>ipsi</strong></span> <span class='ocrx_word' id='word_1_537' title='bbox 1765 4442 1917 4502; x_wconf 81' lang='lat' dir='ltr'><strong>pacta</strong></span> <span class='ocrx_word' id='word_1_538' title='bbox 1941 4448 2003 4487; x_wconf 91' lang='lat' dir='ltr'><strong>ea</strong></span> <span class='ocrx_word' id='word_1_539' title='bbox 2025 4448 2144 4503; x_wconf 68' lang='lat' dir='ltr'><strong>quae</strong></span> 
     </span>
    </p>
   </div>
   <div class='ocr_carea' id='block_1_76' title="bbox 559 4524 2143 4597">
    <p class='ocr_par' dir='ltr' id='par_1_76' title="bbox 559 4524 2143 4597">
     <span class='ocr_line' id='line_1_76' title="bbox 559 4524 2143 4597; baseline 0.001 -18"><span class='ocrx_word' id='word_1_540' title='bbox 559 4538 680 4579; x_wconf 83' lang='lat' dir='ltr'><strong>eum</strong></span> <span class='ocrx_word' id='word_1_541' title='bbox 712 4524 825 4581; x_wconf 84' lang='lat' dir='ltr'><strong>Deo</strong></span> <span class='ocrx_word' id='word_1_542' title='bbox 852 4525 1044 4580; x_wconf 89' lang='lat' dir='ltr'><strong>inierat</strong></span> <span class='ocrx_word' id='word_1_543' title='bbox 1074 4527 1126 4581; x_wconf 89' lang='lat' dir='ltr'><strong>in</strong></span> <span class='ocrx_word' id='word_1_544' title='bbox 1176 4526 1491 4582; x_wconf 82' lang='lat' dir='ltr'><strong>memoriam</strong></span> <span class='ocrx_word' id='word_1_545' title='bbox 1521 4526 1803 4591; x_wconf 87' lang='lat' dir='ltr'><strong>reducens,</strong></span> <span class='ocrx_word' id='word_1_546' title='bbox 1836 4536 1998 4597; x_wconf 86' lang='lat' dir='ltr'><strong>atque</strong></span> <span class='ocrx_word' id='word_1_547' title='bbox 2033 4535 2143 4581; x_wconf 90' lang='lat' dir='ltr'><strong>tum</strong></span> 
     </span>
    </p>
   </div>
   <div class='ocr_carea' id='block_1_77' title="bbox 560 4618 2139 4695">
    <p class='ocr_par' dir='ltr' id='par_1_77' title="bbox 560 4618 2139 4695">
     <span class='ocr_line' id='line_1_77' title="bbox 560 4618 2139 4695; baseline 0.004 -26"><span class='ocrx_word' id='word_1_548' title='bbox 560 4630 747 4670; x_wconf 90' lang='lat' dir='ltr'><strong>eorum</strong></span> <span class='ocrx_word' id='word_1_549' title='bbox 776 4618 865 4685; x_wconf 89' lang='lat' dir='ltr'><strong>qui</strong></span> <span class='ocrx_word' id='word_1_550' title='bbox 905 4618 1173 4695; x_wconf 35' lang='lat' dir='ltr'><strong>justitiam.</strong></span> <span class='ocrx_word' id='word_1_551' title='bbox 1216 4620 1485 4676; x_wconf 87' lang='lat' dir='ltr'><strong>coluerint</strong></span> <span class='ocrx_word' id='word_1_552' title='bbox 1527 4619 1768 4674; x_wconf 87' lang='lat' dir='ltr'><strong>futurum</strong></span> <span class='ocrx_word' id='word_1_553' title='bbox 1796 4618 2139 4689; x_wconf 88' lang='lat' dir='ltr'><strong>splendorem</strong></span> 
     </span>
    </p>
   </div>
   <div class='ocr_carea' id='block_1_78' title="bbox 2251 3410 3845 3481">
    <p class='ocr_par' dir='ltr' id='par_1_78' title="bbox 2251 3410 3845 3481">
     <span class='ocr_line' id='line_1_78' title="bbox 2251 3410 3845 3481; baseline -0.004 -11"><span class='ocrx_word' id='word_1_554' title='bbox 2251 3414 2381 3479; x_wconf 87' lang='lat' dir='ltr'><strong>eris,</strong></span> <span class='ocrx_word' id='word_1_555' title='bbox 2422 3410 2710 3467; x_wconf 85' lang='lat' dir='ltr'><strong>immortali</strong></span> <span class='ocrx_word' id='word_1_556' title='bbox 2754 3424 2953 3479; x_wconf 84' lang='lat' dir='ltr'><strong>sponso</strong></span> <span class='ocrx_word' id='word_1_557' title='bbox 3001 3410 3287 3481; x_wconf 85' lang='lat' dir='ltr'><strong>adjuncta;</strong></span> <span class='ocrx_word' id='word_1_558' title='bbox 3339 3412 3527 3477; x_wconf 90' lang='lat' dir='ltr'><strong>multa,</strong></span> <span class='ocrx_word' id='word_1_559' title='bbox 3584 3411 3845 3480; x_wconf 86' lang='lat' dir='ltr'><strong>inquam,</strong></span> 
     </span>
    </p>
   </div>
   <div class='ocr_carea' id='block_1_79' title="bbox 2251 3506 3847 3579">
    <p class='ocr_par' dir='ltr' id='par_1_79' title="bbox 2251 3506 3847 3579">
     <span class='ocr_line' id='line_1_79' title="bbox 2251 3506 3847 3579; baseline -0.002 -14"><span class='ocrx_word' id='word_1_560' title='bbox 2251 3508 2513 3579; x_wconf 78' lang='lat' dir='ltr'><strong>ejusmodi</strong></span> <span class='ocrx_word' id='word_1_561' title='bbox 2544 3522 2665 3561; x_wconf 91' lang='lat' dir='ltr'><strong>cum</strong></span> <span class='ocrx_word' id='word_1_562' title='bbox 2696 3507 2811 3576; x_wconf 88' lang='lat' dir='ltr'><strong>ipse</strong></span> <span class='ocrx_word' id='word_1_563' title='bbox 2831 3506 3082 3574; x_wconf 86' lang='lat' dir='ltr'><strong>dixisset,</strong></span> <span class='ocrx_word' id='word_1_564' title='bbox 3113 3508 3294 3562; x_wconf 86' lang='lat' dir='ltr'><strong>statim</strong></span> <span class='ocrx_word' id='word_1_565' title='bbox 3320 3508 3600 3577; x_wconf 89' lang='lat' dir='ltr'><strong>improbus</strong></span> <span class='ocrx_word' id='word_1_566' title='bbox 3624 3506 3847 3577; x_wconf 89' lang='lat' dir='ltr'><strong>spiritus</strong></span> 
     </span>
    </p>
   </div>
   <div class='ocr_carea' id='block_1_80' title="bbox 2250 3600 3846 3671">
    <p class='ocr_par' dir='ltr' id='par_1_80' title="bbox 2250 3600 3846 3671">
     <span class='ocr_line' id='line_1_80' title="bbox 2250 3600 3846 3671; baseline -0.001 -15"><span class='ocrx_word' id='word_1_567' title='bbox 2250 3603 2469 3657; x_wconf 86' lang='lat' dir='ltr'><strong>mulieri</strong></span> <span class='ocrx_word' id='word_1_568' title='bbox 2509 3602 2563 3655; x_wconf 90' lang='lat' dir='ltr'><strong>in</strong></span> <span class='ocrx_word' id='word_1_569' title='bbox 2596 3610 2831 3656; x_wconf 90' lang='lat' dir='ltr'><strong>mentem</strong></span> <span class='ocrx_word' id='word_1_570' title='bbox 2861 3602 3121 3666; x_wconf 89' lang='lat' dir='ltr'><strong>immittit,</strong></span> <span class='ocrx_word' id='word_1_571' title='bbox 3166 3610 3225 3655; x_wconf 90' lang='lat' dir='ltr'><strong>ut</strong></span> <span class='ocrx_word' id='word_1_572' title='bbox 3266 3600 3468 3656; x_wconf 86' lang='lat' dir='ltr'><strong>fraudis</strong></span> <span class='ocrx_word' id='word_1_573' title='bbox 3498 3602 3722 3671; x_wconf 84' lang='lat' dir='ltr'><strong>laqueos</strong></span> <span class='ocrx_word' id='word_1_574' title='bbox 3746 3616 3846 3656; x_wconf 78' lang='lat' dir='ltr'><strong>ex-</strong></span> 
     </span>
    </p>
   </div>
   <div class='ocr_carea' id='block_1_81' title="bbox 2250 3692 3848 3762">
    <p class='ocr_par' dir='ltr' id='par_1_81' title="bbox 2250 3692 3848 3762">
     <span class='ocr_line' id='line_1_81' title="bbox 2250 3692 3848 3762; baseline 0 -15"><span class='ocrx_word' id='word_1_575' title='bbox 2250 3694 2494 3762; x_wconf 82' lang='lat' dir='ltr'><strong>plicaret,</strong></span> <span class='ocrx_word' id='word_1_576' title='bbox 2528 3707 2590 3748; x_wconf 88' lang='lat' dir='ltr'><strong>ac</strong></span> <span class='ocrx_word' id='word_1_577' title='bbox 2634 3692 2745 3749; x_wconf 86' lang='lat' dir='ltr'><strong>Deo</strong></span> <span class='ocrx_word' id='word_1_578' title='bbox 2772 3696 2992 3748; x_wconf 82' lang='lat' dir='ltr'><strong>cltaratn</strong></span> <span class='ocrx_word' id='word_1_579' title='bbox 3040 3693 3188 3748; x_wconf 89' lang='lat' dir='ltr'><strong>illam</strong></span> <span class='ocrx_word' id='word_1_580' title='bbox 3217 3694 3450 3749; x_wconf 83' lang='lat' dir='ltr'><strong>animam</strong></span> <span class='ocrx_word' id='word_1_581' title='bbox 3490 3694 3557 3748; x_wconf 89' lang='lat' dir='ltr'><strong>ad</strong></span> <span class='ocrx_word' id='word_1_582' title='bbox 3614 3693 3848 3748; x_wconf 83' lang='lat' dir='ltr'><strong>libidinis</strong></span> 
     </span>
    </p>
   </div>
   <div class='ocr_carea' id='block_1_82' title="bbox 2250 3784 3841 3856">
    <p class='ocr_par' dir='ltr' id='par_1_82' title="bbox 2250 3784 3841 3856">
     <span class='ocr_line' id='line_1_82' title="bbox 2250 3784 3841 3856; baseline -0.001 -16"><span class='ocrx_word' id='word_1_583' title='bbox 2250 3786 2465 3841; x_wconf 82' lang='lat' dir='ltr'><strong>foveam</strong></span> <span class='ocrx_word' id='word_1_584' title='bbox 2490 3786 2825 3856; x_wconf 70' lang='lat' dir='ltr'><strong>prmcipitem</strong></span> <span class='ocrx_word' id='word_1_585' title='bbox 2855 3786 3120 3852; x_wconf 78' lang='lat' dir='ltr'><strong>traheret,</strong></span> <span class='ocrx_word' id='word_1_586' title='bbox 3164 3784 3617 3854; x_wconf 85' lang='lat' dir='ltr'><strong>quemadmodum</strong></span> <span class='ocrx_word' id='word_1_587' title='bbox 3654 3784 3841 3839; x_wconf 88' lang='lat' dir='ltr'><strong>videli-</strong></span> 
     </span>
    </p>
   </div>
   <div class='ocr_carea' id='block_1_83' title="bbox 2249 3877 3845 3949">
    <p class='ocr_par' dir='ltr' id='par_1_83' title="bbox 2249 3877 3845 3949">
     <span class='ocr_line' id='line_1_83' title="bbox 2249 3877 3845 3949; baseline -0.003 -14"><span class='ocrx_word' id='word_1_588' title='bbox 2249 3888 2335 3935; x_wconf 90' lang='lat' dir='ltr'><strong>cet</strong></span> <span class='ocrx_word' id='word_1_589' title='bbox 2363 3878 2489 3933; x_wconf 90' lang='lat' dir='ltr'><strong>olim</strong></span> <span class='ocrx_word' id='word_1_590' title='bbox 2518 3877 2730 3949; x_wconf 89' lang='lat' dir='ltr'><strong>generis</strong></span> <span class='ocrx_word' id='word_1_591' title='bbox 2762 3878 2979 3933; x_wconf 89' lang='lat' dir='ltr'><strong>humani</strong></span> <span class='ocrx_word' id='word_1_592' title='bbox 3026 3887 3301 3933; x_wconf 88' lang='lat' dir='ltr'><strong>auctorem</strong></span> <span class='ocrx_word' id='word_1_593' title='bbox 3334 3878 3456 3932; x_wconf 68' lang='lat' dir='ltr'><strong>Evaa</strong></span> <span class='ocrx_word' id='word_1_594' title='bbox 3498 3891 3665 3946; x_wconf 88' lang='lat' dir='ltr'><strong>opera</strong></span> <span class='ocrx_word' id='word_1_595' title='bbox 3694 3892 3725 3931; x_wconf 90' lang='lat' dir='ltr'><strong>e</strong></span> <span class='ocrx_word' id='word_1_596' title='bbox 3758 3893 3845 3946; x_wconf 83' lang='lat' dir='ltr'><strong>pa-</strong></span> 
     </span>
    </p>
   </div>
   <div class='ocr_carea' id='block_1_84' title="bbox 2252 3971 3844 4040">
    <p class='ocr_par' dir='ltr' id='par_1_84' title="bbox 2252 3971 3844 4040">
     <span class='ocr_line' id='line_1_84' title="bbox 2252 3971 3844 4040; baseline -0.003 -14"><span class='ocrx_word' id='word_1_597' title='bbox 2252 3972 2432 4027; x_wconf 83' lang='lat' dir='ltr'><strong>radiso</strong></span> <span class='ocrx_word' id='word_1_598' title='bbox 2463 3986 2524 4026; x_wconf 91' lang='lat' dir='ltr'><strong>ac</strong></span> <span class='ocrx_word' id='word_1_599' title='bbox 2568 3973 2677 4027; x_wconf 89' lang='lat' dir='ltr'><strong>Deo</strong></span> <span class='ocrx_word' id='word_1_600' title='bbox 2708 3973 2903 4028; x_wconf 89' lang='lat' dir='ltr'><strong>misere</strong></span> <span class='ocrx_word' id='word_1_601' title='bbox 2949 3972 3366 4039; x_wconf 84' lang='lat' dir='ltr'><strong>exterminavit,</strong></span> <span class='ocrx_word' id='word_1_602' title='bbox 3399 3986 3630 4040; x_wconf 75' lang='lat' dir='ltr'><strong>curaque</strong></span> <span class='ocrx_word' id='word_1_603' title='bbox 3676 3971 3844 4025; x_wconf 66' lang='lat' dir='ltr'><strong>beata:</strong></span> 
     </span>
    </p>
   </div>
   <div class='ocr_carea' id='block_1_85' title="bbox 2249 4059 3481 4133">
    <p class='ocr_par' dir='ltr' id='par_1_85' title="bbox 2249 4059 3481 4133">
     <span class='ocr_line' id='line_1_85' title="bbox 2249 4059 3481 4133; baseline -0.003 -16"><span class='ocrx_word' id='word_1_604' title='bbox 2249 4074 2411 4133; x_wconf 88' lang='lat' dir='ltr'><strong>atque</strong></span> <span class='ocrx_word' id='word_1_605' title='bbox 2437 4062 2758 4117; x_wconf 85' lang='lat' dir='ltr'><strong>immortalis</strong></span> <span class='ocrx_word' id='word_1_606' title='bbox 2782 4060 2905 4116; x_wconf 78' lang='lat' dir='ltr'><strong>vita:</strong></span> <span class='ocrx_word' id='word_1_607' title='bbox 2929 4061 3050 4116; x_wconf 84' lang='lat' dir='ltr'><strong>loco</strong></span> <span class='ocrx_word' id='word_1_608' title='bbox 3078 4063 3236 4115; x_wconf 86' lang='lat' dir='ltr'><strong>morti</strong></span> <span class='ocrx_word' id='word_1_609' title='bbox 3257 4059 3481 4115; x_wconf 77' lang='lat' dir='ltr'><strong>addixit.</strong></span> 
     </span>
    </p>
   </div>
   <div class='ocr_carea' id='block_1_86' title="bbox 2325 4138 3843 4226">
    <p class='ocr_par' dir='ltr' id='par_1_86' title="bbox 2325 4138 3843 4226">
     <span class='ocr_line' id='line_1_86' title="bbox 2325 4138 3843 4226; baseline -0.005 -16"><span class='ocrx_word' id='word_1_610' title='bbox 2325 4157 2677 4226; x_wconf 85' lang='lat' dir='ltr'><strong>Posteaquam</strong></span> <span class='ocrx_word' id='word_1_611' title='bbox 2708 4155 2868 4225; x_wconf 86' lang='lat' dir='ltr'><strong>igitur</strong></span> <span class='ocrx_word' id='word_1_612' title='bbox 2892 4138 3066 4223; x_wconf 68' lang='lat' dir='ltr'><strong>pueila</strong></span> <span class='ocrx_word' id='word_1_613' title='bbox 3087 4154 3251 4209; x_wconf 89' lang='lat' dir='ltr'><strong>verba</strong></span> <span class='ocrx_word' id='word_1_614' title='bbox 3277 4152 3367 4208; x_wconf 89' lang='lat' dir='ltr'><strong>illa</strong></span> <span class='ocrx_word' id='word_1_615' title='bbox 3394 4150 3544 4206; x_wconf 89' lang='lat' dir='ltr'><strong>omni</strong></span> <span class='ocrx_word' id='word_1_616' title='bbox 3577 4150 3843 4220; x_wconf 85' lang='lat' dir='ltr'><strong>sapientia</strong></span> 
     </span>
    </p>
   </div>
   <div class='ocr_carea' id='block_1_87' title="bbox 2250 4242 3841 4316">
    <p class='ocr_par' dir='ltr' id='par_1_87' title="bbox 2250 4242 3841 4316">
     <span class='ocr_line' id='line_1_87' title="bbox 2250 4242 3841 4316; baseline -0.007 -12"><span class='ocrx_word' id='word_1_617' title='bbox 2250 4248 2443 4304; x_wconf 78' lang='lat' dir='ltr'><strong>referta</strong></span> <span class='ocrx_word' id='word_1_618' title='bbox 2494 4248 2722 4313; x_wconf 88' lang='lat' dir='ltr'><strong>audivit,</strong></span> <span class='ocrx_word' id='word_1_619' title='bbox 2754 4261 2850 4316; x_wconf 91' lang='lat' dir='ltr'><strong>pro</strong></span> <span class='ocrx_word' id='word_1_620' title='bbox 2896 4260 2991 4301; x_wconf 89' lang='lat' dir='ltr'><strong>sua</strong></span> <span class='ocrx_word' id='word_1_621' title='bbox 3024 4244 3249 4301; x_wconf 90' lang='lat' dir='ltr'><strong>stultitia</strong></span> <span class='ocrx_word' id='word_1_622' title='bbox 3292 4260 3354 4299; x_wconf 91' lang='lat' dir='ltr'><strong>ca</strong></span> <span class='ocrx_word' id='word_1_623' title='bbox 3394 4258 3502 4299; x_wconf 90' lang='lat' dir='ltr'><strong>non</strong></span> <span class='ocrx_word' id='word_1_624' title='bbox 3551 4242 3841 4305; x_wconf 82' lang='lat' dir='ltr'><strong>intellexit,</strong></span> 
     </span>
    </p>
   </div>
   <div class='ocr_carea' id='block_1_88' title="bbox 2249 4330 3844 4410">
    <p class='ocr_par' dir='ltr' id='par_1_88' title="bbox 2249 4330 3844 4410">
     <span class='ocr_line' id='line_1_88' title="bbox 2249 4330 3844 4410; baseline -0.004 -15"><span class='ocrx_word' id='word_1_625' title='bbox 2249 4356 2434 4397; x_wconf 82' lang='lat' dir='ltr'><strong>verum</strong></span> <span class='ocrx_word' id='word_1_626' title='bbox 2465 4338 2769 4410; x_wconf 81' lang='lat' dir='ltr'><strong>ltujusmodi</strong></span> <span class='ocrx_word' id='word_1_627' title='bbox 2798 4352 3115 4405; x_wconf 86' lang='lat' dir='ltr'><strong>responsum</strong></span> <span class='ocrx_word' id='word_1_628' title='bbox 3146 4335 3335 4399; x_wconf 89' lang='lat' dir='ltr'><strong>edidit,</strong></span> <span class='ocrx_word' id='word_1_629' title='bbox 3368 4335 3528 4405; x_wconf 89' lang='lat' dir='ltr'><strong>quale</strong></span> <span class='ocrx_word' id='word_1_630' title='bbox 3560 4333 3625 4387; x_wconf 90' lang='lat' dir='ltr'><strong>ab</strong></span> <span class='ocrx_word' id='word_1_631' title='bbox 3672 4348 3735 4387; x_wconf 86' lang='lat' dir='ltr'><strong>ea</strong></span> <span class='ocrx_word' id='word_1_632' title='bbox 3758 4330 3844 4389; x_wconf 84' lang='lat' dir='ltr'><strong>edi</strong></span> 
     </span>
    </p>
   </div>
   <div class='ocr_carea' id='block_1_89' title="bbox 2248 4431 3844 4507">
    <p class='ocr_par' dir='ltr' id='par_1_89' title="bbox 2248 4431 3844 4507">
     <span class='ocr_line' id='line_1_89' title="bbox 2248 4431 3844 4507; baseline -0.005 -15"><span class='ocrx_word' id='word_1_633' title='bbox 2248 4446 2672 4493; x_wconf 88' lang='lat' dir='ltr'><strong>consentaneum</strong></span> <span class='ocrx_word' id='word_1_634' title='bbox 2716 4432 3042 4507; x_wconf 79' lang='lat' dir='ltr'><strong>315erat,</strong></span> <span class='ocrx_word' id='word_1_635' title='bbox 3085 4448 3204 4503; x_wconf 82' lang='lat' dir='ltr'><strong>quae</strong></span> <span class='ocrx_word' id='word_1_636' title='bbox 3248 4431 3446 4487; x_wconf 85' lang='lat' dir='ltr'><strong>diaboli</strong></span> <span class='ocrx_word' id='word_1_637' title='bbox 3478 4431 3656 4499; x_wconf 91' lang='lat' dir='ltr'><strong>lingua</strong></span> <span class='ocrx_word' id='word_1_638' title='bbox 3682 4439 3844 4500; x_wconf 85' lang='lat' dir='ltr'><strong>atque</strong></span> 
     </span>
    </p>
   </div>
   <div class='ocr_carea' id='block_1_90' title="bbox 2250 4523 3843 4595">
    <p class='ocr_par' dir='ltr' id='par_1_90' title="bbox 2250 4523 3843 4595">
     <span class='ocr_line' id='line_1_90' title="bbox 2250 4523 3843 4595; baseline -0.004 -11"><span class='ocrx_word' id='word_1_639' title='bbox 2250 4543 2311 4584; x_wconf 92' lang='lat' dir='ltr'><strong>os</strong></span> <span class='ocrx_word' id='word_1_640' title='bbox 2336 4536 2489 4593; x_wconf 87' lang='lat' dir='ltr'><strong>erat;</strong></span> <span class='ocrx_word' id='word_1_641' title='bbox 2541 4526 2723 4595; x_wconf 88' lang='lat' dir='ltr'><strong>aitque</strong></span> <span class='ocrx_word' id='word_1_642' title='bbox 2773 4543 2785 4579; x_wconf 90' lang='lat'><strong>:</strong></span> <span class='ocrx_word' id='word_1_643' title='bbox 2840 4525 2895 4581; x_wconf 91' lang='lat' dir='ltr'><strong>Si</strong></span> <span class='ocrx_word' id='word_1_644' title='bbox 2940 4524 3133 4579; x_wconf 88' lang='lat' dir='ltr'><strong>salutis</strong></span> <span class='ocrx_word' id='word_1_645' title='bbox 3175 4539 3335 4590; x_wconf 67' lang='lat' dir='ltr'><strong>meae,</strong></span> <span class='ocrx_word' id='word_1_646' title='bbox 3383 4540 3415 4576; x_wconf 94' lang='lat' dir='ltr'><strong>o</strong></span> <span class='ocrx_word' id='word_1_647' title='bbox 3443 4523 3683 4588; x_wconf 90' lang='lat' dir='ltr'><strong>domine,</strong></span> <span class='ocrx_word' id='word_1_648' title='bbox 3714 4536 3843 4577; x_wconf 87' lang='lat' dir='ltr'><strong>cura</strong></span> 
     </span>
    </p>
   </div>
   <div class='ocr_carea' id='block_1_91' title="bbox 2250 4613 3845 4688">
    <p class='ocr_par' dir='ltr' id='par_1_91' title="bbox 2250 4613 3845 4688">
     <span class='ocr_line' id='line_1_91' title="bbox 2250 4613 3845 4688; baseline -0.006 -13"><span class='ocrx_word' id='word_1_649' title='bbox 2250 4618 2507 4688; x_wconf 88' lang='lat' dir='ltr'><strong>tangeris,</strong></span> <span class='ocrx_word' id='word_1_650' title='bbox 2536 4631 2599 4671; x_wconf 91' lang='lat' dir='ltr'><strong>ac</strong></span> <span class='ocrx_word' id='word_1_651' title='bbox 2650 4632 2738 4671; x_wconf 90' lang='lat' dir='ltr'><strong>me</strong></span> <span class='ocrx_word' id='word_1_652' title='bbox 2768 4616 2880 4672; x_wconf 89' lang='lat' dir='ltr'><strong>Deo</strong></span> <span class='ocrx_word' id='word_1_653' title='bbox 2906 4628 2998 4671; x_wconf 90' lang='lat' dir='ltr'><strong>tuo</strong></span> <span class='ocrx_word' id='word_1_654' title='bbox 3023 4616 3341 4682; x_wconf 83' lang='lat' dir='ltr'><strong>conciliare,</strong></span> <span class='ocrx_word' id='word_1_655' title='bbox 3370 4614 3703 4685; x_wconf 66' lang='lat' dir='ltr'><strong>abjectaaque</strong></span> <span class='ocrx_word' id='word_1_656' title='bbox 3727 4613 3845 4667; x_wconf 81' lang='lat' dir='ltr'><strong>ani—</strong></span> 
     </span>
    </p>
   </div>
   <div class='ocr_carea' id='block_1_92' title="bbox 562 4706 3846 4781">
    <p class='ocr_par' dir='ltr' id='par_1_92' title="bbox 562 4706 3846 4781">
     <span class='ocr_line' id='line_1_92' title="bbox 562 4706 3846 4781; baseline 0.001 -22"><span class='ocrx_word' id='word_1_657' title='bbox 562 4708 746 4760; x_wconf 86' lang='lat' dir='ltr'><strong>animo</strong></span> <span class='ocrx_word' id='word_1_658' title='bbox 794 4715 849 4762; x_wconf 89' lang='lat' dir='ltr'><strong>et</strong></span> <span class='ocrx_word' id='word_1_659' title='bbox 895 4709 1219 4777; x_wconf 84' lang='lat' dir='ltr'><strong>cogitatione</strong></span> <span class='ocrx_word' id='word_1_660' title='bbox 1251 4709 1568 4776; x_wconf 66' lang='lat' dir='ltr'><strong>informatus,</strong></span> <span class='ocrx_word' id='word_1_661' title='bbox 1618 4720 1729 4764; x_wconf 90' lang='lat' dir='ltr'><strong>tum</strong></span> <span class='ocrx_word' id='word_1_662' title='bbox 1776 4709 2143 4765; x_wconf 77' lang='lat' dir='ltr'><strong>denuntiatum</strong></span> <span class='ocrx_word' id='word_1_663' title='bbox 2172 4707 2226 4767; x_wconf 88' lang='lat' dir='ltr'><strong>D</strong></span> <span class='ocrx_word' id='word_1_664' title='bbox 2253 4726 2508 4781; x_wconf 65' lang='lat' dir='ltr'><strong>inminens</strong></span> <span class='ocrx_word' id='word_1_665' title='bbox 2540 4710 2768 4766; x_wconf 89' lang='lat' dir='ltr'><strong>salutem</strong></span> <span class='ocrx_word' id='word_1_666' title='bbox 2816 4709 3013 4765; x_wconf 75' lang='lat' dir='ltr'><strong>afferre</strong></span> <span class='ocrx_word' id='word_1_667' title='bbox 3054 4710 3263 4777; x_wconf 89' lang='lat' dir='ltr'><strong>studes,</strong></span> <span class='ocrx_word' id='word_1_668' title='bbox 3307 4708 3469 4764; x_wconf 89' lang='lat' dir='ltr'><strong>factu</strong></span> <span class='ocrx_word' id='word_1_669' title='bbox 3494 4722 3709 4777; x_wconf 89' lang='lat' dir='ltr'><strong>quoque</strong></span> <span class='ocrx_word' id='word_1_670' title='bbox 3752 4706 3846 4761; x_wconf 89' lang='lat' dir='ltr'><strong>uni</strong></span> 
     </span>
    </p>
   </div>
   <div class='ocr_carea' id='block_1_93' title="bbox 561 4799 2144 4871">
    <p class='ocr_par' dir='ltr' id='par_1_93' title="bbox 561 4799 2144 4871">
     <span class='ocr_line' id='line_1_93' title="bbox 561 4799 2144 4871; baseline 0.001 -18"><span class='ocrx_word' id='word_1_671' title='bbox 561 4799 820 4867; x_wconf 89' lang='lat' dir='ltr'><strong>improbis</strong></span> <span class='ocrx_word' id='word_1_672' title='bbox 841 4800 1140 4866; x_wconf 78' lang='lat' dir='ltr'><strong>gehennam</strong></span> <span class='ocrx_word' id='word_1_673' title='bbox 1165 4809 1350 4871; x_wconf 87' lang='lat' dir='ltr'><strong>aperte</strong></span> <span class='ocrx_word' id='word_1_674' title='bbox 1380 4802 1481 4856; x_wconf 84' lang='lat' dir='ltr'><strong>sibi</strong></span> <span class='ocrx_word' id='word_1_675' title='bbox 1500 4802 1572 4856; x_wconf 89' lang='lat' dir='ltr'><strong>ob</strong></span> <span class='ocrx_word' id='word_1_676' title='bbox 1598 4802 1788 4857; x_wconf 90' lang='lat' dir='ltr'><strong>oculos</strong></span> <span class='ocrx_word' id='word_1_677' title='bbox 1817 4816 2144 4871; x_wconf 88' lang='lat' dir='ltr'><strong>proponens.</strong></span> 
     </span>
    </p>
   </div>
   <div class='ocr_carea' id='block_1_94' title="bbox 559 4890 2144 4959">
    <p class='ocr_par' dir='ltr' id='par_1_94' title="bbox 559 4890 2144 4959">
     <span class='ocr_line' id='line_1_94' title="bbox 559 4890 2144 4959; baseline 0.001 -14"><span class='ocrx_word' id='word_1_678' title='bbox 559 4890 717 4959; x_wconf 77' lang='lat' dir='ltr'><strong>Quod</strong></span> <span class='ocrx_word' id='word_1_679' title='bbox 744 4891 948 4946; x_wconf 86' lang='lat' dir='ltr'><strong>scilicet</strong></span> <span class='ocrx_word' id='word_1_680' title='bbox 974 4907 1034 4946; x_wconf 91' lang='lat' dir='ltr'><strong>ea</strong></span> <span class='ocrx_word' id='word_1_681' title='bbox 1066 4891 1133 4947; x_wconf 91' lang='lat' dir='ltr'><strong>de</strong></span> <span class='ocrx_word' id='word_1_682' title='bbox 1156 4906 1319 4947; x_wconf 87' lang='lat' dir='ltr'><strong>causa</strong></span> <span class='ocrx_word' id='word_1_683' title='bbox 1353 4890 1580 4947; x_wconf 80' lang='lat' dir='ltr'><strong>faciebat</strong></span> <span class='ocrx_word' id='word_1_684' title='bbox 1610 4908 1677 4946; x_wconf 91' lang='lat' dir='ltr'><strong>ne</strong></span> <span class='ocrx_word' id='word_1_685' title='bbox 1699 4892 1871 4947; x_wconf 87' lang='lat' dir='ltr'><strong>hostis</strong></span> <span class='ocrx_word' id='word_1_686' title='bbox 1914 4894 2144 4947; x_wconf 88' lang='lat' dir='ltr'><strong>inertem</strong></span> 
     </span>
    </p>
   </div>
   <div class='ocr_carea' id='block_1_95' title="bbox 558 4986 2141 5058">
    <p class='ocr_par' dir='ltr' id='par_1_95' title="bbox 558 4986 2141 5058">
     <span class='ocr_line' id='line_1_95' title="bbox 558 4986 2141 5058; baseline 0.001 -17"><span class='ocrx_word' id='word_1_687' title='bbox 558 5002 623 5041; x_wconf 85' lang='lat' dir='ltr'><strong>ac</strong></span> <span class='ocrx_word' id='word_1_688' title='bbox 650 4986 879 5041; x_wconf 88' lang='lat' dir='ltr'><strong>solutam</strong></span> <span class='ocrx_word' id='word_1_689' title='bbox 912 4988 1079 5057; x_wconf 88' lang='lat' dir='ltr'><strong>ipsius</strong></span> <span class='ocrx_word' id='word_1_690' title='bbox 1119 4988 1353 5042; x_wconf 87' lang='lat' dir='ltr'><strong>animam</strong></span> <span class='ocrx_word' id='word_1_691' title='bbox 1382 4997 1593 5055; x_wconf 79' lang='lat' dir='ltr'><strong>nactos,</strong></span> <span class='ocrx_word' id='word_1_692' title='bbox 1640 5003 1829 5058; x_wconf 89' lang='lat' dir='ltr'><strong>pravas</strong></span> <span class='ocrx_word' id='word_1_693' title='bbox 1863 4990 2141 5057; x_wconf 76' lang='lat' dir='ltr'><strong>Cogilalio-</strong></span> 
     </span>
    </p>
   </div>
   <div class='ocr_carea' id='block_1_96' title="bbox 560 5080 2144 5153">
    <p class='ocr_par' dir='ltr' id='par_1_96' title="bbox 560 5080 2144 5153">
     <span class='ocr_line' id='line_1_96' title="bbox 560 5080 2144 5153; baseline 0.003 -20"><span class='ocrx_word' id='word_1_694' title='bbox 560 5090 653 5134; x_wconf 90' lang='lat' dir='ltr'><strong>nes</strong></span> <span class='ocrx_word' id='word_1_695' title='bbox 680 5080 775 5149; x_wconf 89' lang='lat' dir='ltr'><strong>ipsi</strong></span> <span class='ocrx_word' id='word_1_696' title='bbox 806 5081 954 5136; x_wconf 89' lang='lat' dir='ltr'><strong>nullo</strong></span> <span class='ocrx_word' id='word_1_697' title='bbox 984 5081 1200 5152; x_wconf 85' lang='lat' dir='ltr'><strong>negotio</strong></span> <span class='ocrx_word' id='word_1_698' title='bbox 1230 5082 1512 5147; x_wconf 85' lang='lat' dir='ltr'><strong>insereret,</strong></span> <span class='ocrx_word' id='word_1_699' title='bbox 1544 5080 1816 5151; x_wconf 80' lang='lat' dir='ltr'><strong>animique</strong></span> <span class='ocrx_word' id='word_1_700' title='bbox 1851 5082 2021 5152; x_wconf 87' lang='lat' dir='ltr'><strong>ipsius</strong></span> <span class='ocrx_word' id='word_1_701' title='bbox 2046 5099 2144 5153; x_wconf 90' lang='lat' dir='ltr'><strong>pu-</strong></span> 
     </span>
    </p>
   </div>
   <div class='ocr_carea' id='block_1_97' title="bbox 560 5172 2139 5243">
    <p class='ocr_par' dir='ltr' id='par_1_97' title="bbox 560 5172 2139 5243">
     <span class='ocr_line' id='line_1_97' title="bbox 560 5172 2139 5243; baseline 0.003 -18"><span class='ocrx_word' id='word_1_702' title='bbox 560 5172 770 5228; x_wconf 88' lang='lat' dir='ltr'><strong>ritatem</strong></span> <span class='ocrx_word' id='word_1_703' title='bbox 796 5173 1033 5230; x_wconf 79' lang='lat' dir='ltr'><strong>turbaret</strong></span> <span class='ocrx_word' id='word_1_704' title='bbox 1047 5183 1103 5230; x_wconf 87' lang='lat' dir='ltr'><strong>et</strong></span> <span class='ocrx_word' id='word_1_705' title='bbox 1122 5174 1385 5230; x_wconf 83' lang='lat' dir='ltr'><strong>inliceret.</strong></span> <span class='ocrx_word' id='word_1_706' title='bbox 1404 5172 1536 5230; x_wconf 85' lang='lat' dir='ltr'><strong>Cum</strong></span> <span class='ocrx_word' id='word_1_707' title='bbox 1556 5174 1718 5243; x_wconf 88' lang='lat' dir='ltr'><strong>igitur</strong></span> <span class='ocrx_word' id='word_1_708' title='bbox 1732 5173 1906 5229; x_wconf 88' lang='lat' dir='ltr'><strong>hostis</strong></span> <span class='ocrx_word' id='word_1_709' title='bbox 1919 5174 2139 5230; x_wconf 87' lang='lat' dir='ltr'><strong>omnino</strong></span> 
     </span>
    </p>
   </div>
   <div class='ocr_carea' id='block_1_98' title="bbox 558 5264 2147 5336">
    <p class='ocr_par' dir='ltr' id='par_1_98' title="bbox 558 5264 2147 5336">
     <span class='ocr_line' id='line_1_98' title="bbox 558 5264 2147 5336; baseline 0.003 -19"><span class='ocrx_word' id='word_1_710' title='bbox 558 5274 740 5321; x_wconf 84' lang='lat' dir='ltr'><strong>ruente</strong></span> <span class='ocrx_word' id='word_1_711' title='bbox 785 5267 1117 5331; x_wconf 73' lang='lat' dir='ltr'><strong>cont-ideret,</strong></span> <span class='ocrx_word' id='word_1_712' title='bbox 1167 5280 1333 5336; x_wconf 84' lang='lat' dir='ltr'><strong>seque</strong></span> <span class='ocrx_word' id='word_1_713' title='bbox 1381 5277 1667 5322; x_wconf 88' lang='lat' dir='ltr'><strong>strenuum</strong></span> <span class='ocrx_word' id='word_1_714' title='bbox 1706 5265 1958 5333; x_wconf 80' lang='lat' dir='ltr'><strong>juvenem</strong></span> <span class='ocrx_word' id='word_1_715' title='bbox 2000 5264 2147 5335; x_wconf 84' lang='lat' dir='ltr'><strong>deje-</strong></span> 
     </span>
    </p>
   </div>
   <div class='ocr_carea' id='block_1_99' title="bbox 557 5356 2147 5426">
    <p class='ocr_par' dir='ltr' id='par_1_99' title="bbox 557 5356 2147 5426">
     <span class='ocr_line' id='line_1_99' title="bbox 557 5356 2147 5426; baseline 0.003 -19"><span class='ocrx_word' id='word_1_716' title='bbox 557 5364 777 5410; x_wconf 84' lang='lat' dir='ltr'><strong>ctnrunr</strong></span> <span class='ocrx_word' id='word_1_717' title='bbox 803 5374 1019 5425; x_wconf 88' lang='lat' dir='ltr'><strong>prorsus</strong></span> <span class='ocrx_word' id='word_1_718' title='bbox 1050 5358 1341 5426; x_wconf 84' lang='lat' dir='ltr'><strong>difﬁderet,</strong></span> <span class='ocrx_word' id='word_1_719' title='bbox 1373 5358 1441 5413; x_wconf 91' lang='lat' dir='ltr'><strong>ad</strong></span> <span class='ocrx_word' id='word_1_720' title='bbox 1467 5357 1627 5413; x_wconf 86' lang='lat' dir='ltr'><strong>aliam</strong></span> <span class='ocrx_word' id='word_1_721' title='bbox 1658 5356 1987 5412; x_wconf 87' lang='lat' dir='ltr'><strong>callidiorem</strong></span> <span class='ocrx_word' id='word_1_722' title='bbox 2013 5357 2147 5411; x_wconf 88' lang='lat' dir='ltr'><strong>frau-</strong></span> 
     </span>
    </p>
   </div>
   <div class='ocr_carea' id='block_1_100' title="bbox 557 5446 2146 5522">
    <p class='ocr_par' dir='ltr' id='par_1_100' title="bbox 557 5446 2146 5522">
     <span class='ocr_line' id='line_1_100' title="bbox 557 5446 2146 5522; baseline 0.003 -25"><span class='ocrx_word' id='word_1_723' title='bbox 557 5446 679 5499; x_wconf 76' lang='lat' dir='ltr'><strong>dem</strong></span> <span class='ocrx_word' id='word_1_724' title='bbox 712 5462 833 5503; x_wconf 85' lang='lat' dir='ltr'><strong>sese</strong></span> <span class='ocrx_word' id='word_1_725' title='bbox 858 5451 1067 5505; x_wconf 84' lang='lat' dir='ltr'><strong>confert</strong></span> <span class='ocrx_word' id='word_1_726' title='bbox 1095 5451 1177 5522; x_wconf 91' lang='lat' dir='ltr'><strong>(ut</strong></span> <span class='ocrx_word' id='word_1_727' title='bbox 1214 5452 1300 5520; x_wconf 91' lang='lat' dir='ltr'><strong>qui</strong></span> <span class='ocrx_word' id='word_1_728' title='bbox 1333 5464 1549 5517; x_wconf 88' lang='lat' dir='ltr'><strong>semper</strong></span> <span class='ocrx_word' id='word_1_729' title='bbox 1580 5448 1758 5503; x_wconf 89' lang='lat' dir='ltr'><strong>malus</strong></span> <span class='ocrx_word' id='word_1_730' title='bbox 1786 5450 1890 5514; x_wconf 87' lang='lat' dir='ltr'><strong>sit,</strong></span> <span class='ocrx_word' id='word_1_731' title='bbox 1921 5463 2022 5503; x_wconf 90' lang='lat' dir='ltr'><strong>nec</strong></span> <span class='ocrx_word' id='word_1_732' title='bbox 2049 5464 2146 5502; x_wconf 88' lang='lat' dir='ltr'><strong>un-</strong></span> 
     </span>
    </p>
   </div>
   <div class='ocr_carea' id='block_1_101' title="bbox 557 5540 2145 5616">
    <p class='ocr_par' dir='ltr' id='par_1_101' title="bbox 557 5540 2145 5616">
     <span class='ocr_line' id='line_1_101' title="bbox 557 5540 2145 5616; baseline 0.003 -24"><span class='ocrx_word' id='word_1_733' title='bbox 557 5555 721 5607; x_wconf 69' lang='lat' dir='ltr'><strong>quam</strong></span> <span class='ocrx_word' id='word_1_734' title='bbox 748 5540 943 5610; x_wconf 82' lang='lat' dir='ltr'><strong>aliquid</strong></span> <span class='ocrx_word' id='word_1_735' title='bbox 988 5544 1190 5608; x_wconf 85' lang='lat' dir='ltr'><strong>moliri,</strong></span> <span class='ocrx_word' id='word_1_736' title='bbox 1214 5555 1376 5616; x_wconf 90' lang='lat' dir='ltr'><strong>atque</strong></span> <span class='ocrx_word' id='word_1_737' title='bbox 1405 5542 1805 5599; x_wconf 87' lang='lat' dir='ltr'><strong>incommodum</strong></span> <span class='ocrx_word' id='word_1_738' title='bbox 1828 5542 2042 5611; x_wconf 84' lang='lat' dir='ltr'><strong>aliquod</strong></span> <span class='ocrx_word' id='word_1_739' title='bbox 2091 5553 2145 5597; x_wconf 88' lang='lat' dir='ltr'><strong>et</strong></span> 
     </span>
    </p>
   </div>
   <div class='ocr_carea' id='block_1_102' title="bbox 556 5630 2144 5705">
    <p class='ocr_par' dir='ltr' id='par_1_102' title="bbox 556 5630 2144 5705">
     <span class='ocr_line' id='line_1_102' title="bbox 556 5630 2144 5705; baseline 0.001 -21"><span class='ocrx_word' id='word_1_740' title='bbox 556 5630 935 5686; x_wconf 86' lang='lat' dir='ltr'><strong>detrimentum</strong></span> <span class='ocrx_word' id='word_1_741' title='bbox 963 5634 1156 5689; x_wconf 76' lang='lat' dir='ltr'><strong>afferre</strong></span> <span class='ocrx_word' id='word_1_742' title='bbox 1184 5636 1556 5705; x_wconf 78' lang='lat' dir='ltr'><strong>intermittat),</strong></span> <span class='ocrx_word' id='word_1_743' title='bbox 1603 5634 1657 5689; x_wconf 92' lang='lat' dir='ltr'><strong>in</strong></span> <span class='ocrx_word' id='word_1_744' title='bbox 1684 5632 1735 5687; x_wconf 90' lang='lat' dir='ltr'><strong>id</strong></span> <span class='ocrx_word' id='word_1_745' title='bbox 1779 5632 1924 5686; x_wconf 89' lang='lat' dir='ltr'><strong>omni</strong></span> <span class='ocrx_word' id='word_1_746' title='bbox 1966 5633 2144 5686; x_wconf 89' lang='lat' dir='ltr'><strong>studio</strong></span> 
     </span>
    </p>
   </div>
   <div class='ocr_carea' id='block_1_103' title="bbox 558 5720 2141 5794">
    <p class='ocr_par' dir='ltr' id='par_1_103' title="bbox 558 5720 2141 5794">
     <span class='ocr_line' id='line_1_103' title="bbox 558 5720 2141 5794; baseline 0.003 -19"><span class='ocrx_word' id='word_1_747' title='bbox 558 5720 897 5791; x_wconf 74' lang='lat' dir='ltr'><strong>incumbens,</strong></span> <span class='ocrx_word' id='word_1_748' title='bbox 922 5734 979 5779; x_wconf 90' lang='lat' dir='ltr'><strong>ut</strong></span> <span class='ocrx_word' id='word_1_749' title='bbox 1002 5740 1123 5794; x_wconf 65' lang='lat' dir='ltr'><strong>quas</strong></span> <span class='ocrx_word' id='word_1_750' title='bbox 1170 5728 1270 5783; x_wconf 87' lang='lat' dir='ltr'><strong>sibi</strong></span> <span class='ocrx_word' id='word_1_751' title='bbox 1304 5742 1332 5781; x_wconf 93' lang='lat' dir='ltr'><strong>a</strong></span> <span class='ocrx_word' id='word_1_752' title='bbox 1381 5727 1603 5782; x_wconf 86' lang='lat' dir='ltr'><strong>Theuda</strong></span> <span class='ocrx_word' id='word_1_753' title='bbox 1633 5725 1881 5781; x_wconf 88' lang='lat' dir='ltr'><strong>mandata</strong></span> <span class='ocrx_word' id='word_1_754' title='bbox 1927 5725 2141 5780; x_wconf 79' lang='lat' dir='ltr'><strong>fuerant</strong></span> 
     </span>
    </p>
   </div>
   <div class='ocr_carea' id='block_1_104' title="bbox 557 5817 2142 5890">
    <p class='ocr_par' dir='ltr' id='par_1_104' title="bbox 557 5817 2142 5890">
     <span class='ocr_line' id='line_1_104' title="bbox 557 5817 2142 5890; baseline 0.003 -21"><span class='ocrx_word' id='word_1_755' title='bbox 557 5826 897 5883; x_wconf 81' lang='lat' dir='ltr'><strong>exsequatur.</strong></span> <span class='ocrx_word' id='word_1_756' title='bbox 928 5817 1108 5888; x_wconf 85' lang='lat' dir='ltr'><strong>itaque</strong></span> <span class='ocrx_word' id='word_1_757' title='bbox 1138 5834 1326 5875; x_wconf 86' lang='lat' dir='ltr'><strong>rursus</strong></span> <span class='ocrx_word' id='word_1_758' title='bbox 1354 5819 1663 5878; x_wconf 81' lang='lat' dir='ltr'><strong>huiusmodi</strong></span> <span class='ocrx_word' id='word_1_759' title='bbox 1689 5818 1976 5890; x_wconf 88' lang='lat' dir='ltr'><strong>pbarmaca</strong></span> <span class='ocrx_word' id='word_1_760' title='bbox 2004 5832 2142 5874; x_wconf 86' lang='lat' dir='ltr'><strong>com-</strong></span> 
     </span>
    </p>
   </div>
   <div class='ocr_carea' id='block_1_105' title="bbox 559 5916 727 5975">
    <p class='ocr_par' dir='ltr' id='par_1_105' title="bbox 559 5916 727 5975">
     <span class='ocr_line' id='line_1_105' title="bbox 559 5916 727 5975; baseline 0.012 -19"><span class='ocrx_word' id='word_1_761' title='bbox 559 5916 727 5975; x_wconf 90' lang='lat' dir='ltr'><strong>parat.</strong></span> 
     </span>
    </p>
   </div>
   <div class='ocr_carea' id='block_1_106' title="bbox 2255 4796 3839 4871">
    <p class='ocr_par' dir='ltr' id='par_1_106' title="bbox 2255 4796 3839 4871">
     <span class='ocr_line' id='line_1_106' title="bbox 2255 4796 3839 4871; baseline -0.006 -12"><span class='ocrx_word' id='word_1_762' title='bbox 2255 4818 2390 4860; x_wconf 84' lang='lat' dir='ltr'><strong>meae</strong></span> <span class='ocrx_word' id='word_1_763' title='bbox 2421 4802 2664 4871; x_wconf 89' lang='lat' dir='ltr'><strong>petitioni</strong></span> <span class='ocrx_word' id='word_1_764' title='bbox 2690 4817 2917 4867; x_wconf 86' lang='lat' dir='ltr'><strong>annuas,</strong></span> <span class='ocrx_word' id='word_1_765' title='bbox 2952 4816 3013 4856; x_wconf 91' lang='lat' dir='ltr'><strong>ac</strong></span> <span class='ocrx_word' id='word_1_766' title='bbox 3036 4803 3218 4857; x_wconf 88' lang='lat' dir='ltr'><strong>statim</strong></span> <span class='ocrx_word' id='word_1_767' title='bbox 3244 4802 3434 4871; x_wconf 86' lang='lat' dir='ltr'><strong>patriis</strong></span> <span class='ocrx_word' id='word_1_768' title='bbox 3459 4798 3712 4855; x_wconf 88' lang='lat' dir='ltr'><strong>omnibus</strong></span> <span class='ocrx_word' id='word_1_769' title='bbox 3733 4796 3839 4852; x_wconf 80' lang='lat' dir='ltr'><strong>diis</strong></span> 
     </span>
    </p>
   </div>
   <div class='ocr_carea' id='block_1_107' title="bbox 2251 4887 3841 4964">
    <p class='ocr_par' dir='ltr' id='par_1_107' title="bbox 2251 4887 3841 4964">
     <span class='ocr_line' id='line_1_107' title="bbox 2251 4887 3841 4964; baseline -0.006 -14"><span class='ocrx_word' id='word_1_770' title='bbox 2251 4898 2386 4951; x_wconf 80' lang='lat' dir='ltr'><strong>meis</strong></span> <span class='ocrx_word' id='word_1_771' title='bbox 2408 4893 2724 4964; x_wconf 90' lang='lat' dir='ltr'><strong>repudiatis,</strong></span> <span class='ocrx_word' id='word_1_772' title='bbox 2754 4894 2865 4950; x_wconf 90' lang='lat' dir='ltr'><strong>Deo</strong></span> <span class='ocrx_word' id='word_1_773' title='bbox 2888 4902 2979 4948; x_wconf 91' lang='lat' dir='ltr'><strong>tuo</strong></span> <span class='ocrx_word' id='word_1_774' title='bbox 3007 4908 3095 4949; x_wconf 90' lang='lat' dir='ltr'><strong>me</strong></span> <span class='ocrx_word' id='word_1_775' title='bbox 3123 4892 3437 4963; x_wconf 85' lang='lat' dir='ltr'><strong>adjuugam,</strong></span> <span class='ocrx_word' id='word_1_776' title='bbox 3465 4891 3749 4960; x_wconf 90' lang='lat' dir='ltr'><strong>ipsumque</strong></span> <span class='ocrx_word' id='word_1_777' title='bbox 3772 4887 3841 4941; x_wconf 88' lang='lat' dir='ltr'><strong>ad</strong></span> 
     </span>
    </p>
   </div>
   <div class='ocr_carea' id='block_1_108' title="bbox 2246 4981 3840 5056">
    <p class='ocr_par' dir='ltr' id='par_1_108' title="bbox 2246 4981 3840 5056">
     <span class='ocr_line' id='line_1_108' title="bbox 2246 4981 3840 5056; baseline -0.006 -14"><span class='ocrx_word' id='word_1_778' title='bbox 2246 5002 2550 5042; x_wconf 88' lang='lat' dir='ltr'><strong>extremum</strong></span> <span class='ocrx_word' id='word_1_779' title='bbox 2576 5000 2745 5056; x_wconf 90' lang='lat' dir='ltr'><strong>usque</strong></span> <span class='ocrx_word' id='word_1_780' title='bbox 2774 4984 3021 5052; x_wconf 88' lang='lat' dir='ltr'><strong>spiritum</strong></span> <span class='ocrx_word' id='word_1_781' title='bbox 3050 4985 3245 5039; x_wconf 83' lang='lat' dir='ltr'><strong>colam.</strong></span> <span class='ocrx_word' id='word_1_782' title='bbox 3276 4983 3351 5038; x_wconf 88' lang='lat' dir='ltr'><strong>ita</strong></span> <span class='ocrx_word' id='word_1_783' title='bbox 3380 4993 3437 5037; x_wconf 91' lang='lat' dir='ltr'><strong>tu</strong></span> <span class='ocrx_word' id='word_1_784' title='bbox 3456 4981 3650 5036; x_wconf 80' lang='lat' dir='ltr'><strong>salutis</strong></span> <span class='ocrx_word' id='word_1_785' title='bbox 3682 4994 3840 5041; x_wconf 76' lang='lat' dir='ltr'><strong>mem,</strong></span> 
     </span>
    </p>
   </div>
   <div class='ocr_carea' id='block_1_109' title="bbox 2248 5070 3729 5145">
    <p class='ocr_par' dir='ltr' id='par_1_109' title="bbox 2248 5070 3729 5145">
     <span class='ocr_line' id='line_1_109' title="bbox 2248 5070 3729 5145; baseline -0.008 -12"><span class='ocrx_word' id='word_1_786' title='bbox 2248 5088 2406 5145; x_wconf 90' lang='lat' dir='ltr'><strong>atque</strong></span> <span class='ocrx_word' id='word_1_787' title='bbox 2438 5076 2506 5131; x_wconf 88' lang='lat' dir='ltr'><strong>ad</strong></span> <span class='ocrx_word' id='word_1_788' title='bbox 2533 5076 2700 5131; x_wconf 85' lang='lat' dir='ltr'><strong>Deum</strong></span> <span class='ocrx_word' id='word_1_789' title='bbox 2731 5073 3127 5136; x_wconf 85' lang='lat' dir='ltr'><strong>conversionis.</strong></span> <span class='ocrx_word' id='word_1_790' title='bbox 3171 5071 3475 5128; x_wconf 78' lang='lat' dir='ltr'><strong>mercedem</strong></span> <span class='ocrx_word' id='word_1_791' title='bbox 3504 5070 3729 5125; x_wconf 83' lang='lat' dir='ltr'><strong>referes.</strong></span> 
     </span>
    </p>
   </div>
   <div class='ocr_carea' id='block_1_110' title="bbox 2320 5160 3847 5237">
    <p class='ocr_par' dir='ltr' id='par_1_110' title="bbox 2320 5160 3847 5237">
     <span class='ocr_line' id='line_1_110' title="bbox 2320 5160 3847 5237; baseline -0.009 -10"><span class='ocrx_word' id='word_1_792' title='bbox 2320 5169 2452 5227; x_wconf 86' lang='lat' dir='ltr'><strong>Cum</strong></span> <span class='ocrx_word' id='word_1_793' title='bbox 2498 5178 2675 5224; x_wconf 90' lang='lat' dir='ltr'><strong>autem</strong></span> <span class='ocrx_word' id='word_1_794' title='bbox 2726 5168 2814 5224; x_wconf 89' lang='lat' dir='ltr'><strong>ille</strong></span> <span class='ocrx_word' id='word_1_795' title='bbox 2858 5181 3105 5237; x_wconf 68' lang='lat' dir='ltr'><strong>quaenam</strong></span> <span class='ocrx_word' id='word_1_796' title='bbox 3131 5166 3245 5219; x_wconf 70' lang='lat' dir='ltr'><strong>liaac</strong></span> <span class='ocrx_word' id='word_1_797' title='bbox 3273 5164 3457 5234; x_wconf 92' lang='lat' dir='ltr'><strong>petitio</strong></span> <span class='ocrx_word' id='word_1_798' title='bbox 3477 5171 3621 5218; x_wconf 85' lang='lat' dir='ltr'><strong>esset</strong></span> <span class='ocrx_word' id='word_1_799' title='bbox 3648 5160 3847 5230; x_wconf 63' lang='lat' dir='ltr'><strong>quesi-</strong></span> 
     </span>
    </p>
   </div>
   <div class='ocr_carea' id='block_1_111' title="bbox 2250 5260 3849 5329">
    <p class='ocr_par' dir='ltr' id='par_1_111' title="bbox 2250 5260 3849 5329">
     <span class='ocr_line' id='line_1_111' title="bbox 2250 5260 3849 5329; baseline -0.008 -13"><span class='ocrx_word' id='word_1_800' title='bbox 2250 5264 2438 5329; x_wconf 88' lang='lat' dir='ltr'><strong>visset,</strong></span> <span class='ocrx_word' id='word_1_801' title='bbox 2471 5273 2579 5317; x_wconf 92' lang='lat' dir='ltr'><strong>tum</strong></span> <span class='ocrx_word' id='word_1_802' title='bbox 2609 5260 2698 5316; x_wconf 87' lang='lat' dir='ltr'><strong>illa</strong></span> <span class='ocrx_word' id='word_1_803' title='bbox 2722 5268 2778 5316; x_wconf 91' lang='lat' dir='ltr'><strong>et</strong></span> <span class='ocrx_word' id='word_1_804' title='bbox 2806 5260 3010 5328; x_wconf 87' lang='lat' dir='ltr'><strong>habitu,</strong></span> <span class='ocrx_word' id='word_1_805' title='bbox 3038 5267 3094 5314; x_wconf 89' lang='lat' dir='ltr'><strong>et</strong></span> <span class='ocrx_word' id='word_1_806' title='bbox 3111 5268 3353 5328; x_wconf 89' lang='lat' dir='ltr'><strong>aspectu,</strong></span> <span class='ocrx_word' id='word_1_807' title='bbox 3381 5265 3437 5311; x_wconf 92' lang='lat' dir='ltr'><strong>et</strong></span> <span class='ocrx_word' id='word_1_808' title='bbox 3464 5269 3741 5317; x_wconf 87' lang='lat' dir='ltr'><strong>sermone,</strong></span> <span class='ocrx_word' id='word_1_809' title='bbox 3782 5267 3849 5305; x_wconf 89' lang='lat' dir='ltr'><strong>ac</strong></span> 
     </span>
    </p>
   </div>
   <div class='ocr_carea' id='block_1_112' title="bbox 2252 5347 3849 5430">
    <p class='ocr_par' dir='ltr' id='par_1_112' title="bbox 2252 5347 3849 5430">
     <span class='ocr_line' id='line_1_112' title="bbox 2252 5347 3849 5430; baseline -0.011 -14"><span class='ocrx_word' id='word_1_810' title='bbox 2252 5361 2489 5430; x_wconf 88' lang='lat' dir='ltr'><strong>denique</strong></span> <span class='ocrx_word' id='word_1_811' title='bbox 2531 5359 2677 5414; x_wconf 92' lang='lat' dir='ltr'><strong>omni</strong></span> <span class='ocrx_word' id='word_1_812' title='bbox 2709 5372 2776 5411; x_wconf 86' lang='lat' dir='ltr'><strong>ex</strong></span> <span class='ocrx_word' id='word_1_813' title='bbox 2812 5364 2962 5425; x_wconf 89' lang='lat' dir='ltr'><strong>parte</strong></span> <span class='ocrx_word' id='word_1_814' title='bbox 3010 5368 3129 5408; x_wconf 88' lang='lat' dir='ltr'><strong>sese</strong></span> <span class='ocrx_word' id='word_1_815' title='bbox 3168 5353 3233 5407; x_wconf 92' lang='lat' dir='ltr'><strong>ad</strong></span> <span class='ocrx_word' id='word_1_816' title='bbox 3286 5348 3627 5405; x_wconf 86' lang='lat' dir='ltr'><strong>aliieiendum</strong></span> <span class='ocrx_word' id='word_1_817' title='bbox 3677 5347 3849 5416; x_wconf 87' lang='lat' dir='ltr'><strong>ipsius</strong></span> 
     </span>
    </p>
   </div>
   <div class='ocr_carea' id='block_1_113' title="bbox 2253 5443 3846 5519">
    <p class='ocr_par' dir='ltr' id='par_1_113' title="bbox 2253 5443 3846 5519">
     <span class='ocr_line' id='line_1_113' title="bbox 2253 5443 3846 5519; baseline -0.009 -13"><span class='ocrx_word' id='word_1_818' title='bbox 2253 5452 2492 5506; x_wconf 88' lang='lat' dir='ltr'><strong>animum</strong></span> <span class='ocrx_word' id='word_1_819' title='bbox 2546 5463 2862 5519; x_wconf 87' lang='lat' dir='ltr'><strong>comparans</strong></span> <span class='ocrx_word' id='word_1_820' title='bbox 2910 5466 2922 5501; x_wconf 88' lang='lat'>:</span> <span class='ocrx_word' id='word_1_821' title='bbox 2974 5446 3333 5510; x_wconf 77' lang='lat' dir='ltr'><strong>Matrimonia,</strong></span> <span class='ocrx_word' id='word_1_822' title='bbox 3388 5443 3580 5513; x_wconf 83' lang='lat' dir='ltr'><strong>inquit,</strong></span> <span class='ocrx_word' id='word_1_823' title='bbox 3632 5454 3846 5496; x_wconf 86' lang='lat' dir='ltr'><strong>mecum</strong></span> 
     </span>
    </p>
   </div>
   <div class='ocr_carea' id='block_1_114' title="bbox 2251 5530 3847 5611">
    <p class='ocr_par' dir='ltr' id='par_1_114' title="bbox 2251 5530 3847 5611">
     <span class='ocr_line' id='line_1_114' title="bbox 2251 5530 3847 5611; baseline -0.009 -13"><span class='ocrx_word' id='word_1_824' title='bbox 2251 5543 2603 5611; x_wconf 83' lang='lat' dir='ltr'><strong>conjungere,</strong></span> <span class='ocrx_word' id='word_1_825' title='bbox 2655 5550 2815 5609; x_wconf 90' lang='lat' dir='ltr'><strong>atque</strong></span> <span class='ocrx_word' id='word_1_826' title='bbox 2869 5553 2971 5609; x_wconf 88' lang='lat' dir='ltr'><strong>ego</strong></span> <span class='ocrx_word' id='word_1_827' title='bbox 3016 5537 3253 5608; x_wconf 88' lang='lat' dir='ltr'><strong>imperiis</strong></span> <span class='ocrx_word' id='word_1_828' title='bbox 3303 5537 3408 5590; x_wconf 91' lang='lat' dir='ltr'><strong>tuis</strong></span> <span class='ocrx_word' id='word_1_829' title='bbox 3449 5534 3643 5589; x_wconf 90' lang='lat' dir='ltr'><strong>lubens</strong></span> <span class='ocrx_word' id='word_1_830' title='bbox 3681 5530 3847 5585; x_wconf 87' lang='lat' dir='ltr'><strong>obse-</strong></span> 
     </span>
    </p>
   </div>
   <div class='ocr_carea' id='block_1_115' title="bbox 2204 5651 2405 5713">
    <p class='ocr_par' dir='ltr' id='par_1_115' title="bbox 2204 5651 2405 5713">
     <span class='ocr_line' id='line_1_115' title="bbox 2204 5651 2405 5713; baseline -0.01 -24"><span class='ocrx_word' id='word_1_831' title='bbox 2204 5702 2210 5713; x_wconf 32' lang='lat'><em>&#39;</em></span> <span class='ocrx_word' id='word_1_832' title='bbox 2251 5651 2405 5705; x_wconf 89' lang='lat' dir='ltr'><strong>quar.</strong></span> 
     </span>
    </p>
   </div>
   <div class='ocr_carea' id='block_1_116' title="bbox 2324 5710 3848 5793">
    <p class='ocr_par' dir='ltr' id='par_1_116' title="bbox 2324 5710 3848 5793">
     <span class='ocr_line' id='line_1_116' title="bbox 2324 5710 3848 5793; baseline -0.008 -14"><span class='ocrx_word' id='word_1_833' title='bbox 2324 5730 2391 5780; x_wconf 89' lang='lat' dir='ltr'><strong>At</strong></span> <span class='ocrx_word' id='word_1_834' title='bbox 2419 5726 2543 5780; x_wconf 86' lang='lat' dir='ltr'><strong>ille:</strong></span> <span class='ocrx_word' id='word_1_835' title='bbox 2577 5726 2872 5793; x_wconf 89' lang='lat' dir='ltr'><strong>Incassum,</strong></span> <span class='ocrx_word' id='word_1_836' title='bbox 2898 5723 3089 5791; x_wconf 89' lang='lat' dir='ltr'><strong>inquit,</strong></span> <span class='ocrx_word' id='word_1_837' title='bbox 3118 5738 3151 5777; x_wconf 91' lang='grc' dir='ltr'><strong>ο</strong></span> <span class='ocrx_word' id='word_1_838' title='bbox 3194 5720 3404 5785; x_wconf 89' lang='lat' dir='ltr'><strong>mulier,</strong></span> <span class='ocrx_word' id='word_1_839' title='bbox 3439 5717 3627 5772; x_wconf 89' lang='lat' dir='ltr'><strong>duram</strong></span> <span class='ocrx_word' id='word_1_840' title='bbox 3658 5710 3848 5785; x_wconf 84' lang='lat' dir='ltr'><strong>hujus-</strong></span> 
     </span>
    </p>
   </div>
   <div class='ocr_carea' id='block_1_117' title="bbox 2254 5806 3848 5886">
    <p class='ocr_par' dir='ltr' id='par_1_117' title="bbox 2254 5806 3848 5886">
     <span class='ocr_line' id='line_1_117' title="bbox 2254 5806 3848 5886; baseline -0.009 -13"><span class='ocrx_word' id='word_1_841' title='bbox 2254 5818 2399 5874; x_wconf 90' lang='lat' dir='ltr'><strong>modi</strong></span> <span class='ocrx_word' id='word_1_842' title='bbox 2431 5818 2739 5886; x_wconf 88' lang='lat' dir='ltr'><strong>petitionem</strong></span> <span class='ocrx_word' id='word_1_843' title='bbox 2762 5816 2890 5871; x_wconf 88' lang='lat' dir='ltr'><strong>mihi</strong></span> <span class='ocrx_word' id='word_1_844' title='bbox 2907 5812 3253 5885; x_wconf 89' lang='lat' dir='ltr'><strong>proposuisti.</strong></span> <span class='ocrx_word' id='word_1_845' title='bbox 3275 5810 3409 5866; x_wconf 85' lang='lat' dir='ltr'><strong>Nam</strong></span> <span class='ocrx_word' id='word_1_846' title='bbox 3433 5822 3738 5880; x_wconf 88' lang='lat' dir='ltr'><strong>quanquam</strong></span> <span class='ocrx_word' id='word_1_847' title='bbox 3762 5806 3848 5859; x_wconf 86' lang='lat' dir='ltr'><strong>in-</strong></span> 
     </span>
    </p>
   </div>
   <div class='ocr_carea' id='block_1_118' title="bbox 2254 5900 3847 5977">
    <p class='ocr_par' dir='ltr' id='par_1_118' title="bbox 2254 5900 3847 5977">
     <span class='ocr_line' id='line_1_118' title="bbox 2254 5900 3847 5977; baseline -0.007 -14"><span class='ocrx_word' id='word_1_848' title='bbox 2254 5907 2401 5977; x_wconf 84' lang='lat' dir='ltr'><strong>genti</strong></span> <span class='ocrx_word' id='word_1_849' title='bbox 2440 5907 2627 5965; x_wconf 84' lang='lat' dir='ltr'><strong>salutis</strong></span> <span class='ocrx_word' id='word_1_850' title='bbox 2676 5916 2785 5960; x_wconf 72' lang='lat' dir='ltr'><strong>tua:</strong></span> <span class='ocrx_word' id='word_1_851' title='bbox 2830 5920 2957 5961; x_wconf 84' lang='lat' dir='ltr'><strong>cura</strong></span> <span class='ocrx_word' id='word_1_852' title='bbox 3002 5914 3209 5975; x_wconf 86' lang='lat' dir='ltr'><strong>teneor,</strong></span> <span class='ocrx_word' id='word_1_853' title='bbox 3255 5912 3415 5973; x_wconf 86' lang='lat' dir='ltr'><strong>teque</strong></span> <span class='ocrx_word' id='word_1_854' title='bbox 3442 5917 3507 5957; x_wconf 82' lang='lat' dir='ltr'><strong>ex</strong></span> <span class='ocrx_word' id='word_1_855' title='bbox 3558 5900 3744 5957; x_wconf 87' lang='lat' dir='ltr'><strong>mortis</strong></span> <span class='ocrx_word' id='word_1_856' title='bbox 3789 5905 3847 5952; x_wconf 88' lang='lat' dir='ltr'><strong>et</strong></span> 
     </span>
    </p>
   </div>
  </div>
