4158 6354
353 403 462 460 565

786 401 944 458 VlTA
987 399 1408 459 SANCTORUM
1447 398 1780 456 BARLAAM
1823 396 2153 466 EREMITJE
2193 400 2281 456 ΕΤ
2319 401 2672 461 JOSAPHAT
2710 402 2918 459 lNDIIE
2960 402 3181 460 REGIS.

3519 401 3621 456 566

349 524 498 580 exitii
529 533 784 594 voragine
823 525 1113 580 extrahere
1142 525 1319 594 cupio,
1366 521 1498 578 mihi
1529 531 1709 577 tamen
1737 533 1934 588 corpus
1961 519 2013 578 A
2043 519 2369 576 matrimonii
2396 535 2535 578 nexu
2561 534 2732 580 tecum
2754 523 2989 593 copulari
3016 524 3260 591 capiens,
3295 530 3470 577 tamen
3490 537 3626 591 quo-

349 624 530 672 meult
571 629 664 684 per
693 615 894 670 fcedum
919 615 1259 671 concubitum
1292 615 1568 685 inquinare
1597 612 1754 668 nimis
1771 625 1937 681 grave

349 717 452 775 est,
487 707 594 764 imo
621 717 840 778 prorsus"
866 708 1215 778 impossibile.

425 799 520 856 illa
552 815 678 856 vero
716 801 924 870 planam
976 802 1076 871 ipsi
1111 802 1252 856 viam
1300 800 1367 855 ad
1409 800 1582 855 scelus
1635 801 1885 853 sternens
1919 811 1934 849 :

352 891 581 960 Ecquid,
628 892 817 961 inquit,
861 892 1162 961 huiusmodi
1190 897 1440 947 sermone
1460 890 1644 960 uteris,
1674 892 1762 960 qui
1785 888 1936 944 omni

352 986 631 1057 sapientiae
657 1000 850 1055 genere
878 985 1088 1054 polles?
1139 985 1362 1055 Ecquid,
1391 984 1628 1054 inquam,
1664 984 1802 1038 hanc
1821 997 1933 1037 rem

353 1075 664 1145 spurcitiem
694 1089 759 1130 ac
784 1074 981 1130 ftedum
1009 1075 1349 1132 concubitum
1392 1073 1710 1145 appellasti?
1757 1074 1936 1144 Neque

353 1168 499 1222 enim
531 1167 643 1237 ipsa
675 1181 885 1237 quoque
913 1167 1338 1224 Christianorum
1364 1168 1624 1224 librorum
1656 1168 1839 1238 ignara
1858 1175 1938 1220 at-

354 1276 460 1329 que
481 1275 676 1330 expers
696 1276 836 1328 sum,
853 1276 1038 1317 verum
1059 1271 1115 1316 et
1140 1262 1338 1318 multos
1358 1262 1412 1318 in
1438 1264 1607 1332 patria
1627 1276 1747 1317 mea
1771 1261 1936 1316 libros

356 1354 581 1425 perlegi,
610 1365 663 1408 et
691 1369 837 1424 saepe
866 1370 986 1409 cum
1033 1355 1351 1411 Christianis
1387 1370 1664 1412 sermones
1715 1354 1936 1410 contuli.

357 1445 495 1512 Quid
525 1446 725 1515 igitur?
762 1445 950 1502 Nonne
989 1447 1041 1502 in
1072 1448 1301 1518 quodam
1349 1448 1605 1504 librorum
1637 1455 1938 1504 vestrorum

359 1540 620 1608 scriptum
642 1549 725 1595 est
753 1556 766 1594 :
790 1540 1113 1597 lionorabile
1140 1543 1465 1598 connubium
1493 1552 1549 1599 et
1576 1551 1727 1598 torus
1756 1542 1941 1596 imma-

355 1631 568 1685 culatus
589 1631 776 1704 (Hebr.
807 1633 961 1704 xm)?
992 1635 1067 1688 Ac
1093 1649 1306 1690 rursum
1337 1653 1353 1689 :
1381 1635 1567 1691 Melius
1611 1644 1695 1690 est
1740 1634 1942 1689 nubere

356 1741 518 1794 quam
561 1728 638 1780 uri
683 1724 736 1797 (Ι
755 1724 874 1782 Cor.
906 1726 1035 1797 vn)?
1059 1729 1135 1782 Ae
1161 1742 1410 1783 rursum:
1459 1726 1614 1792 Quod
1645 1728 1788 1781 Deus
1813 1740 1943 1780 con-

361 1819 556 1882 itmxit,
584 1818 744 1872 homo
767 1833 874 1873 non
898 1830 1112 1887 separet
1133 1817 1349 1889 (Matth.
1379 1820 1524 1886 xvi)?
1547 1818 1734 1874 Nonne
1758 1831 1945 1872 omnes

2041 613 2188 668 niam
2223 614 2274 667 id
2301 614 2396 670 tibi
2427 616 2644 672 minime
2690 627 2896 686 gratum
2944 627 3046 684 est,
3101 629 3204 670 non
3247 615 3358 685 iam
3389 616 3482 671 tibi
3521 617 3626 670 vim

2045 704 2287 771 aifera,
2319 721 2501 762 verum
2529 709 2782 778 quidquid
2810 708 2988 764 animo
3030 717 3121 763 tuo
3164 707 3433 772 insederit,
3480 716 3628 774 post-

2045 795 2146 852 hac
2175 798 2389 854 faciam.
2434 798 2518 854 Tu
2543 799 2704 870 igitur
2725 815 2790 854 ne
2820 817 2905 854 me
2933 815 3142 870 quoque
3167 813 3383 869 prorsus
3409 798 3627 867 abiicias

2045 900 2100 950 et
2127 893 2450 961 exsecreris,
2485 909 2667 948 verum
2699 896 2751 948 in
2784 895 2884 949 hac
2912 911 3017 948 una
3069 911 3126 948 re
3154 895 3286 949 mihi
3323 894 3630 962 obsequens

2041 983 2270 1038 salutem
2299 985 2425 1038 mihi
2457 984 2609 1052 affer,
2641 995 2801 1056 atque
2831 1002 2864 1040 ar
2890 987 3260 1057 superStitioso
3303 1001 3487 1042 errore
3543 999 3628 1040 me

2045 1073 2211 1130 libera
2231 1109 2250 1142 ,
2282 1086 2333 1131 lu
2363 1086 2540 1133 autem
2568 1078 2818 1150 deinceps
2850 1094 2945 1148 per
2991 1093 3205 1134 omnem
3240 1079 3360 1134 vita:
3414 1093 3630 1134 cursum

2045 1183 2164 1236 qua:
2195 1168 2286 1223 tibi
2319 1170 2428 1224 visa
2458 1170 2654 1226 fuerint
2687 1172 2848 1226 facias
2877 1170 3075 1226 licebit.

2117 1247 2213 1315 llis
2243 1262 2419 1317 verbis
2450 1272 2604 1319 utens
2634 1266 2779 1333 (nam
2809 1273 2872 1341 et.
2895 1262 3124 1319 habebat
3149 1264 3238 1333 qui
3260 1264 3356 1333 ipsi
3383 1277 3634 1333 suggere-

2046 1361 2147 1418 ret,
2175 1354 2261 1409 cui
2293 1355 2452 1408 etiam
2486 1370 2643 1411 aures
2676 1355 2811 1410 clam
2842 1355 3178 1422 admovebat,
3207 1361 3369 1425 atque
3397 1354 3634 1424 Scriptu-

2045 1461 2225 1500 rarum
2253 1448 2460 1517 peritus
2489 1456 2567 1502 esl
2607 1449 2696 1502 ille
2724 1448 2834 1502 vitii
2860 1448 3048 1503 artifex
3079 1447 3367 1518 diabolus),
3415 1447 3517 1513 his,
3552 1449 3636 1502 ἰῆς

2046 1555 2228 1609 quam,
2253 1543 2431 1596 verbis
2464 1551 2640 1608 utens,
2672 1557 2901 1612 eumque
2926 1542 3257 1605 demulcens,
3306 1555 3368 1596 ac
3404 1541 3536 1596 retia
3582 1551 3636 1596 et

2049 1631 2270 1700 laqueos
2303 1633 2405 1701 ipsi
2437 1641 2548 1687 tum
2579 1648 2608 1688 a
2637 1634 2859 1701 dextris,
2891 1643 3000 1688 tum
3049 1648 3078 1686 a
3120 1634 3354 1689 sinistris
3405 1635 3634 1704 undique

2048 1734 2294 1789 nectens,
2323 1726 2484 1780 animi
2517 1727 2685 1796 ipsius
2710 1728 2896 1782 turrim
2927 1726 3270 1794 labefactare,
3305 1729 3636 1798 institutique

2051 1816 2220 1884 ipsius
2243 1832 2434 1872 nervos
2458 1817 2755 1883 debilitare,
2788 1833 2851 1872 ac
2876 1819 3202 1873 voluntatem
3233 1828 3288 1872 et
3317 1823 3636 1874 sententiam

363 1916 572 1964 veteres
585 1909 736 1976 iusti,
768 1918 873 1963 tam
895 1911 1208 1978 patriarchae
1230 1926 1388 1979 quam
1411 1911 1686 1981 propheta:
1708 1910 1945 1980 legitimo
1975 1905 2026 1968 B
2051 1908 2295 1963 emollire
2324 1910 2630 1979 incipiebat.
2665 1911 2784 1965 Vitii
2831 1922 3008 1966 autem
3050 1921 3215 1977 sator,
3253 1928 3317 1968 ac
3347 1915 3635 1984 proborum

362 2000 704 2054 lnalrilllnniu
721 2001 996 2069 copulatos
1019 2002 1184 2057 fuisse
1197 2003 1490 2071 Scriptura:
1507 2011 1700 2057 Vestrae
1723 2001 1952 2058 docent?

360 2097 550 2152 Nonne
603 2097 790 2153 Petrus
847 2097 934 2153 ille
965 2137 982 2162 ,
1040 2114 1198 2168 quem
1248 2099 1610 2168 apostolorum
1657 2098 1952 2168 principem

360 2190 528 2247 fuisse
547 2191 870 2260 praedicatis,
901 2207 1124 2248 uxorem
1137 2193 1388 2250 habuisse
1402 2194 1655 2249 scribitur
1672 2193 1826 2264 (Luc.
1843 2192 1954 2260 tv)?

360 2284 504 2353 Quid
532 2285 692 2355 igitur
733 2296 784 2340 te
815 2285 1060 2354 adduxit,
1083 2295 1140 2340 ut
1163 2301 1279 2341 rem
1309 2285 1614 2355 huiusmodi
1645 2284 1951 2354 spurcitiam

359 2377 696 2446 appellares?
727 2374 1050 2448 Magnoperc
1071 2393 1200 2434 sane
1220 2377 1350 2433 mihi
1374 2393 1403 2434 δ
1424 2377 1729 2447 dogmatum
1746 2385 1953 2433 vestro-

362 2482 481 2523 rum
510 2471 736 2524 veritate
755 2469 1009 2525 aberrare
1037 2469 1254 2525 videris.

432 2558 530 2615 Cui
579 2561 672 2617 ille
719 2562 993 2631 respondit
1035 2579 1050 2617 :
1095 2561 1171 2616 lta‘
1213 2560 1474 2630 profecto,
1509 2559 1722 2625 mulier,
1752 2559 1866 2614 hac
1894 2573 1952 2615 se

362 2651 589 2718 habent,
615 2654 1065 2723 quemadmodum
1089 2653 1185 2709 abs
1209 2663 1260 2710 te
1281 2654 1478 2710 dictum
1501 2663 1604 2710 est.
1635 2653 1785 2709 Licet
1807 2653 1950 2708 enim

364 2748 693 2814 quibuslibet
721 2749 1067 2806 matrimonio
1095 2749 1354 2819 copulari,
1405 2748 1642 2817 exceptis
1670 2751 1847 2801 taen
1887 2745 1953 2800 iis

365 2841 458 2908 qui
481 2840 846 2909 virginitatem
863 2841 1078 2896 Christo
1099 2841 1268 2897 seniel
1291 2839 1650 2909 promiserint.
1676 2837 1786 2908 Ego
1809 2838 1952 2892 enim

365 2934 432 2992 ab
457 2949 522 2990 eo
550 2934 635 2989 die
665 2948 771 3005 quo
800 2950 892 3004 per
923 2934 1088 2989 divini
1125 2933 1372 3004 baptismi
1414 2932 1686 2987 lavacrum
1711 2945 1739 2984 a
1765 2929 1954 2999 iuven-

367 3028 494 3084 tutis
509 3038 564 3083 et
579 3029 895 3100 ignorantia:
915 3036 1047 3084 meae
1069 3030 1301 3098 peccatis
1321 3038 1576 3098 purgatus
1596 3042 1737 3092 sum,
1765 3042 1954 3096 purum

367 3123 629 3193 nteipsnm
673 3123 890 3179 Christo
919 3125 1173 3180 exhibere
1214 3125 1481 3194 pollicitus
1527 3137 1667 3178 sum.
1715 3121 1957 3189 Quonam

369 3215 534 3283 igitur
566 3217 724 3273 modo
755 3228 904 3288 picta
938 3232 998 3274 ea
1027 3233 1146 3289 qua:
1173 3233 1296 3275 cum
1341 3217 1451 3272 Deo
1481 3215 1635 3273 sanxi
1663 3214 1960 3273 dissolvere

370 3317 530 3376 atque
552 3306 849 3378 infringere
864 3310 1106 3366 audebo?

441 3400 672 3457 Rursum
700 3415 880 3459 autem
906 3407 974 3460 ad
1017 3413 1140 3462 eum
1166 3407 1361 3463 mulier
1392 3408 1476 3463 his
1499 3408 1680 3464 verbis
1709 3421 1803 3465 usa
1830 3418 1913 3465 est
1943 3426 1957 3463 :

370 3493 456 3550 Sit
484 3511 616 3550 sane
655 3495 728 3551 de
761 3497 859 3552 hac
888 3514 945 3553 re
975 3508 1033 3552 ut
1060 3500 1175 3568 ipse
1204 3502 1302 3555 vis.
1334 3499 1403 3555 At
1431 3502 1680 3572 exiguam
1712 3502 1957 3568 alterum,

372 3600 434 3641 ac
457 3587 657 3645 nullius
687 3592 943 3646 metuenti
968 3593 1311 3662 cupiditatem
1355 3603 1526 3651 meam
1556 3600 1733 3667 exple,
1763 3599 1807 3653 si
1838 3599 1957 3669 qui-

371 3681 496 3735 dem
539 3683 732 3738 animm
773 3699 907 3740 mete
947 3687 1173 3742 salutem
1203 3689 1394 3744 aﬂ‘erre
1418 3691 1514 3744 tibi
1538 3692 1687 3746 cordi
1717 3701 1816 3748 est.
1852 3691 1961 3748 Hac

371 3776 633 3830 duntaxat
673 3786 830 3833 nocte
859 3795 1068 3834 meeum
1099 3795 1214 3836 rem
1243 3782 1402 3850 habe,
1445 3793 1608 3854 atque
1645 3786 1800 3841 efﬁce
1826 3796 1884 3840 ut
1907 3798 1964 3843 et

373 3883 475 3936 ego
525 3879 613 3923 tua
665 3871 1062 3938 pulchritudine
1112 3871 1282 3938 fruar,
1322 3888 1389 3929 ac
1440 3885 1493 3929 tu
1532 3883 1746 3931 rursum
1777 3877 1962 3933 formae

374 3975 512 4017 meae
541 3962 801 4032 elegantia
849 3965 1134 4034 explearis.
1188 3965 1342 4033 Quod
1389 3968 1434 4022 si
1489 3968 1702 4034 feceris,
1736 3969 1839 4024 hoc
1870 3969 1965 4024 tibi

375 4055 659 4124 polliceor,
692 4073 778 4113 me
802 4059 959 4114 simul
989 4068 1150 4129 atque
1174 4062 1289 4117 dies
1318 4062 1572 4129 iunxerit,
1607 4063 1964 4119 Christianam

375 4151 689 4218 religionem
721 4161 1113 4222 suscepturum,
1145 4163 1305 4225 atque
1330 4163 1544 4211 omnem
1566 4157 1788 4212 deorum
1822 4163 1968 4211 meo-

376 4255 496 4295 rum
515 4243 714 4298 cultum
734 4242 854 4314 fuga
877 4245 1180 4302 relicturam
1205 4259 1344 4303 esse.
1375 4243 1552 4319 Atque
1572 4247 1641 4303 ob
1663 4249 1964 4318 huiusmodi

377 4336 684 4404 consilium,
725 4353 829 4393 non
859 4341 1019 4396 modo
1046 4341 1278 4408 veniam,
1327 4341 1420 4397 sed
1477 4339 1639 4397 etiam
1685 4343 1964 4413 belleﬁcia,

375 4431 567 4485 salutis
607 4445 742 4488 mete
783 4446 966 4499 causa,
991 4447 1024 4489 α
1053 4435 1162 4490 Deo
1187 4443 1278 4490 tuo
1307 4435 1672 4504 consequeris.
1703 4435 1967 4491 Gaudium

377 4520 547 4585 enim,
581 4522 751 4592 inquit
788 4522 1062 4594 Scriptura
1106 4533 1216 4592 tua,
1267 4535 1349 4580 est
1389 4530 1443 4580 in
1472 4527 1610 4582 ctelo
1660 4541 1821 4596 super
1864 4535 1970 4583 eno

379 4623 663 4682 peccatore
686 4617 1051 4682 omnitcntiam
1089 4621 1281 4688 agente
1304 4619 1480 4689 (Larte
1509 4622 1644 4690 XIX);
1665 4621 1796 4676 Nam
1828 4623 1872 4675 si
1903 4622 1976 4677 ob

2059 2000 2292 2055 virorum
2320 2002 2510 2067 hostis,
2539 2001 2807 2057 labantem
2835 2003 3004 2073 ipsius
3021 2004 3256 2058 animum
3278 2005 3636 2073 consiiiciens,

2057 2108 2121 2148 ac
2161 2103 2367 2150 summa
2418 2095 2543 2150 inde
2583 2096 2774 2151 lmtitia‘
2816 2096 3083 2164 perfusus,
3133 2101 3310 2154 statim
3361 2099 3639 2167 pestiferos

2060 2186 2279 2255 spiritus
2308 2190 2398 2256 qui
2443 2204 2543 2242 una
2569 2205 2691 2245 cum
2723 2190 2818 2245 illo
2847 2190 3069 2245 aderant
3098 2193 3329 2261 appellat
3360 2210 3372 2244 :
3405 2190 3638 2256 Cernite,

2060 2279 2326 2348 inquiens,
2360 2295 2590 2349 quonam
2620 2291 2775 2349 pacto
2803 2282 2975 2349 puella
3000 2283 3099 2336 ista
3124 2297 3185 2336 ea
3229 2281 3483 2350 perlicere
3508 2297 3637 2337 con-
3725 2354 3734 2362 _

2073 2371 2259 2425 tendat
2283 2381 2402 2440 qua
2430 2387 2458 2425 a
2488 2372 2644 2427 nobis
2676 2374 2860 2440 perfici
2882 2376 3259 2444 nequiverunt.
3287 2374 3439 2444 Agite
3464 2376 3639 2444 igitur,

1987 2519 1998 2527 ,
2060 2464 2259 2519 acriter
2286 2480 2426 2519 nunc
2453 2467 2504 2519 in
2535 2481 2655 2521 eum
2690 2467 2940 2537 impetum
2973 2468 3136 2538 316
3162 2467 3433 2522 faciamus.
3460 2465 3640 2537 Neque

2061 2556 2202 2611 enim
2233 2556 2300 2610 ad
2329 2556 2647 2625 explendam
2679 2556 2796 2626 eius
2825 2572 2855 2611 a
2879 2573 2985 2626 quo
3013 2558 3158 2611 missi
3184 2571 3368 2611 sumus
3397 2556 3641 2611 volunta-

2065 2654 2169 2702 tem
2217 2647 2360 2703 aliud
2389 2664 2540 2717 aeque
2584 2655 2945 2719 opportunum
2996 2659 3204 2718 tempus
3254 2649 3641 2703 nanciscemur.

2066 2738 2191 2794 lltee
2212 2753 2334 2794 cum
2360 2740 2658 2808 versipellis
2684 2741 2772 2796 ille
2798 2741 2864 2796 ad
2894 2742 3068 2797 socios
3091 2741 3332 2809 dixisset,
3367 2739 3420 2793 in
3444 2739 3641 2794 Christi

2064 2830 2286 2886 militem
2330 2831 2589 2899 insiliunt,
2633 2846 2820 2889 omnes
2846 2833 3010 2888 animi
3057 2831 3221 2902 ipsius
3249 2833 3390 2886 vires
3435 2841 3646 2906 perime

2063 2923 2274 2991 bantes,
2319 2934 2479 2992 atque
2508 2926 2827 2980 acerrimum
2856 2925 3046 2996 puella)
3085 2940 3322 2981 amorem
3359 2925 3524 3000 ipsius
3555 2947 3646 3000 pe-

2063 3019 2200 3072 ctori
2234 3017 2552 3081 inserentes,
2569 3018 3203 3095 vehementisstmnmque
3218 3023 3456 3079 libidinis
3473 3023 3644 3077 ionem

2067 3110 2120 3163 in
2152 3112 2265 3179 ipso
2300 3111 2718 3171 inllalllmantes.

2142 3229 2232 3283 Ille
2279 3239 2456 3286 autem
2490 3245 2608 3285 cum
2656 3231 2888 3300 seipsum
2920 3231 3263 3286 vehementer
3313 3228 3394 3284 uri
3425 3273 3439 3296 ,
3482 3229 3646 3297 capti-

1995 3299 2044 3360 C
2076 3325 2306 3390 vumque
2347 3323 2411 3375 ad
2440 3331 2716 3392 peccatum
2742 3299 2896 3376 trahi
2931 3322 3275 3390 perspiceret,
3314 3329 3471 3388 atque
3509 3319 3647 3384 cogi-

2071 3417 2300 3470 lationes
2326 3429 2470 3482 suas,
2507 3418 2700 3486 puellm
2749 3417 2974 3470 salutem
3021 3415 3536 3483 conversionemque
3587 3415 3651 3469 ad

2073 3509 2240 3564 Deum
2282 3511 2379 3578 ipsi
2411 3523 2788 3582 proponentes,
2841 3511 3097 3581 flagitium
3144 3518 3391 3579 tanquam
3437 3509 3650 3562 hamum

2069 3602 2353 3670 quemdam
2381 3613 2504 3655 esca
2527 3604 2815 3664 occultare,
2857 3601 3132 3668 hostisque
3154 3601 3402 3655 inSIinctu
3434 3600 3530 3654 sibi
3562 3615 3652 3653 ne-

2067 3695 2272 3762 gotium
2297 3694 2580 3760 facessere,
2615 3693 2837 3762 perinde
2877 3692 3118 3746 videlicet
3146 3707 3208 3745 ac
3235 3692 3412 3746 scelus
3435 3691 3653 3745 minime

2071 3794 2233 3850 esset,
2265 3785 2544 3839 servandre
2565 3786 2760 3838 anima:
2789 3799 2944 3838 causa
2967 3797 3083 3837 cum
3109 3785 3327 3838 muliere
3350 3783 3516 3837 semel
3539 3795 3653 3836 rem

2073 3881 2292 3941 habere,
2324 3881 2382 3933 ili
2411 3877 2718 3948 huiusmodi
2744 3877 2908 3931 animi
2935 3877 3202 3931 anxietate
3226 3876 3536 3943 consiliique
3558 3889 3653 3943 pe-

2073 3973 2224 4025 nuria
2254 3972 2363 4025 alto
2405 3975 2622 4037 pectere
2672 3970 3052 4041 ingemiscens,
3101 3967 3332 4035 seipsum
3381 3967 3558 4020 statim
3588 3966 3655 4020 ad

2072 4062 2370 4116 orationem
2420 4061 2645 4127 confert,
2700 4069 2859 4128 atque
2906 4059 3096 4114 uberes
3127 4060 3480 4129 Iaerymarum
3512 4060 3656 4113 rivos

2073 4161 2138 4209 ex
2170 4155 2341 4209 oculis
2369 4152 2718 4223 protendens,
2752 4152 2818 4206 ad
2845 4165 2968 4206 eum
3000 4151 3089 4221 qui
3133 4150 3358 4205 salutem
3389 4151 3452 4204 iis
3482 4150 3570 4218 qui
3602 4150 3656 4204 itt

2074 4248 2192 4318 ipso
2213 4247 2488 4303 conﬁdunt
2509 4245 2702 4301 afl‘erre
2724 4251 2899 4315 potest
2920 4243 3214 4298 clamabat:
3232 4242 3286 4296 In
3309 4251 3380 4310 te,
3407 4240 3653 4306 Domine,

2074 4340 2310 4409 speravi,
2339 4353 2443 4393 non
2467 4337 2760 4392 confundar
2790 4337 2842 4389 in
2873 4345 3128 4390 aeternum
3165 4333 3335 4403 (Psal.
3372 4332 3537 4401 xxx);
3567 4346 3656 4386 ne-

2076 4442 2178 4501 que
2213 4431 2462 4485 irrideant
2495 4441 2582 4485 me
2606 4429 2806 4483 inimici
2832 4427 2956 4491 mei,
2979 4427 3181 4480 dextrae
3205 4436 3305 4479 tute
3335 4424 3653 4489 intercutem;

2077 4539 2259 4576 verum
2283 4523 2381 4576 hae
2403 4522 2531 4575 hora
2549 4535 2650 4589 pro
2665 4531 2752 4572 tua
2777 4521 3046 4573 voluntate
3065 4514 3194 4570 mihi
3210 4525 3346 4582 asta,
3379 4516 3489 4570 vias
3506 4530 3659 4570 meas

2078 4614 2332 4683 dirigens,
2359 4623 2415 4667 ut
2443 4620 2685 4666 sanctum
2717 4620 2862 4664 tuum
2891 4619 2946 4665 et
2972 4610 3262 4680 gloriosum
3285 4621 3346 4662 ac
3370 4607 3659 4662 formidan-

380 4707 626 4762 scelerati
654 4708 890 4765 hominis
917 4711 1339 4780 resipiscentiam
1374 4713 1557 4768 ltetitia
1581 4716 1633 4768 in
1665 4715 1805 4769 cmlo
1825 4717 1972 4770 exci-
1994 4691 2050 4750 Ῑ)
2077 4709 2202 4762 dum
2235 4719 2431 4759 nomen
2457 4705 2508 4758 in
2542 4717 2626 4758 me
2651 4701 2854 4757 famqu
2892 4711 2983 4755 tuo
3023 4701 3314 4755 illustretur
3339 4744 3354 4768 ,
3406 4700 3654 4769 quoniam

381 4808 546 4863 tatur,
592 4801 734 4871 quod
777 4802 958 4858 afferri
1009 4812 1182 4871 potest
1228 4805 1358 4875 quin
1390 4805 1549 4875 huius
1585 4809 1970 4878 resipisccntiae

379 4896 588 4951 auctori
620 4901 875 4967 magnum
906 4901 1184 4967 pratulum
1211 4900 1506 4956 debeatur?

455 4989 530 5044 Ita
559 5001 704 5046 certe
731 5005 817 5048 res
846 5003 906 5049 se
930 4993 1107 5060 habet;
1140 5003 1241 5050 nec
1262 5003 1345 5051 est
1374 4997 1515 5065 quod
1547 4997 1775 5052 dubites.
1796 4998 1973 5066 Quid?

381 5086 464 5138 An
516 5099 620 5138 non
676 5085 903 5153 apostoli
957 5095 1174 5156 quoque
1215 5087 1493 5160 religionis
1538 5097 1733 5145 vestrae
1785 5090 1971 5160 duces,

379 5176 661 5246 complura
704 5187 855 5232 certo
899 5180 1128 5234 consilio
1172 5180 1458 5249 faciebant,
1493 5183 1728 5238 dlrlrlum
1761 5193 1965 5252 prtece-

381 5279 537 5340 prun
567 5270 788 5340 niaioris
819 5273 1069 5340 pracepti
1095 5285 1255 5328 caiisa
1277 5271 1542 5330 interdum
1565 5277 1864 5333 violantes?
1889 5279 1969 5333 An

380 5378 494 5422 non
520 5365 716 5422 Paulus
745 5366 1106 5433 Timotheum,
1136 5371 1521 5436 praestantioris
1560 5373 1767 5428 consilii
1788 5387 1970 5439 causa,

381 5457 790 5517 circumcidisse‘
833 5459 1028 5515 dicitur
1083 5465 1221 5532 (Act.
1253 5465 1388 5534 xvi);
1435 5466 1580 5536 atqui
1636 5469 1974 5525 circumcisio

382 5555 527 5625 apud
560 5551 894 5612 Chrisuanos
926 5557 978 5610 in
1001 5557 1224 5614 crimine
1250 5567 1524 5624 censetur;
1551 5575 1647 5615 nec
1677 5571 1852 5618 tamen
1878 5564 1965 5619 ille

386 5648 491 5703 hoc
518 5647 694 5703 facere
730 5649 1009 5703 dubitavit.
1040 5651 1212 5718 Atque
1241 5650 1343 5705 alia
1374 5651 1677 5721 huiusmodi
1702 5658 1964 5724 permulta

385 5742 438 5796 in
469 5741 764 5810 Scripturis
795 5741 898 5796 tuis
927 5741 1181 5810 reperies.
1218 5745 1500 5810 Quocirca,
1533 5745 1580 5798 si
1610 5747 1751 5802 aerio
1776 5748 1969 5802 anima:

383 5847 524 5890 mea:
545 5837 772 5891 salutem
801 5835 996 5891 alierrc
1021 5837 1189 5904 cupis,
1224 5839 1469 5907 exiguam
1504 5839 1639 5895 hanc
1669 5856 1840 5896 meam
1871 5859 1966 5896 cu-

387 5928 664 5999 piditatem
695 5931 882 6000 exple;
915 5941 970 5986 et
996 5944 1116 6002 ego,
1150 5944 1450 6002 quanquam
1496 5933 1690 6004 alioqui
1730 5937 1969 6005 perfecto

2077 4796 2393 4852 benedictus
2422 4810 2481 4849 es
2509 4794 2560 4848 in
2585 4793 2797 4848 sarcula.
2840 4792 3008 4847 Amen
3040 4789 3210 4860 (Psal.
3244 4791 3416 4860 xxiv).

2149 4907 2282 4963 Cum
2308 4915 2484 4963 autem
2518 4919 2612 4975 per
2641 4905 2847 4975 aliquot
2873 4904 3032 4960 horas
3051 4917 3170 4959 cum
3203 4902 3452 4972 lacrymis
3476 4915 3660 4969 preces

2081 5005 2326 5072 fudisset,
2355 5005 2631 5073 genuatiue
2661 5011 2901 5071 persaepe
2941 5000 3200 5065 ﬂexisset,
3255 4997 3310 5050 in
3359 5007 3552 5049 terram
3601 5009 3661 5051 se

2085 5100 2389 5168 i‘irostraVit,
2427 5096 2749 5166 paulumque
2780 5093 3183 5149 obdurmisccns
3213 5092 3444 5158 seipsum
3477 5101 3504 5140 a
3545 5088 3662 5155 qui-

2076 5189 2299 5244 busdam
2344 5188 2622 5242 horrendis
2656 5185 2784 5238 viris
2811 5184 2971 5251 arripi
3020 5183 3183 5244 videt,
3238 5179 3661 5250 regionibusque

2077 5279 2416 5351 quihusdam,
2467 5287 2600 5349 quas
2654 5287 2920 5344 nunquam
2973 5273 3197 5335 viderat,
3251 5268 3561 5338 peragratis,
3609 5270 3659 5322 in

2079 5372 2471 5442 amplissimum
2501 5383 2746 5439 campum
2781 5366 3017 5436 perduci,
3047 5363 3285 5434 pulchris
3319 5362 3542 5417 ﬂoribus
3584 5372 3663 5417 at-

2081 5477 2184 5534 que
2210 5465 2410 5535 ingenti
2435 5463 2696 5517 suavitate
2728 5458 3031 5529 praeditum,
3062 5457 3150 5510 ubi
3174 5465 3228 5510 et
3258 5456 3466 5524 plantas
3488 5457 3662 5508 omnis

2080 5562 2291 5630 generis
2319 5559 2591 5622 cernebat,
2624 5553 2887 5608 inusitatis
2911 5550 3224 5620 quibusdam
3259 5561 3312 5606 et
3335 5551 3661 5605 admirandis

2082 5656 2358 5719 fructibus,
2397 5662 2508 5706 tum
2533 5649 2647 5705 visu
2668 5648 3090 5719 iucundissimis,
3119 5655 3228 5702 tum
3259 5661 3511 5718 perceptu
3536 5665 3660 5703 sua-
3717 5686 3722 5692 -

2083 5751 2311 5805 vissitnis
2336 5747 2713 5803 redundantes.
2746 5744 3008 5800 Arborum
3034 5759 3190 5813 porro
3220 5746 3338 5800 folia
3361 5761 3426 5800 ex
3456 5746 3660 5800 tenuis-

2081 5847 2211 5900 sima
2244 5842 2468 5914 quadam
2516 5855 2640 5895 aura
2669 5839 2873 5895 dulcem
2931 5856 3120 5894 sonum
3163 5841 3409 5904 edebant,
3444 5857 3505 5894 ac
3533 5843 3656 5896 dum

2082 5939 2506 6010 impellerentur,
2533 5935 2908 6006 inexplebilem
2939 5935 3118 5991 odoris
3141 5935 3477 6005 fragrantiam
3503 5939 3664 5992 emit-
