4158 6354
516 285 616 352 εἰῶ

1551 285 1638 342 DE
1680 281 1861 340 VITIS
1899 277 2186 337 PATRUM
2228 273 2428 332 LIBER
2471 272 2742 331 PRIMUS.

3701 277 3807 336 568

518 418 722 468 tonant.
771 411 909 478 Quin
938 411 1096 466 etiam
1126 409 1280 464 sedes
1311 407 1420 462 illic
1452 407 1569 461 sitae
1591 416 1764 470 erant,
1790 419 1922 459 auro
1948 412 2109 471 atque
2137 400 2192 461 Α
2216 395 2378 450 Israel
2402 394 2542 449 Deus
2567 394 2648 449 his
2668 393 2756 464 qui
2782 402 2929 450 recto
2949 401 3073 450 sunt
3092 394 3274 462 corde,
3305 394 3394 467 qui
3418 396 3578 452 etiam
3607 397 3810 470 eripuit

516 506 750 576 ingentis
798 503 951 574 pretii
1000 503 1262 571 lapidibus
1309 509 1549 567 structae,
1597 500 1924 554 luculentum
1981 510 2110 550 sane

519 597 862 670 splendorem
895 595 1178 651 aﬂ'erentes
1205 613 1217 660 ;
1253 595 1487 664 lectique
1513 593 1641 649 item
1674 593 1927 654 illustres,
1960 589 2110 644 miris

518 691 833 762 quibusdam
857 687 1126 758 stragulis,
1149 696 1310 757 atque
1332 687 1590 756 elegantia
1612 698 1826 740 omnem
1851 681 2110 738 orationis

515 784 821 840 facultatem
846 791 1130 852 superante
1162 782 1423 835 coornati.
1459 781 1537 834 Ad
1562 779 1676 834 hmc
1701 794 1852 849 aquae
1878 775 2110 847 proﬂue-

519 875 649 930 bant
679 888 933 943 perquam
973 873 1226 942 limpidae,
1262 874 1554 941 oculosque
1582 870 1727 940 ipsos
1754 869 2108 924 obiectantes.

519 965 654 1020 Tum
685 974 860 1019 autem
891 979 984 1034 per
1024 964 1294 1035 ingentem
1347 973 1506 1034 atque
1551 962 1924 1018 admirandum
1972 963 2113 1016 hunc

519 1071 766 1127 campum
794 1053 1064 1112 'horrendi
1116 1059 1190 1112 illi
1223 1058 1316 1112 viri
1353 1073 1474 1113 eum
1524 1059 1574 1112 in
1608 1057 1795 1110 urbem
1829 1054 2111 1126 quamdam

519 1150 955 1217 introduxerunt,
986 1151 1331 1206 inenarrabili
1366 1151 1654 1220 splendore
1677 1149 2001 1213 rutilantem,
2049 1163 2114 1203 ex

523 1243 793 1313 pellucido
824 1244 1039 1314 quidem
1071 1259 1202 1298 auro
1233 1257 1433 1309 muros,
1468 1258 1535 1296 ex
1571 1241 1837 1310 lapidibus
1868 1249 2042 1295 autem
2085 1254 2114 1292 a

522 1336 740 1391 nemine
762 1352 997 1405 unquam
1028 1337 1158 1391 visis
1183 1337 1374 1405 pinnas
1401 1351 1461 1390 ac
1487 1333 1883 1404 propugnacula
1908 1343 2119 1386 exstru-

520 1438 606 1485 cta
659 1431 968 1484 habentem.
1005 1429 1072 1482 Et
1117 1429 1234 1499 quis
1275 1427 1488 1482 tandem
1531 1436 1614 1481 est
1651 1427 1742 1494 qui
1783 1425 1930 1480 urbis
1974 1422 2118 1478 illius

523 1521 980 1594 pulchritudinem
1039 1535 1102 1574 ac
1155 1521 1495 1590 splendorem
1553 1531 1804 1574 sermone
1862 1513 2118 1583 consequi

522 1612 733 1681 possit?
784 1612 896 1666 Lux
928 1626 1089 1681 porro
1112 1626 1345 1680 superne
1369 1609 1530 1663 radiis
1559 1608 1848 1663 identidem
1892 1604 2112 1672 micans,

525 1721 714 1761 omnes
739 1704 907 1774 ipsius
926 1705 1069 1758 vicos
1093 1704 1366 1774 implebat,
1393 1711 1550 1772 atque
1572 1701 1698 1755 alati
1729 1701 1941 1770 quidam
1968 1712 2121 1753 exer-

2215 485 2571 541 humilitatem
2589 500 2761 540 meam
2782 485 2849 541 de
2866 487 3024 557 317
3047 487 3222 542 medio
3242 488 3538 544 catulorum
3564 489 3803 562 leonum,

2211 577 2440 635 dormivi
2477 578 2826 633 conturbatus
2876 576 2993 650 (Ps.
3045 575 3233 650 Lxxxi).
3285 579 3393 634 Sed
3434 581 3669 636 visitavit
3721 597 3809 638 me

2213 673 2355 727 Deus
2383 671 2620 726 salvator
2668 684 2839 738 meus,
2877 670 3114 741 mihique
3146 671 3360 742 quantis
3401 673 3432 725 ii
3462 674 3548 743 qui
3594 689 3714 729 eum
3741 673 3806 728 ad

2212 764 2542 821 iracundiam
2571 773 2868 836 provocant
2914 764 3067 819 bonis
3105 779 3227 821 sese
3271 766 3520 836 privent,
3566 767 3800 834 quantis-

2213 875 2318 931 que
2355 874 2566 915 rursum
2607 856 2886 915 tormentis
2917 857 3176 913 obnoxios
3223 873 3282 915 se
3313 858 3541 913 reddant
3579 857 3797 913 demom

2215 957 2421 1012 stravit.

2289 1053 2356 1104 At
2384 1062 2545 1116 nunc,
2568 1064 2602 1104 ο
2626 1056 2792 1117 pater,
2818 1046 3070 1120 quoniam
3096 1054 3148 1101 tu
3173 1059 3330 1100 aures
3353 1053 3470 1100 tuas
3502 1045 3802 1110 occlusisti,

2217 1156 2286 1197 ne
2310 1156 2496 1198 vocem
2531 1156 2704 1197 meam
2735 1142 2874 1196 bona
2921 1150 3083 1208 atque
3133 1138 3279 1194 utilia
3325 1138 3419 1194 tibi
3469 1141 3814 1196 occinentcm

2218 1238 2458 1304 audires,
2507 1253 2572 1292 ne
2621 1251 2706 1291 me
2735 1236 2925 1291 saltem
2958 1249 3063 1305 quo
3106 1235 3282 1289 minus
3311 1241 3513 1289 rectam
3547 1234 3688 1288 viam
3719 1249 3816 1288 ca-

2219 1345 2428 1402 pessam
2463 1329 2747 1400 impedias.
2784 1329 2894 1382 Hoc
2924 1330 3067 1383 enim
3101 1329 3259 1397 cupio
3284 1371 3298 1394 ,
3356 1327 3456 1381 hoc
3485 1337 3684 1396 expeto
3709 1368 3724 1393 ,
3761 1335 3820 1382 ut

2221 1423 2474 1480 omnibus
2504 1423 2664 1477 rebus
2696 1422 2987 1484 liberatus,
3021 1420 3087 1474 ad
3118 1436 3179 1475 ea
3214 1421 3332 1475 loca
3366 1419 3690 1474 contendam
3714 1461 3729 1484 ,
3765 1421 3819 1475 in

2223 1518 2414 1589 quibus
2447 1518 2690 1571 Barlaam
2715 1514 2914 1569 Christi
2965 1512 3198 1568 famulus
3231 1512 3470 1576 habitat,
3497 1528 3563 1568 ac
3591 1528 3711 1567 cum
3745 1526 3813 1567 eo

2223 1613 2364 1683 quod
2388 1612 2516 1666 mihi
2549 1611 2812 1680 reliquum
2843 1618 2925 1664 est
2953 1610 3079 1662 vitae
3117 1608 3418 1663 conﬁciam.
3451 1608 3604 1673 Quoi
3656 1621 3701 1659 ει
3734 1621 3824 1661 me

2226 1718 2321 1774 per
2348 1704 2450 1758 vim
2467 1702 2700 1759 retinere
2729 1702 2781 1756 in
2804 1699 3041 1756 animum
3071 1699 3369 1766 induxeris,
3405 1713 3560 1769 quam
3587 1699 3823 1768 primum

524 1797 666 1851 Cilus
696 1795 857 1850 lucidi
882 1810 1069 1849 omnes
1099 1795 1150 1847 in
1185 1808 1245 1847 ea
1279 1793 1646 1855 morabamur.
1695 1789 1957 1858 eiusmOdi
1988 1803 2122 1843 0³η·
2153 1786 2201 1846 Β
2229 1813 2316 1853 me
2344 1812 2576 1853 mos-rore
2619 1811 2681 1851 ac
2727 1795 2884 1881 taedio
2925 1793 3249 1849 exstinctum
3283 1791 3508 1847 videbis.
3541 1791 3614 1847 Ita
3648 1791 3738 1845 ﬁet
3767 1799 3825 1846 ut

525 1895 640 1940 tum
669 1886 913 1951 edentes,
952 1899 1110 1952 quem
1142 1897 1409 1953 nunquam
1452 1881 1690 1937 mortalis
1722 1880 1866 1934 auris
1895 1880 2116 1938 audivit.

528 1977 840 2047 Vocemque
861 1977 1129 2032 dicentem
1155 1976 1320 2030 audiit
1352 1994 1365 2028 :
1395 1975 1520 2030 Haec
1546 1990 1732 2031 eorum
1756 1974 1842 2045 qui
1860 1973 2118 2043 justitiam

527 2070 796 2124 coluerint
826 2080 906 2123 est
935 2069 1168 2138 requies,
1201 2070 1302 2123 hoc
1329 2083 1516 2123 eorum
1538 2069 1628 2138 qui
1654 2069 1884 2122 Domino
1904 2083 2016 2123 suae
2039 2070 2121 2123 vi-

537 2170 605 2214 tae
634 2163 870 2217 rationes
899 2162 1174 2231 probarint
1217 2162 1690 2217 oblectamentum.
1740 2162 1891 2216 Hunc
1945 2172 2122 2218 autem

533 2270 596 2310 ex
631 2255 722 2308 illo
753 2257 873 2311 loco
895 2257 1146 2310 eductum
1180 2256 1444 2311 terribiles
1475 2256 1549 2310 illi
1582 2256 1679 2310 viri
1709 2264 2001 2320 retrorsum
2025 2257 2125 2310 du-

535 2361 661 2403 cere
688 2347 826 2402 velle
853 2348 1124 2403 dicebant.
1152 2351 1218 2402 At
1241 2350 1353 2418 ipse
1370 2349 1702 2418 jucunditate
1723 2349 1811 2404 illa
1834 2348 2124 2420 lzetitiaque

529 2439 694 2492 animi
725 2439 946 2493 omnino
974 2449 1158 2509 raptus
1188 2457 1201 2494 :
1232 2439 1307 2494 Ne
1335 2455 1444 2507 me,
1488 2455 1690 2511 quaeso,
1725 2440 2019 2510 inquiebat,
2059 2456 2125 2497 ne

531 2544 619 2584 me
662 2531 876 2600 inquam
920 2531 1020 2585 hac
1061 2530 1265 2597 lzetitia,
1315 2546 1435 2602 quae
1474 2533 1636 2587 nullis
1665 2531 1845 2587 verbis
1897 2532 2124 2601 exprimi

536 2631 734 2694 potest,
762 2625 996 2694 private;
1044 2639 1228 2679 verum
1257 2623 1358 2681 hoc
1385 2625 1514 2679 mihi
1537 2625 1835 2694 concedite,
1860 2633 1917 2680 ut
1941 2627 1993 2680 in
2020 2641 2125 2680 uno

535 2718 886 2788 amplissimae
918 2718 1142 2786 hujusce
1171 2718 1400 2773 civitatis
1425 2719 1621 2788 angulo
1652 2719 1862 2789 degam.
1921 2717 1996 2771 Illi
2027 2733 2125 2772 au-

534 2815 641 2863 tem
673 2809 738 2862 ad
768 2808 910 2862 hunc
956 2809 1173 2862 modum
1206 2808 1603 2876 respondebant
1635 2824 1647 2860 :
1682 2806 1820 2862 Fieri
1852 2822 1993 2861 nunc
2021 2808 2125 2862 mi-

533 2900 678 2954 nime
704 2908 882 2968 potest
902 2908 958 2954 ut
983 2900 1068 2954 hic
1089 2900 1160 2954 sis
1184 2917 1196 2955 :
1225 2901 1327 2954 hoc
1355 2909 1532 2954 autem
1559 2899 1740 2954 multis
1771 2900 2041 2954 laboribus
2064 2913 2126 2954 ac

533 2993 821 3048 sudoribus
845 2993 1060 3047 tandem
1086 2993 1460 3063 consequeris,
1480 2993 1523 3047 si
1546 2993 1758 3063 quidem
1783 2992 1876 3048 tibi
1899 2993 1994 3062 ipsi
2021 2994 2124 3047 vim

534 3085 798 3141 intuleris.
1351 3100 1355 3105 ‘

2226 1906 2325 1946 nec
2355 1901 2406 1945 tu
2443 1900 2590 1961 pater
2617 1891 2728 1961 jam
2769 1889 3060 1959 appelleris
3090 1903 3239 1956 ,nec
3281 1903 3368 1944 me
3396 1888 3563 1942 tilium
3604 1886 3824 1943 habitu-

2227 1998 2317 2038 rus
2346 1983 2443 2037 sis.

2296 2075 2426 2129 Car.
2461 2073 2650 2127 XXXI.
2679 2104 2748 2113 —-
2771 2072 3005 2128 Rursum
3052 2072 3216 2142 igitur
3243 2073 3430 2142 ingens
3460 2087 3640 2144 regem
3683 2085 3825 2128 mte-

2228 2168 2369 2224 stitia
2401 2166 2629 2232 invasit;
2659 2182 2872 2222 rursum
2897 2181 3112 2222 omnem
3141 2166 3262 2219 vita:
3285 2181 3398 2220 sua:
3420 2179 3570 2235 spem
3591 2165 3826 2236 despon-

2229 2259 2357 2315 dere
2385 2259 2579 2329 coepit;
2615 2269 2777 2328 atque
2807 2259 3005 2313 acerba
3032 2271 3216 2313 secum
3261 2258 3445 2312 animo
3493 2258 3735 2329 agitans,
3769 2260 3824 2314 in

2229 2350 2488 2422 palatium
2521 2364 2673 2404 suum
2719 2348 2871 2404 abiit.
2904 2349 2975 2404 At
3009 2363 3142 2404 vero
3173 2348 3403 2416 improbi
3453 2347 3529 2403 illi
3570 2349 3826 2419 spiritus,

2230 2445 2318 2514 qui
2351 2443 2606 2499 adversus
2637 2441 2874 2497 divinum
2912 2442 3166 2510 juvenem
3199 2457 3226 2495 a
3249 2439 3471 2496 Theuda
3521 2441 3675 2496 missi
3705 2440 3823 2497 fue-

2230 2545 2372 2602 rant,
2406 2535 2472 2590 ad
2503 2551 2624 2590 eum
2657 2534 2859 2605 pudore
2889 2533 3075 2590 suﬂ‘usi
3108 2533 3370 2600 redeunt,
3400 2544 3560 2604 atque
3583 2536 3827 2605 quamvis

2230 2626 2430 2696 alioqui
2462 2624 2742 2681 mendacio
2763 2624 3058 2694 gaudeant,
3097 2634 3372 2694 acceptam
3407 2634 3588 2680 tamen
3610 2625 3826 2682 cladem

2229 2715 2576 2772 confitentur.
2606 2715 2814 2784 Quippe
2843 2715 3124 2785 perspicua
3156 2715 3326 2771 cladis
3369 2716 3520 2788 signa
3560 2716 3613 2771 in
3646 2717 3822 2773 scele-

2230 2819 2348 2864 rato
2375 2823 2472 2864 suo
2501 2809 2648 2863 vultu
2679 2809 2959 2877 gerebant.
2983 2808 3080 2864 llle
3105 2820 3283 2863 autem
3313 2826 3324 2861 :
3352 2808 3534 2880 Usque
3577 2809 3787 2865 adeone
3810 2850 3826 2877 ,

2230 2899 2424 2970 inquit,
2457 2899 2755 2956 imbecilles
2803 2915 2866 2955 ac
2917 2900 3100 2955 miseri
3142 2901 3306 2967 estis,
3331 2909 3390 2955 ut
3421 2900 3828 2958 adolescentem

2230 3010 2394 3050 unum
2425 2995 2641 3049 vincere
2669 2994 2892 3049 minime
2923 2994 3247 3063 potueritis?
3271 2993 3421 3048 Tunc
3453 2993 3688 3064 improbi
3720 2995 3830 3065 spi-

2233 3086 2369 3140 ritus
2398 3083 2594 3139 virtute
2643 3083 2824 3140 divina
2877 3085 3194 3150 excruciati,
3247 3084 3530 3140 veritatem
3581 3086 3736 3140 inviti
3777 3087 3831 3144 in

604 3179 718 3234 Hoc
745 3193 993 3235 sermone
1025 3177 1226 3246 habito,
1260 3193 1322 3232 ac
1343 3178 1580 3234 maximo
1603 3178 1696 3232 illo
1719 3192 1908 3248 campo
1939 3193 2124 3234 rursus
2154 3179 2203 3244 C
2235 3181 2408 3237 lucem
2438 3182 2794 3252 protulerunt,
2827 3182 2912 3237 his
2931 3182 3112 3236 verbis
3133 3189 3346 3237 utentes
3371 3199 3383 3233 :
3408 3179 3609 3236 Christi
3640 3189 3831 3250 poten-

533 3281 834 3344 pcragrato,
861 3286 981 3326 eum
1013 3271 1066 3326 in
1096 3270 1380 3325 tenebrosa
1412 3270 1549 3334 loca,
1572 3271 1854 3339 omnisque
1880 3271 2127 3326 maeroris

533 3365 710 3438 plena,
759 3373 918 3435 atque
961 3381 1080 3419 cum
1127 3380 1192 3420 eo
1233 3364 1540 3433 splendore,
1592 3379 1749 3434 quem
1792 3365 1936 3433 prius
2000 3379 2129 3418 con-

533 3467 806 3528 spexerat,
842 3473 903 3511 ac
933 3457 1116 3512 laetitia
1148 3456 1234 3510 illa
1266 3472 1295 3510 e
1325 3456 1590 3511 diametro
1622 3456 1934 3526 pugnantia,
1965 3455 2129 3510 duxe-

533 3559 680 3606 runt.
717 3549 926 3603 Etenim
976 3551 1203 3602 obscura
1243 3563 1464 3617 prorsus
1510 3561 1574 3602 ac
1621 3550 1904 3604 tenebrosa
1959 3550 2130 3618 caligo

535 3654 674 3709 erat,
715 3652 876 3713 atque
925 3642 1214 3697 afﬂictione
1263 3656 1326 3696 ac
1372 3640 1599 3696 tumultu
1654 3648 1795 3696 totus
1846 3641 1934 3697 ille
1983 3643 2128 3698 locus

535 3737 897 3794 redundabat.
943 3736 1054 3789 lllic
1096 3736 1232 3806 ignis
1263 3735 1454 3790 fornax
1486 3735 1898 3802 accendebatur,
1931 3743 1986 3790 et
2014 3749 2132 3790 car-

536 3833 757 3889 niﬁcum
790 3831 1052 3886 vermium
1082 3845 1251 3901 genus
1277 3831 1552 3900 serpebat,
1604 3829 1928 3900 ultricesque
1966 3830 2132 3885 virtu-

536 3935 619 3981 tes
647 3924 847 3980 fornaci
879 3923 1248 3978 imminebant.
1276 3923 1352 3978 Ac
1383 3922 1628 3978 nonnulli
1660 3923 1913 3977 miserum
1937 3924 1988 3977 iu
2014 3938 2131 3976 mo-

539 4020 666 4076 dum
714 4019 821 4089 igni
849 4017 1271 4086 conﬂagrabant,
1303 4031 1514 4086 voxque
1545 4015 1849 4083 hujusmodi
1877 4014 2131 4069 audieba-

539 4121 627 4167 tur
660 4131 671 4164 :
709 4111 804 4165 Hic
830 4111 1213 4165 sceleratorum
1236 4108 1385 4164 locus
1415 4118 1518 4174 est,
1547 4108 1632 4162 hic
1657 4123 1841 4163 eorum
1867 4107 2134 4162 cruciatus

537 4213 630 4283 qui
656 4211 812 4267 foedis
843 4209 1058 4279 ﬂagitiis
1089 4208 1297 4276 seipsos
1322 4206 1773 4261 contaminarunt.
1806 4202 1934 4258 Post
1956 4211 2133 4257 autem

539 4308 609 4363 ab
640 4307 726 4361 his
749 4306 837 4374 qui
870 4319 992 4360 eum
1029 4302 1158 4358 illuc
1185 4302 1612 4364 introduxerant,
1657 4312 1720 4353 ex
1750 4312 1815 4350 eo
1847 4298 1963 4351 loco
2005 4295 2135 4351 edu-

539 4411 658 4458 ctus
711 4408 812 4455 est.
865 4398 1164 4467 Statimque
1192 4396 1258 4450 ad
1303 4409 1421 4449 sese
1469 4392 1704 4458 rediens,
1750 4399 1862 4446 toto
1907 4404 2136 4460 corpore

539 4496 1011 4560 contremiscebat,
1045 4496 1403 4565 lacrymaaque
1430 4491 1708 4546 ﬂuminum
1739 4490 1908 4546 instar
1947 4502 2013 4545 ex
2056 4488 2137 4558 ip-

2231 3276 2320 3333 tia:
2346 3291 2407 3330 ac
2433 3277 2696 3345 passionis
2719 3275 2887 3345 ipsius
2911 3276 3088 3345 signo,
3113 3275 3253 3347 quod
3281 3275 3509 3330 Crucem
3533 3275 3830 3344 appellant,

2232 3382 2300 3422 ne
2327 3367 2594 3422 tantillum
2625 3367 2840 3438 quidem
2875 3369 3137 3423 obluctari
3168 3381 3478 3437 possumus.
3527 3367 3660 3423 Nam
3704 3383 3829 3424 cum

2232 3475 2294 3516 ea
2340 3461 2651 3531 efﬁngitur,
2697 3461 2878 3516 statim
2931 3470 3198 3532 quotquot
3239 3461 3381 3516 acris
3431 3462 3712 3530 principes
3771 3476 3834 3518 ac

2233 3552 2419 3607 mundi
2448 3562 2682 3608 rectores
2707 3554 3052 3609 tenebrarum
3079 3567 3264 3609 sumus
3296 3553 3521 3624 (Epher.
3540 3553 3637 3623 vi),
3663 3568 3824 3622 quam

2235 3645 2516 3702 celerrime
2538 3646 2788 3717 fugimus,
2815 3662 2880 3702 ac
2909 3647 3058 3718 prius
3079 3646 3241 3702 etiam
3265 3661 3424 3717 quam
3469 3661 3531 3701 ea
3573 3647 3734 3716 plane
3771 3661 3834 3701 ac

2239 3739 2476 3809 perfecte
2504 3754 2759 3810 expressa
2789 3740 2882 3806 sit,
2914 3739 3312 3809 propulsamur.
3345 3739 3708 3805 Quamobrem
3735 3752 3835 3793 nos

2237 3831 2455 3900 quidem
2483 3832 2537 3886 in
2570 3831 2714 3887 hunc
2736 3832 2989 3901 juvenem
3019 3833 3219 3902 impetu
3248 3831 3416 3896 facto,
3441 3831 3680 3902 graviter
3703 3846 3830 3886 eum

2236 3923 2696 3994 perturbavimus;
2729 3939 2918 3981 verum
2951 3924 3042 3980 ille
3066 3939 3188 3979 cum
3216 3922 3419 3979 Christi
3450 3938 3608 3994 opem
3643 3924 3834 3994 implo-

2249 4025 2452 4082 rasset,
2491 4030 2552 4070 ac
2578 4016 2754 4072 crucis
2777 4015 2931 4086 signo
2951 4017 3184 4086 seipsum
3208 4016 3548 4084 munivisset,
3578 4030 3676 4071 nos
3698 4015 3835 4070 irato

2237 4109 2418 4164 animo
2441 4108 2699 4179 propulit,
2731 4116 2893 4180 atque
2945 4109 3311 4166 ﬁrmissimum
3365 4108 3466 4164 sibi
3523 4109 3832 4180 praesidium

2238 4201 2588 4269 comparavit.
2619 4199 2698 4256 Ac
2749 4201 2974 4271 proinde
3023 4202 3172 4257 nulla
3219 4201 3535 4273 interposita
3568 4217 3718 4258 mora
3751 4202 3835 4256 iu-

2237 4299 2590 4348 strumentum
2645 4292 2774 4348 illud
2821 4293 3186 4363 arripuimus,
3237 4293 3391 4364 cujus
3447 4307 3612 4363 opera
3671 4295 3834 4349 etiam

2239 4385 2489 4455 princeps
2533 4393 2720 4440 noster
2774 4387 3008 4457 primum
3054 4386 3328 4441 hominem
3380 4399 3666 4455 aggressus
3714 4394 3832 4453 est,

2240 4491 2470 4547 eumque
2513 4478 2767 4547 potestati
2814 4493 2926 4532 sua:
2971 4477 3221 4548 subjecit.
3253 4478 3320 4532 Et
3347 4477 3561 4548 quidem
3592 4476 3836 4547 profecto

541 4590 658 4645 sius
703 4589 871 4644 oculis
918 4589 1180 4653 ﬂuebant;
1231 4597 1389 4656 atque
1439 4583 1612 4639 omnis
1660 4582 1941 4654 impudica:
1990 4580 2134 4636 illius
2158 4569 2213 4632 D
2240 4586 2339 4628 nos
2367 4586 2580 4642 quoque
2606 4586 2794 4626 vanam
2823 4573 3182 4628 adolescentis
3213 4586 3365 4641 spem
3395 4585 3494 4640 pro
3535 4571 3706 4625 nihilo
3740 4571 3837 4624 du-

542 4683 757 4753 puellae,
809 4682 1241 4750 reliquarumque
1285 4679 1531 4745 aliarum,
1562 4676 1917 4748 'pulchritudo
1946 4675 2136 4745 quovis

542 4792 702 4834 caeno
731 4784 784 4832 et
813 4776 959 4829 sanie
991 4775 1204 4830 fetidior
1231 4775 1330 4842 ipsi
1362 4775 1474 4828 visa
1517 4781 1632 4839 est;
1683 4772 2049 4840 memoriaque
2073 4783 2136 4824 ea

543 4883 666 4939 quae
696 4866 904 4922 viderat
935 4863 1197 4925 recolens,
1229 4871 1339 4916 tum
1372 4865 1632 4918 bonorum
1681 4862 1894 4916 illorum
1935 4860 2140 4931 cupidi-

547 4970 657 5018 tate
689 4971 798 5014 tum
845 4957 1090 5013 dolorum
1133 4954 1348 5020 illorum
1377 4964 1522 5010 metu
1550 4962 1853 5023 correptus,
1903 4953 1956 5007 in
2000 4953 2140 5008 lecto

544 5053 773 5124 iacebat,
799 5051 877 5106 sic
897 5048 1141 5113 aﬂectus,
1170 5056 1227 5101 ut
1257 5045 1398 5102 nulla
1423 5046 1520 5115 ipsi
1547 5044 1868 5114 exsurgendi
1891 5053 2136 5115 potestas

544 5155 706 5202 esset.

622 5238 689 5293 Ut
711 5246 887 5294 autem
913 5235 981 5290 de
1010 5232 1235 5289 adversa
1266 5230 1356 5286 ﬂlii
1384 5227 1690 5284 valetudine
1710 5227 1775 5282 ad
1807 5242 1988 5301 regem
2014 5228 2143 5284 alla-

549 5343 662 5388 tum
691 5340 793 5398 est,
824 5330 1004 5387 statim
1035 5330 1100 5383 ad
1142 5343 1263 5383 eum
1294 5324 1565 5396 profectus
1598 5322 1849 5393 quidnam
1876 5322 1978 5392 ipsi
2003 5322 2144 5378 acci-

553 5426 722 5479 disset
763 5425 1194 5492 percontabatur.
1249 5422 1343 5478 llle
1395 5429 1573 5475 autem
1619 5417 1872 5488 quidnam
1923 5415 2144 5472 vidisset

554 5514 793 5582 exponit,
831 5516 1008 5585 aitque
1039 5533 1050 5569 :
1095 5517 1201 5570 Cur
1226 5514 1447 5587 pedibus
1479 5512 1617 5568 meis
1648 5510 1892 5582 laqueum
1923 5509 2142 5579 parasti,

460 5665 464 5669 _
554 5615 610 5660 et
639 5606 924 5660 incurvasti
956 5608 1186 5662 animam
1233 5623 1406 5664 meam
1445 5605 1617 5678 (Psal.
1651 5603 1791 5676 Lvt)?
1842 5601 1954 5658 Nisi
2001 5601 2145 5658 enim

558 5697 816 5755 Dominus
844 5699 1132 5769 adjuvisset
1176 5717 1280 5767 me,
1329 5700 1487 5771 paulo
1528 5700 1704 5754 minus
1751 5695 2042 5752 habitasset
2091 5693 2144 5750 in

558 5792 771 5851 inferno
794 5792 970 5849 anima
994 5807 1109 5850 mea
1135 5792 1306 5862 (Paul.
1333 5793 1546 5860 xxxix).
1571 5792 1769 5848 Verum
1793 5805 1950 5860 quam
1975 5790 2147 5846 bonus

2240 4669 2523 4736 cebamus;
2548 4683 2736 4724 verum
2758 4668 2824 4721 ad
2848 4668 3107 4724 auxilium
3133 4681 3321 4724 rursus
3344 4666 3546 4722 accitus
3567 4663 3836 4734 Christus,

2242 4760 2478 4817 caelestis
2504 4760 2599 4815 ira:
2629 4759 2736 4831 igni
2778 4773 2879 4815 nos
2907 4768 3124 4815 exustos
3147 4760 3206 4814 in
3234 4759 3412 4826 fugam
3443 4758 3634 4814 vertit.
3659 4758 3840 4824 Quare

2243 4863 2352 4910 stat
2381 4853 2645 4910 sententia
2677 4868 2784 4908 non
2816 4854 2956 4908 ultra
2999 4853 3068 4908 ad
3095 4868 3221 4909 eum
3268 4852 3548 4908 accedere.
3580 4852 3663 4906 Ad
3698 4852 3840 4906 hunc

2244 4949 2453 5003 scilicet
2475 4947 2692 5003 modum
2721 4947 2952 5016 improbi
2980 4946 3202 5017 spiritus
3221 4946 3461 5003 Theudae
3484 4959 3548 5002 ea
3570 4961 3690 5017 qua:
3714 4961 3841 5001 con-

2247 5042 2478 5112 tigerant
2501 5042 2782 5112 perspicue
2811 5041 3186 5097 declararunt.

2317 5135 2437 5190 Rex
2471 5143 2650 5190 autem
2677 5134 2822 5191 omni
2852 5149 2916 5190 ex
2948 5141 3099 5205 parte
3125 5133 3305 5189 animo
3329 5132 3562 5197 haerens,
3591 5129 3842 5186 consilio~

2247 5241 2354 5298 que
2382 5227 2688 5296 destitutus,
2719 5226 2993 5283 Theudam
3015 5241 3202 5283 rursus
3231 5225 3482 5292 accersit,
3509 5223 3576 5280 ad
3605 5237 3839 5294 eumque

2249 5323 2365 5378 ait:
2399 5319 2658 5376 Omnibus
2706 5319 2771 5375 iis
2819 5334 2938 5390 quae
2993 5317 3253 5384 docuisti,
3281 5317 3362 5373 vir
3403 5315 3839 5389 sapientissime.

2251 5413 2505 5486 perfectis
2528 5422 2583 5469 et
2604 5413 2887 5478 absolutis,
2913 5411 3043 5468 nihil
3075 5420 3252 5467 tamen
3281 5409 3532 5466 utilitatis
3564 5405 3847 5466 consecuti

2253 5523 2456 5566 sumus.
2487 5509 2637 5564 Nunc
2676 5508 2858 5578 igitur,
2886 5509 2933 5563 si
2962 5505 3103 5579 quod
3129 5505 3223 5562 tibi
3254 5503 3400 5560 aliud
3427 5502 3716 5560 consilium
3749 5516 3842 5556 su-

2253 5611 2456 5676 perest,
2493 5603 2619 5659 illud
2652 5603 3014 5674 experiamur.
3041 5600 3294 5656 Fortasse
3319 5598 3464 5655 enim
3491 5597 3726 5668 aliquam
3754 5595 3850 5650 de-

2255 5695 2489 5767 pellendi
2522 5695 2650 5750 mali
2681 5694 2939 5750 rationem
2973 5691 3369 5748 nanciscemur.

2325 5787 2456 5842 Cum
2488 5796 2664 5844 autem
2694 5786 2980 5862 Theudas,
3006 5796 3062 5840 ut
3089 5798 3210 5846 cum
3244 5782 3415 5854 ipsius
3443 5781 3555 5838 filio
3585 5781 3640 5837 in
3674 5778 3848 5837 collo-
