4158 6354
313 347 420 407 569

755 342 911 399 VITA
946 342 1361 402 SANCTORUM
1405 344 1733 401 BABLAAM
1776 340 1899 398 ERE

2005 340 2106 399 UE
2147 342 2237 400 ET
2273 343 2620 402 JOSAPHAT
2660 343 2870 404 INDle
2907 343 3138 405 REGIS.

3480 348 3583 404 579

311 467 498 540 quium
525 465 729 521 veniret
759 463 1015 534 petiisset,
1047 479 1206 520 mane
1237 480 1353 531 rex,
1380 480 1445 520 eo
1469 479 1651 521 secum
1683 478 1890 519 assum-
1926 461 1980 521 Δ
2008 464 2288 532 prudentia
2320 473 2375 520 et
2405 467 2693 537 sagacitate
2730 467 3023 523 antecellit.
3055 465 3188 523 Illud
3226 480 3369 522 enim
3403 463 3524 522 eum
3556 481 3587 523 a

314 570 427 633 pto,
459 557 524 612 ad
553 555 827 612 visendum
859 556 1028 612 ﬁlium
1057 557 1435 626 proﬁciscitur.
1461 556 1704 628 Cumque
1733 571 1898 626 prope

312 667 439 710 eum
475 649 832 714 consedisset,
859 665 980 704 eum
1009 650 1230 718 alloqui,
1265 664 1327 705 ac
1358 650 1568 720 probris
1617 650 1890 717 insectari,

311 753 471 812 atque
502 741 668 812 ipsius
698 741 1089 796 contumaciam
1123 741 1392 812 animique
1439 740 1764 811 rigiditatem
1807 756 1901 796 ac-

312 849 502 890 cusare
533 832 712 902 coepit.
736 832 828 886 Illo
854 845 985 887 vero
1009 839 1152 887 recta
1183 831 1433 903 dogmata
1456 847 1668 888 rursum
1696 833 1898 888 conﬁr-

311 936 497 983 mante
516 926 869 996 ,-Chrislique
910 939 1093 980 amore
1125 924 1254 980 nihil
1287 925 1559 995 antiquius
1592 924 1898 982 habendum

312 1037 434 1079 esse
465 1023 766 1087 clamante,
809 1020 1060 1075 Theudas
1101 1020 1154 1074 in
1197 1018 1429 1074 medium
1471 1017 1763 1089 prodiens,
1815 1019 1898 1073 his

311 1115 490 1171 verbis
519 1127 644 1168 usus
671 1123 752 1168 est
780 1129 792 1165 :
825 1112 1114 1181 Quidnam,
1142 1126 1173 1168 ο
1204 1111 1464 1181 Josaphat
1490 1151 1506 1178 ,
1547 1111 1690 1181 quod
1716 1112 1768 1166 in
1799 1111 1902 1166 im-

311 1206 632 1263 mortalibus
652 1204 753 1260 diis
778 1205 975 1258 nostris
1003 1203 1509 1275 reprehendendum
1537 1205 1602 1258 sit
1628 1203 1898 1271 invenisti,

311 1305 374 1354 ut
405 1309 458 1352 tu
493 1297 558 1351 ab
579 1311 764 1353 eorum
809 1297 955 1351 cultu
985 1295 1289 1351 discederes
1311 1339 1325 1365 ,
1358 1308 1423 1350 ac
1453 1296 1595 1366 regis
1624 1295 1795 1365 patris
1827 1296 1899 1353 tui

240 1410 258 1417 ’
309 1393 549 1450 animum
605 1393 677 1448 ita
727 1393 1045 1448 offendendo
1103 1393 1264 1447 totius
1320 1393 1507 1463 populi
1561 1392 1747 1448 odium
1801 1391 1896 1447 tibi

309 1487 726 1544 commoveres?
762 1492 840 1543 An
863 1501 968 1542 non
996 1486 1065 1541 ab
1093 1486 1159 1542 iis
1188 1487 1352 1542 vitam
1378 1487 1666 1559 accepisti?
1689 1487 1770 1543 An
1795 1501 1900 1543 non

307 1584 410 1655 ipsi
443 1583 580 1654 patri
611 1591 662 1638 te
694 1581 836 1637 dono
865 1581 1150 1649 dederunt,
1183 1582 1381 1637 auditis
1425 1583 1682 1658 videlicet
1729 1583 1898 1652 ipsius

307 1675 586 1746 precibus,
619 1689 790 1745 eoque
819 1675 1115 1730 sterilitatis
1144 1673 1372 1730 vinculis
1413 1674 1623 1730 soluto?
1646 1675 1777 1730 Cum
1809 1691 1903 1730 au-

307 1775 417 1823 tem
451 1766 644 1822 multos
667 1767 853 1821 inanes
875 1780 1176 1830 sermones,
1202 1779 1262 1820 ac
1294 1765 1491 1821 multas
1515 1765 1729 1821 inutiles
1753 1781 1900 1836 quac-

2005 571 2110 626 quo
2136 556 2296 612 alitur
2327 559 2498 630 novit,
2531 569 2587 614 tu
2634 569 2818 615 contra
2860 560 3009 629 ejus,
3063 576 3093 615 a
3146 575 3252 630 quo
3293 574 3358 614 ex
3403 557 3577 613 nihilo

2003 648 2291 718 productus
2321 664 2398 716 es,
2417 629 2678 721 cuiusqne
2699 652 2962 707 beneﬁcio
2983 652 3117 706 vivis
3139 629 3194 707 et
3215 649 3574 716 conservaris,

2004 739 2336 812 ignoratione
2373 742 2606 799 laboras.
2653 745 2732 799 Ac
2762 743 2920 799 deum
2964 744 3199 814 appellas
3231 758 3386 813 quem
3417 741 3581 812 paulo

2002 844 2124 891 ante
2155 834 2296 890 ferro
2326 835 2621 900 verberari,
2653 847 2811 906 atque
2845 852 2965 907 igne
2994 837 3248 908 conﬂari,
3272 845 3327 890 et
3367 835 3577 889 malleis

2003 925 2153 980 tundi
2201 925 2454 996 videbas,
2503 942 2661 997 quem
2716 939 2938 996 argento
2978 937 3138 996 atque
3177 941 3306 982 auro
3345 925 3580 990 cinxisti,

2003 1025 2162 1088 atque
2191 1035 2218 1071 a
2250 1028 2388 1074 terra
2413 1020 2462 1074 in
2482 1021 2646 1075 altum
2665 1019 2963 1088 sustulisti;
2987 1029 3279 1090 posteaque
3305 1019 3356 1072 in
3384 1027 3580 1072 terram

2003 1115 2236 1184 abiectus
2283 1115 2474 1186 abiecti
2523 1115 2710 1184 lapidis
2755 1116 3010 1186 abiectior
3056 1131 3115 1171 es
3163 1116 3432 1180 adorator,
3466 1128 3574 1168 non

2003 1208 2170 1264 Deum
2200 1207 2449 1274 adorans,
2497 1209 2591 1264 sed
2642 1218 2853 1264 mortua
2893 1217 2947 1264 et
2974 1208 3168 1264 anima:
3199 1207 3439 1276 expertia
3473 1221 3588 1260 ma-

2001 1318 2166 1358 nuum
2194 1311 2400 1357 tuarum
2430 1317 2611 1373 opera.
2641 1303 2752 1359 lmo
2776 1318 2928 1371 vero,
2964 1317 3033 1357 ne
3070 1309 3336 1356 mortuum
3369 1298 3582 1370 quidem

2002 1412 2213 1467 aequum
2259 1405 2340 1452 est
2387 1396 2733 1451 simulacrum
2806 1395 3108 1464 appellare,
3155 1407 3338 1448 verum
3391 1405 3583 1445 novum

2003 1493 2267 1563 quoddam
2297 1509 2358 1549 ac
2383 1502 2526 1548 tanta
2555 1491 2786 1547 amentia
2811 1490 3029 1561 dignum
3062 1504 3258 1545 nomen
3281 1487 3585 1555 excogitare

2003 1601 2100 1656 par
2127 1584 2384 1640 est.Nam
2411 1583 2651 1653 lapideus
2694 1582 3104 1647 comminuitur,
3147 1588 3416 1636 testaceus
3459 1591 3586 1632 con-

2006 1679 2268 1750 fringitur,
2297 1678 2505 1748 ligneus
2532 1677 2914 1745 corrumpitur,
2945 1688 3116 1729 aereus
3142 1671 3386 1741 rubigine
3412 1669 3585 1724 inﬁci-

2004 1783 2110 1841 tur,
2136 1757 2405 1828 aureus'et
2424 1781 2708 1841 argenteus
2735 1772 2841 1842 igni
2871 1767 3296 1835 conﬂatur.Quin
3321 1767 3481 1822 etiam
3509 1765 3585 1820 dii

307 1861 511 1918 stiones
529 1861 616 1916 ille
637 1859 954 1916 inveterata:
979 1858 1346 1929 improbitatis
1369 1858 1532 1913 homo
1551 1867 1894 1928 proponeret,
1929 1845 1979 1907 B
2005 1868 2078 1923 ιυί
2107 1867 2300 1938 parum
2328 1865 2520 1935 θκίευο
2544 1878 2606 1920 ac
2633 1864 2746 1930 vi“,
2777 1863 2969 1932 parum
3001 1875 3213 1917 summa
3246 1859 3420 1929 ριεθιίο
3447 1872 3584 1912 ven-

306 1963 467 2024 atque
493 1952 560 2007 de
592 1950 866 2020 Evangelii
889 1950 1271 2021 praedicatione
1292 1962 1609 2022 argumenta
1633 1960 1895 2017 necteret,

306 2046 411 2101 hoc
439 2043 687 2100 videlicet
718 2043 898 2098 animo
924 2085 938 2110 ,
971 2053 1029 2098 ut
1058 2059 1176 2098 eam
1208 2043 1521 2114 suggillaret
1545 2087 1559 2110 ,
1598 2053 1756 2116 atque
1785 2046 1900 2100 ido-

304 2138 482 2194 lorum
514 2137 716 2192 cultum
746 2136 1128 2204 conﬁrmaret,
1161 2136 1251 2192 ille
1276 2138 1499 2208 superni
1532 2137 1695 2209 Regis
1726 2138 1898 2205 ﬁlius,

303 2237 469 2299 atque
511 2228 648 2282 illius
681 2228 847 2295 urbis,
873 2243 1034 2299 quam
1069 2243 1172 2283 non
1206 2230 1389 2297 homo,
1436 2230 1533 2285 sed
1579 2230 1723 2287 Deus
1771 2246 1901 2287 con-

304 2320 498 2376 struxit
525 2317 708 2390 (Hebr.
741 2318 881 2389 vui),
906 2319 1062 2384 civis,
1097 2328 1441 2389 posteaquam
1472 2334 1593 2375 sese
1623 2322 1900 2392 paulisper

304 2411 682 2479 continuisset,
713 2419 822 2465 tum
849 2411 1065 2466 demum
1099 2411 1166 2466 ad
1196 2410 1477 2466 Theudam
1499 2413 1573 2467 ait
1599 2428 1613 2466 :

378 2503 538 2571 Audi,
569 2519 601 2558 ο
635 2503 946 2571 imposturae
977 2517 1174 2573 vorago
1195 2544 1210 2570 ,
1245 2516 1310 2558 ac
1343 2502 1707 2572 palpabilibus
1741 2513 1896 2561 tene-

305 2595 418 2653 bris
445 2594 806 2664 caliginosior,
836 2609 1021 2650 semen
1069 2594 1450 2666 Babylonicum
1472 2637 1487 2664 ,
1513 2605 1675 2668 atque
1699 2596 1897 2652 Chala-

305 2689 441 2745 uicae
490 2688 651 2743 turris
693 2696 1110 2756 exstructorum,
1165 2703 1394 2758 quorum
1448 2703 1610 2745 causa
1659 2690 1894 2745 mundus

305 2780 563 2838 confusus
590 2791 686 2846 est,
714 2795 881 2851 nepos
912 2779 1067 2851 (Gen.
1098 2781 1212 2851 xl);
1246 2797 1406 2849 vane,
1439 2784 1658 2854 inquam
1683 2825 1698 2853 ,
1739 2793 1900 2854 atque

307 2874 494 2930 infelix
517 2889 704 2942 senex,
728 2875 818 2944 qui
847 2875 1187 2946 gravioribus
1216 2891 1377 2947 quam
1418 2879 1656 2948 quinque
1685 2877 1790 2933 illae
1818 2878 1902 2933 di-

306 2968 433 3024 vino
463 2969 585 3038 igne
613 2978 968 3025 concremata:
996 2970 1157 3026 urbes
1189 2971 1483 3027 sceleribus
1527 2981 1579 3028 te
1621 2973 1896 3028 constrin-

307 3060 457 3117 xisti.
486 3060 690 3132 Ecquid
740 3061 926 3117 salutis
975 3063 1453 3133 praedicationem,
1501 3080 1596 3135 per
1645 3081 1804 3136 quam
1835 3079 1899 3121 ea

305 3168 429 3226 quae
470 3153 705 3209 tenebris
749 3153 1076 3210 circumfusa
1103 3164 1296 3224 erant,
1328 3154 1503 3211 lucem
1534 3165 1896 3226 acceperunt,

2003 1960 2220 2015 duntur.
2252 1956 2434 2026 Neque
2464 1955 2604 2011 enim
2634 1955 2765 2024 ipsis
2790 1953 3061 2019 divinitas,
3086 1952 3178 2008 sed
3207 1949 3430 2006 materia
3459 1962 3584 2016 pre-

2004 2051 2136 2105 tium
2166 2049 2272 2104 dat.
2304 2047 2464 2118 Atqui
2500 2047 2666 2102 Deum
2713 2046 2960 2117 quisnam
3009 2058 3193 2099 emere
3223 2051 3314 2097 aut
3351 2043 3587 2096 vendere

2001 2143 2201 2214 queat?
2224 2141 2342 2197 Jam
2363 2154 2590 2211 quonam
2618 2147 2773 2209 pacto
2801 2137 2941 2193 Deus
2970 2136 3268 2207 appellatur
3294 2134 3382 2204 qui
3408 2141 3586 2187 motus

2002 2248 2194 2306 expers
2222 2233 2336 2288 est?
2381 2235 2460 2287 An
2505 2246 2612 2287 non
2653 2230 2787 2286 illttd
2819 2229 2998 2286 cernis
3022 2270 3036 2294 ,
3071 2243 3167 2284 nec
3203 2242 3325 2282 eum
3357 2226 3448 2295 qui
3479 2231 3586 2279 stat

2001 2342 2232 2399 unquam
2261 2326 2451 2382 sedere
2481 2338 2582 2380 nec
2612 2339 2734 2380 eum
2758 2322 2847 2394 qui
2871 2322 3040 2387 sedet,
3075 2335 3305 2391 unquam
3335 2316 3514 2374 stare?

2073 2418 2276 2474 Pudeat
2303 2428 2375 2487 te,
2404 2430 2438 2471 o
2469 2430 2690 2472 vecors:
2719 2429 2936 2471 manum
2967 2415 3046 2469 ori
3076 2427 3308 2483 appone,
3341 2426 3374 2466 ο
3397 2410 3580 2476 stulte,

2001 2510 2092 2581 qui
2125 2525 2211 2566 res
2239 2507 2542 2579 huiusmodi
2565 2507 2768 2563 laudas.
2797 2507 3008 2563 Etenim
3031 2521 3060 2560 a
3087 2506 3307 2561 veritate
3335 2517 3579 2572 aversus,

2002 2600 2154 2656 falsis
2177 2600 2399 2671 picturis
2428 2599 2693 2669 deciperis
2724 2610 2886 2669 atque
2920 2599 2971 2653 in
3005 2596 3246 2652 fraudem
3275 2596 3581 2664 induceris,

2003 2705 2205 2753 statuas
2234 2693 2488 2749 videlicet
2512 2694 2801 2764 efﬁngens,
2831 2693 3096 2762 rebusque
3127 2707 3287 2746 manu
3324 2701 3410 2746 tua
3446 2690 3578 2746 effe-

2003 2790 2104 2847 ctis
2137 2789 2227 2845 Dei
2256 2803 2458 2842 nomen
2501 2788 2817 2842 attribuens.
2851 2787 3156 2857 Resipisce,
3198 2787 3383 2850 miser,
3427 2792 3588 2854 atque

2003 2881 2132 2938 illud
2157 2880 2410 2950 intellige,
2445 2889 2498 2935 te
2540 2880 2643 2934 deo
2673 2880 2769 2934 abs
2798 2887 2850 2934 te
2887 2878 3026 2934 facto
3055 2878 3410 2948 antiquiorem
3442 2891 3585 2932 esse.

2002 2975 2165 3046 Cuius
2197 2974 2408 3029 tandem
2435 2971 2629 3027 furoris
2659 2972 2758 3027 ista
2791 2973 2948 3025 sunt?
2982 2970 3213 3026 lloccine
3240 2968 3334 3024 tibi
3364 2982 3588 3037 persua-

2003 3067 2140 3128 sisti,
2171 3076 2243 3136 te,
2272 3082 2392 3122 cum
2439 3067 2601 3120 homo
2630 3066 2735 3131 sis,
2792 3064 2957 3119 Deum
3008 3063 3220 3118 efﬁcere
3262 3063 3454 3132 posse?
3487 3061 3588 3127 Qui

2003 3160 2217 3216 tandem
2243 3158 2382 3213 istud
2409 3141 2524 3211 fieri
2557 3156 2751 3226 queat?
2784 3154 3043 3221 Quocirca
3074 3169 3181 3207 non
3207 3151 3477 3207 hominem
3506 3150 3586 3204 ef-

307 3263 408 3321 per
431 3261 590 3319 quam
621 3256 865 3303 errantes
889 3248 1030 3302 viam
1063 3249 1402 3316 invenerunt,
1430 3264 1529 3320 per
1554 3265 1712 3320 quam
1737 3251 1772 3304 ii
1802 3250 1898 3321 qui
1925 3232 1974 3298 C
2007 3252 2144 3317 ﬁcis,
2178 3264 2361 3305 verum
2414 3248 2645 3302 hominis
2693 3257 2785 3301 aut
2829 3247 3125 3314 cuiuSpiam
3157 3242 3441 3296 animantis
3481 3240 3588 3295 [οι-⁴

307 3341 602 3412 perierant,
635 3355 698 3396 ac
728 3341 926 3398 misera
957 3341 1218 3398 servitute
1263 3342 1668 3413 premebantur,
1700 3345 1754 3398 in
1787 3344 1898 3413 pri-

305 3435 510 3490 stinum
536 3441 734 3489 statum
759 3434 991 3490 restituti
1020 3443 1186 3504 sunt,
1215 3434 1426 3491 cavillis
1453 3435 1708 3490 insectari
1741 3450 1902 3491 cona-

306 3523 432 3582 ris?
461 3523 607 3579 Cedo
633 3532 812 3578 utrum
845 3523 1059 3580 tandem
1089 3539 1158 3580 ex
1192 3524 1276 3580 his
1302 3524 1509 3579 duobus
1554 3526 1899 3594 praestantius

306 3622 413 3681 est,
449 3629 640 3684 nempe
667 3615 1092 3684 omnipotentem
1121 3615 1288 3670 Deum
1319 3631 1438 3671 cum
1465 3617 1737 3688 unigenito
1760 3618 1899 3674 Filio

306 3715 368 3764 et
391 3705 594 3776 Spiritu
623 3715 810 3762 saneto
831 3707 1011 3763 colere
1035 3749 1050 3773 ,
1075 3707 1245 3764 Deum
1271 3748 1286 3775 ,
1311 3709 1529 3780 inquam
1548 3751 1563 3779 ,
1597 3711 1898 3766 increatum

307 3808 368 3858 et
393 3800 772 3868 immortalem,
803 3801 1066 3855 bonorum
1089 3802 1330 3857 omnium
1365 3802 1591 3872 fontem,
1617 3804 1771 3872 cuius
1802 3820 1901 3861 nec

308 3894 599 3966 imperium
638 3909 700 3949 ac
728 3894 893 3950 robur
927 3895 1238 3964 coniectura
1289 3897 1527 3967 percipi,
1587 3913 1687 3955 nec
1727 3899 1902 3968 gloria

309 3996 496 4046 mente
525 3987 908 4056 comprehendi
943 3998 1137 4059 potest,
1175 3990 1261 4046 cui
1302 3992 1663 4063 angelicorum
1693 4008 1757 4050 ac
1793 4010 1904 4052 coe-

308 4081 527 4138 lestium
553 4081 804 4136 ordinum
834 4081 1001 4136 millia
1034 4083 1281 4150 millium,
1310 4095 1362 4140 et
1386 4085 1568 4142 decies
1600 4087 1766 4160 318
1788 4089 1907 4144 mil-

307 4171 382 4230 lia
412 4173 637 4228 millium
659 4183 857 4240 astant,
888 4173 1042 4244 cuius
1065 4177 1234 4246 gloria
1263 4177 1457 4233 coelum
1484 4187 1540 4234 et
1563 4186 1704 4234 terra
1735 4181 1890 4250 plena

308 4273 461 4328 sunt,
491 4278 586 4334 per
629 4279 788 4334 quem
833 4265 1014 4319 omnia
1043 4280 1116 4321 ex
1146 4266 1316 4322 nihilo
1354 4271 1406 4323 in
1434 4279 1612 4324 ortum
1644 4272 1904 4340 producta

308 4364 472 4424 sunt,
503 4371 598 4426 per
627 4371 787 4426 quem
817 4357 1048 4414 mundus
1078 4360 1388 4417 continetur
1430 4377 1493 4418 ac
1522 4375 1901 4437 conservatur,

310 4448 590 4519 ipsiusque
613 4449 942 4517 providentia
965 4450 1314 4519 gubernatur,
1339 4455 1523 4511 colere
1546 4469 1609 4510 ac
1633 4459 1901 4525 venerari;

308 4557 384 4597 an
401 4558 528 4599 vero
549 4543 828 4613 pestiferos
850 4543 1122 4602 daemones
1142 4557 1300 4617 atque
1320 4546 1553 4603 inanima
1583 4549 1894 4617 simulacra,

2005 3359 2170 3411 mam,
2221 3357 2326 3397 non
2370 3341 2568 3411 lingua,
2621 3354 2725 3394 non
2773 3337 3038 3405 faucibus,
3064 3352 3168 3391 non
3198 3335 3440 3400 cerebro,
3475 3347 3581 3387 non

2005 3436 2113 3492 ulla
2141 3434 2316 3505 aliqua
2356 3433 2563 3488 interna
2614 3439 2765 3502 parte
2815 3429 3130 3500 praeditam;
3172 3443 3235 3483 ac
3260 3426 3483 3498 proinde
3513 3441 3581 3482 ne

2005 3527 2235 3584 hominis
2268 3525 2481 3597 quidem
2529 3533 2621 3579 aut
2669 3524 2957 3579 animantis
2997 3519 3291 3576 similitudo
3340 3529 3459 3588 est,
3488 3518 3581 3574 sed

2005 3623 2207 3680 infitilis
2237 3620 2457 3675 omnino
2497 3633 2583 3674 res
2631 3633 2694 3674 ac
2738 3617 2989 3672 vanitatis
3026 3615 3202 3686 plena.
3249 3613 3385 3682 Quid
3425 3613 3584 3683 igitur

2005 3715 2165 3771 rebus
2206 3727 2398 3768 sensus
2429 3710 2737 3780 expertibus
2775 3708 3072 3764 blandiris?
3094 3706 3231 3775 Quid
3273 3714 3453 3761 mente
3489 3720 3582 3759 ca-

2006 3805 2243 3864 rentibus
2263 3810 2318 3858 et
2347 3802 2622 3857 inutilibus
2649 3799 2888 3856 assides?
2916 3798 3026 3854 Nisi
3055 3797 3257 3862 latomi,
3297 3805 3386 3851 aut
3408 3795 3588 3851 archi-

2005 3897 2155 3962 tecti,
2176 3903 2269 3951 aut
2291 3895 2619 3950 malleatoris
2646 3908 2732 3948 ars
2755 3892 2992 3957 adesset,
3023 3889 3181 3946 deum
3206 3905 3310 3944 non
3336 3889 3587 3945 haberes.

2007 3988 2115 4044 Nisi
2147 3987 2396 4043 custodes
2419 3995 2614 4057 praesto
2655 3992 2863 4054 essent,
2898 3985 3056 4040 deum
3105 3993 3248 4037 tuum
3289 3983 3585 4038 amisisses.

2007 4080 2139 4135 Nam
2170 4093 2328 4151 quem
2359 4093 2504 4148 saepe
2544 4077 2860 4133 stolidorum
2905 4077 3184 4132 hominum
3216 4076 3587 4147 copiosissima

2008 4175 2134 4230 urbs
2162 4184 2412 4246 tanquam
2438 4172 2625 4240 deum,
2653 4179 2711 4228 ut
2730 4172 2799 4226 ah
2823 4187 2889 4228 eo
2919 4172 3273 4238 custodiatur,
3307 4170 3589 4240 obsecrat,

2007 4282 2128 4323 cum
2155 4282 2220 4323 eo
2246 4269 2362 4337 ipso
2410 4267 2564 4337 pauci
2613 4267 2897 4335 custodes,
2933 4282 3003 4322 ne
3032 4266 3374 4336 surripiatur,
3412 4279 3592 4321 rema-

2008 4370 2154 4417 nent.
2181 4362 2258 4416 Ac
2282 4360 2326 4415 si
2358 4359 2571 4428 quidem
2602 4373 2665 4415 ex
2693 4367 2918 4429 argento
2939 4359 3024 4414 vel
3053 4372 3183 4412 auro
3213 4366 3448 4424 constet,
3471 4358 3588 4413 dili-

2006 4463 2193 4523 genter
2221 4451 2550 4517 custoditur;
2582 4450 2627 4506 si
2657 4459 2835 4507 autem
2867 4465 2934 4505 ex
2985 4450 3187 4520 lapide,
3234 4457 3327 4504 aut
3364 4450 3547 4518 argilla
3574 4493 3588 4517 ,

2007 4555 2100 4600 aut
2136 4544 2235 4599 alia
2267 4543 2493 4615 quadam
2531 4543 2706 4598 viliori
2752 4541 2976 4596 materia
2999 4581 3013 4606 ,
3065 4541 3302 4608 seipsum
3333 4541 3588 4597 custodit.

310 4651 538 4708 quorum
569 4636 686 4692 laus
721 4644 776 4693 et,
815 4637 982 4706 gloria
1023 4637 1348 4694 adulterium
1377 4651 1483 4705 est,
1510 4655 1576 4695 ac
1609 4657 1899 4710 puerorum
1930 4624 1979 4687 D
2005 4635 2082 4691 ita
2111 4635 2177 4689 de
2205 4643 2381 4689 vestra
2409 4634 2674 4688 sententia
2705 4631 2972 4688 valentior
3001 4639 3085 4686 est
3110 4632 3278 4702 is'qui
3311 4646 3377 4687 ex
3397 4624 3583 4702 argilla

309 4729 723 4798 constupratio,
751 4735 1053 4800 ceteraque
1082 4729 1281 4800 ﬂagitia
1309 4747 1429 4802 qua:
1473 4732 1540 4787 de
1574 4733 1677 4788 diis
1706 4736 1901 4790 vestris

310 4823 371 4880 in
399 4823 795 4894 superstitionis
818 4835 1012 4880 vestrae
1034 4824 1394 4881 voluminibus
1415 4827 1715 4898 conscripta
1737 4830 1903 4884 sunt?

383 4909 502 4966 Non
533 4920 626 4965 vos
656 4910 839 4981 pudet,
872 4912 1078 4978 miseri,
1112 4921 1272 4983 atque
1310 4913 1448 4982 ignis
1479 4913 1788 4983 sempiterni
1819 4916 1898 4970 ci-

309 5002 433 5068 bus,
447 5001 826 5073 Cbaidaicique
845 5004 1059 5073 generis
1071 5002 1475 5060 similitudinem
1490 5015 1738 5076 gerentes
1763 5023 1777 5072 ;
1795 5023 1900 5063 non

311 5106 433 5160 vos,
461 5092 700 5161 inquam,
733 5101 976 5147 mortuas
1002 5100 1207 5148 statuas
1251 5093 1482 5148 humana
1517 5109 1677 5149 manu
1719 5106 1902 5151 extru-

309 5193 427 5241 ctas
450 5183 676 5241 adorare
709 5181 1127 5255 pudet2Caasum
1151 5185 1292 5240 enim
1317 5185 1546 5255 lapidem
1577 5195 1668 5242 aut
1691 5188 1900 5259 lignum

310 5294 377 5337 ac
401 5279 577 5335 fabrili
605 5288 721 5335 arte
749 5279 993 5350 politum,
1023 5279 1182 5336 deum
1210 5281 1530 5352 nuncupatis
1556 5297 1571 5335 :
1597 5295 1661 5336 ac
1703 5282 1901 5340 deinde

308 5372 570 5430 eximium
599 5381 834 5443 taurum,
868 5381 960 5428 aut
983 5373 1125 5430 aliud
1156 5373 1387 5431 fortasse
1417 5390 1484 5431 ex
1515 5375 1903 5444 pulcherrimis

308 5465 574 5538 cuiusque
616 5466 830 5537 generis
879 5466 1244 5522 animantibus
1276 5477 1616 5524 assumentes
1639 5509 1654 5535 ,
1687 5479 1902 5524 mortuo

310 5559 545 5624 numini,
576 5573 682 5628 qua
713 5558 983 5614 vaecordia
1010 5559 1162 5630 estis,
1196 5559 1507 5616 immolatis.
1543 5563 1714 5632 Atque
1741 5563 1901 5618 victi-

311 5665 400 5707 ma
431 5649 536 5706 deo
559 5659 650 5705 tuo
677 5650 1021 5714 praestantior
1048 5659 1149 5706 est.
1183 5651 1315 5708 Nam
1347 5652 1496 5708 illum
1525 5654 1689 5709 homo
1715 5655 1902 5710 elabo-

311 5743 474 5807 ravit,
500 5743 642 5799 Deus
663 5751 841 5799 autem
869 5743 1066 5798 animal
1111 5746 1434 5814 procreavit.
1480 5748 1558 5802 Ac
1610 5756 1898 5817 prepterea

314 5837 479 5897 etiam
529 5837 743 5893 brutum
792 5838 988 5894 animal
1039 5846 1090 5895 te
1114 5874 1133 5903 ,
1169 5839 1260 5905 qui
1290 5838 1499 5896 ratione
1518 5837 1778 5905 praeditus
1805 5853 1898 5902 es.

2009 4741 2168 4799 quam
2195 4728 2285 4796 qui
2314 4741 2379 4782 ex
2403 4740 2536 4780 auro
2570 4725 2832 4780 conﬂatus
2860 4731 2966 4779 est.

2083 4818 2163 4874 An
2191 4833 2296 4873 non
2330 4818 2488 4888 igitur
2515 4816 2720 4885 optimo
2743 4815 2861 4886 iure
2888 4830 2987 4872 vos
3015 4817 3206 4872 stultos
3237 4827 3292 4873 et
3318 4832 3493 4873 caecos
3521 4833 3584 4873 ac

2012 4910 2237 4966 stolidos
2256 4906 2503 4965 homines
2537 4907 2771 4964 irridere
2792 4947 2807 4975 ,
2839 4908 2922 4964 vel
2955 4909 3130 4979 potius
3155 4909 3297 4964 luctu
3339 4911 3582 4980 prosequi

2011 5014 2296 5072 possumus
2315 4999 2339 5053 ἲ
2361 5000 2556 5070 quippe
2581 5013 2744 5067 opera
2762 5007 2936 5054 vestra
2970 4999 3203 5054 furorem
3229 5002 3402 5070 potius
3425 5012 3582 5068 quam

2012 5095 2264 5165 pietatem
2308 5093 2573 5149 redolent.
2604 5092 2736 5148 Nam
2761 5097 2851 5163 qui
2883 5094 2958 5149 rei
2987 5094 3203 5148 militari
3237 5092 3448 5161 studet,
3478 5101 3587 5146 sta-

2013 5195 2154 5243 tuam
2181 5186 2249 5240 ad
2278 5186 2524 5241 militaris
2569 5186 2770 5255 speciei
2798 5185 3208 5242 similitudinem
3237 5199 3548 5251 expressam
3569 5228 3586 5254 ,

2009 5294 2075 5335 ac
2100 5288 2248 5336 certo
2276 5278 2394 5334 loco
2424 5277 2671 5349 positam,
2702 5277 2924 5334 Martem
2954 5284 3243 5346 nuncupat.
3275 5276 3376 5340 Qui
3403 5285 3583 5332 autem

2011 5375 2294 5432 mulierum
2323 5389 2506 5430 amore
2535 5373 2602 5428 ad
2631 5373 2891 5428 insaniam
2923 5386 3092 5442 usque
3139 5370 3349 5440 ﬂagrat,
3388 5371 3582 5424 animae

2010 5481 2122 5522 suae
2168 5467 2510 5537 cupiditatem
2553 5465 2758 5534 pictura
2807 5460 3129 5527 informans,
3187 5459 3370 5515 vitium
3429 5476 3582 5516 suum

2012 5560 2170 5616 deum
2194 5558 2378 5623 efﬁcit,
2411 5555 2633 5611 Veneris
2662 5554 2866 5608 scilicet
2893 5551 3111 5608 nomine
3135 5567 3256 5608 eum
3288 5553 3582 5623 appellans.

2006 5651 2158 5707 Alius
2185 5665 2370 5704 rursus
2401 5647 2725 5701 temulentiae
2772 5659 2885 5699 suae
2911 5659 3070 5699 causa
3090 5686 3106 5710 ,
3139 5644 3321 5700 cfﬁcto
3356 5646 3585 5699 simula-

2006 5758 2126 5811 cro,
2162 5741 2425 5796 Bacchum
2456 5739 2625 5808 ipsum
2654 5737 2912 5792 nominat.
2947 5737 3254 5808 Eodemque
3275 5739 3432 5794 modo
3457 5737 3592 5792 alio-

2007 5849 2125 5890 rum
2149 5833 2399 5888 vitiorum
2430 5829 2633 5900 cupidi,
2655 5844 2842 5886 eorum
2864 5830 3149 5888 simulacra
3171 5832 3585 5898 constituerunt,
