4158 6354
559 412 658 469 571

1591 405 1677 464 DE
1716 406 1894 464 VITlS
1933 404 2217 462 PATRUM
2254 403 2451 458 LIBER
2492 403 2764 462 PRIMUS.

3718 402 3826 460 57!

558 524 807 596 vitiisque
836 522 950 579 suis
994 522 1219 579 deorum
1266 536 1463 579 nomen
1510 520 1815 592 imponunt.
1847 520 2031 591 anue
2062 519 2132 575 de
2156 522 2213 581 Δ
2234 535 2460 590 corpora
2485 528 2658 575 morte
2682 519 2859 575 iuncta
2883 534 2915 573 e
2935 517 3197 589 sepulcris
3218 518 3418 576 excitat
3441 516 3622 590 (ιιιιιε
3639 521 3819 590 um).

557 634 717 675 causa
746 616 887 685 apud
916 630 1105 671 eorum
1142 630 1261 670 aras
1305 614 1605 670 libidinosae
1655 614 1969 669 saltationes
2017 614 2134 668 exi-

558 718 725 775 stunt,
746 724 809 764 ac
829 707 1115 763 meretricii
1137 715 1348 774 cantus,
1376 705 1666 777 furiosique
1695 705 1949 774 impetus.
1973 704 2129 772 Quis-

558 816 681 857 nam
710 808 891 855 autem
918 798 1303 854 exsecrandum
1349 812 1534 853 eorum
1564 796 1825 866 ﬂagitium
1876 796 2134 865 deinceps

555 906 981 951 commemorare
1006 892 1197 963 queat?
1218 892 1327 946 Aut
1368 890 1488 960 quis
1518 889 1862 947 (sedissimam
1894 889 2131 958 ipsorum

556 987 829 1043 libidinem
859 986 1105 1041 oratione
1147 984 1511 1054 complectens
1534 1024 1549 1048 ,
1574 998 1637 1038 os
1666 996 1827 1037 suum
1864 997 2127 1055 conspur-

554 1095 680 1137 care
702 1080 959 1135 sustineat
979 1078 1000 1133 i
1018 1078 1216 1135 .Verum
1250 1079 1363 1133 haec
1390 1078 1638 1133 omnibus
1664 1077 1947 1148 perSpicua
1976 1086 2126 1145 sunt,

553 1174 713 1228 etiam
743 1171 787 1227 si
814 1171 912 1241 ipsi
945 1179 1233 1226 taceamus.
1266 1170 1327 1225 ili
1360 1171 1431 1224 tui
1462 1169 1534 1223 dii
1564 1178 1708 1234 sunt,
1741 1183 1772 1223 ο
1802 1170 1995 1223 statuis
2026 1169 2132 1224 tuis

553 1263 817 1332 stupidior
839 1260 1083 1317 Theuda.
1114 1260 1239 1316 Hos
1288 1271 1346 1315 ut
1395 1260 1635 1324 adorem,
1670 1260 1772 1317 hos
1806 1268 1867 1315 ut
1895 1276 2125 1316 venerer

553 1355 831 1411 admones.
850 1354 977 1409 Tuae
999 1353 1233 1423 profecto
1250 1353 1572 1423 improbitati
1587 1356 1837 1410 acstultm
1851 1356 2133 1410 sentcntiae

552 1455 967 1502 consentaneum
996 1455 1079 1500 est
1107 1444 1243 1498 istud
1268 1444 1583 1510 consilium;
1614 1454 1669 1500 at
1693 1444 1883 1499 similis
1915 1446 2044 1515 ipsis
2072 1457 2126 1500 tu

551 1535 670 1603 ﬁas,
698 1545 859 1606 atque
888 1551 1077 1589 omnes
1099 1536 1187 1605 qui
1218 1535 1493 1590 confidunt
1523 1536 1575 1591 in
1607 1536 1685 1591 eis
1715 1536 1833 1607 (Ps.
1858 1540 2033 1607 cun).

623 1631 735 1700 Ego
761 1639 941 1685 autem
974 1630 1135 1685 Deum
1166 1646 1345 1685 meum
1370 1631 1574 1698 colam,
1610 1646 1799 1701 meque
1830 1640 2000 1686 totum
2030 1631 2131 1700 ipsi

552 1723 909 1789 consecrabo;
944 1724 1074 1791 Deo,
1110 1724 1351 1794 inquam,
1385 1725 1644 1790 creatori,
1674 1725 1837 1797 319
1860 1740 1923 1781 ac
1949 1740 2129 1780 rerum

551 1814 790 1869 omnium
826 1814 1201 1885 gubernatori,
1236 1829 1331 1884 per
1363 1814 1643 1870 Dominum
1674 1826 1914 1872 nostrum
1946 1817 2126 1872 Jesum
2186 1880 2199 1891 ι

2238 613 2494 677 Rursum,
2522 623 2576 667 ut
2606 613 2765 669 homo
2794 612 3050 679 moritur;
3082 623 3140 668 ut
3187 622 3365 668 autem
3395 611 3561 679 Deus,
3590 613 3820 683 spoliato

2236 705 2468 771 inferno,
2498 705 2562 760 ad
2614 706 2775 759 vitam
2821 704 2979 761 redit.
3027 704 3110 759 0b
3154 704 3315 775 idque
3357 705 3520 761 etiam
3568 704 3822 760 clamavit

2236 797 2497 868 Pmpheta
2528 815 2543 852 :
2577 797 2813 853 lni'eruus
2863 798 2915 853 in
2960 797 3316 855 amaritudine
3364 798 3496 867 fuit,
3525 814 3819 856 occurrens

2236 889 2330 944 tibi
2360 889 2635 945 deorsum.
2686 889 2961 961 Siquidem
3007 891 3059 944 in
3104 889 3458 946 amaritudine
3506 890 3629 961 fuit.
3657 900 3821 961 atque

2236 979 2425 1037 illusus
2454 991 2556 1045 est,
2588 997 2709 1038 cum
2741 982 2941 1037 nudum
2970 982 3239 1037 hominem
3269 996 3389 1038 sese
3418 982 3690 1054 accepisse
3719 999 3821 1052 pu—

2236 1082 2375 1140 tans,
2402 1074 2453 1129 in
2485 1074 2648 1129 Deum
2682 1074 2892 1140 incidit,
2920 1090 2980 1128 ac
3010 1084 3232 1143 repente
3261 1073 3434 1130 inanis
3481 1084 3537 1131 et
3580 1076 3825 1145 captivus

2232 1166 2456 1221 exstitit.
2490 1166 2736 1236 Besurgit
2760 1167 2938 1238 itaque
2966 1175 3026 1221 ut
3058 1167 3238 1233 Deus;
3298 1176 3457 1237 atque
3501 1166 3555 1222 in
3600 1167 3823 1231 cmlum,

2235 1258 2377 1313 unde
2405 1259 2549 1315 nullo
2574 1259 2733 1314 modo
2774 1260 3047 1330 digressus
3089 1258 3281 1326 fuerat,
3325 1259 3587 1326 ascendit,
3616 1275 3681 1317 ac
3727 1275 3825 1313 no-

2235 1360 2401 1405 stram
2434 1351 2812 1421 despicabilem
2844 1361 3002 1422 atque
3029 1352 3278 1409 omnibus
3320 1353 3627 1409 inferiorem
3670 1362 3829 1407 natu—

2236 1458 2351 1498 ram
2376 1443 2623 1498 omnibus
2652 1444 2985 1515 superiorem
3008 1443 3264 1514 reddidit,
3296 1445 3691 1514 immortalique
3712 1446 3827 1516 glo-

2236 1534 2311 1590 ria
2342 1535 2655 1591 rutilantem
2688 1537 2742 1591 in
2772 1535 2957 1608 gloriae
2988 1538 3184 1593 throno
3224 1538 3524 1593 collocavit.
3556 1536 3823 1605 Quidnam

2231 1629 2390 1699 igitur
2450 1628 2576 1684 hinc
2625 1631 2733 1686 Deo
2788 1630 2966 1688 Verbo
3009 1631 3313 1690 detrimenti
3352 1634 3641 1690 conﬂatum
3709 1646 3830 1700 est,

2233 1724 2376 1793 quod
2408 1733 2464 1779 tu
2513 1740 2636 1781 eum
2687 1727 2983 1783 maledictis
3029 1739 3189 1801 atque
3235 1731 3571 1788 contumeliis
3618 1730 3829 1802 insequi

2233 1831 2340 1870 non
2371 1818 2695 1873 erubescis?
2725 1818 2938 1889 Utrum,
2968 1834 3174 1891 quaeso,
3200 1836 3267 1877 ex
3298 1821 3381 1877 his
3430 1824 3637 1879 duobus
3686 1839 3825 1893 pra:-

552 1906 855 1975 Clu'istum,
884 1923 1034 1978 spent
1067 1918 1340 1977 nostram,
1377 1925 1471 1977 per
1500 1925 1657 1981 quem
1688 1913 1847 1967 etiam
1876 1912 1939 1966 ad
1972 1913 2133 1967 lumi—
2162 1896 2212 1960 Β
2237 1910 2466 1964 stantius
2487 1919 2592 1976 est,
2621 1926 2813 1979 nempe
2836 1912 2952 1966 haec
2974 1911 3245 1981 conﬁteri,
3267 1925 3428 1986 atque
3454 1915 3594 1971 hunc
3624 1916 3823 1972 bonum

552 2017 680 2058 num
708 2003 921 2060 Patrem
967 2005 1021 2058 in
1050 2002 1249 2074 Spiritu
1275 2014 1461 2059 sancto
1500 2020 1776 2060 accessum
1826 2005 2131 2074 habuimus,

552 2109 651 2167 per
676 2112 839 2168 quem
869 2098 937 2151 ab
983 2097 1173 2152 acerba
1204 2097 1464 2152 servitute
1492 2097 1545 2151 in
1576 2097 1741 2168 ipsius
1770 2099 2033 2169 sanguine
2071 2099 2135 2153 li-

552 2189 725 2247 berati
750 2204 937 2245 sumus
963 2188 1180 2260 (Ephes.
1204 2188 1285 2260 tt).
1315 2188 1424 2245 Nisi
1448 2190 1591 2245 enim
1619 2190 1732 2260 ipse
1775 2191 1936 2246 etiam
1970 2206 2137 2261 usque

551 2285 618 2341 ad
666 2286 917 2342 servilem
973 2287 1201 2341 formant
1244 2302 1363 2341 sese
1414 2287 1697 2357 abiecisset
1752 2285 1978 2359 (Philip.
2014 2291 2131 2360 ιι),

552 2375 953 2447 haudquaquam
980 2376 1031 2430 id
1059 2379 1330 2434 consecuti
1361 2391 1622 2445 essemus,
1652 2387 1711 2433 ut
1739 2378 1793 2435 in
1831 2380 1975 2436 tilios
1998 2380 2134 2435 ado-

554 2479 851 2538 ptaremur.
880 2470 1086 2539 Quippe
1118 2480 1305 2526 nostra
1333 2486 1495 2527 causa
1524 2486 1586 2529 se
1616 2472 1733 2543 ipse
1766 2473 1998 2545 abjeeit,
2038 2491 2140 2532 nec

554 2559 815 2616 Deitatem
842 2564 1083 2631 rapinam
1112 2563 1403 2619 arbitratus
1427 2574 1543 2632 est,
1578 2565 1672 2620 sed
1700 2552 1843 2635 quod
1872 2576 1989 2622 erat
2018 2582 2141 2637 pere

551 2656 785 2725 mansit,
816 2666 873 2711 et
898 2657 1039 2727 quod
1071 2672 1175 2713 non
1199 2667 1315 2713 erat
1342 2660 1651 2730 assumpsit.
1680 2659 2141 2717 Consuetudinem

552 2762 671 2803 cum
719 2748 1034 2804 hominibus‘
1068 2750 1253 2805 habuit
1301 2749 1550 2818 (Bartsch.
1579 2752 1693 2821 ut),
1734 2766 1897 2808 carne
1938 2767 2032 2807 sua
2083 2755 2139 2808 in

552 2857 763 2898 crucem
790 2844 1056 2912 ascendit,
1082 2844 1261 2900 triduo
1290 2845 1347 2898 in
1372 2846 1618 2914 sepulcro
1641 2845 1895 2901 conditus
1922 2858 2038 2913 est,
2072 2846 2143 2903 ad

554 2933 752 2992 inferos
779 2936 1077 3002 descendit,
1101 2936 1225 2993 inde
1246 2952 1342 2994 eos
1360 2952 1496 3008 quos
1520 2938 1621 2993 sub
1642 2948 1868 3009 peccato
1889 2939 2141 2994 veriditos

554 3025 852 3084 horrendus
880 3027 1065 3082 mundi
1094 3031 1338 3097 princeps
1382 3029 1589 3085 vinctos
1638 3030 1887 3095 tenebat,
1929 3029 2137 3088 eduxit.

561 3118 822 3184 Quidnam
872 3118 1030 3188 igitur
1059 3118 1183 3173 hinc
1213 3118 1519 3175 detrimenti
1563 3120 1717 3188 tulit,
1746 3122 1889 3191 quod
1937 3136 2003 3177 eo
2045 3138 2144 3177 no—

558 3211 701 3266 mine
727 3225 849 3265 eum
876 3210 1079 3267 cavillis
1108 3212 1357 3268 insectari
1386 3213 1617 3269 videris?
1639 3220 1720 3270 An
1750 3230 1856 3270 non
1887 3215 2143 3284 perspicis

2238 2000 2621 2072 hominumque
2650 2014 2916 2059 amantem
2941 2005 3108 2062 Deum
3137 2008 3381 2062 venerari
3414 1996 3541 2078 (qui
3562 2008 3829 2076 justitiam

2237 2094 2479 2161 mandat,
2510 2096 2890 2152 continentiam
2940 2096 3203 2167 praecipit,
3249 2099 3539 2170 puritatem
3584 2100 3833 2169 praescri-

2238 2184 2333 2249 bit,
2361 2186 2425 2240 ad
2457 2184 2877 2242 misericordiam
2910 2204 3233 2260 propensum
3284 2206 3407 2246 esse
3455 2191 3635 2258 docet,
3670 2176 3830 2248 tidem

2238 2278 2444 2347 praebet
2475 2293 2660 2348 pacem
2685 2268 2957 2349 praedicat,
2994 2282 3220 2352 ipsamet
3245 2284 3442 2337 veritas
3482 2292 3537 2339 et
3583 2282 3829 2337 nomina-

2242 2381 2329 2425 tur
2352 2380 2406 2425 et
2431 2382 2534 2441 est,
2561 2373 2785 2442 ipsemet
2814 2372 3099 2445 charitas),
3122 2376 3263 2431 hunc
3292 2376 3507 2447 inquam
3536 2379 3784 2432 venerari
3812 2393 3827 2441 ;

2242 2480 2309 2519 an
2336 2474 2526 2521 contra
2552 2465 2827 2536 improbos
2873 2476 2927 2524 et
2974 2467 3222 2540 plurimis
3265 2469 3476 2541 ﬂagitiis
3528 2469 3829 2537 dexinctos,

2242 2576 2306 2616 ac
2334 2568 2445 2614 tam
2473 2562 2634 2617 rebus
2660 2560 2790 2631 ipsis
2816 2576 2977 2632 quam
3004 2564 3309 2621 nominibus
3338 2564 3509 2621 ftedos
3534 2575 3591 2621 et
3642 2566 3835 2621 obsce—

2244 2668 2342 2708 nos
2367 2652 2496 2709 deos
2528 2653 2688 2710 tuos?
2720 2654 2813 2713 Vae
2841 2646 3013 2724 vobis,
3041 2672 3072 2711 o
3101 2655 3247 2713 saxis
3282 2657 3544 2724 duriores,
3577 2669 3633 2714 et
3658 2660 3838 2715 brutis

2246 2747 2595 2814 amentiores,
2616 2755 2780 2816 atque
2800 2748 2951 2825 exitii
2974 2747 3090 2814 lilii,
3118 2764 3181 2803 ac
3202 2749 3541 2806 tenebrarum
3564 2750 3835 2806 barredes.

2246 2836 2443 2892 Beatus
2468 2846 2647 2893 autem
2676 2854 2774 2909 ego
2802 2853 2867 2896 ac
2911 2836 3204 2896 Christiani
3252 2858 3460 2908 omnes,
3491 2843 3585 2912 qui
3631 2843 3836 2899 bonum

2246 2943 2311 2983 ac
2341 2930 2625 3001 benignum
2657 2932 2825 2986 Deum
2854 2930 3137 2989 habemus.
3168 2932 3303 2991 Nam
3329 2935 3419 3005 qui
3438 2934 3489 2990 ei
3509 2936 3711 2991 cultum
3740 2936 3838 2991 ad-

2248 3021 2458 3091 hibent,
2490 3022 2701 3077 etiamsi
2723 3024 2791 3079 ad
2821 3022 2985 3080 breve
3012 3024 3228 3095 aliquod
3262 3032 3474 3096 tempus
3504 3027 3561 3083 in
3583 3025 3685 3082 hac
3732 3029 3837 3082 vita

2248 3114 2408 3171 rebus
2433 3113 2673 3172 adversis
2720 3117 3119 3185 conﬂictentur,
3148 3126 3206 3174 at
3251 3117 3617 3203 immortalem
3654 3133 3837 3181 tamen

2249 3207 2517 3264 mercedis
2540 3209 2770 3265 fructum
2795 3210 2850 3266 in
2878 3211 3223 3282 sempiternas
3252 3226 3315 3268 ac
3360 3212 3555 3269 divinae
3602 3213 3838 3277 beatitu-

558 3303 611 3359 ιθ
642 3312 769 3372 quot
797 3302 937 3357 fetida
977 3314 1030 3359 et
1058 3266 1913 3364 obscenavlocaradios'suosv
2168 3266 2216 3348 ὅ
2248 3298 2387 3381 ditiis
2415 3314 2580 3369 ΐθὸηο
2608 3300 2919 3373 Ρετοίρίθηι·

562 3406 633 3453 tat
660 3436 675 3462 ,
722 3406 957 3469 quotque
1002 3398 1166 3456 fetida
1193 3401 1455 3458 cadavera
1504 3405 1842 3472 eonSpiciat?
1887 3406 1970 3460 Au
2021 3406 2147 3463 hinc

560 3488 735 3544 labem
763 3490 989 3557 aliquam
1014 3492 1319 3547 contrahit?
1349 3496 1428 3549 An
1457 3509 1562 3549 non
1592 3495 1771 3564 potius
1788 3510 1851 3551 ea
1881 3512 2001 3566 quae
2026 3511 2144 3552 θοι-δ

561 3578 685 3635 dide
712 3590 775 3634 ac
803 3578 982 3648 putida
1025 3590 1150 3636 sunt
1175 3583 1409 3639 exsiccet
1453 3593 1613 3654 atque
1637 3586 1989 3657 constringit,
2021 3602 2141 3656 qua

561 3670 847 3738 caiiginosa
870 3680 994 3725 sunt
1020 3670 1314 3741 illuminat,
1341 3683 1502 3745 atque
1530 3676 1741 3733 interim
1773 3680 1888 3749 ipse
1920 3694 2139 3749 prorsus

562 3764 843 3821 incolumis
866 3777 929 3821 ae
959 3765 1093 3822 labis
1116 3768 1292 3822 omnis
1317 3782 1509 3839 expers
1535 3772 1748 3828 manet?
1775 3771 1857 3826 Αιι
1884 3789 1991 3828 non
2014 3775 2142 3831 item

561 3857 698 3928 ignis
731 3858 963 3927 tetrum,
994 3859 1136 3929 quod
1177 3874 1272 3916 sua
1316 3870 1499 3918 natura
1547 3864 1757 3934 nigrum
1788 3882 1850 3920 ac
1891 3866 2144 3937 frigidum

563 3958 674 4016 est,
706 3964 1004 4016 assumens,
1039 3965 1258 4019 prorsus
1294 3953 1589 4010 inﬂammat
1627 3965 1788 4026 atque
1816 3958 2143 4024 candefacit,

565 4056 665 4098 nee
704 4042 917 4098 interim
957 4043 1079 4099 ferri
1112 4046 1466 4115 proprietates
1505 4048 1611 4102 alia
1640 4064 1703 4104 ex
1735 4058 1889 4118 parte
1918 4052 2147 4120 recipit?

564 4132 681 4189 Non
723 4135 863 4189 enim
907 4150 974 4191 eo
1002 4135 1211 4191 malleis
1239 4146 1465 4194 eotituso
1490 4139 1693 4210 aliquid
1722 4145 2021 4212 perpetitur
2057 4156 2149 4202 aut

565 4226 872 4284 detrimenti
900 4229 1188 4299 quidquam
1212 4231 1424 4301 accipit.

634 4319 893 4386 Quocirca
925 4321 969 4376 si
1002 4320 1117 4377 hinc
1158 4337 1280 4393 quae
1320 4336 1498 4381 creata
1544 4335 1689 4395 sunt,
1717 4342 1947 4399 eamque
1995 4340 2149 4389 natu-
2196 4338 2201 4344 ’

562 4427 678 4469 ram
706 4412 907 4470 habent
936 4425 994 4469 ut
1035 4415 1321 4486 aliquando
1348 4419 1637 4487 inteream,
1668 4436 1737 4477 ex
1787 4421 2039 4479 vitiorum
2084 4440 2147 4481 ac

561 4502 891 4563 deteriorum
916 4522 1095 4564 rerum
1127 4510 1448 4579 contagione
1473 4510 1621 4566 nullo
1651 4512 1995 4570 incommodo
2025 4504 2147 4570 afﬂ-

562 4597 796 4665 eiuutur,
825 4614 927 4668 qua
953 4600 1169 4656 tandem
1195 4603 1421 4669 ratione,
1448 4618 1485 4657 o
1508 4602 1703 4660 stolide
1730 4618 1793 4660 ac
1820 4620 1988 4662 saxeo
2018 4622 2147 4668 .cor-

2323 3378 2466 3447 Dixit
2493 3401 2671 3448 autem
2691 3393 2759 3449 ad
2785 3409 2908 3450 eum
2930 3393 3178 3452 Theudas
3202 3414 3217 3451 :
3243 3380 3319 3453 En
3345 3378 3475 3451 illud
3498 3382 3838 3467 perspicuum

2250 3493 2353 3550 est,
2383 3486 2582 3541 multos
2610 3494 2666 3541 et
2693 3502 2917 3560 magnos
2942 3500 3000 3545 et
3028 3490 3298 3560 sapientes
3319 3490 3465 3546 viros
3482 3501 3642 3562 atque
3666 3490 3834 3549 inter-

2251 3587 2453 3646 pretes,
2480 3594 2542 3635 ac
2572 3587 2685 3635 tum
2712 3580 2907 3637 virtute
2937 3590 3045 3637 tum
3077 3582 3323 3640 doctrina
3353 3582 3721 3651 admirabiles,
3755 3601 3839 3642 re-

2250 3669 2501 3739 ligionem
2534 3681 2772 3729 nostram
2802 3673 3123 3743 instituisse,
3156 3691 3454 3749 omnesque
3482 3677 3631 3735 orbis
3681 3688 3840 3737 terrae

2250 3777 2405 3832 reges
2435 3778 2496 3819 ac
2522 3764 2791 3836 principes
2818 3781 2937 3822 eam
2969 3776 3027 3822 ut
3053 3769 3366 3837 prmclaram
3390 3778 3549 3837 atque
3570 3770 3722 3825 omni
3747 3786 3839 3839 pc-

2249 3854 2422 3911 riculo
2455 3871 2677 3913 vacuam
2707 3859 3033 3927 excepisse;
3060 3860 3405 3917 Galilaeorum
3426 3871 3614 3918 contra
3641 3862 3841 3918 doctri-

2252 3963 2374 4002 nam
2404 3950 2632 4005 rusticos
2661 3950 2924 4021 quosdam
2951 3966 3013 4007 ac
3040 3967 3302 4023 pauperes
3326 3961 3383 4010 et
3408 3953 3648 4024 abjcctos
3670 3954 3839 4021 viros,

2252 4053 2454 4107 eosque
2484 4055 2804 4111 perpaucos,
2838 4057 2935 4099 nec
2966 4028 3146 4113 plures
3177 4059 3338 4115 quam
3367 4045 3679 4113 duodecim,
3702 4060 3814 4116 pra:

2252 4132 2483 4187 dicaSs‘e.
2510 4128 2648 4190 Num
2679 4136 2839 4205 igitur
2865 4135 3179 4208 ignobilium
3229 4154 3293 4195 ac
3339 4140 3667 4197 rusticorum
3709 4156 3843 4211 prce-

2252 4224 2451 4281 dicatio
2498 4227 2788 4287 multorum
2836 4244 2901 4286 ae
2956 4246 3271 4301 magnorum
3319 4233 3599 4299 virorum,
3649 4235 3845 4305 quique

2253 4326 2397 4373 tanta
2424 4319 2699 4390 sapientiae
2728 4320 2883 4378 laude
2922 4323 3242 4399 ﬂoruerunt,
3290 4324 3497 4398 legibus
3548 4338 3713 4399 atque
3761 4329 3844 4383 iu-

2252 4408 2454 4465 stitutis
2485 4413 2659 4482 potior
2686 4412 2929 4470 habenda
2958 4416 3079 4471 est?
3106 4398 3244 4483 Quid
3277 4427 3455 4474 autem
3484 4398 3651 4475 habes
3695 4420 3837 4476 unde

2254 4500 2351 4557 hos
2379 4516 2505 4557 vera
2532 4502 2737 4572 dicere,
2766 4505 2887 4562 illos
2916 4506 3134 4562 mentiri
3163 4502 3537 4581 demonstres?

2238 4643 2283 4673 ,ν
2324 4595 2555 4652 Rursum
2586 4597 2748 4668 igitur
2775 4598 2918 4671 regis
2944 4586 3088 4656 [ilius
3119 4584 3399 4673 respondit
3428 4618 3442 4656 :
3472 4584 3672 4660 Asinus
3703 4619 3787 4669 es.
3814 4618 3848 4659 ο

565 4687 633 4744 de
664 4660 906 4759 praedite,
939 4691 1162 4749 irridere
1192 4708 1277 4749 me
1306 4660 1507 4751 ideirco
1533 4696 1725 4764 audes,
1756 4699 1898 4768 quod
2251 4672 2495 4759 Τιιθιιάθο
2520 4699 2576 4746 ιιι
2602 4660 2705 4747 δίθί
2735 4660 3095 4764 50161.”an
3119 4660 3344 4751 aud-i603
3391 4694 3435 4765 (¹
3455 4695 3544 4766 5),
3570 4706 3732 4767 ιιίιιιε

565 4795 628 4836 ac
655 4781 820 4838 Deum
852 4781 1087 4839 Verbum
1106 4799 1135 4837 a
1159 4795 1383 4854 paterna
1403 4788 1569 4857 gloria
1593 4790 1745 4845 nullo
1764 4791 1927 4845 modo
1945 4790 2147 4848 disces-

562 4875 722 4943 sisse,
753 4874 849 4931 sed
897 4890 1019 4931 eum
1068 4875 1207 4933 Deus
1250 4889 1425 4945 esset,
1459 4880 1706 4937 humanm
1749 4882 1941 4940 solatio
1986 4899 2145 4941 causa

563 4982 758 5039 corpus
810 4968 1103 5024 humanum
1152 4972 1509 5042 assumpsisse
1553 4973 1767 5041 dicam,
1799 4985 1857 5031 ut
1904 4976 2146 5034 homines

563 5061 755 5115 divinae
785 5073 849 5114 ac
872 5059 1165 5127 spirituatis
1196 5071 1403 5119 natura:
1429 5065 1719 5133 participes
1741 5064 1985 5121 efﬁceret
2003 5102 2021 5129 ,
2050 5081 2145 5122 no-

563 5162 836 5223 stramque
863 5152 1217 5209 substantiam
1247 5170 1313 5210 ex
1343 5157 1707 5213 subterraneis
1739 5156 1933 5214 interni
1983 5159 2150 5228 parti-

566 5243 664 5299 bus
692 5244 960 5313 eductam,
1007 5245 1217 5302 calcati
1258 5246 1424 5315 gloria
1470 5257 1776 5313 exornarct,
1819 5257 1979 5319 atque
2017 5249 2147 5305 item
2184 5319 2201 5331 ‘

566 5342 625 5387 ut
674 5336 1014 5392 tenebrarum
1074 5337 1234 5405 hujus
1282 5337 1463 5393 saculi
1522 5339 1841 5409 principem,
1889 5350 2149 5410 susceptae

564 5426 741 5479 carnis
772 5437 1025 5497 tanquam
1059 5428 1325 5485 illecebris
1351 5429 1665 5500 quibusdam
1715 5430 2008 5486 inescatum
2059 5447 2150 5488 su-

567 5526 799 5583 peraret,
833 5534 1105 5588 genusque
1131 5531 1375 5577 nostrum
1404 5537 1465 5576 ex
1496 5520 1661 5591 ipsius
1687 5521 1943 5579 servitute
1970 5538 2036 5579 ac
2066 5534 2147 5594 ty-

570 5606 793 5661 rannide
819 5607 1099 5665 liberaret?
1122 5610 1276 5667 Unde
1296 5612 1655 5681 etiamicrucis
1682 5622 2004 5669 tormentum
2030 5615 2145 5671 sine

567 5696 914 5765 perpessione
938 5700 1124 5765 subiit,
1154 5702 1285 5757 duas
1315 5704 1564 5761 videlicet
1608 5717 1734 5760 suas
1780 5714 1999 5761 naturas
2045 5707 2141 5761 de-

560 5788 790 5845 clarans.
825 5789 892 5843 Ut
920 5790 1063 5844 enim
1089 5791 1247 5848 homo
1295 5795 1350 5850 in
1396 5811 1607 5853 crucem
1653 5799 1847 5865 agitur,
1899 5809 1958 5854 ut
2005 5800 2145 5854 Deus

560 5892 738 5943 autem
768 5882 867 5939 soli
894 5885 1142 5939 tenebras
1167 5885 1408 5955 oil'undit,
1444 5898 1637 5951 terram
1667 5892 1858 5965 quatit,
1890 5906 1953 5945 ac
1978 5893 2144 5955 multa

2254 4785 2498 4840 tellectus
2546 4798 2739 4855 expers
2790 4800 3053 4853 manens;
3117 4787 3227 4855 vel,
3272 4796 3329 4843 ut
3376 4789 3579 4845 rectius
3634 4790 3845 4862 loquar,

2252 4877 2422 4945 aspis,
2443 4891 2599 4953 aures
2626 4877 2905 4943 obturans,
2935 4893 3004 4934 ne
3036 4866 3297 4949 prteclare
3326 4881 3723 4939 hicantantium
3744 4899 3849 4959 vo-

2253 4984 2370 5023 cem
2400 4967 2656 5025 exaudias
2684 4967 2854 5040 (Ρωι.
2887 4970 3041 5040 uti).
3068 4969 3236 5027 Recte
3263 4970 3423 5041 igitur
3449 4970 3518 5028 de
3562 4983 3616 5028 te
3644 4990 3681 5029 ιι
3724 4989 3849 5042 pro-

2254 5061 2414 5129 pheta
2446 5060 2647 5116 dictum
2677 5068 2797 5115 est:
2829 5060 2887 5117 Si
2920 5071 3127 5118 tnutare
3156 5074 3319 5133 queat
3346 5046 3601 5134 Ethiops
3648 5068 3848 5137 pellem

2258 5167 2435 5218 suam,
2466 5153 2941 5228 ac3ﬁ0pardus
2991 5156 3279 5214 varietates
3326 5172 3479 5227 suas,
3527 5168 3584 5213 tu
3632 5176 3850 5232 quoque

2258 5253 2420 5307 stulte
2447 5262 2503 5309 et
2530 5267 2697 5320 casce,
2727 5253 3049 5311 benefacere
3072 5254 3293 5325 poteris,
3326 5270 3455 5312 cum
3469 5256 3610 5312 male
3642 5257 3850 5315 didice-

2257 5342 2357 5398 ris;
2403 5342 2542 5411 Quin
2577 5351 2656 5424 ‘te
2701 5345 2783 5399 vis
2822 5343 3061 5401 veritatis
3105 5359 3269 5401 sensu
3313 5346 3514 5403 allicit?
3558 5346 3695 5402 Nam
3747 5347 3851 5404 hoc

2256 5433 2435 5503 ipsum
2454 5435 2594 5505 quod
2620 5435 2721 5502 ais,
2745 5435 2979 5507 almuitis
2996 5436 3296 5493 admirabili
3324 5438 3583 5508 sapientia
3605 5440 3849 5506 prmditis

2258 5526 2387 5581 viris
2420 5526 2650 5582 nefarios
2700 5537 2819 5582 tuos
2878 5527 3055 5583 cultus
3104 5528 3329 5594 laudari,
3379 5540 3539 5599 atque
3581 5544 3611 5584 a
3663 5529 3851 5585 multis

2248 5616 2464 5687 regibus
2500 5618 2840 5687 conﬁrmari,
2884 5628 3176 5689 contraque
3226 5619 3606 5692 Evangelicam
3650 5622 3848 5701 praedi-

2250 5710 2513 5764 cationem
2546 5724 2574 5762 a
2604 5712 2822 5780 paucis,
2850 5710 3022 5782 iisque
3068 5711 3313 5768 obscuris
3356 5714 3484 5769 viris
3530 5714 3841 5783 prmdicari,

2251 5799 2301 5853 id
2334 5814 2462 5854 vero
2484 5810 2593 5856 tum
2625 5801 2899 5873 religionis
2930 5811 3127 5859 nostra:
3160 5804 3295 5874 vim,
3324 5816 3433 5861 tum
3463 5805 3840 5875 improborum

2251 5903 2547 5949 vesuorum
2594 5893 2903 5964 dogmatum
2948 5895 3370 5952 imbecillitatem
3416 5894 3478 5952 ac
3544 5899 3843 5967 perniciem
