4158 6354
390 455 472 509 ἰῖὖ
853 459 1012 516 VITA
1051 459 1464 516 SANCTORUM
1504 447 1831 514 BARLKAM
1875 451 2208 508 ΕΒΕΜΙΤᾹΕ
2251 454 2339 509 ΕΤ
2379 456 2722 514 JOSAPIIAT
2761 459 2971 517 1N1)le
3009 460 3235 519 REGIS.

3534 464 3637 518 574

366 546 699 634 demonstrat
733 593 748 631 :
779 577 975 646 quippe
1000 592 1120 631 cum
1168 575 1410 630 doctrina
1461 585 1636 629 vestra
1655 615 1669 639 ,
1699 571 1941 642 quamvis
1969 569 2020 626 Α
2048 565 2182 632 Quid
2209 567 2274 622 de
2321 569 2452 637 ipsis
2482 571 2624 640 quod
2653 572 2935 641 praedices,
2997 574 3186 641 habes,
3255 577 3356 631 nisi
3407 576 3632 634 demen-

363 672 606 729 eruditos
627 680 883 742 patronos
914 684 976 724 ac
1007 669 1192 724 firmos
1217 668 1489 738 adjutores
1520 668 1711 722 habeat
1733 708 1749 733 ,
1802 666 1951 719 debi-

366 766 550 821 litetur
579 775 756 819 tamen
783 773 837 817 et
859 762 1228 833 exstinguatur
1254 779 1270 828 ;
1297 772 1478 815 nostra
1527 771 1704 815 autem
1737 758 1947 826 religio,

365 858 490 912 licet
518 855 665 912 omni
697 854 932 908 humano
960 853 1201 908 subsidio
1224 862 1420 918 careat,
1451 853 1564 907 sole
1615 861 1788 906 tamen
1838 848 1951 903 cla-

365 955 476 1009 rius
507 952 702 1017 luceat,
734 950 1024 1020 orbemque
1052 956 1223 1003 totum
1269 947 1538 1017 occuparit
1568 963 1580 1000 :
1629 961 1752 1000 nam
1799 946 1842 998 si
1883 946 1950 998 ab

365 1043 672 1100 amtoribus
703 1051 758 1097 et
788 1040 1121 1111 philosophis
1166 1039 1310 1095 edita
1360 1040 1568 1107 fuisset,
1604 1053 1863 1108 regesque
1889 1051 1952 1092 ac

369 1136 638 1206 principes
686 1133 960 1202 adjutores
1005 1132 1314 1197 habuisset,
1363 1132 1544 1188 dicere
1591 1132 1835 1196 fortasse,
1870 1131 1952 1184 vir

369 1227 636 1294 improbe,
674 1226 960 1295 potuisses,
1003 1225 1288 1280 humanam
1339 1225 1629 1294 potentiam
1679 1225 1732 1279 id
1780 1233 1950 1280 totum

368 1319 875 1391 prmstitisse.[Nunc
892 1334 1022 1374 vero
1046 1328 1290 1374 sanctum
1321 1317 1666 1389 Evangelinm
1699 1332 1729 1371 a
1755 1317 1953 1372 vilibus

368 1414 726 1484 piscatoribus
750 1413 1135 1482 conscriptum,
1179 1422 1341 1483 atque
1370 1413 1436 1466 ah
1481 1411 1726 1466 omnibus
1771 1421 1954 1482 tyran-

367 1509 454 1562 nis
481 1517 756 1570 velatum,
790 1505 962 1560 nihilo
985 1514 1164 1560 tamen
1198 1504 1375 1560 secius
1402 1513 1568 1558 totum
1598 1504 1783 1558 orbem
1817 1503 1954 1558 obti-

363 1613 498 1655 nere
527 1597 856 1668 perspiciens
887 1598 906 1665 (
931 1597 984 1651 in
1015 1611 1227 1652 omnem
1257 1598 1425 1664 enim,
1456 1597 1636 1666 inquit
1659 1597 1749 1652 ille
1778 1595 1951 1669 [Ρωι.

364 1703 492 1745 "tu
518 1707 531 1754 ;
566 1689 717 1744 Rom.
748 1685 826 1758 s],
859 1697 1056 1743 terram
1080 1688 1242 1742 exivit
1265 1703 1430 1743 sonus
1459 1702 1676 1751 eorum,
1709 1697 1764 1741 et
1811 1687 1864 1742 in
1893 1688 1954 1741 fi-

363 1797 462 1837 nes
483 1783 627 1836 orbis
657 1790 813 1838 teme
840 1780 999 1835 verba
1029 1780 1258 1848 eorum),
1296 1779 1420 1848 quid
1446 1780 1556 1850 jam
1586 1780 1726 1834 aliud
1773 1781 1955 1836 dicere

364 1875 564 1944 possis,
596 1888 755 1944 quam
799 1873 1036 1928 divinam
1074 1882 1131 1928 et
1171 1874 1419 1928 invictam
1470 1875 1763 1942 potentiam
1809 1887 1952 1940 esse,

2056 659 2182 714 tiam
2237 675 2300 716 ac
2345 663 2730 733 turpitudinem
2759 707 2772 731 ,
2825 667 3144 738 inanemque
3187 679 3380 736 artem,
3443 671 3636 726 verbo-

2053 768 2170 808 rum
2201 754 2462 824 elegantia
2487 756 2685 812 fmlidze
2713 774 2822 813 suae
2852 759 3120 828 religionis
3174 776 3388 816 omnum
3449 771 3632 818 conte~

2052 857 2266 916 gentem
2287 850 2307 902 τ

2125 942 2263 1008 Quin
2311 945 2474 998 etiam
2503 961 2566 999 ex
2600 947 2770 1014 pectis
2813 948 2945 1010 tuis,
2979 947 3279 1017 quieunque
3318 947 3384 1002 ab
3435 949 3636 1019 ingenti

2053 1034 2235 1090 furore
2264 1045 2426 1107 atque
2476 1039 2679 1094 insania
2729 1042 2814 1095 vel
2846 1043 3102 1096 tantulum
3133 1057 3408 1112 emergere
3448 1055 3635 1114 potue-

2055 1133 2204 1193 runt,
2236 1126 2286 1180 id
2329 1129 2469 1196 quod
2500 1130 2676 1184 verius
2706 1131 3109 1197 eratdixerunt,
3165 1149 3355 1202 nempe
3407 1148 3502 1189 eos
3547 1134 3636 1203 qui

2053 1215 2126 1271 dii
2171 1219 2508 1288 appellantur
2549 1221 2796 1278 homines
2846 1226 3118 1280 exsutisse
3150 1267 3163 1290 ,
3239 1241 3300 1280 ac
3355 1237 3634 1297 pr0pterea

2055 1309 2197 1378 quod
2251 1311 2470 1380 quidam
2493 1325 2682 1369 eorum
2709 1316 2927 1372 urbibus
2977 1334 3038 1373 ac
3068 1319 3374 1388 regionibus
3402 1321 3634 1389 impera-

2054 1409 2200 1465 runt,
2234 1402 2450 1471 quidam
2475 1416 2651 1461 autem
2682 1407 2823 1461 aliud
2847 1409 3097 1477 quiddam
3123 1411 3321 1465 nullius
3347 1423 3500 1479 pane
3526 1427 3637 1466 mo-

2055 1493 2245 1554 menti.
2297 1494 2424 1549 dum
2484 1498 2744 1564 viverent,
2788 1501 3096 1566 effecerunt,
3157 1504 3404 1560 homines
3456 1520 3636 1561 errore

2055 1582 2270 1652 lapsos,
2325 1589 2544 1643 deorum
2599 1594 2815 1647 nomine
2861 1609 2956 1648 eos
2999 1595 3318 1664 appellasse.
3371 1596 3635 1665 Principio

2056 1679 2201 1734 enim
2231 1679 2434 1736 Seruch
2466 1684 2586 1754 (l6)
2647 1685 2735 1739 ille
2777 1695 2982 1740 statuas
3017 1687 3285 1742 invenisse
3336 1689 3633 1743 litterarum

2057 1774 2418 1827 monumentis
2450 1775 2690 1842 proditus
2711 1787 2808 1829 est.
2856 1777 3129 1846 Siquidem
3163 1794 3256 1832 eos
3287 1781 3373 1848 qui
3403 1780 3636 1851 antiqui-

2059 1869 2144 1917 tus
2169 1863 2250 1917 vel
2273 1865 2477 1918 strenui
2503 1867 2684 1932 animi,
2718 1867 2802 1921 vel
2827 1867 3096 1933 amicitiae,
3132 1871 3210 1924 vel
3241 1872 3534 1940 cujuspiam
3561 1873 3636 1926 al-

362 1965 555 2020 salutia
584 1964 831 2018 humanae
859 1979 1021 2020 causa
1055 1964 1250 2019 cultum
1293 1979 1446 2019 suum
1493 1966 1902 2022 confirmantem
1931 1967 1954 2020 ?
1988 1957 2034 2016 B
2067 1954 2233 2009 ῑετῖυδ
2261 1956 2471 2010 "muns
2497 1972 2632 2026 ορυε
2661 1958 2916 2013 memoria
2951 1958 3166 2028 ἀὶεηυω
3198 1961 3506 2027 edidissem.
3530 1972 3636 2016 Sla-

362 2055 586 2124 Ecquod
616 2065 816 2122 autem,
848 2070 880 2110 ο
909 2071 1118 2120 vecors,
1144 2067 1520 2128 argumentum
1569 2059 1634 2114 iis
1676 2073 1793 2130 quae
1838 2061 1950 2130 jam

364 2148 526 2203 allata
551 2158 677 2204 sunt
702 2149 1025 2218 prestantius
1051 2150 1272 2220 quaeris,
1305 2166 1411 2220 quo
1443 2161 1560 2206 tuos
1584 2151 1824 2221 mentiri,
1854 2167 1949 2206 no—

362 2255 508 2295 stros
537 2255 660 2296 vera
687 2239 827 2311 loqui
853 2241 1112 2309 probem?
1140 2241 1270 2296 Nam
1301 2243 1401 2298 nisi
1435 2252 1522 2298 tua
1571 2245 1746 2299 omnia
1797 2257 1950 2315 nugae

361 2349 424 2388 ae
456 2334 707 2403 figmenta
735 2344 949 2402 essent,
985 2335 1223 2403 profecto
1252 2351 1372 2391 cum
1404 2337 1563 2392 tantis
1595 2337 1842 2392 humanis
1872 2338 1951 2391 vi-

361 2424 512 2480 ribus
543 2425 802 2490 nitantur,
834 2424 1055 2482 minime
1105 2428 1550 2485 immintterentur
1595 2443 1656 2483 a't-
1700 2429 1949 2484 debilita-

364 2527 574 2572 rentur.
603 2517 724 2573 Vidi
752 2519 918 2586 enim,
954 2520 1125 2589 inquit
1155 2519 1266 2586 ille,
1301 2521 1520 2591 impiutn
1551 2523 1948 2590 superexaltum

362 2620 415 2665 at
447 2611 709 2664 elevatum
736 2611 872 2665 sicut
893 2611 1085 2665 cedros
1111 2610 1295 2665 Libani
1329 2628 1343 2664 :
1371 2621 1425 2666 et
1448 2613 1689 2680 transivi,
1717 2622 1769 2667 et
1814 2627 1945 2667 ecce

363 2714 471 2756 non
500 2708 654 2763 erat;
685 2700 907 2769 quaesivi
938 2717 1080 2767 eum,
1107 2712 1163 2758 et
1210 2718 1315 2756 non
1368 2713 1450 2757 est
1500 2705 1750 2759 inventus
1802 2705 1950 2759 locus

363 2808 480 2863 ejus
505 2793 675 2863 (Psal.
707 2804 913 2863 XXXVI).
939 2794 1016 2849 De
1044 2795 1190 2849 vobis
1213 2795 1322 2865 qui,
1350 2795 1519 2850 insani
1543 2795 1806 2851 idolorum
1836 2797 1950 2850 cul-

365 2894 450 2940 tus
483 2894 906 2956 propugnatores
934 2885 1084 2948 estis,
1120 2886 1235 2940 hate
1262 2886 1398 2940 dixit
1447 2885 1710 2955 Propheta
1765 2904 1776 2938 :
1829 2888 1948 2943 Jam

363 2976 580 3048 iamque
606 2978 772 3044 enim,
802 2987 858 3032 et
904 2990 1010 3031 non
1057 2978 1358 3032 invenietur
1408 2976 1572 3047 ipsius
1622 2979 1811 3044 locus;
1856 2979 1950 3034 sed

362 3067 505 3124 sicut
525 3068 705 3123 deficit
734 3069 911 3124 fumus
934 3109 949 3132 ,
982 3067 1214 3135 deficiet,
1245 3083 1298 3123 et
1343 3068 1791 3138 quemadmodum
1821 3069 1952 3126 deli-

365 3161 436 3214 cit
463 3174 586 3215 cera
611 3176 642 3215 a
673 3161 804 3216 facie
839 3161 975 3230 ignis
995 3200 1012 3225 ,
1039 3160 1114 3215 sic
1143 3160 1381 3230 peribitis
1413 3157 1588 3231 (Paul.
1616 3162 1805 3230 uvn).

434 3255 633 3310 Contra
685 3256 752 3310 de
803 3255 1123 3327 Evangelica
1173 3256 1263 3311 D'ei
1302 3256 1608 3324 cognitidne
1655 3256 1790 3311 dixit
1846 3257 1952 3311 Dn-

2065 2048 2169 2102 tuis
2193 2063 2414 2104 ornasse
2444 2049 2660 2104 dicitur.
2693 2049 2898 2105 Posteri
2930 2060 3132 2121 autem,
3179 2052 3439 2122 majorum
3486 2069 3636 2108 men-

2058 2149 2164 2195 tem
2213 2141 2521 2210 ignorantcs
2549 2181 2566 2208 ,
2610 2156 2810 2210 nempe
2863 2143 3003 2211 quod
3061 2146 3334 2198 memoria:
3382 2145 3636 2200 duntaxat

2059 2245 2222 2284 causa
2263 2231 2328 2283 iis
2358 2231 2447 2298 qui
2480 2230 2636 2286 laude
2662 2230 2881 2300 dignum
2926 2234 3122 2301 aliquid
3175 2233 3476 2288 effecissent
3527 2245 3636 2288 sta-

2058 2333 2176 2376 tuas
2205 2331 2259 2376 et
2285 2325 2562 2377 columnas
2590 2324 2911 2387 erexissent,
2963 2326 3220 2381 daatnonis
3250 2327 3362 2381 vitii
3405 2325 3636 2380 auctoris

2059 2429 2223 2483 opera
2254 2414 2506 2482 paulatim
2538 2415 2871 2483 aberrantes,
2932 2409 3178 2474 homines
3224 2419 3411 2473 iisdem
3441 2418 3636 2485 passio-

2056 2509 2212 2562 nibus
2242 2509 2505 2564 obnoxios
2535 2523 2601 2564 ac
2646 2515 2980 2581 corruptioni
3023 2516 3326 2580 subjectos,
3384 2523 3632 2580 tanquam

2055 2605 2390 2660 immortales
2431 2607 2562 2662 deos
2627 2608 2952 2678 adorarunt,
3015 2604 3382 2679 sacrificiaque
3419 2611 3550 2680 ipsis
3576 2624 3637 2665 ac

2067 2695 2324 2751 libamina
2383 2699 2750 2769 excogitatum
2819 2720 2834 2758 :
2898 2703 3231 2758 daemonibus
3293 2701 3541 2757 videlicet
3583 2704 3634 2756 In

2062 2789 2251 2843 statuis
2301 2789 2682 2861 habitantibus,
2734 2802 2895 2864 atque
2945 2794 3250 2865 hujusmodi
3280 2794 3536 2848 honorem
3586 2803 3638 2849 et

2056 2883 2318 2964 sacrificia
2348 2883 2414 2939 ad
2444 2899 2565 2940 sese
2588 2887 3046 2956 pertrahentibus.
3103 2890 3176 2945 Illi
3219 2890 3398 2961 itaque
3437 2905 3531 2946 eos
3551 2891 3636 2961 qui

2059 2976 2227 3031 Deum
2276 2976 2330 3030 in
2383 2978 2570 3033 notitia
2615 2979 2815 3037 habere
2862 2983 3084 3038 minime
3108 2985 3332 3053 probant
3363 2984 3540 3055 (Rom.
3572 2983 3634 3055 ι),

2056 3066 2251 3136 duplici
2299 3069 2366 3123 de
2415 3085 2578 3126 causa
2623 3081 2679 3127 ut
2727 3087 2786 3128 se
2833 3074 2963 3130 deos
3018 3089 3137 3130 esse
3181 3077 3491 3131 existiment
3534 3075 3634 3130 ad-

2060 3160 2259 3216 ducunt
2306 3179 2317 3213 :
2370 3163 2567 3230 altera,
2615 3173 2671 3218 ut
2720 3166 2822 3236 ipsi
2875 3165 2978 3221 hoc
3020 3166 3234 3220 nomine
3264 3168 3634 3234 celebrentur,

2058 3252 2290 3318 gaudent
2309 3254 2451 3308 enim
2482 3255 2603 3323 ipsi,
2630 3264 2814 3325 utpote
2843 3256 2981 3310 fastu
3008 3268 3168 3325 atque
3189 3260 3492 3328 arrogantia
3515 3259 3627 3327 ple-

362 3346 582 3402 ntinus:
626 3346 833 3402 leum
851 3359 903 3402 et
928 3359 1067 3402 terra
1089 3349 1411 3412 transibunt,
1430 3350 1589 3403 verba
1619 3358 1797 3404 autem
1829 3364 1947 3407 mea
1981 3335 2027 3398 C
2059 3345 2140 3408 ni,
2201 3361 2320 3398 cum
2353 3346 2481 3412 ipsis
2513 3355 2762 3416 tanquam
2788 3348 2890 3401 diis
2916 3347 3086 3402 honor
3112 3348 3388 3413 tribuitur;
3446 3350 3633 3416 altera,

362 3452 472 3490 non
507 3439 813 3493 transibunt
848 3439 1026 3510 (Lucra
1055 3440 1188 3509 xxi).
1234 3442 1313 3493 Ac
1339 3453 1551 3494 rursum
1577 3439 1842 3510 Propheta
1869 3441 1951 3496 his

365 3529 544 3584 verbis
575 3531 778 3584 utitur:
829 3531 884 3584 In
918 3531 1180 3599 principio
1213 3540 1289 3596 tu,
1317 3530 1563 3598 Domine,
1611 3537 1810 3586 terram
1835 3532 1952 3585 fun-

364 3621 526 3689 dasti,
551 3631 606 3677 et
626 3637 788 3692 opera
813 3637 1067 3677 manuum
1097 3632 1307 3677 tuarum
1332 3633 1454 3677 sunt
1484 3623 1630 3679 εαξη.
1684 3624 1789 3692 Ipsi
1812 3624 1952 3693 peri-

367 3717 528 3783 bunt,
558 3727 611 3770 tu
639 3725 820 3771 autem
852 3732 1157 3786 permanes,
1197 3727 1250 3772 et
1277 3731 1462 3772 omnes
1495 3718 1634 3772 sicut
1667 3717 1956 3772 vestimen-

369 3819 479 3864 tum
513 3819 873 3867 veterascent.
935 3812 997 3864 Et
1051 3811 1188 3866 sicut
1218 3811 1552 3880 opertorium
1576 3811 1808 3865 mutabis
1833 3825 1951 3880 eos,

366 3910 424 3956 et
447 3901 826 3969 mutabuntur;
889 3911 944 3958 tu
973 3913 1153 3959 autem
1185 3903 1324 3958 idem
1353 3905 1470 3973 ipse
1495 3917 1575 3968 es,
1620 3913 1676 3957 et
1705 3904 1828 3958 anni
1881 3904 1954 3957 tui

366 4011 474 4050 non
505 3995 760 4052 deﬁcient
788 3995 959 4066 (Prol.
994 3997 1086 4067 cr).
1135 4000 1212 4053 Ac’
1253 3998 1419 4053 divini
1449 3998 1663 4067 quidem
1696 3997 1955 4053 adventus

365 4085 568 4144 Christi
597 4103 896 4158 praecones,
928 4099 982 4145 et
1009 4091 1278 4158 sapientes
1307 4092 1452 4146 orbis
1486 4099 1750 4146 terrarum
1776 4092 1953 4161 pisea-

367 4187 538 4243 tores,
591 4180 679 4247 qui
726 4196 789 4236 ex
814 4181 1015 4236 erroris
1037 4197 1100 4236 ac
1124 4182 1325 4238 fraudis
1353 4183 1606 4252 voragine
1637 4197 1826 4239 omnes
1856 4195 1952 4239 ex-

368 4282 652 4327 traxerunt
701 4279 860 4344 (quos
901 4276 1117 4342 quidem
1151 4284 1205 4329 tu
1225 4315 1241 4342 ,
1273 4276 1362 4346 qui
1385 4277 1588 4346 peccati
1611 4274 1737 4332 ver'e
1766 4289 1954 4332 servus

366 4379 454 4433 es,
480 4367 788 4434 asperneris
815 4382 878 4421 ac
905 4367 1062 4422 nihili
1093 4370 1322 4436 pendis),
1383 4385 1477 4440 per
1509 4372 1659 4440 signa
1691 4381 1747 4426 et
1780 4372 1956 4441 prodi-

365 4455 454 4523 gia
485 4455 616 4511 solis
643 4457 811 4512 instar
840 4460 891 4512 in
923 4460 1120 4513 mundo
1148 4460 1430 4525 fulserunt,
1464 4460 1622 4516 caecis
1651 4462 1823 4518 lucem
1855 4465 1951 4518 do-

371 4557 586 4616 nantes,
644 4550 820 4604 surdis
847 4550 1103 4616 auditum,
1165 4551 1372 4606 claudis
1401 4563 1644 4621 gressum
1667 4595 1682 4621 ,
1732 4557 1954 4610 mortuis

367 4640 598 4711 denique
623 4643 786 4697 vitam
816 4643 1206 4712 impertientes.
1256 4640 1387 4697 Nam
1418 4643 1504 4698 vel
1540 4655 1729 4699 eorum
1758 4644 1954 4699 dunta-

2057 3438 2216 3508 321
2275 3448 2330 3490 ut
2361 3453 2453 3492 eos
2483 3454 2618 3508 quos
2648 3440 2700 3494 in
2731 3440 2974 3496 fraudem
3005 3441 3310 3496 induxerint
3337 3444 3400 3497 ad
3437 3457 3638 3513 prmpa-

2059 3538 2230 3581 ratum
2260 3528 2361 3583 sibi
2394 3531 2780 3598 sempiternum
2805 3532 2980 3601 ignem
3025 3533 3260 3589 trahant.
3317 3535 3495 3602 quue
3540 3548 3638 3588 no-

2058 3620 2203 3675 mine
2233 3622 2376 3674 omni
2407 3621 2589 3692 ﬂagitii
2621 3639 2682 3677 ac
2728 3624 3068 3692 turpitudinis
3092 3640 3292 3694 genere
3342 3625 3487 3693 ipsos
3515 3640 3636 3680 eru-

2058 3713 2290 3776 dierunt,
2321 3714 2456 3769 adeo
2479 3725 2534 3769 ut
2556 3731 2742 3770 eorum
2771 3715 2942 3771 fraudi
2963 3720 3108 3786 atqui
3140 3719 3448 3786 imposturze
3470 3717 3635 3772 semel

2060 3805 2254 3857 addicti
2289 3806 2551 3870 homines,
2610 3808 2805 3861 mentis
2829 3809 3066 3862 tenebris
3112 3808 3438 3873 circumfusi,
3481 3817 3638 3877 atque

2061 3901 2128 3949 ad
2163 3898 2421 3950 malorum
2449 3899 2802 3967 colophonem
2825 3909 3126 3965 venientes,
3175 3901 3254 3955 sui
3281 3901 3503 3970 quisque
3533 3900 3640 3957 vitii

2061 4003 2124 4043 ac
2152 4006 2262 4044 sua:
2299 3991 2605 4059 cupiditatis
2633 4001 2860 4045 statuam
2893 3991 3125 4054 ﬁxet‘int,
3179 3994 3441 4060 deumque
3473 3993 3640 4046 nomi-

2061 4087 2256 4140 narint.
2292 4090 2400 4153 Qua
2434 4087 2644 4154 quidem
2698 4087 2748 4140 in
2779 4103 2874 4152 re,
2935 4102 3058 4142 cum
3086 4089 3288 4142 erroris
3315 4089 3395 4142 sui
3427 4092 3641 4142 nomine

2061 4181 2370 4233 exsecrandi
2403 4181 2532 4244 sint,
2563 4188 2676 4234 tum
2704 4195 2832 4234 vero
2848 4183 2918 4235 ob
2944 4196 3126 4236 earum
3160 4195 3339 4235 rerum
3362 4194 3495 4249 quas
3517 4179 3640 4235 ado-

2060 4281 2181 4324 rant
2230 4271 2612 4325 absuiditatcm
2665 4271 2851 4341 majori
2908 4275 3277 4328 exsecratione
3345 4273 3536 4343 dignos
3585 4287 3642 4328 se

2061 4368 2424 4434 praebuerunt.
2476 4363 2530 4418 Id
2577 4375 2753 4418 autem
2796 4365 2977 4418 tandiu
3006 4367 3180 4419 locum
3210 4365 3412 4431 ltahuit,
3467 4364 3642 4433 quoad

2063 4457 2319 4511 Dominus
2351 4456 2666 4524 periviscera
2694 4456 3072 4512 misericordia:
3095 4471 3205 4510 suae
3228 4470 3324 4508 nos
3352 4457 3441 4523 qui
3474 4457 3640 4521 ipsius

2062 4549 2162 4603 fide
2193 4549 2398 4616 praediti
2431 4563 2638 4629 su_mus,
2671 4563 2736 4602 ex
2783 4547 3030 4615 improbo
3057 4561 3119 4600 ac
3165 4546 3419 4615 peetifero
3464 4547 3642 4617 hujus-

2061 4641 2203 4696 modi
2231 4655 2417 4695 errore
2444 4639 2709 4703 liberavit,
2733 4652 2968 4707 veraque
2984 4638 3082 4694 Dei
3102 4639 3404 4708 cognitione
3425 4640 3638 4695 imbuit.

368 4742 458 4784 nt
509 4730 710 4786 umbra:
761 4745 952 4787 omnes
1004 4731 1278 4786 hominum
1329 4732 1549 4786 morbos
1602 4733 1957 4803 proﬂigabant
1981 4718 2036 4780 D
2061 4731 2244 4801 Neque
2269 4731 2410 4786 enim
2447 4732 2499 4783 in
2531 4729 2635 4783 alio
2655 4729 2763 4783 ullo
2783 4729 2925 4782 salus
2959 4739 3062 4796 est,
3085 4745 3185 4786 uec
3209 4742 3440 4801 praepter
3468 4735 3640 4802 ipsum

371 4824 511 4882 (Act.
549 4827 625 4894 v).
677 4823 958 4879 Damones
1008 4837 1143 4894 quos
1177 4838 1270 4877 vos
1298 4835 1357 4878 ut
1383 4825 1514 4878 deos
1546 4825 1798 4889 metuitis,
1849 4841 1955 4880 non

368 4917 532 4972 turnia
561 4918 629 4971 ab
658 4917 910 4972 humanis
929 4917 1249 4987 corporibus
1275 4916 1641 4986 depellebant,
1672 4919 1763 4973 sed
1797 4922 1956 4974 etiam

368 5012 546 5065 crucis
566 5011 720 5080 signo
744 5023 809 5064 ex
838 5010 956 5079 ipso
985 5019 1248 5064 terrarum
1291 5010 1423 5065 orbe
1453 5009 1707 5079 fugabant
1738 5029 1750 5062 :
1810 5012 1960 5081 cujus

368 5115 472 5174 ope
500 5113 661 5175 atque
708 5105 1016 5174 adjumento
1058 5119 1274 5159 omnem
1317 5105 1532 5174 quidem
1563 5106 1790 5175 magiam
1817 5108 1963 5162 dele-

370 5206 587 5264 verunt,
612 5195 973 5264 veneiiciaque
994 5197 1172 5250 omnia
1193 5196 1342 5250 irrita
1364 5197 1733 5253 reddiderunt.
1781 5199 1952 5268 Atque

372 5291 449 5344 illi
481 5291 696 5360 quidem
729 5289 958 5343 humana
990 5289 1301 5345 infirmitate
1352 5303 1449 5359 per
1474 5289 1674 5346 Christi
1703 5293 1952 5348 virtutent

371 5380 439 5433 ad
475 5382 616 5434 hunc
640 5379 858 5434 modum
885 5378 1081 5446 sanati,
1124 5379 1390 5448 rebusque
1434 5381 1683 5436 omnibus
1727 5383 1955 5438 conditis

374 5476 668 5540 renovatis,
704 5481 955 5544 tanquam
986 5475 1223 5528 veritatis
1261 5488 1538 5542 praecones
1595 5477 1663 5530 ab
1707 5478 1956 5532 omnibus

373 5567 438 5621 iis
465 5567 552 5634 qui
577 5565 836 5632 sapientia
858 5565 1064 5633 pnediti
1095 5571 1220 5619 sunt
1247 5566 1550 5632 laudantur,
1583 5570 1954 5624 admirationi-

369 5673 477 5729 que
502 5642 790 5712 habentur.
813 5657 947 5724 Quid
973 5668 1150 5712 autem
1171 5657 1501 5727 habes,quod
1532 5659 1599 5713 de
1623 5661 1953 5728 sapientibus

373 5764 536 5822 atque
548 5752 853 5806 oratoribus
868 5753 1224 5820 tuis,quorum
1242 5751 1380 5806 Deus
1404 5753 1721 5822 sapientiam
1740 5755 1956 5810 stultam

376 5845 525 5908 fecit,
543 5842 610 5896 de
625 5843 748 5910 illis,
774 5843 1012 5910 inquam,
1032 5841 1225 5896 diaboli
1242 5844 1478 5910 patronis
1502 5843 1553 5897 in
1578 5844 1810 5900 medium
1833 5846 1960 5899 affe-

361 5934 498 5994 ras?
516 5934 656 6001 Quid
671 5932 930 5989 memoria
944 5932 1160 6006 dignum
1177 5933 1376 5989 mundo
1392 5935 1960 6005 reliquerint,expone.

2057 4824 2230 4879 solum
2283 4824 2372 4892 qui
2404 4819 2661 4877 mundum
2686 4820 2884 4886 eiIecit,
2948 4837 3010 4876 ac
3053 4822 3266 4879 virtutis
3319 4839 3430 4880 sua:
3475 4827 3642 4880 verbo

2059 4918 2235 4973 omnia
2255 4925 2428 4984 portat
2459 4914 2644 4986 (Hebr.
2681 4917 2746 4984 ι),
2777 4915 2914 4970 alius
2943 4916 3075 4971 deus
3104 4927 3194 4972 aut
3228 4918 3280 4972 in
3311 4919 3450 4974 celo
3471 4927 3561 4972 aut
3588 4918 3641 4972 in

2061 5020 2204 5066 terra
2260 5019 2363 5065 est.
2422 5009 2598 5065 Verbo
2659 5010 2800 5065 enim
2852 5010 3086 5077 Domini,
3130 5012 3304 5081 inquit
3347 5011 3459 5077 ille,
3519 5010 3640 5067 caeli

2066 5103 2257 5157 firmati
2287 5111 2431 5168 sunt,
2489 5110 2546 5156 et
2570 5100 2761 5170 spiritu
2812 5103 2924 5156 oris
2950 5102 3066 5170 ejus
3098 5103 3274 5157 omnis
3331 5103 3499 5156 virtus
3554 5117 3641 5157 eo-

2063 5211 2181 5252 rum
2235 5195 2628 5265 (Parthum);
2675 5204 2834 5264 atque
2889 5196 3065 5250 omnia
3114 5210 3208 5265 per
3270 5195 3442 5264 ipsum
3507 5195 3639 5248 facta

2065 5300 2208 5354 sunt,
2255 5299 2308 5344 et
2350 5288 2463 5343 sine
2496 5289 2610 5357 ipso
2664 5287 2858 5343 factum
2883 5297 2962 5342 est
2993 5287 3124 5341 nihil
3167 5286 3306 5354 quod
3341 5285 3534 5340 factum
3562 5299 3642 5341 εει

2067 5381 2245 5454 (Joan.
2282 5383 2342 5450 t).

2139 5475 2386 5530 Theudas
2416 5486 2591 5529 autem
2621 5489 2742 5528 cum
2784 5472 2897 5527 haec
2927 5471 3084 5525 verba
3117 5469 3430 5538 audivisset,
3480 5481 3640 5542 atque

2069 5567 2374 5637 hujusmodi
2407 5580 2708 5619 sermonem
2739 5563 2992 5618 divinitus
3023 5560 3194 5615 infusa
3240 5563 3502 5631 sapientia
3532 5563 3638 5633 ple-

2069 5678 2192 5716 num
2225 5675 2342 5715 esse
2363 5665 2625 5721 cerneret,
2661 5666 2907 5724 tanquam
2933 5657 3150 5710 tonitrui
3174 5672 3308 5710 sono
3335 5656 3634 5726 perculsus,

2068 5753 2282 5808 silentio
2312 5751 2610 5805 tenebatur.
2647 5748 2886 5803 Tandem
2919 5757 3094 5804 autem
3144 5750 3430 5818 aliquando
3475 5751 3641 5805 mise-

2071 5847 2206 5899 riam
2263 5858 2412 5898 suam
2468 5856 2764 5912 agnoscens
2811 5841 3226 5911 (obtenebratos
3275 5847 3415 5898 enim
3469 5843 3646 5897 cordis

2076 5937 2245 6010 ipsius
2272 5936 2456 5992 oculos
2482 5935 2727 5991 salutaris
2756 5935 2994 5992 doctrina
3025 5935 3294 6006 tetigerat)
3329 5935 3527 6003 ingenti
3548 5949 3618 5987 an
