4158 6354
569 364 674 420 5'75

1591 363 1680 418 DE
1720 362 1894 419 VITIS
1933 359 2214 418 PATRUM
2257 361 2462 418 LIBER
2499 361 2771 422 PRIMUS.
3735 375 3800 430 57

570 493 757 541 teactte
781 483 904 539 vita:
933 484 1265 554 paenitudine
1294 487 1514 540 affectus
1543 493 1654 549 est;
1683 471 2146 553 atque‘condem-
2177 479 2227 540 A
2323 478 2574 534 Theudas
2619 481 2778 550 igitur
2814 480 2897 536 his
2938 481 3117 536 verbis
3167 482 3477 549 institutus,
3529 485 3710 541 statim
3769 505 3840 546 ex

572 586 694 634 nato
721 578 981 633 idolorum
1009 592 1214 643 errore,
1247 579 1312 633 ad
1343 580 1555 648 pietatis
1588 580 1758 634 lucem
1791 578 2048 643 accurrit,
2084 588 2148 629 ac

571 669 824 738 deinceps
847 683 877 722 a
905 669 1163 724 scelerata
1191 679 1244 725 et
1275 669 1595 725 exsecranda
1613 669 1744 725 vitze
1757 670 1964 725 ratione
1983 684 2151 739 usque

571 760 708 815 adeo
753 773 873 813 sese
904 760 1161 826 removit,
1199 767 1508 828 tantumque
1556 774 1676 814 cum
1710 760 1954 830 turpibus
1984 759 2148 814 animi

571 851 938 908 affecuonibus
970 853 1295 924 magicisque
1317 852 1520 907 artibus
1543 853 1738 908 bellum
1761 853 1951 924 gessit,
1981 867 2150 922 quan-

570 955 680 1001 tum
714 955 836 1001 ante
866 946 1063 1001 amoris
1096 945 1267 1000 l'tedus
1295 961 1414 1000 cum
1448 945 1580 1014 ipsis
1608 944 1847 1001 ferierat.
1879 945 2010 1002 Nam
2037 955 2149 1000 tum

569 1037 623 1094 in
643 1038 816 1093 medio
838 1037 1065 1092 concilio
1085 1047 1253 1104 stans,
1283 1038 1604 1107 praesidente
1627 1053 1773 1109 rege,
1798 1053 1990 1108 magna
2017 1051 2151 1093 voce

571 1130 890 1185 exclamavit
921 1148 933 1183 :
964 1129 1124 1198 Vere,
1150 1144 1184 1184 ο
1205 1144 1319 1196 rex,
1351 1129 1570 1198 spiritus
1599 1129 1691 1183 Dei
1715 1129 1768 1182 in
1798 1128 1906 1184 filio
1936 1137 2028 1183 tuo
2053 1127 2151 1181 ha-

570 1222 722 1288 bitat,
753 1237 877 1277 vere
898 1222 1051 1276 fracti
1077 1237 1138 1276 ac
1160 1222 1394 1292 superati
1422 1237 1627 1288 sumus,
1655 1235 1754 1276 nec
1776 1220 2148 1276 defensionem

570 1313 732 1367 ullam
765 1313 1058 1381 habemus,
1114 1329 1213 1369 nec
1237 1314 1302 1368 ad
1333 1328 1394 1368 ea
1424 1329 1544 1384 qua:
1575 1316 1640 1368 ab
1667 1313 1785 1381 ipso
1814 1327 2150 1368 commemo-

569 1414 686 1462 rata
715 1415 859 1474 sunt,
892 1407 974 1461 vel
1001 1407 1186 1461 oculos
1217 1408 1364 1476 ipsos
1392 1408 1672 1462 obvertere
1704 1421 2007 1476 possumus.
2042 1406 2149 1460 Ma-

569 1513 704 1570 gnus
755 1498 914 1568 igitur
952 1513 1137 1552 revera
1167 1498 1591 1553 Christianorum
1641 1498 1781 1553 Deus
1810 1506 1914 1564 est,
1959 1510 2148 1567 magna

571 1593 733 1662 ipsius
764 1591 914 1657 ﬁdes,
949 1606 1137 1661 magna
1162 1591 1436 1662 mysteria.

642 1703 942 1758 Conversus
972 1705 1145 1773 itaque
1172 1705 1236 1758 ad
1270 1705 1408 1775 regis
1440 1706 1630 1773 filium,
1655 1707 1728 1759 ait
1753 1723 1766 1760 :
1795 1705 1912 1773 Dic,
1938 1719 2146 1776 qumso,

572 1809 604 1848 ο
631 1795 776 1849 claro
808 1811 869 1850 ac
900 1796 1088 1849 illustri
1119 1799 1296 1850 animo
1330 1797 1580 1865 praedite,
1634 1796 1842 1852 Deusne
1875 1811 1962 1851 me
1989 1811 2149 1851 exce-

2252 570 2372 626 aula
2403 573 2649 642 excedit,
2674 583 2834 643 atque
2861 573 2928 627 ad
2973 575 3288 629 sceleratam
3331 575 3645 644 speluncam
3677 593 3832 636 suam

2255 667 2545 734 profectus,
2581 667 2822 737 magicos
2851 667 3018 722 libros
3047 683 3172 721 suos
3200 678 3452 739 tanquam
3475 671 3702 727 sceleris
3723 687 3838 729 om-

2255 759 2338 813 nis
2359 759 2625 829 primitias
2642 800 2657 825 ,
2687 773 2751 814 ac
2772 759 3163 815 diabolicorum
3187 775 3505 817 arcanorum
3531 762 3836 834 thesauros,

2254 853 2508 907 excussit.
2543 853 2659 922 Ipse
2703 862 2880 908 autem
2924 853 2990 907 ad
3039 855 3373 910 sacrosancti
3422 857 3569 911 illius
3598 857 3736 922 viri,
3767 858 3839 914 ad

2253 957 2411 1013 quem
2441 943 2601 998 etiam
2624 942 2835 999 Nachor
2857 955 3190 1014 perrexerat,
3213 955 3426 1001 antrum
3450 963 3572 1004 sese
3597 949 3833 1018 confert,

2253 1048 2545 1103 rerumque
2573 1049 2790 1089 suarum
2821 1036 3063 1089 omnium
3093 1044 3290 1091 statum
3318 1037 3421 1107 ipsi
3469 1038 3710 1108 exponit,
3739 1054 3834 1095 ca-

2253 1123 2347 1193 piti
2376 1139 2476 1179 suo
2502 1133 2696 1180 terram
2725 1139 3040 1195 aspergens,
3061 1141 3357 1198 gravesque
3385 1130 3618 1198 gemitus
3642 1130 3834 1199 edens,

2253 1233 2317 1274 ac
2350 1218 2584 1288 seipsum
2617 1219 2871 1290 lacrymis
2901 1219 3249 1289 perfundens,
3275 1221 3586 1292 nefarieque
3618 1238 3712 1278 sua
3739 1224 3840 1278 ﬂa-

2253 1313 2381 1383 gitia
2411 1313 2526 1368 seni
2556 1312 2746 1368 ordine
2794 1327 3248 1369 commemorans.
3299 1314 3394 1370 Ille
3423 1324 3624 1382 autem,
3657 1326 3714 1371 ut
3743 1319 3840 1384 qui

2255 1401 2442 1458 salutis
2468 1402 2666 1458 anima:
2694 1404 2981 1459 afferenda:
3003 1447 3017 1471 ,
3049 1413 3209 1473 atque
3231 1421 3296 1460 ex
3319 1407 3619 1477 versipellis
3641 1408 3837 1464 draco-

2253 1495 2338 1549 nis
2363 1494 2609 1551 faucibus
2630 1496 2926 1562 eripiendte
2951 1496 3307 1566 peritissimus
3323 1508 3488 1565 esset,
3509 1500 3837 1557 salutaribus

2253 1587 2434 1642 verbis
2447 1603 2568 1642 eum
2589 1587 2874 1655 demulcet,
2901 1589 3062 1659 322
3085 1603 3150 1644 ac
3168 1589 3316 1644 velut
3337 1599 3606 1658 excantat,
3625 1593 3837 1648 veniam

2253 1680 2502 1749 spondet,
2531 1695 2594 1736 ac
2638 1680 2924 1750 propitium
2955 1690 3011 1734 et
3048 1680 3260 1736 facilem
3290 1682 3391 1751 ipsi
3418 1683 3658 1751 judicem
3709 1684 3825 1740 fore

2255 1771 2558 1840 pollicetur.
2593 1774 2670 1827 Ac
2701 1781 2884 1842 postea
2929 1787 3052 1827 cum
3084 1788 3207 1827 eum
3235 1773 3554 1829 Christiana:
3584 1774 3709 1831 ﬁdei
3741 1793 3835 1831 ru-

570 1895 755 1954 pmms
784 1895 882 1949 est,
917 1887 959 1939 si
991 1885 1058 1938 ab
1083 1863 1339 1955 improbis
1369 1887 1668 1940 πηοηίυυε
1720 1887 2048 1951 περιεδρηεῖ
2081 1885 2147 1940 ad
2178 1867 2229 1930 B
2253 1863 2505 1920 dimentis
2549 1864 2864 1931 imbuisset,
2894 1866 3290 1936 multorumque
3319 1865 3531 1921 dierum
3569 1866 3836 1938 jejunium

572 1988 692 2030 cum
724 1990 810 2029 me
837 1976 1194 2030 convertere?
1223 1974 1392 2040 Sane,
1445 1975 1615 2045 inquit
1646 1975 1886 2030 veritatis
1935 1989 2146 2045 prmco,

571 2080 722 2132 sane,
745 2067 977 2137 inquam,
1003 2075 1052 2121 te
1067 2067 1316 2136 excipiet,
1333 2082 1623 2137 omnesque
1639 2067 1762 2122 item
1781 2068 1868 2137 qui
1893 2066 2149 2136 adipsum

570 2174 690 2216 sese
720 2161 1100 2214 converterint.
1132 2160 1242 2215 Nec
1271 2175 1399 2214 vero
1440 2160 1643 2228 vulgari
1682 2159 1842 2214 modo
1872 2160 2146 2230 excipiet;

571 2266 754 2306 verum
785 2261 841 2304 ut
882 2251 991 2305 filio
1025 2266 1054 2305 e
1097 2251 1383 2322 longinqua
1415 2253 1636 2321 regione
1681 2251 1926 2307 redeunti
1977 2250 2152 2321 (Lucra

571 2343 685 2414 xv),
735 2341 834 2395 hoc
864 2350 967 2407 est,
1013 2356 1042 2395 a
1074 2343 1332 2397 scelerata
1363 2344 1488 2397 vita:
1519 2343 1732 2398 ratione
1773 2344 1840 2397 ad
1871 2344 2148 2399 meliorem

571 2431 777 2503 frugem
811 2447 931 2488 sese
961 2436 1323 2501 convertenti,
1371 2435 1582 2489 obviam
1617 2434 1871 2505 prodibit,
1919 2451 2152 2507 eumque

574 2529 926 2597 amplectetur
967 2537 1021 2583 et
1069 2531 1493 2598 exosculabitur;
1550 2547 1612 2587 ac
1662 2536 1865 2603 peccati
1912 2535 2153 2591 foeditate

573 2619 829 2685 detracta,
855 2623 1032 2675 statim
1063 2623 1158 2690 ipsi
1183 2624 1558 2679 vestimentum
1587 2625 1845 2682 salutaris
1878 2628 2149 2697 imponet,

572 2711 987 2785 charissimaque
1017 2715 1199 2784 gloria:
1236 2717 1370 2772 stola
1399 2733 1520 2772 eum
1555 2720 1814 2786 induens,
1865 2723 2151 2793 mysticum

574 2809 819 2876 supernis
844 2808 1125 2865 virtutibus
1157 2811 1367 2879 epulum
1397 2822 1639 2883 peraget,
1669 2814 1738 2868 ob
1766 2825 2036 2884 receptam
2065 2818 2149 2871 vi-

576 2897 769 2954 delicet
792 2915 943 2955 ovem
970 2891 1233 2968 perditam
1257 2904 1450 2958 festum
1468 2905 1610 2960 diem
1630 2907 1910 2962 celebrans
1937 2908 2150 2981 (Ibid.).

575 2988 806 3061 lpsemet
837 3008 979 3046 enim
1014 2994 1269 3048 Dominus
1298 2996 1483 3065 ingens
1503 2999 1552 3051 in
1580 2999 1716 3054 caelo
1746 3001 1998 3070 gaudium
2032 3016 2153 3057 esse

577 3081 710 3137 dixit
739 3094 899 3153 super
950 3102 1055 3141 uno
1085 3098 1365 3157 peccatore
1412 3091 1781 3158 pmnitentiam
1834 3102 2044 3163 agente.
2078 3097 2155 3150 Ac

573 3189 783 3231 rursum
813 3194 826 3230 :
851 3177 963 3232 Non
997 3181 1116 3234 veni
1149 3195 1340 3237 vocare
1382 3182 1577 3251 justos,
1609 3183 1701 3238 sed
1743 3195 2059 3253 peccatores
2089 3188 2153 3241 ad

2256 1955 2361 2025 ipsi
2393 1954 2704 2023 indixisset,
2753 1971 2873 2010 eum
2921 1956 3104 2011 divino
3148 1957 3415 2025 baptismo
3460 1958 3727 2014 lustravit.
3759 1961 3838 2016 Ac

2254 2047 2507 2116 deinceps
2535 2062 2630 2116 per
2657 2063 2870 2102 omnem
2901 2049 3026 2103 vita:
3057 2063 3273 2103 cursum
3302 2049 3390 2104 ille
3412 2051 3628 2105 sincero
3656 2051 3838 2106 animo

2253 2136 2321 2194 de
2345 2136 2595 2192 admissis
2636 2139 2933 2193 sceleribus
2978 2139 3347 2207 paenitentiam
3381 2140 3520 2208 egit,
3553 2141 3834 2212 lacrymis-

2253 2245 2357 2301 que
2387 2245 2449 2285 ac
2476 2231 2766 2300 gemitibus
2791 2231 2960 2287 Deum
2992 2233 3207 2302 placare
3235 2233 3454 2288 studuit.

2326 2321 2455 2376 Car.
2485 2337 2671 2376 xxxm.
2699 2351 2770 2362 -—
2796 2323 2924 2388 Quae
2952 2337 3074 2378 cum
3103 2323 3167 2377 ad
3200 2322 3340 2378 hunc
3382 2324 3595 2379 modum
3627 2325 3838 2381 evenis-

2255 2420 2397 2481 sent,
2432 2429 2527 2468 rex
2555 2415 2765 2470 consilii
2797 2416 2975 2485 inopia
3001 2417 3234 2486 undique
3261 2416 3566 2481 destitutus,
3605 2418 3656 2472 in
3688 2416 3838 2489 gravi

2256 2504 2412 2574 plane
2441 2519 2674 2561 maerore
2701 2508 3038 2574 versabatur,
3088 2509 3370 2580 animoque
3398 2525 3719 2580 magnopere
3757 2511 3839 2582 ja-

2256 2599 2524 2652 ctabatur.
2570 2598 2769 2654 Coacto
2797 2609 2974 2656 autem
3006 2617 3219 2656 rursum
3249 2613 3458 2669 senatu,
3489 2604 3743 2673 quidnam
3771 2605 3840 2661 de

2257 2688 2368 2742 filio
2398 2702 2496 2744 suo
2526 2687 2730 2746 faceret
2753 2692 3088 2763 dispiciebat.
3113 2693 3243 2748 Cum
3267 2703 3443 2749 autem
3467 2697 3618 2751 multi
3645 2697 3840 2753 multas

2257 2785 2549 2840 sententias
2579 2785 2632 2839 in
2680 2786 2911 2842 medium
2947 2788 3321 2857 protulissent,
3349 2787 3588 2844 Araebes
3622 2790 3734 2854 ille,
3764 2789 3838 2845 de

2257 2891 2364 2946 quo
2393 2878 2637 2946 superius
2664 2880 2993 2935 mentionem
3019 2881 3262 2948 fecimus,
3291 2883 3382 2953 qui
3408 2892 3463 2937 et
3497 2883 3693 2938 ducum
3726 2899 3840 2939 om-

2259 2968 2407 3024 nium
2437 2969 2772 3026 clarissimus
2803 2981 2936 3040 erat,
2977 2981 3032 3027 et
3058 2974 3354 3043 principem
3379 2975 3431 3029 in
3457 2985 3643 3030 senatu
3666 2975 3842 3034 locum

2259 3061 2570 3129 obtinebat,
2601 3062 2685 3118 his
2711 3062 2776 3119 ad
2811 3080 2992 3135 regem
3023 3065 3202 3122 verbis
3240 3082 3365 3122 usus
3390 3077 3472 3122 est
3500 3085 3513 3120 :
3537 3068 3802 3135 Quidnam
3823 3110 3843 3138 ,

2259 3167 2293 3208 ο
2320 3168 2437 3220 rex,
2473 3153 2582 3209 ﬁlio
2608 3162 2704 3209 tuo
2737 3155 2918 3211 facere
2957 3161 3194 3226 oportuit
3223 3159 3366 3228 quod
3398 3174 3503 3214 non
3533 3159 3843 3226 fecerimus,

575 3271 940 3339 penitentiam
993 3272 1185 3344 (Luca:
1215 3289 1247 3327 v
1268 3275 1306 3346 ).
1359 3245 1427 3329 Eit
1479 3245 1572 3344 per
1617 3245 1929 3346 prop-betam
1965 3297 1976 3331 :
2014 3280 2145 3336 Vivo
2185 3251 2233 3316 α
2262 3255 2319 3346 Ψ
2348 3245 2412 3346 af]
2442 3247 2715 3346 δθαυθηδίῗ
2747 3257 2925 3304 nosm
2958 3250 3225 3346 dogTala’
3256 3251 3732 3346 demquenosuos
3753 3269 3846 3308 eo.

573 3375 694 3431 ego,
728 3361 857 3416 dicit
905 3364 1198 3432 Dominus;
1234 3366 1356 3420 nolo
1402 3375 1628 3422 mortem
1681 3371 2001 3436 peccatoris,
2056 3371 2152 3427 sed

576 3455 742 3524 magis
770 3467 827 3509 ut
855 3469 1195 3512 convertatur
1223 3473 1251 3512 a
1280 3462 1360 3513 via
1394 3475 1488 3514 sua
1516 3472 1570 3515 et
1593 3465 1756 3517 vivat.
1787 3464 2150 3519 Convertimi-

574 3545 628 3602 ni
670 3560 700 3598 a
729 3547 809 3600 via
858 3558 1034 3602 vestra
1064 3550 1240 3617 mala;
1293 3561 1347 3604 et
1394 3567 1558 3621 quare
1607 3553 1908 3608 moriemini
1961 3556 2152 3611 domus

575 3636 780 3693 Israel?
810 3641 1064 3709 iniquitas
1096 3641 1261 3712 iniqui
1293 3657 1398 3698 non
1430 3645 1646 3698 nocebit
1668 3644 1717 3700 ei
1751 3645 1803 3699 in
1831 3662 2149 3718 quacunque

573 3730 661 3785 die
702 3744 996 3786 conversus
1038 3731 1196 3786 fuerit
1242 3733 1310 3787 ab
1360 3734 1642 3803 iniquitate
1693 3751 1805 3802 sua,
1859 3746 1914 3792 et
1967 3739 2153 3797 fecerit

573 3823 885 3895 justitiam,
922 3831 977 3878 et
1023 3825 1074 3878 in
1128 3825 1379 3880 mandato
1428 3827 1552 3881 vitae
1593 3826 1988 3898 ambulaverit,
2045 3832 2153 3887 vita

573 3917 733 3982 vivet,
767 3927 822 3972 et
847 3933 951 3972 non
985 3918 1262 3976 morietur.
1297 3917 1486 3974 Omnia
1510 3931 1726 3990 peccata
1761 3939 1878 3993 quze
1911 3926 2154 3994 admisit,

574 4023 679 4064 non
711 4009 1171 4076 memorabuntur,
1206 4012 1328 4081 quia
1354 4011 1614 4081 judicium
1638 4016 1968 4084 etjustitiam
2001 4016 2150 4086 fecit,

574 4100 627 4156 in
659 4101 787 4168 ipsis
817 4101 959 4156 vivet
986 4101 1196 4174 (Ezech.
1224 4106 1445 4175 xxxm).
1474 4107 1552 4161 Ac
1574 4121 1784 4161 rursum
1809 4123 1902 4177 per
1924 4109 2151 4165 alterum

574 4192 890 4262 prophetam
944 4194 1210 4249 exclamat
1236 4214 1248 4248 :
1275 4197 1576 4266 Lavamini,
1607 4202 1792 4256 mundi
1834 4211 2027 4271 estote,
2056 4220 2155 4260 au-

574 4285 712 4341 ferte
738 4286 932 4340 malum
960 4286 1341 4356 cogitationum
1375 4301 1675 4347 vestrarum
1703 4295 1770 4348 ab
1797 4295 1966 4352 oculis
1995 4299 2151 4369 meis,

573 4377 836 4448 quiescite
869 4395 1028 4451 agere
1052 4395 1323 4450 perverse,
1353 4383 1546 4440 discite
1574 4386 1914 4445 benefacere.
1943 4390 1998 4446 Si
2033 4391 2150 4447 fue-

573 4472 680 4528 rint
709 4483 924 4542 peceata
955 4484 1131 4530 vestra
1160 4477 1298 4531 sicut
1321 4479 1621 4546 coccinum,
1657 4490 1906 4553 tanquam
1939 4486 2027 4539 nix
2058 4485 2153 4540 de-

572 4564 924 4631 albabuntur;
969 4577 1022 4622 et
1070 4568 1115 4621 si
1157 4568 1351 4624 fuerint
1395 4572 1553 4627 rubra
1606 4574 1744 4630 velut
1788 4578 2152 4645 vermiculus,

574 4657 712 4710 sicut
744 4655 861 4710 lana
891 4659 1009 4711 alba
1040 4669 1197 4714 erunt
1225 4660 1404 4733 (Isaia:
1431 4663 1492 4735 ι).
1525 4663 1653 4720 Cum
1682 4667 1844 4738 igitur
1873 4668 1954 4724 ha:
2000 4671 2154 4740 polli-

572 4747 853 4803 citationes
877 4749 942 4804 iis
965 4751 1051 4818 qui
1074 4751 1139 4807 ad
1159 4755 1434 4810 meliorem
1459 4757 1664 4831 frugem
1686 4775 1805 4816 sese
1828 4765 2150 4832 receperint,

572 4854 604 4895 a
628 4839 736 4895 Deo
767 4843 1054 4911 proposita:
1075 4846 1211 4911 sint;
1240 4862 1307 4901 ne
1333 4853 1623 4917 cuncteris,
1647 4867 1680 4905 ο
1706 4852 1888 4920 homo,
1915 4871 2014 4911 nec
2040 4871 2157 4912 mo-

572 4947 686 4988 ram
717 4934 876 4988 ullam
905 4933 1157 4991 adhibeas
1189 4955 1202 5003 ;
1233 4954 1415 4994 verum
1447 4941 1511 4995 ad
1543 4942 1814 4999 Christum
1860 4945 2150 5018 benignum

573 5025 741 5081 Deum
777 5038 1017 5082 nostrum
1056 5031 1282 5098 accede,
1313 5040 1364 5086 et
1406 5033 1736 5104 illuminare,
1782 5046 1838 5092 et
1864 5037 2029 5095 facies
2064 5050 2152 5096 tua

571 5135 677 5175 non
706 5120 1063 5178 confundetur
1093 5121 1264 5194 (Psal.
1296 5125 1492 5195 xxx").
1523 5126 1654 5182 Nam
1707 5130 1866 5184 simul
1910 5141 2070 5202 atque
2099 5133 2152 5188 in

572 5216 736 5271 divini
769 5216 1107 5288 baptismatis
1159 5218 1415 5287 piscinam
1467 5220 1755 5277 immersus
1803 5223 1988 5288 fueris,
2044 5235 2154 5282 tota

571 5312 769 5365 veteris
801 5311 1033 5367 hominis
1064 5313 1380 5383 spurcities,
1411 5324 1568 5384 atque
1591 5317 1843 5373 universa
1890 5319 2152 5375 scelerum

572 5403 779 5456 sarcina
811 5401 863 5458 in
896 5418 1031 5474 aqua
1061 5405 1373 5475 sepelietur,
1416 5416 1574 5478 atque
1601 5409 1653 5464 in
1685 5409 1910 5464 nihilum
1945 5411 2152 5468 dilabe-

572 5502 692 5559 tur;
728 5503 889 5562 tuque
931 5512 1099 5553 novus
1129 5498 1274 5552 illinc
1318 5512 1382 5553 ac
1411 5513 1632 5566 recens,
1682 5509 1842 5570 atque
1886 5503 1954 5558 ab
2007 5507 2152 5562 omni

573 5585 693 5641 labe
744 5601 904 5655 purus
934 5591 1299 5658 conscendes,
1345 5590 1547 5646 nullam
1591 5594 1794 5662 peccati
1845 5595 2016 5650 labem
2061 5605 2154 5652 aut;

573 5692 758 5748 rugam
789 5687 962 5734 tecum
993 5680 1194 5738 ferens.
1225 5682 1302 5738 Ac
1332 5683 1584 5756 deinceps
1612 5686 1664 5740 in
1697 5697 1748 5742 te
1780 5689 1938 5744 situm
1964 5689 2067 5744 erit
2098 5699 2156 5746 ut

573 5772 940 5842 purgationem
972 5788 1065 5842 per
1087 5776 1289 5832 viscera
1315 5777 1696 5838 misericordia:
1719 5781 1812 5839 Dei
1835 5786 2003 5840 nostri
2029 5785 2152 5842 hinc

573 5872 904 5922 contractam
930 5867 1128 5923 tuearis
1159 5877 1319 5940 atque
1349 5884 1653 5930 conserves.

2259 3338 2450 3415 lendos
2476 3354 2596 3395 eum
2628 3340 3043 3398 induceremus?
3074 3343 3295 3411 Verum,
3339 3353 3398 3399 ut
3427 3345 3602 3414 video,
3647 3347 3846 3418 impos-

2261 3430 2434 3485 sibilia
2465 3432 2804 3502 aggredimur
2829 3451 2842 3488 :
2871 3434 3132 3505 siquidem
3155 3450 3185 3489 a
3211 3446 3396 3492 natura
3422 3438 3545 3508 ipsi,
3570 3448 3661 3491 aut
3687 3441 3845 3494 etiam

2263 3521 2489 3577 fortasse
2517 3537 2544 3576 a
2578 3523 2819 3593 fortuna,
2875 3526 3174 3595 pervicacia
3218 3535 3274 3582 et
3317 3529 3479 3583 animi
3511 3527 3736 3585 durities
3768 3532 3846 3585 in-

2262 3611 2363 3664 sita
2393 3620 2494 3666 est.
2545 3613 2726 3683 Itaque
2758 3615 2803 3670 si
2855 3616 3028 3686 ipsum
3085 3619 3362 3688 suppliciis
3408 3635 3472 3676 ac
3521 3623 3848 3679 cruciatibus

2260 3702 2476 3760 afficere
2516 3706 2571 3760 in
2627 3710 2864 3762 animum
2923 3709 3235 3781 induxeris,
3307 3723 3418 3768 tum
3476 3716 3589 3785 ipse
3648 3725 3847 3774 natura

2262 3794 2469 3852 hostem
2523 3805 2575 3852 te
2646 3799 2951 3870 prmbebis,
3019 3803 3291 3874 patrisque
3339 3820 3533 3861 nomen
3597 3809 3846 3877 amittes,

2262 3897 2371 3944 tum
2432 3890 2598 3959 ipsius
2644 3891 2904 3962 jacturam
2963 3895 3124 3951 facies
3154 3939 3170 3965 ,
3248 3907 3306 3954 ut
3359 3901 3448 3970 qui
3493 3917 3589 3972 pro
3636 3902 3846 3960 Christo

2260 3989 2492 4038 mortem
2541 3993 2794 4052 appetere
2855 3993 3070 4056 paratus
3140 3986 3228 4042 sit.
3285 3988 3564 4060 Reliquum
3613 4002 3700 4048 est
3751 3995 3842 4064 igi-

2260 4082 2349 4129 tur
2395 4081 2455 4128 ut
2528 4074 2666 4130 hanc
2714 4078 2975 4132 rationem
3027 4079 3213 4147 ineas,
3259 4096 3452 4150 nempe
3509 4094 3566 4138 ut
3625 4100 3845 4154 regnum

2260 4182 2383 4223 cum
2413 4181 2478 4223 eo
2511 4171 2779 4239 partiaris,
2817 4171 2993 4241 .eique
3024 4172 3079 4227 in
3136 4188 3198 4228 ea
3249 4186 3399 4242 parte
3441 4191 3559 4246 qua:
3609 4179 3675 4232 ad
3723 4194 3844 4233 eum

2261 4261 2539 4316 attinuerit
2605 4263 2737 4332 regii
2808 4265 3046 4320 muneris
3119 4265 3632 4323 administrationem
3703 4287 3846 4326 com-

2264 4352 2466 4408 mittas.
2507 4354 2582 4408 Ac
2611 4354 2653 4408 si
2695 4354 2909 4424 quidem
2941 4356 3275 4426 negotiorum
3310 4367 3517 4422 natura,
3560 4374 3846 4432 rerumque

2264 4443 2650 4498 mundanarum
2680 4459 2807 4500 cura
2833 4461 2953 4501 eum
2982 4448 3047 4501 ad
3083 4449 3384 4503 institutum
3417 4459 3658 4506 nostrum
3691 4457 3844 4509 vim-

2263 4549 2366 4601 que
2396 4549 2563 4605 genus
2594 4538 3024 4603 amplectendum
3057 4549 3435 4609 pertraxerunt,
3467 4557 3555 4596 res
3586 4544 3742 4599 nobis
3771 4561 3838 4601 ex

2183 4627 2522 4714 Dsententia
2571 4627 2839 4684 succedet.
2891 4630 3067 4685 Mores
3110 4632 3307 4686 etenim
3359 4633 3410 4686 in
3451 4633 3632 4687 animo
3683 4635 3848 4691 vehe-

2262 4726 2473 4772 menter
2519 4718 2853 4774 corroborati
2900 4735 3042 4792 mgre
3071 4722 3303 4792 expungi
3350 4731 3508 4793 atque
3553 4724 3846 4782 oblitterari

2260 4821 2508 4881 possunt,
2532 4811 2927 4885 verborumque
2951 4815 3125 4884 potius
3147 4815 3423 4871 blanditiis
3446 4831 3604 4887 quam
3627 4819 3680 4873 vi
3703 4833 3846 4874 com-

2261 4912 2556 4958 mutantur.
2611 4903 2704 4960 Sin
2756 4913 2931 4961 autem
2975 4905 3026 4961 in
3089 4906 3516 4963 Christianorum
3583 4910 3843 4981 religione

2261 4998 2577 5065 perstiterit,
2606 4997 2734 5053 illud
2767 4998 2939 5069 ipsum
2992 5010 3162 5067 certe,
3192 5001 3332 5072 quod
3377 5001 3486 5057 filio
3516 5018 3621 5060 non
3652 5007 3728 5061 sis
3755 5021 3844 5060 or-

2264 5087 2438 5154 batus,
2494 5103 2781 5145 maerorem
2833 5100 2979 5146 tuum
3011 5091 3188 5162 aliqua
3233 5107 3300 5148 ex
3351 5102 3504 5161 parte
3549 5095 3839 5166 mitigabit.

2265 5179 2414 5236 Hanc
2439 5181 2734 5238 orationem
2754 5197 2874 5237 cum
2890 5181 3127 5240 Aracbes
3145 5184 3440 5254 habuisset,
3464 5200 3652 5242 omnes
3679 5190 3843 5258 ipsius

2264 5272 2588 5328 sententiam
2643 5274 3081 5346 comprobarunt,
3139 5290 3204 5332 ac
3257 5274 3482 5346 proinde
3535 5291 3628 5331 rex
3671 5291 3732 5332 se
3777 5279 3842 5331 ita

2267 5376 2506 5423 acturum
2534 5369 2786 5424 assensit.

2336 5458 2519 5530 Itaque
2541 5460 2940 5530 postridie'cum
2962 5459 3244 5525 illuxisset,
3272 5458 3440 5516 filium
3462 5459 3674 5526 accivit,
3695 5474 3818 5516 eum
3839 5490 3844 5497 -

2266 5567 2368 5624 que
2395 5555 2463 5608 ita
2503 5562 2584 5608 est
2627 5553 2890 5610 allocutus
2920 5572 2932 5609 :
2965 5555 3060 5609 Hic
3091 5553 3240 5618 mihi,
3275 5567 3308 5608 ο
3336 5564 3478 5618 nate,
3529 5563 3834 5624 postremus

2261 5647 2326 5700 ad
2361 5656 2413 5701 te
2444 5660 2622 5701 sermo
2649 5656 2750 5714 est,
2797 5646 2882 5702 cui
2913 5646 3013 5702 nisi
3039 5647 3432 5718 quamprimum
3466 5639 3734 5716 parueris,
3766 5654 3846 5701 at-

2261 5756 2364 5812 que
2394 5741 2448 5796 in
2483 5741 2581 5797 hac
2609 5741 2798 5798 saltem
2827 5758 2887 5798 re
2908 5743 3137 5813 pectoris
3160 5740 3268 5797 mei
3297 5742 3535 5797 dolorem
3562 5742 3848 5809 Ieniveris,

2261 5849 2371 5888 non
2399 5834 2562 5902 ultra,
2600 5836 2730 5891 mihi
2761 5838 2942 5902 crede,
2969 5837 3490 5908 indulgentertccum
3506 5851 3684 5908 agam.
3709 5836 3847 5890 Per-

2258 5933 2510 5983 contante
2536 5933 2712 5985 autem
2763 5929 2852 5985 illo
2897 5930 3023 5997 quid
3068 5929 3171 5987 sibi
3219 5931 3324 5986 hoc
3366 5943 3616 5986 sermone
3641 5928 3846 5989 vellet:
