4158 6354
427 363 534 428 577

898 361 1055 425 VITA
1092 365 1509 427 SANCTORUM
1547 363 1878 424 BARLAAM
1917 363 1997 421 ΕΗ

2103 362 2249 421 ξιΤΔΕ
2289 364 2379 422 ET
2420 365 2764 427 JOSAPHAT
2805 371 3011 429 1NDle
3043 371 3264 429 REGIS.

3580 376 3689 433 578

428 491 716 558 Quoniam,
770 486 941 558 inquit
989 487 1114 553 ille,
1174 487 1355 543 multis
1397 488 1657 559 susceptis
1725 484 2000 541 laboribus
2027 485 2083 543 ,ΙΙ
2105 489 2159 536 et
2186 481 2403 538 lenitate
2433 487 2836 542 venerationem
2860 502 2921 542 ac
2946 496 3201 543 terrorem
3223 487 3324 543 sibi
3345 501 3686 548 commovere

428 583 749 654 perfractum
793 591 847 637 et
902 592 1271 640 contumacem
1322 594 1373 640 te
1426 586 1490 639 ad
1548 598 1734 640 omnes
1789 580 2002 652 reperi,

425 688 484 733 ut
533 677 621 748 qui
657 675 817 730 nullis
863 692 1096 744 unquam
1145 678 1484 732 sermonibus
1531 678 1664 732 meis
1711 675 2006 744 parendum

426 771 520 824 tibi
554 770 792 834 duxeris,
833 784 947 837 age,
978 769 1147 823 diviso
1178 770 1398 836 imperio
1441 785 1560 824 meo
1591 769 1642 824 id
1693 769 1908 833 faciam,
1949 776 2008 822 ut

425 875 477 918 tu
509 862 792 933 separatim
824 863 986 933 degas
1008 903 1020 927 ,
1047 879 1109 916 ac
1142 879 1363 932 regnum
1389 879 1562 932 geras.
1598 862 1672 916 lta
1721 863 1833 932 jam
1887 859 2004 925 tibi,

422 974 581 1029 quam
614 957 783 1026 cupis,
810 957 949 1011 viam
983 955 1184 1025 ingredi
1221 965 1334 1010 tuto
1365 957 1563 1011 licebit.
1597 954 1790 1008 Divina
1823 963 2000 1008 autem

423 1047 514 1100 itla
555 1053 754 1109 anima,
783 1060 1087 1116 quanquam
1121 1045 1317 1116 alioqui
1351 1063 1528 1117 regem
1574 1045 1676 1100 hoc
1705 1045 1805 1100 sibi
1856 1043 2006 1099 labe-

429 1137 661 1190 factandi
715 1135 797 1191 sui
845 1137 1073 1192 instituti
1115 1153 1272 1192 causa
1326 1152 1627 1207 proponere
1672 1146 2003 1204 compertum

424 1227 675 1293 haberet,
703 1229 1181 1298 obtemperandum
1228 1237 1405 1284 tamen
1437 1228 1608 1292 duxit,
1661 1227 1762 1281 hoc
1793 1226 2006 1280 scilicet

419 1324 622 1390 animo,
641 1330 701 1377 ut
714 1336 780 1377 ex
793 1321 961 1391 ipsius
974 1321 1220 1377 manibus
1238 1321 1470 1392 elapsus,
1497 1321 1634 1374 viam
1655 1334 1810 1389 quam
1833 1331 2001 1387 expe-

419 1417 564 1471 tebat
585 1414 972 1486 ingrederetur.
997 1413 1487 1483 Sermonetnigitur
1503 1412 1795 1480 excipiens,
1826 1410 1890 1462 ad
1921 1424 2004 1464 re-

416 1524 538 1578 gem
552 1507 664 1563 ait:
692 1505 952 1577 Equidem
989 1505 1103 1575 ipse
1134 1505 1373 1560 divinum
1397 1505 1543 1559 illum
1559 1504 1728 1557 virum
1759 1501 1850 1571 qui
1873 1499 2003 1554 mihi

416 1601 603 1655 salutis
623 1599 723 1655 iter
737 1599 1433 1667 commonstravitquaerere
1470 1594 1785 1664 gestiebam,
1812 1592 2003 1646 rebus-

416 1707 520 1762 que
538 1691 785 1746 omnibus
809 1689 1164 1759 valerejussis
1180 1730 1195 1756 ,
1216 1704 1336 1744 cum
1356 1702 1422 1744 eo
1445 1687 1701 1758 quidquid
1725 1685 1854 1740 milii
1879 1685 2001 1738 vita:

416 1783 677 1848 reliquum
691 1782 1078 1838 esttraducere.
1119 1780 1311 1836 Verum
1345 1782 1592 1851 quoniam
1637 1791 1818 1851 perte,
1845 1797 1877 1836 ο
1903 1782 2001 1836 Pa-

2110 577 2375 645 cupiebat.
2409 579 2538 647 Quae
2581 581 2740 635 etiam
2775 596 2860 638 res
2890 598 3076 637 omnes
3125 582 3191 636 ad
3220 597 3341 637 eum
3369 583 3539 653 magis
3564 599 3687 654 per-

2110 671 2374 740 trahebat,
2403 673 2652 729 nimirum
2678 675 2843 744 quod,
2874 685 2931 730 ut
2955 677 3058 730 vita
3091 686 3144 732 et
3169 676 3468 733 actionibus
3511 677 3687 735 admi-

2109 762 2330 828 randus,
2357 763 2427 817 ita
2458 765 2620 819 etiam
2669 767 2848 822 animo
2881 766 3050 823 facilis
3096 782 3158 823 ac
3188 769 3466 825 modestus
3515 778 3680 827 esset.

2107 853 2190 909 Ex
2222 870 2329 921 quo
2357 855 2604 912 eii‘ectum
2626 868 2706 914 est
2735 869 2792 914 ut
2822 862 3056 929 potentia
3086 877 3333 932 magnum
3356 876 3386 917 a
3411 861 3677 918 modestia

2107 955 2159 1000 et
2187 948 2594 1004 mansuetudine
2619 951 2914 1007 subsidium
2949 962 3126 1023 nacta,
3178 968 3363 1010 omnes
3395 971 3460 1011 eo
3504 956 3676 1011 addu-

2107 1049 2274 1105 ceret,
2305 1049 2361 1094 ut
2390 1043 2554 1111 ipsitts
2587 1045 2769 1100 verbis
2799 1057 3067 1114 parerent.

2177 1129 2449 1200 Siquidem
2491 1135 2540 1188 in
2587 1145 2690 1188 tam
2745 1137 2890 1191 brevi
2925 1138 3058 1192 adeo
3089 1139 3347 1208 temporis
3388 1141 3676 1208 curriculo,

2105 1221 2258 1290 plebs
2273 1224 2445 1278 omnis
2466 1225 2563 1293 ipsi
2587 1226 2847 1296 subjecta,
2870 1237 2973 1282 tam
2999 1228 3248 1298 Oppidani
3273 1244 3427 1299 quam
3448 1229 3677 1298 finitimi,

2106 1310 2301 1366 divinis
2331 1311 2496 1381 ipsius
2539 1316 2875 1370 sermonibus
2905 1319 2957 1371 in
2983 1317 3285 1372 Christiana
3317 1320 3570 1388 religione
3593 1320 3680 1375 in-

2109 1403 2485 1468 stituebantur,
2510 1420 2572 1461 ac
2617 1407 2808 1461 falsum
2862 1411 3145 1465 multorum
3202 1412 3421 1466 deorum
3480 1413 3681 1467 cultum

2109 1497 2412 1563 ejurabant,
2437 1507 2489 1552 et
2548 1501 2614 1553 ab
2668 1499 2932 1556 idolorum
2982 1503 3255 1557 sacriticiis
3279 1505 3684 1562 etexseccando

2107 1603 2292 1643 eorum
2323 1591 2468 1646 cultu
2487 1608 2607 1648 sese
2637 1593 3047 1664 abrumpebant,
3073 1608 3231 1667 atque
3255 1598 3319 1652 ad
3345 1599 3502 1654 fidem
3530 1614 3684 1656 erro-

2105 1681 2179 1736 ris
2223 1694 2498 1754 expertem
2558 1703 2677 1743 sese
2727 1691 3094 1758 conferebant,
3121 1693 3395 1763 ipsiusque
3445 1695 3683 1755 doctrina

2104 1773 2361 1841 innovati,
2393 1776 2457 1831 ad
2489 1776 2758 1834 Christum
2789 1781 3234 1850 adjungebantur.
3264 1785 3464 1840 Omnes
3506 1794 3684 1846 autem

417 1882 517 1939 ter,
539 1875 671 1929 mihi
691 1890 752 1931 ea
772 1888 892 1944 quae
907 1873 1057 1928 cordi
1085 1881 1229 1937 sunt,
1272 1872 1447 1928 facere
1479 1873 1696 1927 minimc
1728 1872 1871 1938 licet,
1904 1872 2004 1927 hac
2033 1856 2082 1918 Β
2107 1865 2416 1920 sacerdotes
2437 1877 2490 1921 et
2519 1871 2764 1924 monachi
2785 1911 2801 1937 ,
2827 1886 2889 1926 ac
2921 1873 3164 1927 nonnulli
3187 1875 3444 1944 episcopi,
3477 1877 3566 1944 qui
3616 1877 3686 1933 ob

417 1967 472 2022 in
508 1983 565 2021 re
597 1965 686 2021 tibi
721 1981 919 2021 morem
949 1981 1106 2036 gero,
1136 1964 1394 2035 siquidem
1426 1966 1477 2018 in
1509 1964 1590 2019 his
1620 1964 1779 2020 rebus
1806 1965 1857 2019 in
1883 1965 2003 2035 qui-

417 2057 515 2113 bus
571 2059 910 2128 perspicuum
977 2057 1195 2112 exitium
1252 2067 1412 2127 atque
1456 2057 1774 2111 abalienatio
1821 2071 1849 2109 a
1897 2057 2004 2112 Deo

419 2168 526 2207 non
590 2153 922 2222 proponitur,
967 2153 1107 2222 patri
1150 2150 1520 2220 obtemperare
1569 2152 1846 2221 pulchrum
1898 2163 2000 2208 est.

489 2245 602 2302 Rex
625 2247 804 2317 itaque
833 2259 1042 2301 summa
1072 2244 1255 2299 laetitia
1289 2244 1556 2314 perfusus,
1590 2247 1864 2315 regionem
1885 2261 2001 2300 om-

417 2352 542 2392 nem
583 2338 810 2404 imperio
831 2351 928 2403 suo
947 2351 1010 2393 ac
1039 2337 1227 2392 ditioni
1257 2335 1550 2405 subiectam
1584 2336 1636 2391 in
1663 2336 1796 2390 duas
1826 2347 2002 2406 partes

417 2429 625 2495 dividit,
659 2430 929 2499 filiumque
951 2444 1130 2498 regem
1156 2435 1326 2494 creat,
1351 2443 1412 2482 ac
1433 2428 1733 2484 diademate
1754 2438 2001 2494 exornat,

419 2521 681 2591 regiaque
713 2521 857 2575 omni
887 2521 1054 2590 gloria
1108 2517 1421 2588 insignitum
1465 2518 1517 2572 in
1547 2534 1666 2572 eam
1699 2518 1848 2588 regni
1882 2532 2004 2586 par-

417 2621 527 2667 tem
560 2627 679 2683 quae
705 2611 807 2681 ipsi
836 2611 1090 2666 attributa
1115 2621 1230 2665 erat
1255 2624 1380 2665 cum
1407 2609 1678 2665 luculenta
1709 2607 1998 2663 satellitum

415 2719 576 2760 manu
606 2704 800 2760 emittit
825 2721 839 2770 ;
872 2703 1200 2774 principibus
1229 2713 1409 2762 autem
1439 2719 1502 2760 ac
1532 2703 1777 2768 ducibus,
1812 2701 1996 2770 reique

413 2796 666 2851 militaris
711 2795 979 2864 prtefeCtis
1007 2807 1061 2851 et
1093 2798 1348 2867 satrapis,
1384 2797 1428 2851 si
1479 2811 1706 2866 quorum
1749 2795 1998 2849 voluntas

415 2893 488 2943 ita
518 2889 744 2955 tulisset,
777 2904 898 2944 cum
933 2888 1042 2943 filio
1081 2903 1178 2944 suo
1207 2903 1269 2944 ac
1316 2904 1444 2962 rege
1494 2875 1868 2959 proficiscendi
1900 2900 1997 2957 po-

415 2991 664 3038 testatem
696 2982 840 3038 facit.
874 2983 1049 3054 Atque
1080 2983 1350 3053 ingentem
1381 2982 1670 3053 quamdam
1701 2996 1765 3037 ac
1795 2995 1994 3036 nume-

414 3076 748 3130 rosissimam
779 3076 987 3141 urbem,
1036 3075 1090 3130 in
1132 3091 1233 3146 qua
1278 3077 1478 3145 regiam
1531 3075 1714 3130 sedem
1747 3074 1992 3144 haberet,

414 3165 670 3237 assignat,
696 3167 983 3236 omniaque
1013 3182 1076 3222 ea
1102 3182 1222 3238 quae
1262 3167 1478 3239 regibus
1520 3168 1846 3222 conveniunt
1893 3164 1993 3235 ipsi

2107 1960 2272 2027 patris
2320 1959 2486 2031 ipsius
2509 1971 2708 2016 metum
2741 1963 2792 2017 in
2818 1975 3025 2020 montes
3047 1975 3103 2021 et
3129 1967 3411 2037 speluncas
3442 1983 3560 2025 sese
3589 1969 3686 2026 aha

2105 2049 2371 2114 diderant,
2401 2068 2431 2108 e
2476 2054 2713 2111 latibulis
2766 2058 2877 2111 suis
2926 2068 3184 2115 exeuntes
3210 2100 3226 2127 ,
3261 2061 3382 2117 laeto
3413 2064 3594 2119 animo
3615 2062 3682 2118 ad

2105 2157 2226 2197 eum
2279 2144 2772 2213 proficiscebantur.
2800 2150 2916 2221 ipse
2936 2167 3066 2209 vero
3093 2153 3157 2208 iis
3180 2155 3271 2224 qui
3302 2155 3498 2211 Christi
3523 2170 3686 2214 causa

2106 2235 2265 2289 tantis
2322 2239 2581 2294 molestiis
2605 2249 2660 2295 et
2715 2244 3116 2310 acerbitatibus,
3149 2256 3331 2316 totque
3361 2250 3684 2305 calamitati-

2103 2322 2205 2377 bus
2229 2325 2401 2380 allecti
2453 2328 2683 2401 fuerant,
2704 2332 2913 2387 obviam
2964 2337 3234 2406 prodiens,
3264 2353 3356 2394 eos
3393 2338 3684 2398 honoriﬁce

2105 2416 2428 2485 excipiebat,
2461 2431 2619 2489 atque
2674 2425 2727 2477 in
2773 2425 3028 2491 palatium
3082 2443 3235 2482 suum
3279 2431 3673 2501 introducebat,

2104 2509 2266 2576 pedes
2289 2508 2522 2577 ipsorum
2558 2514 2761 2580 lavans,
2784 2518 3077 2586 squalidam
3113 2535 3318 2575 comam
3341 2521 3676 2593 abstergens,

2103 2607 2262 2668 atque
2285 2601 2428 2654 otnni
2452 2601 2615 2657 ofﬁcii
2635 2620 2832 2672 genere
2854 2607 3000 2676 ipsos
3026 2612 3408 2681 complectens.
3442 2614 3569 2670 Post
3595 2631 3678 2671 au-

2105 2697 2212 2744 tem
2260 2692 2541 2748 ecclesiam
2573 2710 2760 2751 recens
2786 2713 2813 2752 a
2848 2714 2904 2754 se
2933 2711 3292 2759 constructam
3326 2705 3676 2765 dedicandam

2102 2793 2272 2851 curat,
2303 2796 2463 2855 atque
2491 2789 2799 2860 episcopum
2826 2795 3132 2863 quemdam,
3161 2799 3248 2868 qui
3277 2800 3397 2854 fidei
3420 2801 3677 2858 Christia-

2102 2889 2185 2930 na:
2215 2892 2371 2933 causa
2401 2880 2578 2936 multis
2609 2887 2858 2940 mrumnis
2889 2889 3220 2945 conflictatus
3267 2891 3457 2956 fuerat,
3488 2892 3678 2960 suique

2099 2968 2438 3039 episcopatus
2499 2973 2749 3030 thronum
2777 2980 3054 3047 amiserat,
3081 2983 3375 3040 antistitem
3415 2984 3468 3040 in
3499 3001 3563 3043 eo
3591 2986 3679 3043 in-

2101 3061 2291 3131 stituit,
2351 3069 2553 3128 virum,
2621 3072 2868 3140 inquam,
2929 3082 3188 3141 sanctum,
3242 3085 3296 3131 et
3357 3078 3676 3135 ecclesiasti-

2104 3170 2287 3212 corum
2344 3175 2606 3214 canonum
2657 3165 2907 3231 peritum,
2941 3167 3228 3237 divinoque
3283 3170 3400 3225 zelo
3453 3187 3676 3240 prorsus

415 3231 667 3326 impertit.
700 3257 832 3312 Tum
867 3231 1027 3327 igitur
1071 3231 1271 3330 regiam
1318 3231 1696 3314 auctoritatem
1729 3274 1792 3313 ac
1842 3265 1994 3328 pote-

2104 3247 2435 3318 flagrantem.
2468 3253 2546 3306 Ae
2612 3261 2719 3307 tum
2754 3255 2956 3324 piscina
2989 3273 3056 3313 ex
3106 3231 3342 3330 tetnpore
3403 3231 3561 3330 facta,
3589 3277 3680 3320 eos

414 3361 605 3405 atatem
637 3360 824 3405 nactus
852 3349 1137 3420 Josaphat,
1173 3365 1292 3404 cum
1317 3351 1382 3406 ad
1414 3365 1535 3406 eam
1567 3351 1754 3405 urbem
1795 3349 1849 3405 in
1883 3365 1990 3420 qua

412 3455 478 3497 ea
517 3456 637 3511 quae
691 3441 756 3495 ad
806 3457 1030 3512 regnum
1081 3443 1372 3513 gerendum
1423 3443 1760 3511 pertinebant
1811 3453 1994 3512 parata

412 3544 567 3587 erant
599 3533 850 3599 venisset,
876 3534 1159 3590 dominicae
1181 3535 1446 3604 passionis
1487 3538 1718 3606 signum,
1751 3537 1855 3592 hoc
1885 3546 1990 3607 est,

413 3618 769 3674 venerandam
785 3618 980 3674 Christi
1004 3635 1221 3678 crucem
1247 3621 1298 3676 in
1315 3623 1543 3692 singulis
1573 3624 1721 3678 urbis
1754 3624 1995 3680 turribus

412 3709 718 3769 collocavit.
751 3712 1016 3768 idolorum
1041 3725 1217 3770 autem
1251 3715 1473 3772 delubra
1516 3726 1568 3772 et
1613 3732 1731 3772 aras
1763 3717 1990 3788 dejecit,

412 3813 575 3874 atque
607 3823 636 3861 a
663 3806 1021 3862 fundamentis
1066 3808 1194 3876 ipsis
1224 3810 1383 3875 eruit,
1415 3810 1592 3864 nullas
1618 3810 1866 3865 videlicet
1895 3812 1995 3866 im-

412 3897 625 3967 pietatis
655 3900 907 3970 reliquias
937 3900 1206 3971 linquens.

489 3992 663 4060 Atque
695 3990 747 4045 in
789 3995 961 4049 media
997 4000 1128 4048 urbe
1177 3994 1364 4065 ingens
1391 4010 1452 4050 ac
1482 3998 1798 4065 praeclarum
1849 4007 1991 4053 tem-

413 4080 561 4150 plum
593 4080 803 4139 Cbristo
834 4085 1062 4140 Domino
1099 4087 1370 4154 excitavit,
1399 4089 1645 4160 plebique
1674 4089 1991 4163 imperavitf,

413 4185 473 4230 ut
503 4176 568 4230 ad
609 4193 730 4233 eum
764 4179 939 4234 locum
972 4181 1165 4237 crebro
1195 4197 1523 4252 commeans,
1558 4183 1670 4237 Deo
1696 4199 1791 4254 per
1818 4184 1996 4240 crucis

411 4270 780 4327 adorationcm
831 4274 1032 4327 cultum
1092 4275 1388 4332 adhiberet.
1436 4278 1506 4332 At
1553 4277 1823 4346 tuncipse
1873 4285 1997 4332 ante

411 4377 603 4418 omnes
633 4363 686 4418 in
714 4364 948 4421 medium
978 4366 1250 4436 prodiens,
1286 4367 1646 4424 intentissimo
1667 4372 1846 4425 animo
1877 4383 1997 4438 pre-

414 4469 506 4510 ces
538 4456 815 4525 fundebat,
849 4473 1144 4529 omnesque
1175 4476 1267 4516 eos
1299 4461 1386 4529 qui
1411 4463 1510 4518 sub
1535 4463 1700 4531 ipsius
1728 4470 1996 4531 potestate

411 4563 479 4605 ac
501 4551 702 4608 ditione
747 4562 903 4608 erant
928 4555 1199 4623 monebat,
1232 4559 1566 4623 onsecrabat,
1601 4558 1730 4613 nihil
1761 4559 1994 4630 denique

2103 3343 2192 3411 qui
2225 3342 2290 3396 ad
2312 3341 2584 3399 Christum
2613 3360 2732 3401 sese
2784 3360 3180 3419 converterant,
3220 3354 3472 3423 baptizari
3501 3354 3679 3426 jubet.
3755 3425 3759 3429 _

2104 3431 2172 3488 Et
2201 3437 2411 3505 quidem
2475 3437 2739 3508 principes
2769 3455 2830 3495 ac
2861 3443 3201 3512 magistratus
3231 3446 3384 3514 primi
3426 3447 3680 3515 baptizati

2103 3535 2245 3592 sunt,
2267 3537 2387 3596 post
2415 3538 2593 3584 autem
2624 3531 2712 3600 qni
2763 3532 3009 3588 militaris
3049 3535 3249 3590 ordinis
3296 3548 3466 3601 erant,
3499 3552 3561 3592 ac
3591 3553 3679 3593 re-

2103 3618 2305 3689 liquum
2336 3621 2542 3692 vulgus.
2580 3624 2656 3678 Ac
2686 3625 2771 3693 qui
2827 3626 3141 3693 baptismum
3172 3628 3546 3697 suscipiebant,
3576 3643 3679 3688 non

2101 3711 2260 3768 modo
2297 3714 2597 3770 animarum
2651 3719 2932 3772 sanitatem
2976 3720 3460 3788 consequebantur,
3496 3734 3679 3777 verum

2102 3805 2263 3859 etiam
2293 3807 2595 3876 quicunque
2617 3808 2855 3878 corporis
2893 3809 3092 3863 morbis
3124 3821 3176 3864 et
3211 3810 3444 3865 febribus
3471 3810 3678 3865 labora-

2102 3897 2252 3964 bant,
2294 3899 2501 3969 abjecta
2530 3901 2678 3955 omni
2709 3900 2926 3956 adversa
2973 3902 3310 3971 valctudiue,
3347 3912 3454 3956 tum
3499 3901 3678 3956 animo

2101 4006 2260 4060 puro,
2288 4003 2396 4047 tum
2421 3995 2628 4063 integro
2674 4009 2898 4063 corpore
2926 4009 2958 4050 e
3002 3995 3203 4064 piscina
3249 3995 3672 4062 revertebantur,

2102 4097 2355 4157 percepta
2380 4088 2627 4144 videlicet
2668 4098 2776 4144 tum
2804 4090 3104 4146 animorum
3135 4098 3244 4143 tum
3275 4103 3559 4159 corporum
3591 4101 3679 4144 sa-

2104 4178 2295 4234 nitate.

2174 4269 2252 4326 Ob
2275 4286 2501 4342 eamque
2521 4286 2733 4327 causam
2769 4271 2953 4342 ingens
2976 4273 3252 4329 hominum
3288 4273 3573 4328 multitudo
3614 4270 3680 4330 ad

2104 4380 2284 4436 regem
2342 4365 2600 4437 Josapbat
2657 4366 3010 4436 undecunque
3065 4368 3416 4432 conﬂuebat,
3470 4365 3680 4436 pietatis

2102 4455 2340 4511 doetrina
2363 4458 2431 4511 ab
2461 4473 2524 4512 eo
2554 4458 2718 4511 imbui
2751 4473 3041 4527 exposcens
3069 4498 3082 4522 ,
3111 4466 3271 4527 atque
3304 4459 3481 4513 omnia
3511 4457 3680 4511 idolo-

2101 4565 2218 4603 rum
2251 4550 2447 4618 templa
2505 4550 2906 4614 evertebantur,
2938 4563 3232 4617 omnesque
3273 4563 3405 4617 opes
3434 4561 3493 4600 ac
3525 4560 3680 4616 pecu~

414 4646 878 4714 praua-mmet)“,
912 4661 1017 4717 quo
1040 4646 1183 4716 ipsos
1202 4663 1231 4701 δ
1253 4649 1636 4718 superstitioso
1659 4665 1844 4706 errore
1867 4627 1994 4707 abs-
2024 4627 2075 4688 D
2103 4643 2203 4696 niac
2261 4640 2314 4694 in
2365 4640 2501 4695 fanis
2547 4639 2834 4696 recondita:
2879 4638 3344 4704 abstrahebantur,
3390 4650 3682 4707 eorumque

414 4735 675 4805 traheret,
708 4745 868 4807 atque
910 4739 974 4791 ad
1026 4738 1300 4794 Christum
1352 4740 1995 4811 adjungeretzidolorum

411 4825 586 4880 cultus
634 4828 874 4884 fraudem
906 4838 1066 4902 atque
1114 4830 1463 4900 imposturam
1498 4832 1788 4904 indicabat,
1825 4834 2000 4890 Evan-

411 4916 534 4985 gelii
571 4918 1006 4986 praedicationem
1035 4924 1354 4992 exponebat,
1386 4923 1477 4979 Dei
1509 4925 1656 4981 verbi
1687 4925 1848 4997 323
1876 4926 1997 4996 ple-

410 5022 534 5063 nam
569 5009 916 5080 indulgentiae
944 5013 1330 5071 demissionem
1367 5019 1856 5086 commemorabat,
1903 5021 1997 5075 ad-

409 5110 607 5155 ventus
623 5099 789 5171 ipsius
811 5103 1067 5159 miracula
1093 5106 1438 5177 praedicabat,
1464 5112 1636 5165 crucis
1654 5112 1993 5182 supplicium,

413 5207 510 5263 per
539 5196 681 5264 quod
713 5197 941 5254 salutem
972 5202 1246 5256 consecuti
1293 5216 1500 5272 sumus,
1536 5205 1869 5273 declarabat,
1904 5221 1996 5262 re-

413 5291 767 5346 surrectionis
797 5291 902 5346 vim
935 5294 1172 5363 atquein
1206 5295 1372 5352 cmlos
1400 5300 1778 5354 ascensionem
1811 5315 2000 5356 narra-

413 5380 526 5449 bat,
555 5383 786 5453 denique
818 5387 1149 5442 tremendum
1180 5387 1326 5442 illum
1356 5388 1496 5443 diem
1526 5391 1878 5446 annuntiabat
1910 5407 1999 5447 se-

409 5476 568 5532 cundi
602 5478 771 5550 ipsius
801 5479 1053 5536 horrendi
1102 5482 1381 5551 adventus,
1415 5494 1576 5556 atque
1605 5497 1712 5542 tum
1746 5488 1992 5544 recondi-

413 5577 470 5625 ta
501 5570 602 5640 piis
632 5572 795 5641 bona,
829 5581 940 5627 tum
970 5587 1065 5628 eos
1094 5576 1362 5632 cruciatus
1385 5579 1474 5646 qui
1505 5579 1698 5649 impios
1721 5595 1785 5636 ac
1815 5582 1992 5637 scele-

411 5671 561 5719 ratos
586 5674 823 5722 manent.
854 5667 978 5722 Haec
1008 5668 1183 5724 omnia
1210 5685 1304 5739 per
1327 5687 1485 5741 quam
1515 5673 1725 5733 lenibus
1753 5691 1816 5732 ac
1842 5676 1997 5733 blan-

409 5754 498 5812 dis
514 5758 694 5815 verbis
710 5760 1183 5828 complectebatur.
1206 5761 1386 5834 Neque
1409 5767 1551 5821 enim
1575 5758 1682 5823 tam
1712 5771 1996 5839 potestatis

409 5849 767 5915 amplitudine
804 5867 868 5910 ac
912 5855 1059 5922 regia
1105 5857 1499 5927 magnificentia
1530 5875 1690 5927 quam
1723 5862 1985 5920 modestia

2103 4731 2220 4788 loco
2273 4741 2611 4786 sacrosancta
2646 4731 2844 4802 templa
2877 4731 2986 4787 Deo
3013 4731 3497 4795 exzcdificabantur,
3524 4742 3677 4798 opeS‘

2101 4844 2205 4899 que
2234 4829 2352 4884 illas
2400 4827 2739 4898 ingentisque
2779 4827 2935 4897 pretii
2961 4835 3142 4882 vestes
3171 4841 3232 4882 ac
3275 4835 3550 4881 thesauros
3581 4836 3676 4878 rex

2103 4920 2360 4990 Josaphat
2411 4919 2542 4989 ipsis
2599 4919 2909 4989 assignabat
2934 4959 2950 4986 ,
2979 4918 3141 4975 vilem
3170 4916 3377 4973 scilicet
3404 4929 3464 4968 ac
3490 4929 3682 4983 supcr-

2104 5026 2392 5069 vacaneam
2417 5011 2562 5067 illam
2591 5012 2872 5066 materiam
2905 5012 3003 5067 hac
3032 5011 3236 5066 ratione
3264 5007 3449 5063 utilem
3480 5022 3541 5060 ac
3570 5006 3681 5060 fru-

2103 5115 2344 5162 etuosam
2369 5105 2631 5162 efficiens.
2663 5104 2990 5162 Exsecrandi
3011 5119 3174 5174 porro
3201 5099 3601 5168 daemones,qni
3630 5098 3684 5153 in

2105 5197 2242 5254 fanis
2270 5197 2373 5253 illis
2406 5207 2460 5253 et
2491 5197 2751 5252 altaribus
2780 5195 3271 5260 commorabantur,
3291 5191 3686 5247 atrocissimum

2105 5295 2158 5350 in
2216 5294 2432 5349 modum
2462 5295 2812 5360 vexabantur,
2846 5307 2909 5348 ac
2958 5289 3299 5361 fugabantur,
3343 5296 3688 5355 coortamque

2105 5391 2206 5447 sibi
2226 5391 2581 5445 calamitatem
2610 5388 2948 5444 audientibus
2969 5384 3148 5437 multis
3171 5379 3491 5435 clamabant.
3519 5382 3690 5449 Atque

2108 5486 2327 5540 finitima
2359 5485 2448 5540 illa
2473 5486 2716 5540 universa
2749 5481 2898 5551 regio
2925 5479 3204 5534 tenebrosa
3239 5478 3472 5545 ipsorum
3500 5472 3691 5529 fraude

2071 5589 2074 5592 ’
2106 5588 2269 5648 atque
2301 5579 2595 5646 impostura
2635 5574 2985 5638 liberabatur,
3013 5587 3074 5624 ac
3105 5570 3531 5626 Christianorum
3566 5564 3691 5621 fidei

2105 5672 2174 5727 ab
2201 5673 2344 5725 omni
2379 5670 2497 5725 labe
2537 5683 2596 5722 ac
2629 5666 3048 5737 reprehensione
3069 5665 3384 5721 liberteluce
3409 5663 3691 5718 collustra-

2105 5765 2281 5820 batur.

2177 5855 2584 5926 Siquidemipse
2613 5871 2823 5927 quoque
2869 5869 2956 5911 rex
2991 5857 3236 5913 omnibus
3255 5855 3466 5912 virtutis
3495 5859 3690 5907 exem-
