4158 6354
550 326 660 385 579

1580 326 1669 391 DE
1712 324 1891 395 VITIS
1923 324 2218 397 PATBUM
2248 322 2461 395 μαειί
2498 324 2781 387 PRIMUS.

3718 318 3822 376 580

3776 378 3797 395 υ

552 447 677 531 μω·
713 452 851 511 erat,
869 457 932 503 ac
986 442 1279 513 permultos
1323 442 1389 498 ad
1438 443 1680 499 eamdem
1724 444 2050 505 voluntatem
2081 452 2137 507 et
2163 446 2219 517 Α
2244 440 2402 504 ﬁcere
2428 439 2781 505 existimaret,
2812 452 2932 493 cum
2967 437 3020 491 in
3050 450 3144 492 eos
3179 432 3425 489 beneﬁcii
3449 432 3650 505 aliquid
3693 449 3821 492 con-

560 537 879 603 sequentiam
939 534 1204 597 excitabat
1272 544 1326 590 et
1372 534 1757 591 inﬂammabat.
1816 534 2135 611 llujusmodi

562 629 758 709 quippe
784 628 1109 701 principatus
1142 636 1299 697 atque
1329 628 1536 699 imperii
1572 638 1759 683 natura
1786 637 1898 697 est;
1922 643 2137 700 semper

561 719 700 785 enim
732 718 930 781 subditi
953 718 1019 772 ad
1053 732 1176 774 eum
1206 718 1296 788 qui
1324 733 1503 774 rerum
1532 720 1734 789 potitur
1757 733 1878 775 sese
1914 733 2136 797 compo-

559 823 713 879 nunt,
740 828 910 883 eaque
942 826 1122 877 amare
1140 828 1203 868 ac
1226 814 1522 879 consectari
1548 813 1740 879 solent,
1768 812 1959 889 quibus
1982 812 2131 881 prin.-

560 907 730 977 cipem
745 907 1000 971 delectari
1014 906 1278 963 sentiunt.
1306 905 1462 973 Hinc,
1490 906 1601 969 Deo
1630 905 1937 977 adjuvante,
1965 905 2134 974 pietas

560 1000 687 1069 ipsis
701 1000 1013 1069 augebatur,
1032 1016 1305 1075 novosque
1322 1001 1374 1054 in
1396 1000 1510 1055 dies
1536 1015 1853 1070 progressus
1882 998 2128 1062 faciebat,

552 1105 616 1146 ac
644 1105 733 1151 rex
764 1092 815 1151 in
862 1091 1061 1151 Christi
1100 1091 1473 1159 mandatorum
1513 1091 1943 1151 observationem
1985 1098 2128 1145 totus

560 1184 1124 1256 incumbebat,atque
1178 1200 1244 1240 ex
1296 1185 1465 1259 ipsius
1521 1184 1779 1251 charitate
1839 1182 2123 1256 pendebat.

553 1276 785 1345 Eratque
818 1276 962 1335 verbi
989 1278 1175 1348 gratis:
1203 1277 1564 1349 dispensator,
1604 1293 1666 1333 ac
1693 1276 1980 1331 multarqu
2011 1274 2127 1328 ani-

550 1385 761 1427 marum
815 1370 1159 1440 gubernator,
1186 1371 1252 1426 ad
1302 1371 1397 1426 Dei
1438 1380 1647 1442 portum
1679 1385 1772 1425 eas
1825 1368 2121 1440 appellans.

556 1461 764 1517 Etenim
796 1460 926 1517 illud
948 1461 1279 1533 exploratum
1302 1460 1551 1527 habebat,
1579 1462 1817 1521 omnium
1845 1460 2121 1529 regiorum

556 1568 836 1627 numerum
868 1554 968 1609 hoc
1017 1554 1330 1625 primarium
1362 1565 1415 1611 et
1445 1554 1944 1627 praestantissimum
1978 1567 2118 1621 esse,

550 1624 605 1703 ut
636 1644 877 1700 homines
892 1644 957 1698 ad
982 1624 1075 1699 Dei
1108 1654 1303 1711 metum
1318 1660 1385 1703 ac
1400 1624 1621 1716 justitiae
1646 1647 1847 1701 cultum
1874 1645 2118 1701 erudiat:

546 1739 684 1807 Quod
716 1739 876 1793 etiam
903 1740 1015 1810 ipse
1044 1738 1298 1810 faciebat.
1322 1743 1559 1813 seipsum
1583 1741 1834 1801 videlicet
1866 1743 1932 1797 ad
1955 1742 2123 1812 impe-

2239 532 2422 589 ferret.
2448 532 2578 586 Nam
2624 548 2745 586 cum
2791 530 2972 585 animo
3021 529 3397 583 liberalissimo
3424 542 3486 583 ac
3517 544 3641 584 vere
3672 530 3821 602 regio

2238 623 2492 693 praiditus
2516 633 2679 688 esset,
2709 621 2991 695 egentibus
3018 621 3269 676 omnibus
3287 617 3488 672 aﬂ‘atim
3514 619 3816 687 tribuebat;

2236 714 2379 783 quod
2434 715 2643 773 scilicet
2679 714 2900 768 inﬁnitis
2930 710 3174 783 partibus
3217 698 3480 780 majorem
3510 711 3819 768 mercedem

2241 804 2365 861 hinc
2390 815 2649 875 speraret,
2681 820 2801 860 cum
2826 814 3034 874 tempus
3061 802 3189 858 illud
3219 802 3524 857 advenisset
3546 818 3652 871 quo
3678 818 3822 859 mer-

2236 911 2328 952 ces
2363 898 2663 954 actionibus
2695 897 3036 968 rependenda
3068 906 3233 952 esset.
3768 884 3769 887 η

2307 991 2440 1047 Cum
2488 1000 2667 1047 autem
2698 990 3005 1061 hujusmodi
3034 990 3202 1060 ipsius
3232 988 3370 1044 fama
3402 988 3550 1045 brevi
3581 1003 3818 1059 quaqua-

2245 1100 2458 1140 versum
2490 1101 2672 1157 sparsa
2700 1096 2863 1151 esset,
2892 1099 3080 1140 omnes
3104 1085 3169 1139 ad
3200 1098 3322 1138 eum
3351 1093 3603 1153 tanquam
3634 1084 3817 1154 aliquo

2234 1180 2490 1249 unguenti
2540 1180 2705 1245 odore
2751 1178 3046 1243 concitati,
3079 1175 3317 1249 quotidie
3358 1175 3720 1247 confluebant,
3750 1185 3816 1232 ut

2232 1278 2340 1325 tum
2394 1285 2702 1340 corporum,
2732 1280 2843 1325 tum
2898 1271 3197 1335 animarum
3245 1276 3609 1339 paupertatem
3650 1283 3820 1324 excu-

2241 1372 2445 1431 tereut;
2473 1374 2633 1436 atque
2682 1366 2795 1435 ipse
2825 1364 3076 1419 omnibus
3105 1361 3159 1418 in
3189 1378 3284 1425 ore
3304 1370 3441 1418 erat.
3469 1361 3651 1432 Neque
3672 1360 3819 1416 enim

2236 1466 2407 1513 terror
2437 1472 2500 1512 ac
2527 1458 2798 1530 tyrannica
2852 1459 2931 1513 vis
2968 1458 3219 1528 p0pulum
3243 1455 3603 1526 pertrahehat,
3630 1471 3818 1510 verum

2240 1548 2569 1607 deside‘rium
2599 1567 2663 1607 ac
2710 1552 2946 1606 sincerus
2975 1565 3099 1623 erga
3139 1564 3262 1605 eum
3282 1563 3456 1616 amor,
3480 1548 3566 1618 qui
3595 1546 3816 1617 quidem

2230 1647 2489 1711 divinitus
2513 1656 2673 1718 atque
2700 1663 2765 1703 ex
2792 1646 3229 1716 prtestantissima
3260 1645 3427 1721 ipsius
3458 1644 3578 1699 vita:
3606 1644 3817 1698 ratione

2227 1736 2278 1790 in
2309 1737 2545 1792 omnium
2567 1737 2760 1791 animis
2788 1738 2984 1792 insitus
3010 1745 3148 1793 erat.
3180 1737 3313 1805 Tum
3348 1736 3527 1809 igitur,
3565 1746 3699 1803 tum,
3733 1735 3817 1790 in-

540 1829 624 1887 rio
656 1830 909 1893 tenendas
940 1832 1100 1899 animi
1124 1833 1549 1903 perturbationes
1577 1847 1912 1900 comparans,
1932 1833 2118 1895 subdi-
2146 1828 2199 1906 Β
2229 1843 2411 1901 quam,
2441 1830 2478 1884 ii
2505 1846 2719 1902 quoque
2745 1829 2839 1900 qui
2870 1830 2970 1884 sub
2992 1830 3158 1899 patris
3181 1828 3348 1899 ipsius
3385 1827 3614 1898 imperio
3635 1838 3812 1901 erant,

543 1931 729 1992 tusque
754 1938 879 1991 suos
909 1924 1233 1991 admonens,
1262 1933 1423 1996 atque
1446 1925 1633 1994 optimi
1662 1924 1903 1980 uaucleri
1951 1922 2120 1980 instar

540 2015 761 2089 justitite
802 2016 1009 2079 clavum
1060 2017 1248 2085 sedulo
1315 2026 1521 2083 tenens.
1562 2016 1695 2077 Nam
1742 2016 1858 2072 hzec
1904 2016 2117 2072 demum

543 2106 656 2171 veri
707 2109 853 2181 regni
910 2108 993 2175 lex
1051 2123 1114 2173 ac
1174 2123 1358 2177 norma
1414 2117 1532 2181 est,
1582 2109 1830 2171 nimirum
1878 2109 2120 2179 volupta—

552 2201 690 2256 tibus
762 2201 1026 2273 imperare
1054 2246 1070 2272 ,
1121 2202 1288 2272 iisque
1332 2203 1620 2267 dominari,
1664 2203 2116 2273 quemadmodum

540 2292 656 2364 ipse
716 2295 872 2357 etiam
947 2294 1199 2352 faciebat.
1257 2293 1465 2364 Quippe
1532 2310 1631 2350 nec
1714 2296 1781 2351 de
1851 2298 2116 2363 majorum

542 2385 843 2455 nobilitate,
867 2400 965 2443 nec
1008 2387 1075 2442 de
1108 2388 1249 2461 regia
1284 2388 1477 2459 gloria,
1511 2387 1563 2443 in
1610 2401 1714 2456 qua
1776 2388 2112 2457 versabatur,

541 2473 652 2529 ullo
721 2473 879 2533 modo
930 2492 1051 2539 sese
1110 2477 1339 2533 efferens
1381 2476 1836 2549 (quandoquidem
1914 2478 2113 2535 luteum

539 2578 723 2629 omnes
785 2567 995 2636 generis
1071 2577 1345 2624 auctorem
1409 2568 1715 2638 habemus,
1774 2568 2118 2640 ejusdemque

539 2658 738 2729 argilla:
770 2675 1031 2731 pauperes
1077 2676 1229 2732 mque
1250 2677 1312 2717 ac
1341 2662 1536 2725 divites
1566 2664 1797 2735 sumus),
1824 2679 2005 2719 verum
2063 2665 2116 2719 in

541 2749 852 2804 humilitatis
872 2751 1126 2823 abyssum
1145 2761 1377 2808 mentem
1401 2768 1550 2809 suam
1574 2754 1787 2810 assidue
1802 2754 2113 2824 conjiciens,

544 2838 881 2910 futuramque
908 2842 1290 2900 beatitudinem
1321 2845 1501 2900 animo
1523 2855 1577 2901 et
1603 2846 1930 2915 cogitatione
1953 2846 2116 2920 324

540 2932 924 3002 complectens,
960 2934 1273 3005 inquilinum
1324 2936 1411 2992 hic
1440 2938 1675 3010 seipsum
1707 2952 1827 2995 esse
1847 2940 2109 3010 ducebat;

537 3038 598 3078 ea
622 3034 796 3079 autem
828 3027 1040 3099 propria
1063 3042 1183 3084 esse
1237 3029 1525 3094 statuebat.
1550 3031 1743 3101 quibus
1794 3040 1916 3101 post
1956 3032 2113 3104 hujus

543 3119 664 3171 vita:
713 3120 1193 3190 peregrinationem
1270 3121 1556 3179 frueretur.
1596 3126 1729 3180 Cum
1776 3135 1955 3180 autem
1996 3125 2113 3182 haec

2226 1919 2293 1974 ad
2316 1935 2440 1975 eum
2470 1922 2648 1993 potius
2667 1937 2787 1977 sese
2808 1921 3194 1995 adiungebant,
3211 1919 3465 1992 omnique
3487 1920 3697 2001 abjecto
3722 1936 3810 1974 er-

2227 2026 2388 2082 rore,
2424 2014 2700 2070 veritatem
2766 2014 3146 2084 prmdicabant.
3197 2014 3275 2069 Ac
3335 2014 3533 2071 domus
3590 2011 3811 2083 quidem

2225 2104 2486 2177 Josaphat
2532 2106 2809 2163 crescebat
2854 2117 2905 2162 et
2947 2106 3339 2172 invalescebat;
3394 2104 3588 2160 domus
3630 2112 3815 2159 autem

2225 2196 2479 2252 Abenner
2529 2198 2878 2255 decrescebat
2926 2213 2990 2253 ac
3031 2196 3429 2262 debilitabatur,
3456 2195 3815 2265 quemadmo-

2223 2290 2347 2345 dum
2377 2290 2583 2348 scilicet
2607 2294 2675 2349 de
2706 2292 2907 2357 Davide
2936 2306 2998 2347 ac
3028 2290 3263 2348 Saulein
3286 2290 3494 2363 Regum
3514 2289 3650 2346 libro
3682 2304 3814 2360 pro-

2220 2381 2392 2438 ditum
2421 2392 2503 2441 est
2532 2382 2643 2457 (II.
2676 2383 2802 2457 Reg.
2836 2382 2918 2457 ll).

2293 2475 2423 2531 CAP.
2456 2492 2601 2530 xxiv.
2634 2506 2704 2516 —
2736 2476 2860 2531 Haec
2888 2490 2981 2531 rex
3010 2474 3263 2530 Abenner
3291 2471 3651 2541 conspiciens,
3685 2481 3811 2525 tan-

2221 2568 2343 2639 dem
2397 2569 2684 2639 aliquando
2731 2577 2949 2639 recepta
3004 2576 3221 2634 mente,
3277 2566 3529 2621 falsorum
3584 2564 3811 2621 deorum

2222 2677 2441 2733 suorum
2470 2673 2626 2735 atque
2684 2663 2858 2729 inanis
2888 2662 3197 2731 imposturm
3253 2657 3648 2714 imbecilitatem
3674 2672 3810 2712 con-

2224 2756 2523 2823 demuavit.
2557 2756 2634 2810 Ac
2657 2770 2869 2823 rursum
2897 2753 3097 2810 coactis
3140 2750 3397 2808 senatorii
3422 2749 3628 2805 ordinis
3659 2749 3811 2820 prin-

2223 2850 2453 2921 cipibus,
2485 2864 2606 2921 qua:
2631 2851 2745 2919 ipse
2767 2849 2819 2904 in
2844 2848 3025 2904 animo
3049 2846 3301 2914 haberet,
3337 2846 3391 2900 in
3422 2845 3594 2899 lucem
3624 2852 3811 2913 protu~

2230 2940 2584 2996 lit.0mnibus
2623 2950 2799 2995 autem
2837 2939 3024 2995 eadem
3066 2936 3509 2994 conﬁrmantibus
3540 2934 3812 3005 (visitarat

2219 3032 2363 3087 enim
2390 3047 2485 3088 eos
2512 3031 2701 3088 Oriens
2723 3047 2787 3088 ex
2815 3032 2922 3103 alto
2944 3029 3125 3104 (Luae
3151 3030 3214 3101 l),
3246 3031 3345 3085 hoc
3390 3037 3508 3096 est,
3531 3028 3808 3095 Salvator,

2217 3127 2462 3189 exaudita
2493 3126 2741 3193 videlicet
2776 3126 2962 3193 famuli
3011 3127 3091 3181 sui
3122 3124 3379 3195 Josaphat
3398 3121 3686 3193 oratione),
3710 3136 3809 3178 rex

541 3210 797 3279 praeclare
828 3213 1103 3283 gessisset,
1136 3222 1297 3286 atque
1322 3228 1511 3272 omnes
1562 3216 1758 3288 quibus
1800 3226 2050 3288 praeerat,
2080 3235 2110 3273 a
2138 3216 2188 3289 ﬁ
2218 3217 2285 3274 de
2327 3218 2409 3273 his
2437 3218 2599 3274 rebus
2654 3218 2819 3273 ﬁlium
2848 3218 3132 3274 certiorem
3182 3214 3485 3271 faciendum
3517 3228 3641 3270 esse
3669 3228 3805 3269 cett-

539 3302 706 3356 veteri
725 3309 886 3372 atque
913 3319 941 3358 a
972 3305 1209 3374 patribus
1246 3308 1442 3365 tradito
1469 3324 1657 3366 errore
1688 3310 1969 3379 liberatos,
1995 3310 2110 3382 ejus

535 3392 745 3462 quinos
776 3398 1013 3465 pretioso
1043 3412 1139 3461 suo
1162 3402 1421 3471 sanguine
1448 3417 1514 3457 ex
1558 3404 1697 3469 mala
1746 3405 2004 3461 servitute
2028 3419 2111 3461 ree-

536 3482 699 3537 demit
720 3500 908 3542 servos
931 3488 1214 3557 effecisset,
1231 3500 1413 3561 postea
1440 3492 1492 3549 id
1506 3493 1686 3551 animo
1706 3496 1910 3567 agitare
1926 3497 2106 3567 cmpit,

536 3584 593 3628 ut
644 3576 1007 3637 beneﬁcentia:
1055 3597 1117 3638 ac
1165 3584 1456 3655 largitionis
1510 3587 1764 3643 virtutem
1821 3590 2107 3644 excoleret.

532 3664 663 3723 Nam
697 3672 1099 3739 temperantiam
1120 3675 1336 3746 quidem
1361 3691 1423 3734 ac
1444 3677 1708 3749 justitiam
1742 3681 1978 3747 numeris
1999 3680 2109 3752 jam

532 3763 779 3819 omnibus
831 3763 1156 3833 absolverat,
1188 3777 1247 3821 ut
1293 3770 1383 3837 qui
1411 3778 1467 3824 et
1494 3773 1859 3840 temperantiae
1908 3787 2107 3831 corona

533 3857 831 3927 redimitus,
858 3868 911 3914 et
934 3859 1155 3929 justitim
1186 3876 1414 3931 purpura
1434 3867 1760 3922 convestitus
1783 3877 1945 3937 esset.
1972 3867 2107 3925 Illud

531 3950 689 4021 igitur
715 3952 1199 4020 animadvertebat,
1226 3964 1555 4021 terrenarum
1589 3974 1748 4029 opum
1799 3960 2107 4017 inconstan-
2165 4010 2168 4014 λ

536 4042 658 4095 tiam
691 4043 1061 4111 prolluentium
1082 4060 1337 4114 aquarum
1360 4063 1575 4115 cursum
1602 4049 1795 4113 imitari
1818 4072 1833 4108 :
1856 4054 2105 4122 quocirca

533 4133 644 4189 illic
675 4149 768 4189 eas
818 4136 1112 4191 recondere
1148 4138 1487 4208 properabat,
1518 4140 1607 4194 ubi
1640 4157 1813 4212 neque
1842 4145 1981 4199 tinea
2014 4158 2105 4198 ne-

526 4238 632 4294 que
689 4225 875 4295 rubigo
903 4224 1209 4295 demolitur,
1252 4244 1351 4284 nec
1382 4230 1520 4286 fures
1552 4231 1807 4289 effodiunt
1828 4249 1888 4289 ac
1912 4232 2100 4291 furan-

534 4323 647 4380 tur;
678 4314 854 4385 itaque
898 4318 1015 4371 sine
1069 4318 1171 4372 ulla
1207 4321 1528 4391 parcimonia
1553 4324 1806 4393 pecunias
1834 4340 2019 4384 omnes
2048 4329 2099 4384 in

529 4424 793 4480 pauperes
838 4410 1157 4467 distribuere
1204 4414 1386 4485 cmpit.
1414 4414 1545 4472 lllud
1577 4417 1719 4473 enim
1764 4429 2098 4491 perspectum

536 4501 786 4567 habebat,
810 4502 859 4557 ei
909 4503 997 4572 qui
1041 4503 1105 4557 ad
1137 4504 1405 4575 ingentem
1450 4509 1745 4578 potentiam
1794 4514 2097 4579 pervenerit

2221 3311 2348 3377 suit.
2379 3309 2562 3381 Itaque
2610 3308 2869 3380 postridie
2897 3307 3175 3381 epistolam
3204 3307 3272 3362 ad
3310 3321 3432 3362 eum
3458 3304 3666 3373 scribit,
3701 3305 3810 3362 hoc

2223 3403 2468 3472 exemplo
2485 3420 2500 3457 :

2293 3512 2312 3544 ι
2358 3494 2475 3551 Rex
2524 3493 2781 3549 Abenner
2809 3490 3129 3547 charissimo
3156 3506 3254 3548 suo
3299 3490 3408 3547 filio
3431 3488 3691 3563 Josapbat
3715 3505 3811 3547 sa-

2212 3585 2397 3657 intem.

2290 3697 2311 3731 ¢
2354 3676 2717 3747 Cogitationes
2740 3676 2940 3742 multae,
2969 3691 3003 3732 ο
3031 3676 3351 3732 charissime
3408 3675 3485 3731 fili
3506 3719 3522 3745 ,
3560 3676 3803 3732 animum

2212 3771 2526 3839 subeuntes,
2558 3785 2680 3825 eum
2722 3769 3035 3840 gravissime
3075 3769 3414 3825 conturbant.
3447 3768 3661 3825 Etenim
3699 3784 3801 3824 no-

2211 3872 2322 3917 stra
2352 3862 2529 3920 omnia
2562 3862 2729 3917 instar
2753 3861 2885 3917 fumi
2911 3861 3139 3917 deﬁcere
3175 3868 3334 3932 atque
3362 3876 3709 3930 evanescere,
3733 3876 3801 3918 ac

2210 3964 2395 4009 contra
2426 3953 2740 4025 religionem
2773 3964 2913 4017 luam
2947 3953 3060 4009 sole
3098 3953 3296 4009 clarius
3328 3954 3546 4026 fulgere
3576 3955 3799 4025 conspi-

2210 4049 2379 4116 ciens,
2409 4064 2470 4105 ea
2502 4064 2621 4121 quae
2650 4064 2680 4103 a
2711 4058 2763 4104 te
2782 4049 2911 4103 mihi
2940 4049 3079 4115 dicta
3107 4058 3233 4104 sunt
3260 4062 3387 4105 vera
3438 4062 3561 4104 esse
3606 4050 3747 4104 sensi
3775 4065 3794 4115 ;

2208 4145 2462 4216 quodque
2489 4144 2671 4205 densae
2705 4142 2970 4199 scelerum
3003 4152 3057 4198 et
3085 4143 3373 4213 impietatis
3410 4142 3643 4198 tenebrae
3694 4157 3794 4200 nos

2209 4236 2281 4292 ita
2336 4237 2688 4305 obruebant,
2738 4245 2795 4295 ut
2841 4236 2894 4290 in
2942 4235 3224 4290 veritatem
3261 4235 3442 4291 oculos
3478 4234 3746 4306 conjicere
3772 4275 3791 4300 ,

2204 4339 2364 4402 atque
2393 4331 2631 4391 omnium
2662 4344 2841 4385 rerum
2875 4340 3148 4400 parentem
3169 4340 3223 4385 et
3252 4328 3602 4384 architectum
3626 4344 3791 4400 agno~

2204 4436 2356 4479 scere
2386 4423 2603 4479 minime
2632 4437 2910 4495 possemus
2934 4467 2948 4493 ,
3000 4438 3186 4489 verum
3227 4425 3399 4479 lucem
3446 4439 3614 4494 usque
3654 4426 3790 4480 adeo

2203 4512 2540 4582 splendidam
2574 4512 2668 4567 abs
2692 4522 2744 4568 te
2777 4512 2931 4567 nobis
2952 4512 3393 4579 demonstratam,
3422 4555 3436 4580 ,
3466 4513 3696 4585 occlusis
3719 4516 3789 4571 de

527 4590 821 4647 curandum
852 4606 971 4648 esse
1020 4603 1077 4648 ut
1120 4610 1239 4650 eum
1286 4597 1437 4665 cujus
1490 4598 1751 4655 beneﬁcio
1804 4604 2096 4670 potentiam
2126 4598 2178 4675 ρ
2206 4602 2471 4665 industria
2512 4602 2683 4657 oculis
2715 4603 3019 4685 perspicere
3049 4617 3418 4658 recusaremus
3451 4645 3467 4671 ,
3519 4613 3680 4676 atque
3735 4614 3786 4661 te

527 4691 844 4738 consecutus
886 4684 953 4739 sit
984 4699 1079 4755 pro
1126 4687 1325 4743 viribus
1377 4688 1639 4756 imitetur;
1674 4690 1773 4747 hac
1824 4707 1985 4762 porro
2015 4708 2097 4749 ra-

520 4774 665 4830 tione
706 4788 826 4828 eum
872 4774 937 4829 ad
1004 4777 1092 4831 Dei
1148 4778 1494 4849 imitationem
1559 4796 1897 4840 accessurum
1953 4801 2091 4855 esse,

519 4868 563 4923 si
620 4865 756 4921 nihil
805 4866 1170 4925 misericordia
1227 4872 1402 4940 potius
1460 4884 1618 4944 atque
1671 4876 1941 4947 antiquius
1994 4878 2094 4933 du-

516 4975 621 5016 cat.
674 4960 1028 5027 Quamobrem
1084 4964 1294 5033 pietatis
1330 4981 1489 5037 opes,
1530 4983 1647 5039 qua!
1676 4979 1731 5023 et
1772 4969 1858 5026 hic
1901 4972 2092 5028 futurae

519 5055 805 5125 voluptatis
860 5070 955 5125 spe
1008 5056 1241 5112 animum
1302 5058 1615 5125 oblectant,
1689 5074 1742 5118 et
1790 5064 1901 5121 illic
1968 5080 2089 5137 spe-

514 5154 645 5200 ratae
685 5146 1028 5204 beatitudinis
1074 5146 1247 5205 fructu
1296 5165 1528 5207 animum
1561 5155 1883 5224 exhilarant,
1929 5172 2088 5230 super

513 5250 702 5290 aurum
746 5245 800 5292 et
828 5237 1055 5307 lapidem
1102 5241 1393 5310 pretiosum
1417 5244 1519 5300 sibi
1557 5248 1865 5318 aggerebat.
1899 5250 2087 5307 Postea

512 5341 755 5383 Curreres
801 5345 929 5387 suos
970 5345 1334 5405 perscrutans,
1360 5347 1467 5393 tum
1527 5340 1588 5395 iis
1625 5340 1713 5412 qui
1758 5344 1822 5398 ad
1875 5347 2085 5403 metalla

513 5416 750 5510 damnati
780 5434 953 5493 erant,
987 5436 1096 5481 tum
1122 5428 1186 5483 iis
1214 5430 1356 5500 quia
1396 5432 1752 5489 creditoribus
1783 5439 2086 5510 strangula-

511 5508 598 5563 bat
623 5521 723 5573 tur.
756 5530 814 5569 ac
838 5514 1065 5589 denique
1087 5537 1171 5576 om
1184 5524 1338 5580 uibus
1359 5527 1536 5582 omnia
1568 5528 1786 5599 copiose
1830 5508 2090 5588 submini-

511 5605 735 5671 strabut.
767 5608 1135 5681 Orphanorum
1158 5620 1394 5674 omnium
1419 5631 1471 5675 ct
1500 5621 1774 5678 viduarum
1799 5615 1862 5679 ac
1892 5640 2089 5695 paupe-

510 5710 629 5750 rum
684 5708 831 5767 pater
879 5712 991 5757 erat
1024 5747 1040 5771 ,
1100 5707 1380 5781 indulgens
1443 5714 1656 5784 inquam
1716 5732 1779 5772 ac
1825 5717 2086 5790 benignus

500 5802 682 5871 pater,
711 5808 867 5865 a'que
904 5799 971 5852 ita
997 5813 1353 5871 comparatus,
1383 5814 1431 5857 ut
1458 5809 1689 5876 seipsum
1724 5808 1982 5868 beneficio
2005 5813 2084 5867 af-

2204 4693 2388 4749 multis
2412 4694 2565 4749 malis
2604 4693 2960 4759 afﬁceremus,
2994 4702 3049 4749 et
3078 4694 3096 4765 (
3124 4710 3156 4751 o
3178 4710 3263 4750 me
3289 4696 3543 4751 miserum
3572 4696 3612 4768 ι)
3644 4698 3783 4753 haud

2201 4803 2400 4859 paucos
2429 4789 2767 4845 Christianos
2814 4791 3087 4846 crudelem
3142 4792 3194 4846 in
3237 4792 3454 4846 modum
3492 4793 3785 4855 trucidare-

2199 4896 2318 4937 mus
2350 4900 2361 4936 :
2388 4884 2476 4952 qui
2506 4884 2721 4953 quidem
2749 4882 2947 4939 invicta
2976 4884 3213 4955 potentia
3242 4886 3371 4961 ipsis
3393 4902 3549 4959 opem
3576 4888 3781 4959 ferente

2200 4972 2558 5041 corroborati,
2590 4974 2655 5028 ad
2681 4985 2977 5049 extremum
3010 4992 3178 5051 usque
3218 4980 3463 5049 spiritum
3494 4980 3777 5045 adversum

2195 5065 2581 5122 immanitatem
2597 5076 2835 5123 nostram
2849 5067 3189 5135 dimicarunt.
3209 5068 3357 5127 Nunc
3378 5087 3526 5143 vero,
3541 5073 3777 5141 detracta

2194 5172 2258 5214 ex
2290 5160 2460 5214 oculis
2489 5161 2687 5216 nostris
2718 5175 2899 5217 crassa
2929 5162 3016 5218 illa
3044 5163 3290 5235 caligine,
3315 5165 3565 5235 exiguum
3588 5182 3773 5237 quem-

2191 5251 2313 5305 dam
2345 5251 2583 5306 veritatis
2602 5252 2810 5307 radium
2835 5254 3126 5323 cernimus,
3156 5256 3505 5328 priorumque
3525 5259 3770 5315 vitiorum

2194 5345 2474 5416 ptenitudo
2505 5347 2744 5417 animum
2784 5348 2945 5403 subit.
2972 5348 3171 5405 Verum
3198 5349 3340 5406 hunc
3360 5366 3573 5423 quoque
3596 5353 3768 5423 splen-

2193 5439 2378 5507 dorem
2411 5440 2514 5494 alia
2559 5440 2845 5496 horrendae
2877 5442 3269 5515 desperationis
3299 5445 3473 5501 nubes
3522 5449 3767 5505 exoriens

2191 5535 2498 5605 opprimere
2530 5544 2689 5605 atque
2727 5537 3065 5609 exstinguere
3092 5547 3338 5606 conatur,
3372 5539 3501 5594 mihi
3526 5540 3768 5613 videlicet

2194 5636 2533 5695 peccatorum
2588 5643 2829 5683 meorum
2877 5630 3271 5701 multitudinem
3318 5631 3387 5687 ob
3431 5633 3618 5703 oculos
3657 5648 3767 5705 prp-

2190 5734 2417 5790 ponens,
2445 5720 2692 5792 quodque
2714 5722 2822 5794 jam
2854 5738 2954 5795 ego
2992 5724 3203 5801 Christo
3257 5726 3380 5781 odio
3428 5735 3588 5799 atque
3628 5741 3765 5801 exuo-

2189 5810 2410 5867 crationi
2454 5827 2594 5881 sum,
2627 5829 2796 5884 eaque
2839 5818 2887 5869 iu
2919 5831 3078 5872 causa
3101 5858 3115 5885 ,
3139 5826 3196 5873 ut
3218 5818 3328 5893 jam
3361 5818 3429 5873 ab
3458 5822 3573 5895 ipso
3598 5819 3760 5893 recipi
