4158 6354
390 332 490 402 εει

860 332 1020 390 VlTA
1062 332 1478 392 SA‘NCTORUM
1520 335 1851 398 ΒΑΝ-,ΛΑΜ
1891 337 1969 394 Eli

2073 338 2224 398 ιιτΑς
2265 336 2356 394 ΕΤ
2396 337 2748 402 ᾸΟΒΑΡΗΑΤ
2790 337 2994 395 INDle
3035 338 3259 396 REGIS.

3539 344 3644 413 582

401 460 692 516 nequem,
726 455 785 506 ut
826 446 914 516 qui
946 445 1205 510 adversus
1238 463 1360 508 eum
1393 448 1732 515 rebellarim.
1765 450 1973 520 ipsique
2001 453 2051 522 Α
2078 451 2207 506 Iiare
2253 467 2464 520 queam.
2523 455 2783 522 Quoniam
2832 464 2886 520 tu
2935 456 3201 528 gloriosus
3253 470 3312 523 es
3359 455 3411 522 in
3449 459 3646 525 saecula

389 540 589 602 bellum
624 537 1113 606 indixerim.,Quid
1175 539 1338 608 igitur
1389 539 1525 608 spei,
1581 555 1613 595 o
1657 540 1975 598 suavissime

391 636 490 698 fili,
519 633 585 690 ad
615 633 730 697 haec
761 630 931 696 dicas,
979 628 1063 694 fac
1089 630 1482 700 quamprimum
1514 631 1680 696 sciam
1709 671 1722 692 .
1756 645 1819 688 ac
1847 632 1972 704 quid

389 725 516 780 mihi
554 721 690 791 patri
732 730 822 776 tuo
855 718 1156 780 faciendum
1185 721 1253 772 sit
1277 721 1442 786 doce,
1492 729 1660 789 atque
1702 720 1768 780 ad
1811 721 1928 790 ejus
1954 763 1968 786 ,

389 813 529 884 quod
571 814 624 878 in
666 826 782 879 rem
820 825 995 878 meam
1044 807 1281 872 futurum
1331 811 1420 876 sit,
1468 811 1829 879 cognitionem
1887 826 1972 866 me

390 915 645 977 tanquam
686 911 931 978 porrecta
962 915 1123 967 manu
1153 896 1237 952 fac
1281 898 1466 953 ducas.
1501 898 1682 953 Vale.»

461 1022 609 1077 Haec
633 1018 919 1089 epistolam
947 1032 1068 1074 cum
1096 1015 1354 1083 Josaphat
1379 1018 1676 1086 accepisset
1700 1057 1718 1084 ,
1747 1033 1973 1088 quasque

393 1116 446 1172 in
478 1128 542 1169 ea
565 1110 978 1172 continebantur
1011 1107 1238 1177 legendo
1267 1107 1430 1182 325
1455 1119 1793 1178 peragrasset
1824 1151 1840 1176 ,
1873 1125 1970 1165 vo-

388 1207 592 1275 luptate
621 1202 778 1264 simul
804 1209 861 1260 et
885 1199 1241 1264 admiratione
1272 1200 1481 1264 animus
1511 1201 1677 1269 ipsius
1721 1201 1973 1270 impletus

387 1307 492 1352 est.
523 1299 698 1365 Atque
726 1294 781 1356 in
809 1292 1115 1354 cubiculum
1165 1307 1321 1348 suum
1365 1292 1648 1356 confestim
1677 1294 1972 1363 ingressus,

387 1396 439 1448 et
455 1398 580 1442 ante
597 1383 929 1451 Domiuicam
952 1381 1180 1453 effigiem
1212 1381 1266 1436 in
1295 1381 1482 1438 faciem
1505 1383 1748 1452 abjectus
1775 1391 1972 1450 terram

386 1478 638 1547 laerymis
661 1475 1034 1546 perfundebat,
1054 1473 1209 1528 simul
1239 1482 1294 1530 et
1323 1474 1549 1531 Domino
1563 1476 1762 1546 gratias
1775 1490 1961 1547 agens,

386 1583 434 1626 et
465 1569 531 1624 ad
564 1570 732 1638 ipsius
763 1565 1127 1632 laudationem
1155 1564 1530 1624 exsultationis
1551 1566 1691 1621 labia
1717 1581 1966 1632 movens,

385 1665 578 1729 bisque
605 1659 784 1720 verbis
810 1667 965 1725 utens
993 1675 1006 1708 :

461 1751 722 1810 lixaltaho
746 1760 818 1817 te,
844 1750 983 1808 Deus
1001 1763 1154 1812 meus
1175 1748 1312 1816 Rex,
1338 1757 1393 1805 et
1416 1749 1726 1808 benedieam
1755 1751 1959 1814 nomini

2075 559 2409 600 δεεευιοιιιιη.
2435 562 2625 602 nmen.

2147 636 2278 692 Cum
2309 640 2375 694 ad
2419 638 2559 696 hunc
2585 640 2800 695 modum
2824 649 3048 708 orasset,
3087 649 3248 711 atque
3277 642 3380 700 hac
3403 642 3500 698 sibi
3530 659 3649 713 per-

2073 731 2351 796 suasisset,
2375 745 2432 784 se
2461 731 2563 786 voti
2586 732 2668 786 sui
2690 741 2991 800 compotem
3025 732 3284 800 futurum,
3318 730 3519 789 Christi
3551 738 3647 789 mi-

2073 822 2360 876 sericordia
2382 820 2569 887 fretus,
2613 824 2760 878 illinc
2792 840 2911 878 cum
2942 825 3088 895 regio
3116 825 3365 880 satellitio
3395 829 3640 895 excessit,

2071 922 2229 981 atque
2274 915 2338 967 ad
2386 917 2547 982 patris
2592 916 2845 985 palatium
2883 932 3003 972 sese
3053 919 3302 977 contulit.
3359 919 3424 976 Ut
3471 930 3649 976 autem

2076 1013 2226 1070 pater
2252 1003 2318 1058 de
2347 1005 2438 1059 lilii
2483 1007 2709 1062 adventu
2759 1009 2952 1064 certior
3001 1009 3168 1063 factus
3215 1018 3315 1077 est,
3349 1013 3530 1072 statim
3557 1013 3652 1068 ob-

2074 1093 2211 1146 viatn
2242 1095 2290 1148 ei
2321 1095 2518 1164 prodit,
2551 1107 2710 1166 atque
2741 1098 2913 1166 ipsum
2941 1101 3314 1170 complectitur
3342 1113 3395 1156 et
3427 1118 3646 1160 exoscu-

2074 1181 2232 1246 latur,
2269 1184 2440 1254 deque
2471 1187 2637 1255 ipsius
2668 1188 2894 1244 adventu
2929 1191 3156 1254 maxima
3188 1194 3458 1262 voluptate
3485 1195 3652 1249 allici-

2075 1283 2180 1339 tur,
2215 1276 2591 1346 publicumque
2623 1294 2685 1334 ac
2712 1281 2948 1335 solemne
2977 1283 3166 1338 festum
3211 1284 3468 1347 celebrat.
3514 1287 3651 1353 Quid

2074 1374 2252 1420 autem
2283 1369 2503 1436 antea?
2531 1369 2773 1425 Remotis
2800 1371 3040 1437 arbitris,
3087 1389 3191 1436 una
3238 1375 3537 1436 consident.
3586 1378 3654 1431 Et

2073 1457 2192 1525 quis
2220 1458 2432 1519 tandem
2462 1475 2555 1522 eos
2584 1475 2881 1528 sermones,
2916 1480 3046 1534 quos
3073 1475 3178 1519 tum
3212 1467 3349 1528 ﬁlius
3377 1467 3442 1521 ad
3471 1483 3650 1537 regem

2075 1547 2280 1614 habuit,
2311 1559 2364 1604 et
2391 1561 2584 1620 quanta
2631 1567 2753 1607 cum
2796 1555 3057 1624 sapientia
3105 1557 3378 1623 disseruit,
3407 1559 3509 1620 ulla
3541 1575 3652 1614 ora-

2077 1639 2219 1694 tione
2240 1643 2521 1711 complecti
2545 1646 2744 1713 queat?

2149 1733 2282 1799 Quid
2321 1737 2462 1790 enim
2492 1737 2631 1790 aliud
2665 1738 3004 1810 loquebatur,
3040 1756 3196 1814 quam
3228 1759 3347 1813 quae
3382 1745 3480 1815 ipsi
3522 1760 3551 1798 a
3573 1747 3654 1800 di-

387 1854 480 1900 tuo
513 1844 566 1898 in
597 1841 872 1910 sarculum,
905 1850 958 1906 et
989 1839 1046 1904 in
1086 1838 1340 1900 saeculum
1389 1840 1591 1895 saeculi.
1623 1839 1843 1908 Magnus
1890 1855 1968 1904 es,
2001 1838 2050 1906 Β
2077 1825 2202 1879 νῖηο
2234 1827 2457 1895 Spiritu.
2495 1847 2589 1900 per
2637 1848 2793 1902 quem
2836 1846 3126 1903 piscatores
3165 1853 3467 1900 universum
3501 1856 3653 1898 utnu-

384 1936 636 2000 Domine,
663 1942 718 1990 et
743 1931 1023 2000 laudabilis
1045 1931 1220 1997 valde,
1249 1941 1301 1988 et
1331 1931 1711 2001 magnitudinis
1736 1940 1839 1997 tua:
1864 1945 1983 1988 non;

385 2039 469 2082 est
500 2027 620 2081 finis
667 2025 1068 2095 (Psat.cxt.tv).
1130 2025 1194 2078 Et
1252 2023 1374 2092 quis
1421 2022 1666 2092 loquetur
1708 2024 1973 2093 potentias

385 2128 506 2173 tuas
532 2157 548 2184 ,
588 2115 798 2182 auditas
835 2116 995 2176 faciet
1033 2127 1219 2170 omnes
1254 2114 1435 2168 laudes
1476 2122 1594 2168 tuas
1638 2113 1809 2185 (Paul.
1843 2113 1972 2182 cv)?

385 2213 485 2282 Qui
508 2209 823 2272 convenisti
849 2220 1058 2279 petram
1091 2211 1143 2263 in
1164 2218 1352 2282 stagna
1375 2221 1658 2276 aquarum,
1685 2214 1739 2259 et
1785 2220 1970 2274 rupem

386 2305 436 2359 in
467 2304 640 2358 fontes
662 2315 916 2373 aquarum
947 2300 1121 2366 (Paul.
1155 2298 1331 2370 cxnt).
1359 2298 1435 2354 En
1460 2298 1600 2353 enim
1624 2297 1783 2354 etiam
1813 2313 1973 2366 rupes

387 2393 523 2459 hate,
555 2407 618 2450 ac
643 2408 775 2460 rupe
799 2391 982 2448 durius
1011 2391 1178 2460 patris
1204 2391 1308 2448 mei
1337 2400 1541 2458 pectus,
1577 2397 1665 2444 tua
1696 2387 1974 2452 voluntate

387 2501 523 2540 certe
555 2485 725 2538 instar
750 2483 1042 2548 emollitum
1069 2491 1168 2537 est.
1197 2482 1353 2536 Potes
1381 2481 1523 2535 enim
1553 2481 1714 2534 etiam
1737 2494 1801 2532 ex
1834 2477 1970 2552 lapi-

387 2578 543 2632 dibus
565 2577 802 2630 excitare
824 2576 964 2630 filios
994 2574 1226 2630 Abrahae
1248 2574 1464 2643 (Matth.
1499 2572 1604 2641 ιιι).
1630 2573 1840 2628 Gratias
1873 2571 1969 2626 tibi

387 2682 508 2744 ago,
533 2667 764 2737 benigne
789 2666 1011 2734 Domine
1031 2679 1094 2720 ac
1121 2667 1256 2730 Deus
1287 2666 1686 2733 misericordiae,
1719 2663 1972 2733 quoniam

389 2759 443 2812 in
477 2757 708 2828 peccatis
741 2757 939 2811 nostris
973 2757 1192 2812 lenitate
1223 2771 1351 2810 usus
1377 2771 1458 2821 es,
1491 2765 1650 2825 atque
1678 2755 1972 2810 etiamnum

389 2853 576 2915 uteris,
610 2860 664 2906 et
687 2852 751 2906 ad
784 2850 924 2912 hunc
947 2865 1113 2920 usque
1142 2850 1283 2906 diem
1313 2849 1600 2919 impunitos
1623 2864 1720 2904 nos
1754 2849 1972 2919 reliqui-

386 2947 452 3002 sti
487 2944 701 3013 (‘BasiL,
754 2945 844 2999 lib.
893 2944 1070 2999 Const.
1104 2960 1148 2996 c.
1178 2943 1256 3013 i).
1289 2942 1420 2997 Nam
1471 2957 1569 2998 nos
1604 2941 1816 3012 quidem
1859 2939 1969 3010 jam

387 3038 593 3107 pridem
632 3052 661 3094 a
695 3046 782 3093 tua
812 3034 950 3090 facie
989 3035 1147 3105 abjici
1178 3035 1536 3102 inerebamur,
1581 3042 1741 3104 atque
1787 3033 1839 3087 in
1871 3035 1971 3088 hac

388 3132 492 3184 vita
533 3128 746 3200 publica
775 3125 992 3183 infamia
1026 3124 1216 3192 notari,
1243 3125 1692 3195 quemadmodum
1725 3124 1968 3179 scelerati

2076 1918 2200 1972 dum
2233 1920 2448 1988 Christo
2479 1924 2804 1991 irretierunt,
2852 1936 2905 1982 et
2937 1929 3231 1994 litterarum
3264 1942 3511 2001 expertes
3533 1948 3654 1996 eru-

2075 2010 2202 2066 ditis
2229 2013 2358 2069 viris
2383 2016 2626 2072 doctrina
2667 2018 3050 2090 praestiterunt,
3097 2023 3523 2079 instillabantur?
3555 2024 3656 2080 Per

2074 2107 2192 2175 ejus
2216 2107 2440 2176 gratiam
2473 2111 2584 2180 ipse
2620 2126 2832 2184 quoque
2873 2113 3113 2169 eruditus
3142 2124 3197 2170 et
3225 2116 3539 2184 instructus,
3589 2119 3655 2174 ad

2077 2214 2258 2269 regem
2284 2202 2444 2255 verba
2469 2202 2718 2271 faciebat,
2745 2205 2979 2261 scientiae
3011 2207 3127 2262 luce
3158 2224 3277 2264 eum
3311 2211 3652 2265 collustrans.

2075 2291 2152 2344 Ac
2200 2292 2350 2362 prius
2401 2294 2644 2362 quidem,
2701 2311 2820 2350 cum
2854 2306 2913 2352 ut
2958 2306 3161 2367 patrem
3215 2316 3242 2354 a
3283 2303 3654 2372 superstitioso

2075 2395 2258 2444 errore
2283 2381 2641 2452 abstraheret,
2674 2385 2766 2440 diu
2798 2375 3130 2459 multumque
3173 2392 3491 2462 laborasset,
3524 2394 3654 2460 nihil

2075 2489 2179 2528 non
2224 2475 2406 2530 dicens
2435 2487 2528 2532 aut
2568 2478 2790 2549 faciens,
2842 2497 2946 2553 quo
2999 2485 3162 2553 ipsius
3211 2488 3444 2546 animum
3488 2487 3553 2546 ad
3597 2502 3655 2550 se

2076 2566 2335 2634 alliceret,
2366 2566 2563 2624 frustra
2595 2579 2768 2626 tamen
2807 2588 3000 2629 canere
3032 2591 3093 2630 ac
3132 2576 3293 2630 surdo
3333 2577 3479 2648 loqui
3509 2578 3656 2638 vide-

2074 2659 2249 2713 batur.
2277 2660 2348 2715 At
2381 2677 2500 2716 cum
2531 2662 2790 2721 Dominus
2830 2666 3174 2735 afﬂictionem
3204 2671 3344 2726 servi
3388 2672 3470 2727 sui
3504 2671 3656 2736 Josa-

2078 2752 2204 2821 pltat
2227 2754 2484 2822 inspexit,
2516 2765 2700 2828 atque,
2725 2760 2990 2815 exauditis
3013 2762 3182 2832 ipsius
3213 2763 3480 2834 precibus,
3508 2766 3655 2822 clau-

2075 2857 2161 2896 sas
2189 2847 2360 2913 patris
2393 2846 2558 2916 ipsius
2584 2850 2778 2918 januas
2807 2849 3057 2922 patefecit
3103 2855 3455 2925 (voluntatem
3488 2856 3652 2924 enim,

2076 2933 2246 3004 inquit
2272 2935 2362 2990 ille
2393 2935 2566 3010 [PsaL
2590 2937 2792 3012 CLXIV],
2837 2943 3135 2998 timentium
3167 2959 3226 3000 se
3252 2945 3430 3013 faciet,
3473 2955 3526 3008 et
3562 2947 3654 3012 dc-

2077 3029 2443 3096 precationem
2476 3046 2660 3086 eorum
2712 3036 3008 3106 exaudiet),
3041 3047 3153 3094 tum
3195 3038 3422 3109 denique
3452 3055 3544 3103 rex
3593 3056 3653 3098 ea

2077 3133 2194 3186 qua:
2220 3119 2534 3191 dicebantur
2560 3121 2718 3180 facile
2742 3127 3093 3198 intelligebat,
3123 3130 3257 3186 adeo
3288 3139 3362 3199 ut,
3393 3140 3653 3202 opportu-

386 3223 462 3280 illi
493 3221 864 3292 Peutapolitae,
896 3221 984 3291 qui
1020 3221 1122 3292 igni
1171 3234 1233 3275 ac
1281 3219 1540 3288 sulphure
1569 3217 1968 3289 conﬂagrarunt
1993 3210 2040 3288 (ι
2075 3225 2200 3264 num
2235 3219 2445 3282 tempus
2473 3223 2656 3269 nactus
2689 3215 2831 3271 ﬁlius
2854 3232 2951 3287 per
2981 3217 3175 3274 Chrisu
3205 3221 3429 3291 gratiam
3456 3223 3652 3284 adver-

387 3314 542 3387 (Geu.
564 3315 698 3388 xix).
723 3317 792 3370 At
831 3315 1090 3384 patientia
1122 3323 1177 3376 et
1201 3311 1633 3382 incomparabilis
1662 3311 1848 3365 lenitas
1881 3321 1969 3367 tua

385 3407 616 3478 benigne
646 3407 924 3462 nobiscum
961 3405 1087 3475 egit.
1117 3403 1329 3461 Gratias
1358 3403 1452 3458 tibi
1477 3418 1575 3472 ago
1602 3403 1850 3472 indignus
1871 3419 1971 3472 ego

386 3514 448 3553 ac
479 3497 836 3567 deSpicabilis,
860 3495 1088 3563 etiamsi
1118 3495 1429 3568 benignitati
1460 3507 1563 3549 tuae
1605 3495 1879 3549 laudanda:
1910 3509 1972 3549 ac

385 3588 719 3644 celebrandae
749 3589 918 3658 impar
945 3602 1084 3642 sum.
1114 3586 1190 3640 Ac
1222 3594 1295 3651 te,
1330 3585 1552 3640 Domine
1575 3586 1702 3640 Jesu
1729 3583 1965 3652 ChriSte,

386 3678 668 3734 invisibilis
711 3678 886 3732 Patris
926 3676 1024 3732 Fili
1071 3692 1133 3732 ac
1155 3676 1412 3741 Verbum,
1451 3678 1540 3747 qui
1579 3678 1755 3732 omnia
1808 3677 1970 3732 verbo

388 3771 708 3844 produxisti,
758 3785 820 3824 ac
849 3771 1123 3825 voluntate
1165 3778 1252 3825 tua
1295 3770 1537 3826 contines
1569 3780 1623 3826 et
1664 3771 1848 3838 tueris,
1879 3774 1968 3842 qui

390 3866 444 3918 in
475 3865 617 3932 ligno
636 3873 890 3918 extensus
916 3878 995 3928 es,
1035 3877 1100 3917 ac
1125 3863 1318 3918 fortem
1346 3863 1560 3916 vinxisti
1592 3862 1804 3932 (Matth.
1844 3863 1965 3934 xu),

386 3955 564 4021 iisque
588 3953 677 4023 qui
706 3953 772 4008 ab
804 3967 871 4007 eo
914 3952 1074 4008 vincti
1107 3953 1448 4020 tenebantur,
1478 3954 1860 4023 sempiternam
1905 3954 1970 4007 Ii-

385 4046 646 4100 bertatem
693 4046 949 4110 attulisti;
987 4056 1036 4100 te
1069 4045 1284 4116 inquam
1312 4062 1406 4117 per
1446 4048 1818 4103 miserationes
1851 4059 1968 4103 tuas

383 4137 646 4201 obtestor,
681 4145 740 4191 ut
763 4152 903 4192 nunc
933 4153 1146 4210 quoque
1187 4138 1505 4192 invisibilem
1533 4147 1587 4192 et
1615 4141 1853 4194 omnium
1885 4155 1969 4194 re-

382 4245 502 4284 rum
551 4229 872 4285 effectricem
925 4244 1140 4284 manum
1172 4238 1313 4284 tuam
1345 4231 1623 4297 extendas,
1657 4248 1717 4287 ac
1753 4247 1964 4288 servum

382 4331 534 4376 tuum
567 4329 622 4376 et
661 4334 864 4390 patrem
894 4338 1070 4376 meum
1104 4338 1170 4378 ex
1195 4323 1343 4393 gravi
1388 4323 1474 4376 illa
1513 4323 1708 4379 diaboli
1740 4326 1966 4396 captivi-

384 4422 496 4467 tate
529 4427 752 4483 prorsus
804 4415 1021 4481 liberes,
1067 4425 1226 4483 teque
1265 4414 1588 4484 sempiterna
1635 4417 1740 4469 vita
1773 4417 1966 4486 praedi-

391 4514 525 4568 tum,
568 4515 623 4560 et
646 4520 829 4561 verum
864 4506 1028 4561 Deum
1061 4521 1123 4561 ac
1144 4507 1316 4561 solum
1347 4509 1699 4563 immortalem
1733 4518 1787 4564 et
1812 4520 1968 4565 cetero

2075 3317 2168 3357 sus
2193 3303 2464 3373 improbos
2486 3307 2706 3375 spiritus
2732 3308 2822 3378 qui
2845 3310 3008 3378 patris
3038 3312 3214 3366 animo
3240 3312 3649 3369 dominabantur

2078 3394 2360 3451 victoriam
2419 3398 2824 3468 adipisceretur,
2874 3401 3154 3473 ipsumque
3205 3403 3417 3463 illorum
3467 3420 3648 3461 errore

2075 3501 2235 3558 atque
2257 3489 2553 3561 impostura
2586 3493 2731 3547 omni
2756 3510 2821 3550 ex
2848 3507 2999 3566 parte
3032 3497 3303 3565 liberaret,
3332 3499 3647 3556 salutarem-

2073 3597 2177 3652 que
2208 3583 2502 3640 doctrinam
2535 3587 2822 3657 perspicue
2853 3586 2951 3658 ipsi
2979 3589 3236 3662 traderet,
3265 3605 3326 3646 ac
3355 3591 3557 3648 ccelesti
3599 3598 3650 3648 et

2076 3675 2196 3730 vivo
2226 3675 2335 3730 Deo
2365 3676 2537 3746 ipsum
2567 3677 2895 3734 conciliaret.

2146 3765 2418 3838 Principio
2445 3767 2590 3822 enim
2617 3768 2777 3824 altius
2815 3786 3061 3836 exorsus,
3103 3773 3201 3842 ipsi
3227 3786 3446 3843 magnas
3472 3782 3523 3827 et
3554 3774 3646 3829 ad-

2073 3859 2348 3915 mirandas
2377 3877 2465 3917 res
2488 3877 2621 3932 quas
2651 3863 2798 3932 prius
2823 3878 2922 3917 nec
2949 3863 3310 3928 intellexerat,
3343 3880 3439 3919 nec
3472 3866 3649 3920 cordis

2070 3954 2289 4009 auribus
2341 3965 2676 4026 perceperat,
2717 3957 3067 4011 annuntiavit.
3102 3955 3309 4012 Etenim
3342 3956 3549 4026 longam
3583 3957 3649 4013 ad

2072 4065 2192 4102 eum
2226 4048 2294 4104 de
2339 4049 2452 4106 Deo
2478 4050 2775 4106 orationem
2811 4050 3018 4120 habuit,
3053 4051 3300 4122 piamque
3348 4051 3646 4108 doctrinam

2071 4140 2174 4214 ipsi
2224 4141 2460 4198 ostendit
2503 4143 2744 4215 (nempe,
2785 4143 2924 4214 quod
2965 4159 3066 4197 non
3095 4144 3160 4196 sit
3194 4143 3328 4198 alius
3357 4143 3488 4199 deus
3536 4159 3651 4198 sur-

2069 4248 2211 4299 sum,
2244 4241 2442 4303 prteter
2474 4249 2635 4289 unum
2686 4234 2875 4300 Deum,
2911 4238 2997 4304 qui
3029 4235 3084 4288 in
3130 4234 3286 4288 Patre
3327 4243 3380 4290 et
3426 4234 3558 4288 Filio
3589 4248 3651 4290 ac

2070 4323 2274 4394 Spiritu
2310 4333 2497 4378 sancto
2529 4325 2883 4395 agnoscitur),
2917 4339 2977 4378 ac
3008 4325 3169 4379 multa
3213 4324 3339 4380 item
3370 4323 3651 4397 theoIOgire

2069 4432 2264 4472 arcana
2293 4418 2394 4487 ipsi
2425 4419 2653 4486 aperuit.
2700 4417 2992 4487 Posteaque
3023 4419 3181 4470 etiam
3223 4431 3284 4471 ea
3314 4432 3432 4486 qu:e
3456 4417 3521 4470 ad
3564 4433 3650 4471 re-

2070 4524 2186 4562 rum
2230 4509 2564 4563 conditarum
2617 4519 2721 4563 tam
2755 4507 3103 4562 invisibilium
3149 4522 3305 4576 quam
3356 4507 3648 4561 visibilium

378 4615 508 4653 num
543 4599 742 4671 Regem
776 4615 894 4655 esse
935 4599 1272 4670 apertissime
1299 4602 1395 4670 ipsi
1444 4602 1719 4658 ostendas.
1747 4600 1966 4657 Contri-
1993 4603 2048 4678 _])
2075 4601 2496 4670 procreationem
2555 4601 2851 4678 attinebant
2893 4598 3148 4668 exposuit
3184 4617 3195 4650 :
3244 4598 3492 4652 nimirum
3542 4613 3647 4668 quo

379 4693 581 4748 tionem
623 4708 806 4763 quaeso
841 4693 1005 4747 animi
1053 4692 1154 4747 mei
1198 4693 1428 4764 prepitio
1457 4707 1518 4747 ac
1562 4695 1767 4761 placido
1809 4696 1966 4750 oculo

379 4786 584 4854 aspice,
625 4800 688 4841 ac
718 4801 817 4858 pro
846 4800 904 4840 ea
931 4796 1018 4840 tua
1049 4785 1453 4855 pollicitatione,
1478 4787 1528 4839 in
1551 4800 1708 4856 quam
1744 4787 1966 4842 menda-

379 4878 524 4931 ciuut
556 4891 663 4932 non
713 4878 876 4944 cadit,
928 4892 956 4931 a
990 4879 1124 4932 meis
1155 4876 1393 4946 partibus
1424 4884 1527 4942 sta,
1566 4878 1652 4946 qui
1698 4888 1749 4932 te
1788 4893 1966 4933 rerum

378 4971 621 5026 omnium
672 4972 1001 5040 effectorem,
1052 4972 1408 5037 conditorem,
1462 4982 1517 5027 ct
1556 4972 1967 5044 gubernatorem

379 5063 646 5118 conﬁteor
683 5074 738 5119 et
767 5077 1020 5134 agnosco.
1055 5063 1094 5118 F
1101 5063 1212 5118 luat
1257 5064 1308 5118 in
1356 5078 1441 5120 me
1471 5064 1667 5118 saliens
1712 5077 1844 5134 aqua
1879 5072 1967 5118 tua

379 5160 570 5229 (Joan.
616 5161 717 5230 tv),
759 5161 1023 5230 deturque
1068 5159 1197 5215 mihi
1232 5173 1411 5215 sermo
1461 5158 1512 5213 in
1546 5157 1820 5226 apertione
1861 5160 1970 5212 oris

381 5251 600 5322 (Ephes.
628 5250 725 5322 vt),
751 5266 812 5304 ac
853 5265 1005 5320 mens
1032 5251 1086 5305 in
1118 5260 1170 5305 te
1212 5249 1450 5319 angulari
1491 5248 1666 5318 lapide
1700 5256 1845 5302 recte
1876 5247 1968 5302 de-

379 5345 513 5413 lixa,
536 5353 592 5399 ut
613 5359 734 5416 ego,
758 5344 960 5398 inutilis
981 5359 1167 5399 servus
1186 5353 1327 5406 tuus,
1349 5343 1484 5412 patri
1508 5355 1627 5396 meo
1649 5341 1971 5396 incarnatio-

379 5436 468 5491 nis
507 5447 608 5490 tuae
641 5436 977 5506 mysterium,
1027 5437 1100 5490 uti
1139 5449 1233 5505 par
1269 5443 1372 5500 est,
1400 5448 1711 5502 .exponere,
1754 5443 1911 5501 atque
1938 5447 1969 5487 a

378 5545 522 5585 vano
552 5531 930 5600 pestiferorum
978 5529 1280 5585 daemonum
1310 5543 1494 5583 errore
1534 5542 1628 5595 per
1675 5527 1965 5595 potentiam

380 5633 532 5678 tuam
573 5623 748 5693 ipsum
777 5621 1064 5684 abducere,
1117 5621 1318 5690 tibique
1349 5620 1460 5674 Deo
1491 5633 1553 5672 ac
1595 5618 1839 5684 Domino,
1872 5620 1966 5688 qui

380 5730 490 5769 non
517 5716 595 5769 vis
628 5724 855 5769 mortem
890 5722 1256 5786 peccatorum,
1290 5713 1383 5766 sed
1430 5725 1614 5765 eorum
1647 5711 1964 5778 resipiscen-

381 5806 510 5860 tiatu
543 5821 605 5861 ac
629 5806 999 5876 paenitentiam
1028 5813 1308 5874 exspectas
1339 5801 1552 5873 (Ezech.
1582 5800 1757 5870 xvttt),
1785 5803 1966 5857 conci-

2075 4705 2230 4766 pacto
2290 4710 2529 4750 summus
2582 4695 2669 4749 ille
2721 4677 2912 4764 parens
2968 4700 3020 4748 et
3049 4693 3211 4765 326
3257 4691 3430 4762 opifex
3487 4693 3647 4747 rebus

2075 4788 2322 4842 omnibus
2351 4802 2415 4842 ex
2453 4786 2616 4840 nihilo
2646 4785 2937 4855 productis,
2970 4785 3238 4839 hominem
3270 4785 3335 4839 ad
3367 4785 3648 4854 imaginem

2075 4895 2127 4937 et
2164 4881 2565 4935 similitudinem
2615 4894 2766 4934 suam
2800 4879 3091 4945 effinxerit,
3135 4879 3412 4948 ipsumque
3443 4877 3647 4931 arbitrii

2079 4972 2324 5027 libertate
2371 4972 2648 5034 donatum,
2697 4985 2881 5026 eorum
2921 4987 3039 5043 qua:
3066 4971 3118 5025 in
3151 4969 3400 5039 paradiso
3428 4967 3647 5038 pulchra

2076 5072 2229 5121 erant
2261 5065 2573 5133 participem
2604 5062 2814 5131 fecerit,
2841 5066 2997 5120 unius
3029 5073 3226 5118 tantum
3261 5062 3465 5116 arboris
3491 5072 3647 5131 gustu

2075 5155 2174 5224 ipsi
2223 5156 2529 5222 interdicto,
2570 5155 2671 5210 hoc
2714 5165 2795 5210 est
2836 5156 2958 5226 ligni
2989 5153 3247 5209 scientiae.
3287 5152 3404 5219 Quo
3433 5153 3645 5221 quidem

2074 5250 2321 5303 mandato
2351 5249 2566 5316 violato,
2593 5264 2710 5303 eum
2736 5263 2766 5303 e
2799 5247 3048 5317 paradiso
3076 5243 3466 5301 exterminavit.
3495 5243 3645 5301 Unde

2072 5356 2124 5398 et
2155 5343 2293 5413 ipse,
2325 5351 2379 5398 et
2406 5358 2559 5411 uxor,
2597 5357 2660 5398 ea
2692 5354 2990 5410 quamcum
3031 5354 3096 5392 eo
3128 5336 3394 5392 habebant
3424 5338 3646 5406 conjun-

2072 5441 2250 5495 ctione
2275 5441 2425 5509 lapsi,
2461 5442 2512 5493 in
2543 5439 2660 5504 bos,
2693 5437 2888 5491 multos
2918 5447 3128 5488 errores
3161 5431 3481 5498 inciderunt,
3522 5448 3644 5502 pec-

2069 5542 2187 5587 cato
2219 5533 2467 5587 videlicet
2513 5533 2565 5583 in
2617 5528 2926 5583 servitutem
2968 5525 3186 5592 addicti,
3237 5527 3501 5595 mortique
3551 5540 3645 5594 per

2070 5625 2264 5679 diaboli
2307 5623 2642 5695 tyrannidem
2684 5620 2898 5674 obnoxii
2931 5619 3126 5675 effecti.
3159 5619 3259 5687 Qui
3301 5621 3515 5689 quidem
3550 5619 3646 5672 ho-

2071 5717 2300 5770 minibus
2357 5714 2519 5767 semel
2567 5714 2615 5766 in
2669 5719 2983 5781 potestatem
3032 5725 3179 5766 suam
3235 5710 3489 5774 redactis,
3543 5710 3645 5764 hoc

2069 5810 2196 5878 egit,
2231 5817 2284 5860 ut
2313 5805 2401 5860 Dei
2427 5820 2485 5859 ac
2509 5805 2716 5859 Domini
2749 5805 3016 5860 oblivione
3045 5820 3263 5875 prorsus
3293 5811 3635 5875 caperentur,
