4158 6354
527 345 632 409 533

1554 341 1643 398 DE
1681 338 1861 397 VITIS
1899 336 2185 395 PATRUM
2225 332 2431 391 LIBER
2469 333 2741 392 PRIMUS.

3695 328 3796 390 584

529 465 767 538 ipsisque
815 460 1080 534 persuasit
1136 466 1194 515 ut
1247 472 1342 529 per
1394 457 1786 514 exsecrandam
1841 454 2108 511 idolorum
2139 451 2191 511 Α
2217 450 2508 507 exstruxit.
2541 448 2651 505 Nec
2678 465 2805 506 vero
2834 449 2886 504 in
2919 447 3050 505 urbe
3079 448 3345 504 duntaxat
3367 489 3381 514 ,
3413 447 3507 503 sed
3537 446 3701 504 etiam
3744 450 3797 505 in

532 560 898 617 adorationem
925 557 1027 612 sibi
1049 554 1248 610 cultum
1279 552 1612 609 adhiberent.

601 653 671 708 At
698 666 826 706 vero
854 649 994 704 Deus
1014 656 1226 703 creator
1255 654 1459 711 noster,
1491 642 1840 700 miseratione
1867 653 2112 696 commo-

532 751 650 810 tus,
701 740 932 811 benigna
991 739 1162 794 Patris
1214 738 1486 793 voluntate
1536 751 1599 792 ac
1652 735 1884 805 Spiritus
1941 731 2114 786 sancti

533 834 786 904 adjuncta
832 848 1015 903 opera,
1050 848 1114 888 ex
1147 832 1364 902 Virgine
1409 840 1592 886 sancta
1637 831 1806 884 neStri
1859 829 2029 882 instar
2059 825 2113 881 in

535 925 706 981 lucem
731 924 815 980 edi
853 925 1059 989 voluit;
1094 939 1322 994 cumque
1347 924 1585 979 cruciatu
1606 921 1828 976 affectus
1858 919 2043 974 fuisset
2073 919 2117 972 is

534 1020 623 1087 qui
652 1031 681 1070 a
710 1016 1055 1085 perpessione
1086 1017 1336 1070 immunis
1366 1023 1503 1085 erat,
1539 1013 1712 1068 triduo
1745 1023 1864 1082 post
1887 1027 1916 1066 a
1946 1019 2119 1066 morte

538 1106 602 1160 ad
626 1108 786 1160 vitam
821 1107 1108 1174 excitatus,
1139 1120 1235 1161 nos
1265 1121 1295 1160 a
1324 1106 1486 1174 priori
1515 1108 1677 1159 multa
1710 1113 1763 1158 et
1793 1102 2120 1158 condemna-

543 1200 684 1255 tione
733 1200 998 1267 liberavit,
1055 1199 1516 1269 prmstantiorique
1561 1199 1726 1267 gloria
1757 1196 1993 1252 donavit.
2035 1195 2120 1252 Si-

539 1291 759 1360 quidem
802 1292 854 1344 in
909 1291 1102 1346 ccelum
1159 1290 1477 1356 ascendens,
1530 1289 1686 1343 simul
1724 1301 1822 1342 nos
1866 1301 1932 1341 eo
1981 1287 2121 1341 unde

539 1382 909 1453 descenderat,
942 1383 1141 1438 evexit.
1195 1383 1362 1450 Quem
1406 1383 1565 1437 etiam
1620 1393 1806 1434 rursus
1835 1386 2118 1432 venturum

539 1477 836 1542 credimus,
886 1485 943 1530 ut
983 1476 1292 1546 ﬁgmentum
1341 1491 1494 1531 suum
1546 1475 1612 1530 ad
1665 1474 1824 1528 vitam
1877 1482 2122 1543 revocet,

542 1579 701 1639 atque
715 1568 1000 1639 unicuique
1016 1568 1309 1624 secundum
1335 1569 1499 1638 ipsius
1521 1583 1685 1638 opera
1708 1569 1914 1626 reddat.
1932 1568 2124 1623 Postea

547 1664 613 1720 de
648 1665 736 1718 illo
766 1665 1028 1719 caelorum
1071 1680 1258 1735 regno,
1295 1664 1438 1735 quod
1484 1680 1578 1720 eos
1605 1664 1694 1734 qui
1725 1664 1775 1719 id
1811 1677 2124 1734 promeren-

545 1765 633 1813 tur
662 1769 862 1823 manet,
898 1759 1060 1814 verba
1091 1759 1239 1826 fecit,
1272 1767 1432 1826 atque
1470 1772 1664 1812 arcana
1694 1756 1780 1811 illa
1827 1756 1987 1819 bona,
2042 1768 2127 1807 re-

2218 553 2327 599 tota
2366 545 2586 615 regione
2615 544 2857 600 eamdem
2882 557 3098 612 operam
3125 542 3311 598 sedulo
3353 540 3639 597 navabant.
3671 541 3800 597 Per-

2216 637 2357 692 versi
2375 645 2552 692 autem
2575 636 2818 707 spiritus,
2848 638 2934 706 qui
2956 638 3014 690 in
3026 635 3131 691 aris
3159 635 3488 690 domicilium
3511 635 3796 702 habebant,

2217 743 2335 785 cum
2364 730 2569 785 ululatu
2598 730 2952 800 pellebantur,
2981 730 3337 798 invictamque
3372 729 3467 784 Dei
3495 728 3665 785 nostri
3708 745 3800 799 po-

2219 823 2438 877 tentiam
2487 823 2718 878 tremulo
2758 823 2996 878 clamore
3043 823 3399 889 testabantur,
3427 821 3709 891 omnisque
3739 822 3798 875 vi-

2219 918 2336 972 cina
2369 916 2536 986 regio,
2569 932 2632 973 ac
2661 917 2841 973 multae
2869 918 2994 972 item
3041 915 3280 972 ﬁnitimae
3321 924 3509 986 gentes
3549 914 3618 970 ad
3660 914 3800 984 piam

2221 1009 2379 1064 ﬁdem
2427 1023 2548 1065 sese
2592 1009 2960 1065 conferebant.
2988 1009 3121 1063 Tum
3151 1008 3331 1078 igitur,
3363 1022 3485 1062 cum
3532 1006 3801 1062 divinissi‘

2222 1116 2342 1155 mus
2373 1101 2462 1156 ille
2493 1102 2802 1172 episcopus,
2836 1100 2905 1157 de
2934 1116 3040 1170 quo
3069 1102 3313 1171 superius
3342 1100 3506 1156 verba
3536 1098 3765 1153 fecimus
3789 1135 3804 1163 ,

2223 1195 2563 1263 accessisset,
2606 1210 2701 1250 rex
2733 1195 2986 1249 Abenner
3013 1191 3137 1249 ﬁdei
3160 1191 3482 1249 Christianae
3522 1193 3806 1248 elementis

2223 1285 2514 1353 imbuitur,
2563 1301 2626 1342 ac
2664 1287 2845 1342 divino
2885 1287 3152 1357 baptismo
3199 1287 3254 1341 in
3300 1285 3517 1342 nomine
3549 1284 3727 1340 Patris
3755 1293 3808 1339 et

2225 1375 2347 1431 Filii
2379 1387 2434 1431 et
2477 1375 2710 1446 Spiritus
2754 1379 2954 1445 sancti,
3010 1377 3300 1447 perﬁcitur.
3349 1381 3426 1434 Ac
3447 1377 3709 1448 Josapbat
3745 1392 3808 1434 ex

2225 1468 2408 1524 divina
2440 1471 2639 1539 piscina
2670 1471 2841 1541 ipsum
2866 1473 3084 1542 excipit,
3110 1488 3196 1529 res
3217 1487 3349 1528 sane
3370 1474 3611 1530 omnium
3635 1473 3806 1528 maxi-

2232 1577 2319 1616 me
2351 1577 2508 1618 nova.
2537 1563 2710 1618 Patris
2733 1565 2874 1619 enim
2906 1574 3056 1634 pater
3084 1565 3287 1632 existit,
3321 1573 3376 1622 et
3414 1567 3465 1622 ei
3503 1582 3533 1622 a
3561 1582 3669 1636 quo
3696 1581 3804 1622 car-

2237 1655 2348 1710 nali
2371 1655 2530 1711 modo
2566 1657 2878 1727 progenitus
2899 1655 3069 1712 fuerat
3091 1658 3423 1727 spiritualem
3449 1659 3810 1729 regeneratio-

2235 1764 2356 1804 nem
2382 1749 2653 1804 conciliat.
2677 1748 2887 1804 Etenim
2904 1750 3139 1806 caelestis
3163 1749 3332 1805 Patris
3355 1750 3644 1817 liliuserat,
3669 1751 3810 1806 divi-

543 1848 918 1918 conditamque
947 1848 1074 1903 item
1105 1848 1366 1918 improbis
1398 1862 1609 1918 poenam
1636 1849 1933 1918 proposuit,
1965 1846 2122 1901 nimi-
2154 1848 2201 1910 Β
2231 1854 2420 1910 uaeque
2452 1841 2690 1909 profecto
2721 1841 2915 1898 radicis
2943 1841 3307 1897 divinissimus
3331 1843 3535 1898 fructus
3562 1841 3812 1910 ;radicis,

546 1954 664 1996 rum
698 1941 872 2011 ignem
907 1956 1174 2010 nunquam
1205 1941 1676 2011 exstinguendum,
1705 1941 2003 1996 exteriores
2043 1946 2128 1994 te-

546 2034 765 2102 nebras,
807 2033 1162 2089 immortalem
1195 2049 1454 2100 vermem,
1501 2043 1803 2102 caeteraque
1839 2043 2132 2089 tormento-

547 2139 666 2180 rum
697 2139 913 2195 genera,
945 2139 1065 2194 quae
1105 2124 1306 2193 peccati
1325 2126 1476 2180 servi
1509 2124 1610 2179 sibi
1653 2124 1783 2194 ipsis
1824 2124 2132 2178 recondide-

551 2227 697 2271 runt.
752 2215 876 2271 llazc
917 2216 1096 2271 omnia
1143 2231 1302 2286 quam
1361 2215 1608 2286 plurimis
1655 2216 2014 2278 sermonibus,
2069 2229 2135 2270 ac

548 2306 780 2377 Spiritus
825 2309 994 2364 sancti
1031 2308 1257 2379 gratiam
1289 2309 1501 2364 abunde
1549 2309 1648 2380 ipsi
1681 2309 1862 2364 inesse
1889 2308 2135 2364 testanti-

549 2399 671 2466 bus,
701 2409 1040 2470 prosecutus,
1074 2408 1187 2456 tum
1227 2401 1442 2457 demum
1475 2399 1965 2471 impervestigabile
1995 2399 2134 2454 divi-

551 2507 634 2548 nat
684 2492 1024 2564 benignitatis
1086 2494 1308 2564 pelagus
1360 2493 1663 2557 enarravit,
1724 2505 1988 2562 quamque
2043 2490 2136 2546 ille

549 2600 736 2642 eorum
778 2587 869 2658 qui
921 2587 990 2642 ad
1047 2601 1167 2642 eum
1224 2600 1344 2643 sese
1400 2595 1720 2642 convertunt
1767 2584 2134 2654 paenitentiam

554 2676 787 2733 libenter
816 2685 1114 2748 exspectet,
1145 2678 1394 2748 quodque
1423 2678 1629 2733 nullum
1679 2678 1856 2733 scelus
1894 2678 1963 2732 sit
1992 2675 2136 2746 quod

551 2768 721 2838 ipsius
749 2770 1151 2826 misericordam
1175 2781 1411 2840 superet,
1443 2772 1488 2827 si
1511 2770 1724 2841 quidem
1755 2771 1820 2824 ad
1854 2770 2134 2824 meliorem

552 2859 760 2930 frugem
810 2859 989 2918 redire
1038 2861 1093 2916 in
1146 2863 1382 2918 animum
1424 2864 1764 2919 inducamus.
1810 2863 1961 2929 Quod
2016 2877 2134 2917 cum

555 2953 739 3009 multis
787 2955 1047 3025 exemplis
1077 2970 1141 3011 ac
1188 2957 1478 3026 Scriptura:
1510 2956 1829 3012 testimoniis
1864 2956 2135 3012 declaras-

558 3053 664 3112 set,
695 3047 925 3101 orationi
954 3046 1114 3103 ﬁnem
1147 3049 1417 3117 imposuit.

625 3136 754 3192 CAP.
803 3138 1024 3194 XXXV.
1047 3165 1110 3183 -‹
1139 3140 1253 3195 Rex
1297 3151 1474 3197 autem
1511 3141 1765 3196 divinitus
1800 3139 1988 3196 tradita
2028 3139 2136 3194 hac

2234 1936 2470 2004 inquam,
2507 1935 2648 1990 illius
2681 1951 2798 2006 quae
2827 1937 3022 1992 clamat
3055 1955 3067 1990 :
3098 1935 3208 2004 Ego
3247 1951 3367 1992 sum
3407 1935 3550 2003 vitis,
3581 1952 3674 1992 vos
3706 1935 3814 2006 pal-

2232 2028 2389 2082 mites
2413 2027 2592 2096 (Joan.
2628 2030 2714 2097 xv)

2306 2122 2386 2176 Ad
2413 2122 2552 2178 hunc
2575 2122 2789 2178 modum
2825 2138 2916 2177 rex
2949 2137 3044 2191 per
3071 2137 3260 2194 aquam
3291 2137 3352 2177 ac
3382 2121 3635 2192 Spiritum
3666 2137 3816 2191 rege-

2235 2225 2474 2284 neratus,
2520 2216 2780 2286 ejusmodi
2821 2217 3088 2285 voluptate
3127 2231 3246 2286 qua:
3277 2216 3418 2271 nulla
3456 2215 3698 2272 oratione
3723 2231 3817 2270 ex-

2235 2309 2423 2378 plicari
2459 2319 2632 2377 potest
2661 2308 3026 2374 afﬁciebatur;
3060 2309 3323 2379 simulque
3351 2307 3514 2363 etiam
3553 2322 3676 2361 cum
3706 2308 3819 2377 ipso

2235 2403 2485 2457 universa
2526 2402 2711 2458 civitas
2750 2417 2811 2456 ac
2852 2402 3070 2456 ﬁnitima
3111 2403 3258 2472 regio
3289 2401 3467 2456 divino
3505 2401 3820 2470 baptismate

2235 2495 2557 2562 donabatur,
2591 2495 2830 2566 lucisque
2862 2496 2955 2550 ﬁlii
2984 2494 3282 2550 existebant
3307 2498 3393 2565 qui
3425 2495 3568 2554 prius
3589 2494 3641 2548 in
3676 2504 3822 2549 tene-

2235 2587 2349 2644 bris
2377 2589 2750 2643 versabantur.
2795 2591 2967 2657 Atque
3013 2589 3188 2642 omnis
3235 2587 3454 2642 morbus
3489 2595 3545 2641 et
3589 2585 3765 2641 omnis
3794 2600 3824 2641 a

2236 2681 2568 2736 daemonibus
2611 2681 2814 2736 inveCta
2859 2679 3133 2735 calamitas
3171 2679 3358 2748 procul
3396 2678 3462 2734 ab
3509 2679 3570 2733 iis
3601 2678 3692 2746 qui
3725 2677 3824 2732 ﬁde

2237 2771 2448 2843 praediti
2497 2773 2658 2844 327
2700 2781 2851 2827 erant
2903 2773 3316 2842 propellebatur,
3366 2786 3658 2841 omnesque
3713 2783 3824 2824 tum

2238 2865 2430 2920 animis
2456 2874 2563 2919 tum
2586 2867 2897 2934 corporibus
2921 2865 3109 2934 integri
3131 2873 3289 2934 atque
3316 2863 3615 2919 incolumes
3643 2873 3822 2944 e_rant.

2239 2957 2664 3027 Multaqueitem
2689 2957 2791 3012 alia
2816 2958 3079 3013 miracula
3108 2957 3229 3012 fidei
3259 2955 3640 3012 conﬁrmanda:
3665 2969 3826 3010 causa

2237 3052 2553 3112 edebantur.
2583 3050 2826 3107 ecclesiae
2867 3051 3026 3106 etiam
3059 3051 3475 3114 :edilieabantur,
3509 3057 3561 3104 et
3589 3046 3828 3118 episcopi

2239 3148 2327 3218 qui
2365 3155 2510 3202 metu
2538 3146 2944 3211 delitescebant,
2973 3146 3024 3200 in
3056 3145 3226 3201 lucem
3262 3144 3566 3213 prodibant,
3599 3155 3829 3212 suasque

555 3228 814 3301 sapientia
852 3243 1230 3302 compunctus,
1262 3233 1462 3305 ingenti
1489 3248 1620 3290 voce
1651 3249 1717 3289 ac
1742 3232 2139 3290 ferventissimo
2164 3227 2212 3290 C
2243 3241 2499 3297 ecclesias
2521 3241 2873 3311 recipiebant.
2906 3243 2979 3295 Ac
3000 3248 3261 3309 praeterea
3289 3239 3403 3303 alii,
3433 3248 3541 3292 tum
3562 3251 3626 3292 ex
3653 3249 3830 3291 sacer-

558 3326 741 3380 animo
794 3326 1065 3382 Christum
1114 3326 1446 3383 Salvatorem
1496 3329 1814 3395 conﬁtetur,
1867 3340 2024 3400 atque
2071 3328 2138 3383 ab

560 3418 707 3472 omni
729 3419 1103 3486 superstitioso
1132 3436 1318 3476 errore
1344 3422 1585 3477 abscedit
1617 3439 1630 3476 :
1664 3422 1992 3493 viviﬁcmque
2019 3438 2140 3478 cru-

559 3508 640 3564 cis
683 3508 892 3580 signum
938 3512 1358 3582 inspectantibus
1397 3515 1647 3569 omnibus
1687 3515 1894 3583 adorat;
1947 3526 2001 3572 et
2042 3532 2141 3571 au-

561 3602 832 3658 dientibus
881 3603 1130 3660 omnibus
1161 3605 1327 3660 Deum
1373 3621 1559 3661 verum
1606 3621 1668 3661 ac
1714 3606 1997 3662 Dominum
2047 3624 2140 3662 no-

559 3705 730 3752 strum
761 3696 943 3753 Jesum
990 3697 1258 3754 Christum
1291 3698 1569 3770 praedicat.
1603 3701 1778 3772 Atque
1817 3716 2145 3758 commemo-

561 3802 675 3846 rata
711 3792 873 3861 priori
921 3807 1016 3847 sua
1063 3791 1362 3864 impietate,
1412 3804 1467 3849 et
1518 3794 1775 3850 adversus
1807 3793 2145 3850 Christianos

561 3884 876 3941 crudelitate
926 3895 979 3941 et
1027 3885 1361 3942 immanitate
1401 3886 1775 3950 condemnata,
1831 3888 2019 3958 ingens
2077 3886 2145 3942 ad

563 3975 814 4042 pietatem
879 3977 1053 4044 portio
1104 3974 1356 4032 efﬁcitur.
1412 3977 1774 4049 Exstabatque
1824 3979 1874 4033 id
1923 3978 2063 4048 quod
2113 3993 2144 4033 a

564 4065 731 4121 Paulo
774 4067 976 4124 dictum
1009 4078 1132 4123 est:
1167 4069 1268 4125 Ubi
1299 4070 1589 4126 abundavit
1630 4071 1902 4141 iniquitas,
1942 4072 2052 4127 illic
2094 4081 2147 4128 et

567 4161 1024 4231 superabundavit
1052 4164 1216 4232 gratia
1245 4162 1422 4235 (Rom.
1454 4163 1532 4235 v).
1558 4165 1690 4220 Cum
1734 4165 1896 4235 igitur
1929 4166 2147 4236 sapien-

569 4253 808 4310 tissimus
834 4254 1093 4325 Josaphat
1121 4257 1281 4311 etiam
1312 4257 1379 4312 ad
1409 4257 1488 4313 rei
1516 4257 1766 4312 militaris
1788 4258 1952 4314 duces
1983 4268 2036 4314 et
2062 4274 2140 4313 sa-

567 4355 770 4419 trapas,
801 4355 962 4419 atque
994 4350 1058 4404 ad
1090 4365 1306 4406 omnem
1326 4339 1565 4422 'denique
1616 4352 1871 4422 populum
1923 4352 1987 4408 de
2037 4352 2148 4407 Deo

568 4451 726 4512 atque
744 4456 871 4513 erga
896 4443 1066 4513 ipsum
1092 4444 1288 4514 pietate
1312 4443 1476 4499 multa
1495 4444 1656 4500 verba
1680 4444 1898 4509 faceret,
1924 4457 1978 4500 et
1997 4445 2148 4504 euasi

567 4533 723 4604 ignea
752 4534 928 4605 lingua
962 4534 1272 4605 praeclarum
1318 4535 1518 4606 aliquid
1574 4552 1636 4592 ac
1684 4537 2010 4593 modulatum
2059 4553 2150 4594 ca-

2242 3333 2426 3390 dolum
2468 3337 2582 3388 tum
2626 3347 2692 3388 ex
2735 3331 3119 3388 monachorum
3151 3330 3364 3397 ordine,
3407 3328 3473 3384 ad
3503 3327 3831 3399 pascendum

2242 3425 2442 3482 Christi
2472 3440 2688 3496 gregem
2723 3424 3155 3480 instituebantur.
3187 3423 3354 3479 Porro
3376 3438 3468 3478 rex
3496 3423 3746 3478 Ahenner
3765 3421 3832 3476 ad

2244 3523 2384 3578 hunc
2427 3522 2641 3577 modum
2691 3520 2757 3575 ab
2799 3521 3039 3590 improba
3079 3527 3133 3574 et
3171 3517 3432 3588 ﬂagitiosa
3471 3516 3593 3570 vita:
3624 3517 3834 3572 ratione

2244 3630 2366 3672 sese
2395 3629 2704 3680 removens,
2756 3627 2820 3668 ac
2847 3612 2915 3667 de
2956 3612 3275 3681 perpetratis
3322 3608 3616 3664 sceleribus
3661 3606 3833 3676 paeni-

2244 3707 2466 3762 tentiam
2498 3719 2680 3775 agens,
2731 3705 2937 3774 regium
2981 3717 3141 3758 omne
3181 3702 3464 3770 imperium
3508 3698 3620 3754 tilio
3651 3697 3834 3762 tradit,

2246 3802 2360 3873 ipse
2388 3810 2566 3855 autem
2587 3799 2640 3854 in
2665 3798 2948 3854 solitudine
2969 3796 3191 3869 degens,
3215 3803 3479 3866 caputque
3509 3795 3692 3849 cinere
3720 3795 3835 3848 sine

2247 3895 2350 3950 ulla
2376 3892 2770 3950 intermissione
2789 3906 3095 3962 aspergens,
3117 3899 3171 3946 et
3185 3903 3374 3961 graves
3396 3888 3624 3960 gemitus
3645 3885 3834 3953 edens,

2246 4000 2311 4041 ac
2337 4001 2458 4042 sese
2487 3983 2740 4055 lacrytnis
2768 3984 3012 4050 abluens,
3039 3983 3185 4039 solus
3209 3997 3330 4038 cum
3358 3997 3423 4037 eo
3453 3981 3569 4037 solo
3599 3981 3688 4051 qui
3719 3981 3837 4035 ubi-

2248 4092 2354 4148 que
2383 4091 2624 4147 prmsens
2652 4086 2735 4133 est
2759 4075 3186 4148 colloquebatur,
3212 4089 3472 4131 noxarum
3499 4089 3716 4129 suarum
3744 4089 3838 4130 ve-

2250 4170 2390 4226 niam
2429 4169 2498 4224 ab
2537 4185 2602 4225 eo
2639 4179 2848 4240 petens.
2891 4169 3028 4235 Quin
3064 4169 3120 4223 in
3171 4176 3370 4222 tantam
3411 4164 3839 4236 compunctionis

2249 4273 2408 4334 atque
2453 4261 2767 4318 humilitatis
2810 4261 3060 4333 abyssum
3103 4276 3222 4316 sese
3275 4258 3507 4324 demisit,
3566 4267 3621 4313 ut
3660 4257 3836 4328 ipsum

2251 4370 2460 4426 quoque
2498 4355 2589 4409 Dei
2634 4368 2830 4410 nomen
2857 4353 3011 4408 labiis
3042 4367 3300 4421 usurpare
3331 4358 3625 4418 recusaret,
3655 4365 3716 4404 ac
3744 4351 3838 4404 vix

2253 4448 2467 4502 tandem
2495 4463 2524 4500 a
2557 4445 2664 4500 ﬁlio
2685 4445 3014 4512 admonitus,
3046 4443 3171 4499 illud
3203 4443 3559 4523 pronunciare
3586 4442 3837 4497 auderet.

2251 4540 2422 4596 Tanta
2446 4547 2622 4594 autem
2652 4553 2714 4593 ac
2748 4547 2854 4592 tam
2887 4535 3142 4607 praeclara
3172 4536 3223 4590 in
3248 4550 3316 4591 eo
3345 4535 3468 4590 vitae
3493 4535 3843 4590 commutatio

569 4638 745 4692 neret,
773 4630 1156 4698 superveniens
1194 4630 1425 4701 Spiritus
1457 4633 1626 4686 sancti
1649 4632 1818 4702 gratia
1851 4647 2035 4687 omnes
2082 4631 2148 4686 ad
2177 4620 2227 4679 Ῑ)
2256 4635 2374 4701 fuit,
2408 4651 2471 4691 ac
2497 4643 2641 4689 tanta
2674 4649 2796 4690 cum
2825 4635 2981 4690 laude
3017 4634 3226 4688 virtutis
3256 4634 3356 4689 iter
3387 4634 3578 4697 tenuit,
3614 4643 3668 4687 ut
3697 4632 3843 4702 prio-

571 4720 947 4776 cclebrandam
977 4722 1074 4777 Dei
1101 4723 1325 4793 gloriam
1353 4724 1648 4790 excitabat;
1682 4724 1754 4780 ita
1805 4734 1863 4780 ut
1905 4727 2151 4782 universa

572 4813 861 4871 multitudo
894 4829 996 4868 una
1027 4830 1158 4870 voce
1216 4815 1472 4872 clamaret
1507 4834 1520 4871 :
1552 4816 1772 4887 Magnus
1826 4818 2154 4874 Christiano-

575 4924 693 4964 rum
717 4909 860 4964 Deus
889 4917 1001 4975 est,
1035 4923 1134 4964 nec
1167 4918 1359 4979 praeter
1390 4910 1670 4966 Dominum
1702 4920 1944 4967 nostrum
1966 4912 2150 4968 Jesum

575 4999 871 5068 Christum,
903 5017 992 5071 qm
1019 5015 1139 5056 cum
1168 5002 1326 5057 Patre
1349 5010 1404 5058 et
1432 5001 1636 5072 Spiritu
1667 5012 1854 5060 sancto
1883 5007 2152 5077 gloriﬁca-

573 5103 680 5165 tur,
711 5094 847 5150 alius
874 5093 1015 5149 Deus
1055 5103 1157 5150 est.

651 5186 842 5242 Divino
875 5202 1038 5258 porro
1071 5187 1185 5243 zelo
1215 5187 1467 5257 impletus
1488 5204 1587 5245 rex
1619 5189 1890 5257 Abenner,
1915 5191 1967 5245 in
1990 5205 2152 5246 aurea

574 5281 668 5335 illa
699 5291 754 5336 et
784 5291 1036 5354 argentea
1087 5281 1260 5347 idola,
1301 5298 1419 5352 qua:
1456 5283 1512 5337 in
1541 5283 1707 5352 ipsius
1735 5283 1935 5352 palatio
1964 5291 2152 5351 erant,

571 5375 683 5428 acri
732 5376 914 5430 animo
956 5376 1210 5446 impetum
1263 5377 1432 5444 facit,
1485 5391 1655 5447 eaque
1696 5377 1874 5432 omnia
1920 5377 2102 5447 dejicit
2135 5419 2150 5444 ,

574 5473 870 5536 posteaque
925 5467 975 5521 in
1023 5470 1256 5525 minutas
1310 5478 1490 5540 partes
1564 5469 1776 5524 redacta
1835 5471 2154 5540 pauperibus

575 5555 852 5612 distribuit
883 5575 895 5609 :
926 5559 1005 5614 sic
1034 5561 1290 5616 nimirum
1323 5562 1469 5618 utilia
1493 5575 1554 5617 ea
1587 5560 1836 5626 reddens,
1861 5577 1978 5631 qua:
2004 5562 2153 5631 prius

577 5648 808 5706 utilitate
840 5652 984 5705 omni
1033 5667 1097 5707 ac
1147 5653 1322 5709 fructu
1371 5655 1645 5710 carebant.
1678 5655 1814 5722 Quin
1847 5657 2008 5710 etiam
2043 5657 2155 5724 ipse

579 5757 701 5798 cum
733 5742 841 5796 tilio
872 5741 1133 5798 idolorum
1169 5745 1363 5813 templa
1394 5757 1448 5800 et
1476 5762 1596 5801 aras
1625 5762 1812 5802 omnes
1865 5747 2113 5802 obsidens
2137 5791 2152 5816 ,

577 5853 609 5894 a
637 5838 997 5894 fundamentis
1027 5836 1141 5908 ipsa
1166 5841 1327 5906 eruit,
1351 5855 1641 5912 eorumque
1672 5842 1789 5900 loco
1820 5844 2015 5912 templa
2047 5842 2156 5899 Deo

2257 4748 2375 4788 rum
2430 4732 2767 4801 iniquitatum
2817 4732 3166 4802 ignorantiam
3211 4729 3425 4798 pietatis
3478 4728 3846 4798 magnitudine

2257 4834 2555 4896 superaret.
2584 4823 2714 4879 Cum
2744 4833 2921 4878 autem
2971 4833 3199 4892 quatuor
3241 4836 3411 4878 annos
3442 4821 3544 4876 hoc
3591 4832 3746 4892 pacto
3787 4822 3846 4877 in

2258 4913 2567 4987 poenitentia
2613 4924 2669 4971 et
2712 4913 2961 4986 lacrymis
3010 4924 3171 4984 atque
3214 4914 3358 4969 omni
3389 4913 3601 4969 virtutis
3646 4928 3848 4984 genere

2258 5011 2626 5080 transegisset,
2655 5009 2707 5063 in
2732 5008 2982 5065 lethalem
3006 5008 3250 5064 morbum
3273 5007 3481 5064 incidit.
3504 5008 3640 5064 Cum
3665 5018 3847 5064 autem

2257 5101 2358 5172 ipsi
2381 5102 2501 5155 vitae
2527 5101 2649 5156 ﬁnis
2677 5101 3000 5167 immineret,
3029 5101 3082 5155 in
3105 5109 3248 5156 metu
3275 5101 3544 5171 animique
3571 5101 3850 5156 anxietate

2259 5195 2469 5249 versari
2506 5195 2689 5264 erepit,
2734 5193 2873 5248 mala
2918 5209 2981 5249 ea
3013 5209 3132 5264 qua:
3157 5207 3186 5248 a
3215 5209 3273 5248 se
3301 5201 3604 5263 perpetrata
3638 5192 3851 5248 fuerant

2260 5287 2313 5342 in
2365 5289 2678 5342 memoriam
2729 5301 3005 5340 revocans.
3065 5289 3136 5340 At
3182 5284 3438 5354 Josaphat
3488 5283 3850 5340 consolatoria

2261 5379 2504 5434 oratione
2553 5386 2795 5433 coortum
2845 5376 2894 5432 ei
2934 5381 3183 5434 maeroris
3234 5393 3368 5434 unus
3410 5377 3728 5445 sublevavit,
3763 5378 3852 5432 his

2262 5474 2436 5531 verbis
2463 5482 2648 5527 utens:
2680 5472 2854 5537 Quare
2887 5471 3050 5526 tristis
3077 5486 3154 5538 es,
3181 5485 3216 5525 o
3244 5481 3414 5541 pater,
3441 5480 3496 5527 et
3516 5485 3682 5526 auare
3713 5471 3851 5540 teip-

2263 5585 2380 5624 suttt
2409 5564 2697 5622 conturbas
2726 5561 2901 5632 (Psal.
2932 5562 3087 5631 xu)?
3120 5563 3285 5632 Spera
3327 5563 3380 5617 in
3427 5565 3558 5632 Deo,
3591 5572 3644 5618 et
3669 5561 3852 5618 conﬁ-

2267 5671 2378 5716 tere
2408 5660 2528 5730 ip~i,
2573 5657 2662 5728 qui
2707 5665 2785 5712 est
2823 5671 2945 5725 spes
2988 5657 3226 5712 omnium
3269 5659 3451 5712 ﬁnium
3486 5669 3662 5723 terrae,
3698 5667 3751 5712 et
3792 5657 3850 5712 in

2267 5754 2397 5807 ιιιιυὶ
2435 5752 2588 5819 longe
2621 5749 2790 5818 (Psal.
2838 5750 3002 5818 ωιιν),
3047 5751 3135 5818 qui
3171 5766 3275 5819 per
3305 5751 3611 5819 prophetam
3642 5751 3846 5806 clama-

2267 5847 2380 5904 vit:
2417 5843 2707 5911 LilValltlltl,
2741 5843 2922 5898 mundi
2952 5853 3142 5914 estote,
3185 5842 3389 5900 auferte
3417 5847 3611 5901 malum
3641 5849 3847 5916 cogita-
