4158 6354
318 399 428 459 585

794 393 957 452 Vl'l’A
992 392 1413 451 SANCTORUM
1454 390 1787 450 BA-RLAAM
1834 384 2168 449 ΕΚΕΜΙΤᾸΞ
2210 388 2296 445 ET
2332 385 2679 446 JOSAPHAT
2721 382 2924 442 INDUE
2959 380 3191 441 REGIS.

3489 376 3595 438 586

317 519 527 566 ttouutu
555 516 851 564 vestrarum
886 508 955 565 ab
984 508 1155 564 oculis
1190 508 1322 564 meis
1349 506 1535 563 discite
1565 505 1911 566 benefacere.
1945 505 1994 565 A
2024 501 2205 570 affers,
2232 502 2456 558 Domine
2487 502 2610 558 Jesu
2641 500 2871 568 Christe,
2904 481 3342 570 quoniam'decet
3362 494 3608 567 tegloria

313 597 389 657 Et
413 600 462 658 si
487 600 690 657 fuerint
718 610 938 671 peccata
960 608 1137 656 vestra
1167 602 1308 656 sicut
1334 601 1634 671 coccinum,
1658 614 1907 674 tanquam

315 696 413 754 nix
453 695 878 762 d'eelbabuntur;
913 704 961 751 et
993 695 1039 751 si
1071 694 1271 751 fuerint
1293 696 1451 751 rubra
1483 703 1619 752 sicut
1644 714 1911 757 vermicu-

316 788 427 855 lus,
457 798 707 861 tanquam
737 790 858 845 lana
901 788 1018 844 alba
1057 796 1214 844 erunt
1241 786 1422 859 (Isaia:
1447 788 1512 859 ι).
1544 790 1804 857 Quocirca
1845 809 1913 850 ne

317 881 534 953 timeas,
581 900 614 938 ο
654 868 823 951 pater,
855 894 955 938 nec
994 880 1161 937 dubio
1199 882 1378 937 animo
1422 883 1525 949 sis;
1556 898 1728 954 neque
1768 886 1911 941 enim

317 989 505 1036 eorum
551 976 638 1045 qui
682 976 751 1030 ad
784 975 951 1029 Deum
994 989 1117 1030 sese
1152 984 1494 1041 convertunt,
1540 987 1779 1045 peccata,
1816 978 1913 1033 im-

316 1086 558 1130 mensam
585 1071 751 1140 ipsius
776 1067 1069 1126 bonitatem
1094 1070 1337 1125 vincunt.
1368 1069 1461 1124 Illa
1495 1072 1640 1125 enim
1672 1087 1912 1140 quocun-

316 1181 426 1237 que
461 1166 676 1222 tandem
706 1180 929 1221 numero
967 1164 1185 1232 fuerint,
1218 1165 1319 1221 sub
1348 1179 1660 1222 mensuram
1691 1166 1910 1232 cadunt,

318 1262 461 1316 hanc
487 1270 666 1316 autem
695 1274 796 1316 nec
839 1258 1019 1315 metiri
1049 1274 1147 1315 nec
1175 1275 1461 1316 numerare
1501 1260 1782 1331 quisquam
1815 1274 1913 1330 po»

317 1362 447 1411 test.
496 1355 757 1422 Quocirca
808 1354 923 1409 fieri
971 1370 1078 1409 non
1126 1364 1320 1425 potest,
1371 1363 1431 1410 ut
1471 1356 1613 1424 quod
1647 1371 1913 1413 mensura:

318 1446 628 1519 subjicitur,
671 1447 725 1502 id
754 1446 895 1517 quod
928 1447 1075 1503 nulla
1108 1462 1355 1504 mensura
1397 1449 1777 1519 comprehendi
1820 1464 1916 1520 po-

318 1550 449 1609 test,
479 1552 716 1612 superet.

394 1631 719 1703 llujusmodi
752 1632 936 1689 verbis
964 1632 1030 1689 ad
1055 1633 1443 1689 consolandum
1475 1634 1913 1701 accommodatis,

319 1722 488 1795 ipsius
518 1725 756 1780 animum
799 1723 1029 1791 leniens,
1066 1740 1129 1781 ac
1159 1726 1306 1781 velut
1347 1736 1664 1793 excantans,
1694 1743 1817 1783 eum
1849 1728 1916 1783 ad

319 1814 519 1872 bonam
548 1831 697 1887 spem
727 1815 1018 1873 revocavit.
1044 1816 1252 1873 Deinde
1283 1827 1453 1887 pater,
1485 1818 1722 1873 extensis
1744 1818 1917 1873 mani-

2018 598 2072 653 in
2101 595 2319 652 sazculu.
2349 596 2539 651 Amen.
3384 634 3387 635 ν

2075 668 2403 758 Ἠυῇαεηιοᾶί
2439 701 2624 755 preces
2652 697 2706 741 et
2733 685 3004 741 orationes
3038 684 3146 739 Deo
3171 681 3455 748 offerebat,
3483 693 3609 749 sep-

2016 788 2122 835 tem
2156 780 2271 835 dies
2309 795 2339 833 a
2370 780 2616 848 sepulcro
2653 778 2872 832 omnino
2904 791 3008 831 non
3038 774 3343 838 discedens,
3376 786 3476 826 nec
3502 769 3606 825 cibi

2017 871 2303 941 quidquam
2353 880 2445 926 aut
2492 880 2647 940 potus
2696 870 3005 935 admittens,
3058 883 3157 923 nec
3191 880 3376 922 rursus
3417 876 3609 919 somno

2016 960 2214 1033 corpus
2267 979 2537 1029 recreans,
2592 964 2754 1034 328
2803 977 2987 1017 verum
3031 972 3083 1017 et
3138 961 3391 1030 lacrymts
3436 956 3610 1011 solum

2016 1058 2199 1129 rigans
2224 1057 2397 1129 (Psal.
2420 1057 2597 1127 cxu),
2622 1066 2676 1112 et
2704 1072 2827 1112 cum
2860 1055 3087 1111 luctibus
3114 1068 3326 1109 omnem
3354 1049 3613 1107 orationis

2019 1150 2328 1206 facultatem
2363 1151 2740 1222 superantibus
2769 1150 2820 1205 in
2851 1150 3093 1204 oratione
3115 1156 3376 1217 perstans.
3410 1144 3614 1199 Octavo

2019 1254 2203 1299 autem
2234 1244 2466 1314 denique
2493 1244 2579 1299 die
2603 1244 2654 1298 in
2684 1243 2936 1313 palatium
2965 1255 3232 1305 reversus,
3263 1252 3395 1308 opes
3421 1251 3611 1292 omnes

2019 1351 2082 1392 ac
2109 1338 2360 1405 pecunias
2384 1335 2705 1406 pauperibus
2728 1336 3027 1400 distribuit;
3051 1334 3186 1389 adeo
3210 1342 3267 1387 ttt
3296 1332 3475 1387 nullus
3498 1330 3613 1400 jam

2020 1429 2108 1497 qui
2134 1444 2311 1484 rerum
2341 1429 2522 1497 inepia
2570 1437 2921 1497 premeretur,
2957 1433 3283 1496 superesset.
3314 1422 3615 1492 Paucisque

2021 1520 2212 1575 diebus
2262 1520 2315 1574 in
2350 1520 2657 1590 lmjusmodi
2688 1520 2988 1575 ministerio
3015 1519 3241 1583 exactis,
3276 1530 3464 1573 omnes
3497 1518 3615 1570 the-

2022 1628 2211 1669 sauros
2260 1613 2540 1669 exhausit:
2597 1614 2647 1669 id
2696 1614 2943 1669 videlicet
2989 1628 3173 1681 agens,
3225 1626 3291 1667 ne
3334 1619 3617 1682 angustam

2022 1715 2232 1774 portam
2282 1705 2503 1761 introire
2548 1705 2756 1777 paranti
2785 1706 3131 1777 pecuniarum
3182 1704 3352 1760 moles
3395 1702 3619 1771 impedi-

2024 1808 2261 1854 mentum
2294 1798 2509 1854 allerrct
3361 1793 3370 1802 ’

319 1909 443 1977 bus,
468 1909 667 1982 gratias
690 1908 789 1980 ipsi
815 1910 1026 1981 agebat,
1048 1925 1109 1964 ac
1136 1910 1273 1967 bene
1302 1912 1642 1980 precabatur,
1667 1910 1915 1982 diemque
1948 1900 1994 1960 Β
2093 1912 2223 1968 CAP.
2256 1912 2500 1968 XXXVI.
2531 1943 2601 1953 —
2629 1914 2701 1968 At.
2730 1928 2859 1970 vero
2892 1912 3299 1984 quadragesimo
3344 1926 3374 1962 a
3416 1906 3621 1979 paterni

320 2020 445 2060 eum
470 2020 576 2073 quo
599 2006 784 2077 ipsein
814 2005 985 2059 lucem
1003 2004 1181 2060 editus
1203 2014 1348 2060 esset
1369 2004 1613 2059 laudibus
1639 2004 1915 2073 efferabat,

321 2094 407 2149 bis
439 2096 621 2152 verbis
647 2105 834 2152 utens:
868 2095 1186 2152 Dulcissime
1212 2097 1311 2164 ﬁli,
1337 2096 1409 2151 flli
1438 2097 1674 2169 inquam,
1698 2098 1788 2169 qui
1810 2115 1920 2155 non

321 2197 430 2244 tam
480 2205 629 2245 meus
671 2204 730 2245 es
770 2196 939 2259 quam‘
968 2189 1203 2244 cmlestis
1244 2188 1438 2256 Patris,
1488 2203 1774 2258 quamnam
1826 2188 1919 2245 tibi

320 2284 545 2353 gratiam
591 2282 860 2339 referam?
905 2283 1100 2353 quibus
1143 2290 1194 2337 te
1236 2282 1703 2340 benedictionibus
1737 2298 1921 2352 prosc-

321 2374 500 2445 quar?
544 2389 675 2445 quas
708 2373 818 2430 Deo
864 2384 951 2430 tua
983 2389 1143 2430 causa
1174 2374 1373 2445 gratias
1408 2374 1602 2443 agam?
1649 2372 1921 2429 Perieram

323 2468 494 2534 enim,
537 2484 599 2524 ac
627 2478 714 2524 tua
746 2485 906 2541 opera
935 2470 1183 2526 inventus
1222 2485 1379 2536 sum;
1420 2480 1647 2540 peccato
1677 2478 1923 2526 mortuus

322 2579 499 2633 erant,
528 2576 579 2621 ct
608 2564 778 2621 revixi
822 2564 1000 2637 (Luca:
1029 2564 1159 2637 xv);
1199 2566 1368 2621 hostis
1395 2574 1451 2621 et
1477 2564 1769 2636 perduellis
1802 2564 1919 2629 Dei,

324 2668 380 2716 et
400 2662 463 2719 in
490 2659 719 2729 gratiam
755 2669 1003 2730 receptus
1041 2672 1181 2714 sum.
1227 2660 1364 2726 Quid
1399 2659 1556 2730 igitur
1587 2660 1678 2714 tibi
1709 2674 1808 2729 pro
1839 2658 1923 2713 his

326 2751 576 2808 omnibus
604 2751 893 2821 rependam
943 2752 1119 2824 (Paul.
1164 2752 1338 2823 xxx)?
1383 2753 1523 2809 Deus
1564 2762 1649 2809 est
1676 2754 1765 2824 qui
1794 2752 1924 2809 satis

326 2845 524 2915 amplis
570 2846 800 2915 praemiis
844 2854 895 2902 te
936 2847 1269 2904 remunerari
1310 2859 1489 2921 queat.
1525 2848 1637 2905 lloc
1673 2864 1926 2905 sermone

326 2936 540 3005 habito,
572 2952 692 2992 cum
734 2936 1107 2994 charissimum
1152 2938 1316 2995 lilium
1357 2941 1553 3011 saepius
1585 2944 1926 2997 exosculatus

327 3028 542 3099 fuisset,
575 3047 637 3087 ac
667 3031 861 3089 deinde
900 3048 1090 3102 preces
1126 3031 1376 3103 fudisset,
1421 3043 1600 3107 atque,
1634 3034 1695 3089 In
1738 3050 1926 3091 manus

330 3136 475 3193 tuas,
508 3142 542 3184 ο
583 3127 813 3200 benigne
857 3127 1017 3195 Deus,
1062 3129 1383 3185 commendo
1424 3130 1672 3200 Spiritum
1723 3144 1923 3195 meum,

330 3220 579 3292 dixisset,
622 3222 678 3278 in
722 3221 1036 3293 paenitentia
1078 3223 1311 3280 animam
1356 3237 1508 3279 suam
1540 3223 1769 3280 Domino
1801 3223 1926 3281 red-

328 3315 488 3374 didit.

328 3511 670 3574 prosecutus,
701 3502 967 3575 justisque
1013 3504 1114 3574 ipsi
1147 3503 1454 3574 persolutis,
1489 3518 1684 3573 corpus
1724 3503 1839 3575 ejus
1870 3504 1926 3559 in

329 3594 544 3665 piorum
574 3595 812 3651 virorum
835 3594 1098 3666 sepulcris
1126 3595 1385 3651 condidit.
1415 3595 1524 3651 Nec
1550 3605 1726 3653 tamen
1759 3596 1929 3666 ipsius

330 3699 532 3756 corpus
583 3686 728 3757 regia
772 3695 921 3742 veste
963 3685 1219 3751 obvolvit,
1266 3686 1360 3743 sed
1407 3688 1737 3756 paenitentia:
1768 3687 1931 3743 vesti-

336 3778 541 3834 mentis
589 3780 886 3835 exornavit.
927 3778 1103 3850 Atque
1134 3779 1248 3849 ipse
1278 3779 1332 3833 in
1380 3778 1626 3849 sepulcro
1654 3790 1823 3848 stans,
1866 3796 1930 3837 ac

334 3883 531 3926 manus
554 3870 605 3927 in
633 3870 831 3927 ctelum
860 3870 1109 3938 tendens,
1139 3870 1511 3942 lacrymasque
1540 3886 1605 3928 ex
1638 3872 1805 3927 oculis
1831 3871 1929 3927 llu-

336 3964 415 4018 vii
448 3963 619 4020 instar
646 3963 1001 4035 profundens,
1034 3963 1117 4020 his
1145 3963 1323 4019 verbis
1352 3964 1419 4019 ad
1446 3964 1613 4019 Deum
1643 3964 1926 4021 clamavit:

407 4055 621 4114 Gratias
645 4058 736 4114 tibi
762 4072 883 4130 ago,
910 4057 1049 4113 Deus
1069 4056 1185 4112 Rex
1210 4056 1416 4126 glorias,
1444 4057 1537 4127 qui
1561 4057 1709 4113 solus
1740 4067 1931 4128 potens

334 4158 392 4205 et
430 4150 750 4207 immortalis
782 4166 866 4218 es,
896 4150 1147 4221 quoniam
1180 4151 1478 4207 orationem
1507 4166 1680 4207 meam
1711 4151 1934 4207 minime

335 4244 657 4315 despexisti,
689 4259 788 4300 nec
812 4245 1077 4316 lacrymas
1096 4259 1246 4301 meas
1274 4259 1368 4314 pro
1390 4244 1558 4301 nihilo
1578 4244 1810 4301 duxisti:
1841 4261 1936 4302 ve-

336 4350 459 4394 rum
498 4353 716 4394 servum
745 4349 894 4395 tuum
939 4353 1002 4395 ac
1030 4348 1236 4410 patrem
1282 4350 1459 4397 meum
1488 4354 1520 4393 a
1550 4340 1808 4395 scelerata
1842 4338 1934 4393 vi-

336 4428 499 4486 vendi
543 4430 751 4486 ratione
778 4440 1087 4498 avocatutn,
1118 4432 1185 4487 ad
1238 4440 1290 4487 te
1318 4432 1556 4487 omnium
1602 4433 1933 4489 Salvatorem

336 4521 921 4595 pertraherevoluisti,
970 4538 1094 4579 eum
1124 4522 1383 4585 videlicet
1432 4523 1499 4579 ab
1546 4524 1813 4579 idolorum
1850 4540 1937 4580 er-

336 4627 466 4673 rore
503 4614 794 4681 abducens,
837 4624 995 4686 atque
1024 4614 1125 4685 ipsi
1162 4615 1267 4671 hoc
1305 4614 1533 4682 donans,
1576 4626 1636 4670 ut
1683 4624 1735 4671 te
1763 4616 1931 4672 Deum

2029 2004 2210 2060 obitus
2259 2005 2347 2061 die
2377 2008 2690 2061 memoriam
2724 2005 2886 2077 ipsius
2930 2006 3227 2074 celebrans,
3282 2002 3623 2072 magistratus

2027 2114 2214 2155 omnes
2237 2114 2300 2155 ac
2320 2099 2565 2156 militaris
2594 2100 2779 2157 classis
2806 2109 2857 2157 et
2882 2101 3073 2170 plebeii
3097 2101 3301 2155 ordinis
3323 2100 3462 2154 haud
3490 2114 3624 2167 pau«

2028 2205 2121 2247 cos
2149 2201 2449 2258 convocat;
2477 2202 2636 2263 atque
2668 2194 2718 2247 in
2748 2192 2895 2262 regio
2929 2192 3121 2248 throno
3152 2193 3368 2256 sedens,
3417 2195 3623 2252 eunetis

2029 2284 2370 2340 audientibus
2402 2285 2541 2340 hanc
2570 2286 2865 2345 orationem
2896 2284 3111 2340 habuit:
3140 2284 3243 2350 En,
3275 2293 3332 2339 ut
3360 2286 3458 2354 ipsi
3491 2302 3621 2341 cer-

2030 2378 2174 2443 nitis,
2199 2378 2449 2434 Abenner
2471 2394 2561 2433 rex
2584 2392 2648 2433 ac
2684 2388 2832 2447 pater
2856 2392 3027 2443 meus,
3053 2377 3192 2431 haud
3223 2393 3381 2434 secus
3400 2393 3462 2433 ac
3494 2395 3621 2448 pau-

2031 2485 2218 2539 perum
2241 2471 2417 2540 quivis
2444 2480 2668 2526 mortem
2690 2471 2844 2526 obiit.
2877 2472 2955 2525 Ae
2976 2486 3075 2526 nec
3097 2470 3320 2536 divitias,
3347 2488 3444 2528 nec
3469 2487 3620 2542 opes,

2032 2580 2134 2618 nec
2157 2563 2299 2633 regia
2320 2563 2512 2633 gloria,
2544 2578 2644 2618 nec
2671 2578 2884 2619 rursum
2914 2579 3014 2634 ego
3039 2564 3200 2632 patris
3221 2565 3625 2620 amantissimus

2031 2656 2194 2726 filius,
2242 2672 2342 2713 nec
2392 2658 2720 2727 reliquorum
2764 2657 2932 2727 ipsius
2960 2658 3253 2713 amicorum
3284 2673 3347 2713 ac
3376 2668 3625 2728 cognato~

2031 2766 2150 2805 rum
2184 2752 2461 2822 quisquam
2490 2767 2655 2821 opem
2684 2751 2787 2820 ipsi
2826 2762 2880 2807 et
2926 2751 3179 2807 auxilium
3214 2751 3426 2819 afferre,
3461 2759 3622 2821 atque

2034 2845 2100 2900 ab
2125 2845 2412 2901 inevitabili
2442 2846 2706 2901 sententia
2737 2846 2910 2914 ipsum
2934 2849 3171 2903 eximere
3196 2849 3401 2916 potuit;
3432 2863 3617 2903 verum

2040 2936 2106 2992 ad
2129 2938 2263 2992 illud
2297 2939 2555 3004 tribunal,
2590 2946 2647 2993 ut
2676 2941 2954 3008 prmsentis
2976 2939 3096 2995 vitae
3125 2941 3386 2996 rationem
3416 2942 3627 3005 reddat,

2033 3030 2412 3098 proficiscitur,
2462 3032 2737 3086 neminem
2784 3030 3004 3085 omnino
3058 3031 3146 3100 qui
3195 3032 3294 3100 ipsi
3336 3030 3627 3100 epituletur

2036 3136 2220 3176 secum
2270 3122 2510 3187 ducens,
2561 3123 2628 3177 iis
2675 3122 2935 3177 duntaxat
2982 3122 3220 3189 exceptis
3269 3123 3625 3193 (quaecunque

2040 3214 2255 3269 tandem
2288 3213 2378 3269 illa
2406 3212 2629 3285 fuerint)
2671 3229 2790 3283 quae
2835 3215 2902 3270 ab
2938 3228 3004 3269 eo
3032 3221 3180 3284 gesta
3211 3222 3355 3267 sunt.
3389 3213 3500 3269 Hoc
3530 3229 3628 3269 au-

1954 3286 2002 3353 c
2035 3316 2143 3364 tem
2176 3308 2353 3379 ipsum
2392 3321 2604 3377 quoque
2633 3306 2884 3362 omnibus
2928 3307 3017 3376 qui
3058 3306 3337 3363 mortalem
3383 3317 3629 3363 naturam

406 3410 576 3468 Filius
606 3420 783 3469 autem
822 3410 1080 3483 Josaphat
1118 3420 1323 3484 patrem
1368 3422 1633 3468 mortuum
1673 3412 1925 3483 lacrymis
1976 3464 1981 3467 Α

2034 3403 2180 3459 nacti
2212 3411 2337 3459 sunt
2363 3402 2682 3471 contingere
2710 3410 2899 3457 natura
2925 3409 3293 3472 comparatum
3322 3412 3424 3469 eSt,
3456 3418 3630 3473 neque

2035 3499 2191 3555 aliter
2220 3496 2331 3554 ﬁeri
2383 3495 2782 3567 potest.‘Nunc
2827 3497 2986 3566 igitur
3028 3496 3209 3552 audite
3250 3511 3357 3565 me,
3386 3512 3419 3551 o
3446 3496 3541 3553 lilii
3568 3512 3633 3553 ac

2037 3593 2249 3658 fratres,
2297 3590 2451 3663 plebs
2503 3590 2736 3657 Domini,
2795 3598 2850 3645 et
2893 3597 3078 3645 sancta
3135 3588 3438 3655 haereditas,
3493 3604 3630 3661 quos

2035 3684 2288 3741 Christus
2319 3684 2461 3739 Deus
2490 3692 2675 3740 noster
2699 3684 2941 3753 pretioso
2970 3682 3231 3754 sanguine
3255 3696 3352 3737 suo
3381 3682 3633 3750 redemit,

2037 3789 2197 3848 atque
2219 3795 2248 3831 τι
2270 3778 2443 3834 veteri
2469 3792 2654 3833 errore
2678 3786 2733 3832 et
2778 3777 3070 3833 adversarii
3103 3776 3358 3832 servitute
3382 3775 3433 3830 in
3467 3776 3630 3832 liber-

2040 3881 2207 3929 tatem
2237 3872 2547 3928 vindicavit.
2579 3872 2690 3928 Vos
2721 3886 2897 3927 meam
2928 3870 3070 3928 inter
3098 3886 3192 3927 vos
3223 3872 3346 3927 vitae
3368 3872 3633 3928 rationem

2040 3968 2241 4023 nostis:
2274 3981 2468 4037 nempe
2507 3964 2650 4037 quod
2697 3980 2763 4021 ex
2808 3980 2915 4037 quo
2944 3974 3183 4036 tempore
3212 3965 3407 4021 Christi
3451 3966 3636 4037 cogni-

2042 4060 2239 4116 tionem
2267 4067 2609 4124 consecutus,
2645 4056 2936 4129 divinoque
2966 4057 3229 4114 beneﬁcio
3254 4057 3420 4128 ipsius
3446 4073 3637 4115 servus

2042 4149 2269 4207 eﬂ'ectus
2297 4166 2441 4218 sum,
2474 4150 2724 4208 omnibus
2751 4151 2871 4206 aliis
2907 4151 3068 4207 rebus
3110 4153 3432 4221 contemptis
3478 4160 3640 4223 atque

2043 4244 2168 4299 odio
2197 4243 2416 4312 habitis,
2462 4244 2629 4314 ipsius
2664 4246 2921 4300 duntaxat
2949 4244 3239 4315 cupiditate
3275 4244 3517 4315 ﬂagravi,
3559 4245 3639 4300 id.

2025 4351 2151 4419 .que
2190 4352 2353 4391 unum
2386 4335 2513 4392 mihi
2558 4338 2614 4392 in
2645 4338 2782 4392 votis
2812 4337 2930 4402 fuit,
2965 4347 3021 4391 ut
3062 4352 3127 4391 ex
3158 4337 3312 4405 hujus
3347 4338 3466 4391 vitae
3500 4348 3638 4393 tctu-

2047 4438 2274 4499 pestate,
2304 4439 2462 4501 atque
2496 4431 2640 4485 inani
2671 4430 3078 4500 perturbatione
3107 4444 3170 4483 ac
3200 4428 3423 4483 tunmltu
3451 4444 3641 4499 egreso

2046 4536 2159 4587 sus,
2192 4522 2339 4575 solus
2384 4536 2504 4576 cum
2538 4522 2654 4590 ipso
2702 4521 2820 4575 solo
2866 4519 3309 4575 consuetudinem
3359 4520 3642 4587 haberem,

2047 4624 2210 4684 atque
2235 4615 2291 4669 in
2323 4628 2532 4669 summa
2561 4613 2727 4668 animi
2759 4612 3136 4684 tranquillitate
3159 4614 3270 4669 Deo
3300 4629 3417 4669 meo
3447 4630 3510 4670 ac
3538 4615 3640 4669 Do-

338 4718 527 4763 verum
557 4721 619 4763 ac
647 4706 938 4777 benignum
967 4707 1311 4778 intelligeret.
1353 4706 1433 4762 Ac
1461 4722 1624 4774 nunc,
1654 4722 1687 4763 o
1712 4708 1938 4765 Domine
1968 4679 2021 4742 Β
2047 4706 2195 4763 mino
2220 4706 2499 4762 servirem.
2532 4706 2723 4761 Verum
2756 4722 2842 4762 me
2865 4707 3029 4777 patris
3061 4708 3166 4764 ntei
3190 4709 3241 4764 in
3269 4708 3540 4765 diversum
3566 4712 3645 4765 ni-

341 4799 509 4865 Deus,
536 4798 691 4869 cujus
720 4798 974 4855 bonitatis
1008 4800 1226 4871 pelagus
1258 4798 1607 4870 pervestigari
1639 4799 1840 4869 nequit,
1882 4800 1936 4855 in

341 4895 463 4952 loco
495 4910 733 4966 pascuae,
766 4896 821 4951 in
867 4895 984 4951 loco
1013 4893 1344 4962 refectionis,
1386 4892 1477 4950 ubi
1499 4893 1676 4949 vultus
1721 4893 1796 4949 tui
1840 4894 1935 4949 lux

340 4987 611 5058 splendet,
645 5002 767 5044 eum
794 4987 1038 5055 colloca;
1068 5001 1171 5045 nec
1190 4986 1526 5058 antiquarum
1559 4986 1727 5058 ipsius
1748 4986 1941 5056 iniqui-

344 5089 515 5137 tatum
554 5080 863 5149 recordare,
911 5080 1007 5137 sed
1052 5094 1149 5151 pro
1190 5080 1392 5151 ingenti
1441 5088 1528 5135 tua
1572 5080 1940 5135 misericordia

343 5181 687 5245 peccatorum
713 5172 883 5245 ipsius
906 5171 1322 5245 chirographum
1353 5172 1495 5239 dele,
1542 5186 1605 5228 ac
1634 5171 1937 5229 debitorum

343 5264 515 5339 ipsius
559 5266 773 5323 chartas
809 5279 1095 5334 concerpe,
1143 5274 1465 5336 sanctosque
1505 5272 1646 5334 tuos,
1698 5280 1836 5337 quos
1887 5275 1941 5322 et

344 5358 556 5432 igne-et
590 5361 768 5433 gladio
785 5361 853 5419 de
878 5362 1058 5420 medio
1084 5361 1299 5421 sustulit
1331 5360 1503 5433 (Paul.
1538 5361 1783 5431 Lxxvm),
1815 5374 1936 5415 cum
1971 5408 1974 5412 λ

347 5454 471 5524 ipso
497 5453 553 5510 in
581 5456 806 5526 gratiam
827 5455 1014 5525 reduc,
1042 5456 1252 5528 eisque,
1283 5470 1349 5510 ne
1371 5454 1471 5525 ipsi
1493 5453 1810 5511 infensos'et
1836 5454 1939 5510 ira-

345 5558 435 5607 tos
462 5564 585 5607 sese
627 5552 926 5621 prmbeant,
969 5551 1190 5622 impera.
1232 5548 1425 5607 Omnia
1469 5552 1663 5621 quippe
1693 5548 1788 5605 tibi
1818 5564 1939 5606 om-

348 5645 503 5700 nium
526 5644 753 5702 Domino
777 5646 1049 5718 possibilia
1070 5654 1220 5717 sunt,
1254 5646 1356 5701 hoc
1382 5660 1487 5701 uno
1515 5655 1760 5716 excepto,
1795 5646 1941 5717 quod
1967 5703 1974 5709 ,

343 5736 479 5808 quin
519 5744 573 5792 te
601 5753 788 5795 eorum
830 5740 922 5810 qui
968 5753 1087 5796 sese
1114 5738 1179 5793 ad
1221 5748 1272 5793 te
1315 5747 1634 5795 convertunt
1663 5738 1940 5804 misereat,

341 5829 531 5886 facere
578 5845 685 5887 non
735 5840 912 5904 potes.
960 5832 1325 5889 Misericordia
1363 5828 1507 5889 enini
1557 5842 1644 5888 tua
1673 5832 1727 5887 in
1756 5849 1943 5889 omnes

342 5925 542 5986 diffusa
585 5940 691 5999 est,
741 5939 900 6002 atque
946 5930 1014 5986 iis
1059 5945 1088 5984 a
1119 5929 1313 6000 quibus
1360 5928 1646 5997 invocat-is,
1713 5928 1941 5988 salutem

632 6041 910 6108 Panos.
957 6043 1250 6112 LXXIII.

2050 4801 2216 4856 tentis
2257 4800 2504 4855 voluntas
2548 4800 2786 4865 retinuit,
2822 4810 3255 4872 praeceptumque
3300 4802 3449 4866 illud,
3503 4802 3644 4871 quod

2054 4893 2293 4964 patribus
2335 4892 2593 4948 honorem
2628 4892 2810 4947 haberi
2848 4891 3002 4963 jubet
3030 4892 3210 4965 (Deut.
3238 4894 3310 4962 v).
3353 4892 3506 4948 Unde
3554 4891 3648 4947 Dei

2055 4988 2227 5057 gratia
2258 4996 2314 5042 et
2351 4987 2665 5057 adjumeuto
2708 4989 2975 5044 incassum
3003 4987 3224 5043 minime
3254 4986 3513 5052 laboravi,
3545 5001 3645 5043 nec

2060 5061 2367 5147 hujustnodi
2414 5077 2532 5135 dies
2571 5077 2771 5134 frustra
2800 5080 3145 5151 consumpsi;
3179 5094 3359 5135 verum
3389 5088 3444 5134 et
3472 5079 3645 5148 illum,

2056 5183 2112 5227 et
2131 5187 2227 5228 vos
2255 5186 2464 5242 omnes,
2508 5172 2621 5230 Deo
2660 5173 2968 5240 conciliavi,
3019 5187 3248 5244 eumque
3275 5173 3446 5228 solum
3476 5173 3646 5229 Deum

2055 5284 2266 5336 verum,
2300 5284 2365 5325 ac
2395 5284 2573 5326 rerum
2601 5271 2841 5325 omnium
2872 5268 3157 5324 Dominum
3187 5280 3513 5338 cognoscere
3552 5266 3651 5323 do-

2056 5368 2163 5436 cui,
2218 5382 2323 5424 non
2364 5366 2581 5439 quidem
2629 5382 2728 5436 ego
2771 5363 2913 5421 istud
2942 5363 3161 5431 faciens,
3210 5362 3303 5419 sed
3351 5362 3521 5433 gratia
3554 5362 3650 5419 Dei

2033 5474 2290 5543 ‘mecnm,
2337 5462 2426 5529 qui
2473 5474 2558 5515 me
2604 5458 2766 5515 etiam
2798 5473 2828 5512 e
2855 5455 3229 5526 superstitioso
3268 5471 3454 5512 errore
3488 5464 3650 5527 atque

2053 5554 2319 5610 idolorum
2348 5553 2493 5609 cultu
2523 5554 2741 5623 eripuit,
2766 5567 2828 5608 ac
2860 5566 2976 5620 vos,
3003 5566 3038 5608 ο
3070 5551 3221 5622 plebs
3249 5568 3390 5619 mea,
3414 5554 3563 5621 gravi
3594 5561 3652 5608 et

2055 5646 2245 5703 acerba
2284 5646 2593 5716 captivitate
2624 5645 2889 5701 liberavit.
2915 5644 3031 5700 Jam
3057 5645 3213 5717 igitur
3243 5655 3456 5718 tempus
3484 5653 3566 5701 est
3592 5653 3654 5703 ut

2056 5754 2119 5796 ea
2134 5756 2251 5811 quae
2274 5740 2384 5794 Deo
2401 5738 2668 5807 pollicitus
2684 5754 2801 5794 sum
2824 5740 3089 5811 expleam.
3116 5740 3373 5812 Tempus,
3402 5740 3645 5811 inquam.

2056 5844 2141 5891 est
2164 5843 2223 5889 ut
2250 5847 2357 5904 quo
2387 5832 2501 5902 ipse
2531 5847 2618 5889 me
2647 5832 2805 5889 ducet
2837 5834 3161 5905 proﬁciscar,
3187 5852 3357 5906 eaque
3379 5842 3501 5889 vota
3528 5833 3649 5902 qui.-

2057 5932 2158 5991 bus
2190 5946 2275 5989 me
2294 5930 2411 6001 ipso
2439 5928 2702 5989 obstrinxi
2732 5932 3055 6003 persolvam.
3088 5931 3236 5989 Nunc
3267 5932 3443 6001 itaque
3476 5924 3649 5983 vobis-

3224 6045 3294 6105 19
