4158 6354
520 444 626 508 587

1558 442 1644 499 DE
1685 444 1859 500 VlTIS
1900 442 2182 501 [’ATRUM
2226 440 2428 500 LIBER
2473 438 2746 503 PRIMUS.

3687 445 3797 506 588

510 580 630 621 cum
659 562 758 633 ipsi
789 560 1123 618 considerate
1149 574 1307 631 quem
1334 558 1486 616 vobis
1516 577 1745 631 praeesse
1772 576 1833 616 ac
1864 578 2083 633 regnum
2116 569 2163 627 Α
2195 562 2247 617 in
2298 560 2491 617 ccelum
2546 559 2873 623 tendentem,
2915 570 2977 613 ac
3022 566 3185 613 sextae
3238 557 3385 613 horae
3432 558 3794 629 precationem

508 657 753 711 obtinere
777 654 972 710 velitis.
1018 654 1134 709 iam
1166 656 1307 707 enim
1341 653 1390 707 in
1422 652 1629 708 Domini
1669 654 1937 709 voluntate
1969 670 2092 725 per-

506 747 631 806 fecti
665 738 814 815 estis,
866 734 962 803 nec
1005 749 1290 818 quidquam
1335 764 1400 803 ex
1432 747 1598 819 ipsius
1632 750 1912 817 prmceptis
1942 747 2094 802 vobis

505 843 772 898 occultum
802 828 907 895 est.
955 841 1007 895 ltt
1052 841 1133 894 his
1162 841 1449 905 ambulate,
1486 856 1581 896 nec
1614 843 1690 895 vel
1724 840 1787 894 ad
1820 844 2092 894 dexteram

508 934 591 987 vel
622 934 687 988 ad
732 935 1001 987 sinistram
1054 934 1340 989 decliuate.
1390 936 1465 989 Ac
1498 936 1634 989 licus
1664 933 1806 1001 pacis
1836 932 1992 987 velim
2026 932 2092 987 sit

504 1041 623 1081 eum
654 1028 902 1081 omnibus
936 1028 1108 1082 vobis.

578 1119 701 1173 llaec
726 1128 783 1172 ut
806 1120 955 1189 plebs
975 1121 1199 1185 audivit,
1237 1120 1497 1174 tumultus
1520 1121 1695 1173 statim
1726 1136 1785 1171 ac
1813 1118 2088 1188 strepitus,

503 1209 800 1279 ingensque
828 1212 1031 1265 clamor
1054 1221 1106 1265 et
1136 1212 1379 1266 confusio
1408 1222 1593 1266 exorta
1624 1220 1726 1277 est,
1762 1212 2091 1280 plorantibus

504 1305 776 1369 omnibus,
810 1315 967 1374 atque
999 1306 1284 1359 orbitatem
1313 1320 1462 1358 suam
1495 1304 1917 1373 deplorantibus.
1949 1303 2090 1369 Quin

507 1396 668 1451 etiam
691 1407 883 1464 pra-ter
906 1398 1076 1451 luctus
1099 1407 1151 1451 et
1172 1398 1400 1466 ejulatns
1422 1397 1548 1450 illud
1564 1399 1722 1451 etiam
1743 1395 2091 1468 jurejurando

500 1470 865 1555 afﬁrmabant,
903 1505 1022 1545 sese
1053 1490 1199 1544 ilium
1248 1492 1465 1545 minime
1494 1491 1829 1555 dimissuros,
1876 1492 1967 1545 sed
2001 1506 2088 1545 re-

500 1591 763 1649 tenturos,
804 1599 900 1638 nec
945 1570 1229 1637 secedendi
1278 1595 1597 1654 potestatem
1642 1585 1749 1639 ullo
1792 1584 1948 1639 modo
1989 1584 2090 1653 ipsi

499 1662 746 1732 facturos.
779 1677 868 1733 Sic
895 1679 1155 1733 clamante
1186 1681 1400 1747 p0pulo,
1426 1690 1585 1747 atque
1608 1680 1862 1732 erunibus
1888 1681 2085 1746 magis-

500 1770 744 1837 tratibus,
802 1770 1077 1837 excipiens
1117 1787 1210 1825 rex
1248 1776 1529 1840 populares
1580 1774 1891 1837 compescit,
1928 1771 2090 1825 silen-

498 1866 739 1933 timuque
770 1866 899 1931 ipsis
930 1867 1177 1932 imperat,
1208 1882 1373 1935 seque
1407 1867 1613 1921 illorum
1645 1868 1969 1921 contentioni
2000 1883 2087 1923 ce-

2201 654 2594 725 persolventcm
2620 653 2954 707 invenerunt.

2276 750 2578 820 Conspectu
2609 757 2787 801 autem
2819 762 2918 810 eo,
2954 745 3263 801 circumfusi
3294 746 3508 811 statim,
3551 761 3671 801 cum
3715 746 3799 801 la-

2201 843 2401 911 crymis
2440 858 2560 896 cum
2604 826 2992 905 obsecrabant,
3038 853 3099 893 ac
3137 839 3437 894 discessum
3488 839 3587 907 ipsi
3641 838 3801 909 obje-

2200 938 2437 991 ctabant.
2490 937 2557 990 At
2608 935 2735 999 illo,
2790 933 2968 1000 Quid.
3029 932 3235 1003 inquit,
3292 933 3504 987 inanem
3552 932 3800 988 laborem

2201 1028 2516 1098 suscipitis?
2561 1027 2670 1082 Nec
2713 1028 2857 1082 enim
2902 1035 2982 1081 est
3029 1026 3168 1094 quod
3200 1041 3292 1079 vos
3325 1040 3410 1079 me
3441 1041 3621 1096 regem
3654 1026 3803 1080 ultra

2200 1120 2482 1175 habituros
2511 1134 2632 1174 esse
2662 1121 2912 1188 speretis.
2961 1119 3137 1173 Nihilo
3177 1118 3353 1173 secius
3390 1128 3567 1174 tamen
3607 1134 3806 1174 eorum

2197 1211 2401 1285 ingenti
2435 1212 2771 1268 contentioni
2801 1212 3033 1279 cedens,
3079 1212 3144 1267 ad
3187 1214 3441 1282 palatium
3483 1215 3802 1271 revertitur.

2198 1306 2510 1375 coaetisque
2541 1306 2593 1359 iu
2627 1322 2786 1359 unum
2819 1306 3068 1360 omnibus
3088 1346 3103 1373 ,
3130 1307 3255 1375 quid
3291 1308 3341 1361 in
3370 1307 3548 1360 animo
3570 1306 3807 1362 haberet

2200 1398 2525 1462 declaravit,
2557 1412 2619 1452 ac
2661 1405 2844 1467 postea
2888 1397 3207 1467 interposito
3245 1400 3405 1453 etiam
3444 1398 3808 1468 jurejurando

2202 1504 2504 1545 sermonem
2537 1490 2907 1557 conﬁrmavit,
2940 1505 3133 1561 nempe
3163 1506 3220 1545 se
3264 1492 3487 1561 posthac
3532 1507 3599 1546 ue
3628 1508 3804 1546 unum

2199 1582 2415 1650 quidem
2442 1582 2583 1636 diem
2612 1597 2730 1636 cum
2763 1583 2892 1652 ipsis
2921 1583 3033 1638 fore
3058 1600 3072 1638 :
3102 1584 3212 1653 Ego
3234 1586 3408 1649 enim,
3436 1583 3635 1665 inquit,
3669 1601 3807 1641 meo

2198 1687 2324 1742 erga
2359 1687 2453 1727 vos
2485 1673 2781 1728 ministerio
2826 1674 3135 1741 perfunctus
3174 1691 3290 1729 sum
3318 1719 3332 1743 ,
3365 1691 3463 1731 nec
3502 1678 3805 1747 quidquam

2197 1768 2552 1835 praetermissi
2575 1810 2588 1832 ,
2618 1783 2716 1823 nec
2744 1768 3037 1839 subterfugi
3061 1811 3076 1835 ,
3105 1771 3392 1841 quominus
3419 1775 3807 1830 annuutiaretn

2198 1860 2354 1913 vobis
2382 1861 2399 1929 (
2424 1864 2535 1914 Act.
2568 1863 2705 1927 xx),
2753 1877 2814 1917 ac
2853 1863 3103 1919 docerem
3148 1866 3437 1919 testiticans
3463 1867 3705 1921 omnibus
3737 1868 3808 1925 in

498 1957 626 2012 dere
657 1970 815 2027 alque
843 1960 1217 2025 οιηριηρειεωθ
1246 1975 1513 2026 asserens,
1546 1976 1659 2027 eos,
1694 1950 1937 2030 quamvis
1960 1961 2084 2015 alio.
2120 1972 2168 2032 B
2198 1954 2485 2008 Dominum
2518 1966 2757 2009 nostrum
2790 1956 2973 2013 Jesum
2998 1958 3271 2014 Christum
3304 1959 3461 2015 fidem
3484 2000 3498 2026 ,
3528 1976 3588 2015 ac
3617 1964 3809 2032 paeni-

498 2051 587 2118 qui
616 2059 903 2106 mmrentes
934 2062 1092 2120 atque
1120 2052 1350 2121 ejulatus
1384 2055 1531 2123 signa
1563 2053 1614 2107 in
1645 2055 1797 2123 genis
1836 2056 2085 2119 ferentes,

499 2144 715 2197 domum
759 2146 1001 2199 remittit.
1054 2147 1171 2215 Ipse
1202 2157 1377 2202 autem
1417 2164 1579 2201 unum
1620 2164 1685 2203 ex
1736 2148 2087 2217 principibus,

495 2249 650 2303 quem
679 2234 793 2304 ipse
822 2248 930 2291 tum
974 2239 1205 2307 pietatis,
1249 2249 1355 2293 tttm
1391 2241 1511 2293 vitm
1545 2239 1843 2295 sanctitatis
1876 2242 2089 2296 nomine

493 2329 662 2395 pluris
691 2330 937 2383 omnibus
961 2330 1207 2396 faciebat,
1239 2332 1701 2403 admirationeque
1727 2336 2088 2403 prosequeba-

494 2424 600 2484 tur,
647 2422 749 2475 hoc
793 2434 874 2475 est
908 2423 1242 2489 llarachiam,
1285 2423 1441 2493 cujus
1477 2426 1636 2478 etiam
1668 2426 1934 2491 superius,
1965 2440 2086 2478 cum

492 2510 707 2567 Nacltor
762 2513 1095 2569 Barlaamutn
1126 2532 1183 2569 se
1230 2531 1351 2570 esse
1380 2518 1638 2571 simulans
1686 2533 1805 2571 cum
1846 2517 2087 2586 philoso-

491 2608 613 2675 phis
651 2609 958 2678 disputavit,
990 2610 1147 2663 verba
1182 2608 1421 2673 fecimus,
1457 2626 1722 2680 quemque
1759 2612 1933 2665 solum
1968 2611 2087 2665 zelo

492 2705 674 2759 divino
698 2704 908 2774 penitus
939 2707 1247 2774 flagrantem
1279 2707 1345 2759 ab
1381 2707 1543 2773 ipsius
1571 2706 1811 2775 partibus
1847 2709 2080 2771 Stetisse,

493 2808 652 2865 atque
683 2798 746 2849 ad
776 2799 1185 2865 disputationem
1216 2799 1477 2852 adversus
1509 2799 1626 2852 illos
1662 2798 1945 2852 iucundam
1993 2814 2086 2866 pa-

490 2898 664 2943 ratum
703 2886 869 2943 fuisse
912 2889 1161 2955 diximus,
1199 2889 1361 2953 hunc,
1396 2889 1634 2960 inquam,
1686 2892 1905 2946 remotis
1943 2892 2089 2945 arbi-

490 2981 619 3048 tris,
667 2992 1028 3050 assmuptum,
1081 2982 1272 3037 blande
1321 2997 1383 3037 ac
1436 2983 1625 3037 leniter
1676 2983 1939 3037 ailocutus
1978 2994 2082 3049 est,

493 3073 811 3145 nbuixisque
852 3074 1119 3143 precibus,
1166 3083 1222 3129 ut
1253 3091 1472 3145 regnum
1504 3078 1790 3144 acciperet,
1836 3089 1993 3147 atque
2030 3077 2083 3130 in

492 3168 683 3221 timore
712 3168 803 3221 Dei
839 3168 1043 3236 plebem
1076 3182 1223 3221 suam
1251 3177 1465 3237 regeret
1490 3170 1807 3225 obsecrabat
1835 3185 1941 3241 quo
1966 3168 2085 3239 ipse

495 3261 559 3314 ad
593 3261 882 3329 expetitum
915 3262 1014 3316 iter
1040 3277 1098 3317 se
1131 3262 1455 3331 accingeret.
1816 3266 1832 3271 ἢ

2201 2047 2382 2101 tentia:
2442 2049 2579 2102 viam
2627 2050 2941 2105 ostendens.
2990 2052 3069 2105 Ac
3119 2067 3260 2107 nunc
3314 2068 3414 2122 ego
3465 2055 3601 2108 viam
3654 2054 3809 2110 hanc

2201 2140 2360 2205 ineo,
2408 2155 2568 2209 quam
2608 2142 2717 2211 jam
2752 2143 2967 2213 pridem
3000 2146 3347 2214 expeteham,
3391 2160 3491 2201 nec
3530 2147 3666 2202 ultra
3706 2149 3809 2201 fa-

2200 2234 2341 2288 ciem
2377 2248 2548 2287 meam
2579 2238 2860 2304 quisquam
2891 2246 3126 2291 vestrum
3166 2238 3387 2293 videbit.
3434 2239 3809 2309 Quapropter,

2202 2339 2263 2380 ιιι
2306 2326 2469 2383 divini
2522 2330 2761 2397 Apostoli
2809 2332 2986 2385 verbis
3038 2341 3175 2398 utar,
3226 2342 3498 2387 contestor
3544 2348 3635 2387 νος
3684 2332 3809 2387 ho-

2202 2421 2392 2477 dierno
2419 2422 2537 2488 die,
2571 2423 2709 2493 quod
2740 2423 2969 2478 mundus
3008 2440 3107 2491 ego
3147 2440 3265 2479 sum
3308 2440 3336 2478 a
3379 2427 3630 2495 sanguine
3669 2438 3811 2480 om-

2207 2515 2355 2572 nium
2386 2528 2641 2572 vestrum.
2672 2518 2788 2573 Non
2820 2518 2960 2573 enim
3004 2519 3334 2590 subterfugi,
3375 2520 3654 2590 quominus
3684 2534 3811 2574 an—

2202 2612 2502 2665 nuntiarem
2537 2609 2688 2665 vobis
2719 2610 2999 2665 consilium
3027 2612 3140 2667 Dei.

2284 2703 2410 2771 llaec
2443 2703 2513 2758 illi
2543 2706 2819 2761 audientes
2843 2746 2858 2771 ,
2890 2721 2952 2759 ac
2979 2707 3258 2761 sententiae
3289 2706 3454 2775 ipsius
3482 2708 3809 2764 firmitatem

2205 2799 2540 2865 exploratam
2586 2796 2878 2861 habentes,
2930 2813 3120 2869 nempe
3160 2800 3301 2868 quod
3331 2814 3453 2854 eum
3483 2814 3513 2854 a
3540 2811 3812 2868 suscepto

2201 2888 2428 2943 consilio
2458 2904 2716 2943 revocnre
2742 2890 2961 2946 minime
2989 2894 3234 2960 possent,
3262 2892 3542 2947 orbitatem
3568 2892 3812 2962 quidem

2197 2998 2348 3036 suam
2399 2983 2797 3052 deplorabant,
2850 3000 2948 3040 nec
2992 2994 3168 3039 tamen
3213 2984 3317 3039 ullo
3358 2986 3516 3039 modo
3556 3001 3672 3040 eum
3727 2988 3814 3043 de

2198 3076 2463 3130 sententia
2494 3075 2852 3131 deducebant.
2886 3077 3016 3131 Tum
3049 3087 3228 3132 autem
3262 3092 3350 3131 rex
3388 3077 3688 3131 Barachiatn
3731 3078 3814 3132 il-

2194 3167 2344 3234 lum,
2394 3169 2462 3224 de
2506 3185 2613 3239 quo
2658 3186 2817 3239 supra
2868 3171 3027 3225 locuti
3079 3186 3298 3237 sumus,
3353 3185 3509 3223 manu
3558 3180 3758 3224 tenens
3790 3188 3809 3224 :

2194 3263 2384 3328 lluuc,
2416 3268 2613 3335 inquit,
2658 3282 2689 3321 0
2736 3267 2960 3331 fratres,
3024 3265 3165 3319 hunc
3218 3266 3369 3319 vrbis
3413 3280 3585 3333 regem
3635 3278 3809 3320 creo.

567 3349 631 3407 Ut
655 3362 827 3407 autem
856 3369 975 3408 eum
1005 3363 1339 3419 renuentem,
1386 3362 1543 3423 atque
1574 3352 1714 3409 istud
1746 3354 1969 3408 omnino
1996 3369 2079 3408 re-
2108 3376 2156 3439 c
2195 3354 2441 3426 Cumque
2485 3356 2576 3412 ille
2622 3358 2882 3426 ejusmodi
2918 3358 2990 3411 rei
3026 3356 3374 3411 vehementer
3402 3355 3813 3422 obluctaretttr,

490 3447 797 3513 pudiantem
819 3447 967 3512 vidit,
1000 3448 1190 3516 hiSque
1221 3447 1396 3501 verbis
1417 3455 1687 3504 utentem:
1711 3450 1753 3501 0
1777 3464 1893 3512 rex,
1921 3462 2078 3517 quam
2134 3466 2137 3467 ν

490 3541 633 3596 istud
671 3552 815 3595 tuum
841 3543 934 3609 jud
960 3544 1098 3596 cium
1137 3542 1373 3609 iniquum
1404 3552 1506 3607 est,
1549 3558 1705 3611 quam
1750 3552 1867 3596 tuus
1903 3556 2082 3595 sermo

492 3633 672 3687 divino
706 3636 955 3689 mandato
988 3649 1169 3702 parum
1196 3646 1619 3700 consentaneus;
1655 3650 1775 3688 nam
1810 3650 1929 3688 cum
1955 3649 2079 3703 pro-

490 3729 692 3783 ximum
736 3745 839 3783 non
884 3744 1040 3783 secus
1079 3744 1142 3784 ac
1188 3730 1415 3799 teipsum
1453 3744 1633 3783 amare
1671 3729 1932 3793 docearis,
1977 3743 2081 3797 qua

491 3823 701 3879 tandem
734 3824 939 3880 ratione
970 3826 1237 3879 sarcinam
1268 3839 1409 3889 eam,
1443 3840 1599 3893 quam
1628 3832 1681 3878 tu
1716 3824 1948 3891 abjiccre
1969 3835 2082 3876 stu-

491 3919 607 3981 des,
642 3919 771 3973 mihi
802 3918 1078 3987 imponere
1126 3920 1387 3976 festinas?
1435 3935 1555 3974 nam
1586 3919 1629 3973 si
1674 3919 1821 3991 regio
1861 3934 2083 3974 munere

492 4012 637 4081 fungi
652 4014 849 4068 bonum
865 4022 965 4079 est,
984 4014 1095 4082 ipse
1108 4016 1246 4085 quod
1267 4016 1463 4070 bonum
1488 4026 1567 4071 est
1584 4018 1782 4079 retine;
1802 4016 1883 4070 siu
1902 4026 2079 4069 autem

493 4106 869 4162 olfendiculum
897 4106 1035 4162 istud
1061 4124 1123 4163 ac
1156 4110 1463 4164 scandalum
1494 4110 1653 4163 animi
1678 4120 1776 4165 est.
1803 4109 1929 4177 quid
1949 4106 2081 4162 mihi

496 4198 627 4253 illud
651 4198 859 4269 objicis,
882 4215 944 4255 ac
966 4216 1051 4256 me
1069 4202 1119 4255 itt
1144 4202 1381 4257 fraudem
1406 4203 1656 4258 inducere
1682 4203 1867 4271 cupi~?
1887 4202 1971 4269 Ut,
1998 4202 2081 4255 iu-

490 4306 674 4360 quam,
704 4308 826 4347 eum
858 4292 940 4348 bis
963 4295 1138 4350 verbis
1162 4304 1396 4350 utentem
1420 4304 1473 4349 et
1503 4305 1894 4350 asseverantem
1924 4295 2078 4359 vidit,

489 4400 610 4441 cum
634 4402 699 4440 eo
720 4387 933 4457 quidem
956 4389 1186 4457 colloqui
1210 4389 1439 4443 destitit:
1469 4389 1579 4458 ipse
1607 4389 1768 4460 329
1798 4399 1974 4443 autem
2006 4389 2073 4442 in-

488 4486 748 4549 tempesta
768 4491 921 4536 nocte
942 4482 1220 4551 epistolam
1243 4483 1439 4552 ingenti
1460 4482 1715 4550 sapientia
1742 4483 1970 4551 plenam,
2000 4492 2083 4537 at-

491 4587 593 4641 que
610 4572 676 4626 ad
699 4587 857 4628 omne
872 4574 1081 4643 pietatis
1112 4589 1275 4645 genus
1299 4574 1684 4642 impellentem,
1710 4574 1773 4629 ad
1801 4576 2085 4645 populares

487 4678 613 4718 suos
643 4674 844 4733 exarat,
873 4682 1063 4737 nempe
1090 4649 1246 4737 quam
1279 4668 1347 4723 de
1378 4668 1488 4723 Deo
1521 4670 1837 4723 sententiam
1872 4680 2081 4730 tenere,

2194 3450 2424 3505 invitum
2456 3464 2577 3503 eum
2609 3465 2671 3504 ac
2702 3459 3087 3521 repugnantem
3120 3450 3171 3503 in
3205 3450 3351 3517 regio
3395 3448 3583 3502 throno
3618 3445 3809 3502 collo-

2190 3554 2308 3609 cat,
2342 3544 2615 3615 ipsiusque
2651 3547 2809 3614 capiti
2838 3546 3083 3600 diadema
3129 3544 3385 3613 imponit,
3417 3553 3573 3614 atque
3613 3559 3809 3599 annu-

2196 3635 2307 3689 lum
2342 3636 2545 3705 regium
2574 3637 2673 3706 ipsi
2707 3639 2757 3690 in
2789 3653 3001 3691 manum
3033 3637 3253 3705 praebet.
3301 3636 3476 3706 Atque
3506 3634 3569 3689 ad
3599 3634 3811 3690 Orien-

2203 3736 2311 3782 tem
2346 3737 2528 3797 stans,
2560 3742 2656 3798 pro
2686 3743 2809 3798 rege
2852 3744 3041 3796 preces
3093 3728 3262 3794 fudit,
3312 3728 3414 3783 hoc
3460 3727 3714 3781 videlicet
3772 3744 3809 3786 a
3868 3764 3869 3767 η

2196 3818 2309 3873 Deo
2356 3820 2661 3888 postulans,
2715 3829 2772 3873 ut
2818 3819 2910 3874 Dei
2970 3818 3128 3874 (idem
3183 3829 3493 3874 constanter
3546 3829 3807 3886 teneret,

2190 3926 2260 3965 ac
2289 3912 2486 3966 Christi
2516 3911 2889 3967 mandatorum
2932 3913 3034 3967 iter
3072 3911 3139 3966 ab
3179 3912 3321 3966 omni
3365 3913 3506 3967 flexu
3553 3911 3807 3969 alienum

2196 4005 2481 4058 inveniret.
2525 4004 2726 4060 Adhtec
2770 4020 2866 4074 pro
2908 4004 3053 4060 clero
3093 4006 3253 4059 etiam
3310 4014 3469 4075 atque
3533 4006 3808 4062 universo

2189 4116 2355 4171 grege
2397 4113 2641 4171 precatus
2684 4109 2801 4169 est,
2838 4115 2993 4171 opem
3039 4100 3288 4155 videlicet
3334 4111 3387 4159 et
3430 4101 3681 4154 auxilium
3734 4116 3807 4158 ac

2199 4196 2428 4251 salutem
2462 4195 2593 4264 ipsis
2621 4210 2649 4249 a
2682 4195 2792 4249 Deo
2830 4202 3020 4264 petens
3042 4237 3055 4260 ,
3097 4203 3259 4263 atque
3298 4203 3358 4248 ut
3392 4193 3643 4264 quidquid
3687 4194 3806 4262 ipsi

2194 4291 2532 4361 postularent
2560 4289 2623 4343 ad
2659 4289 2938 4343 utilitatem
2970 4285 3355 4347 moderaretur.

2270 4385 2379 4439 Hac
2418 4386 2663 4438 oratione
2709 4381 2922 4447 habita,
2978 4395 3267 4435 conversus
3318 4378 3382 4431 ad
3431 4376 3755 4432 Barachiam
3782 4417 3803 4445 ,

2193 4479 2270 4531 ait
2299 4494 2311 4530 :
2349 4478 2425 4530 En
2460 4476 2591 4542 tibi,
2628 4475 2809 4529 frater.
2848 4472 2951 4527 hoc
2988 4471 3294 4541 praecipiam
3326 4468 3466 4539 quod
3500 4468 3806 4537 Apostolus

2194 4580 2423 4626 testatus
2451 4578 2535 4629 est
2565 4586 2577 4621 :
2613 4567 2845 4623 Attende
2881 4565 2975 4621 tibi
3009 4564 3145 4635 ipsi,
3174 4574 3227 4619 et
3259 4564 3504 4616 universo
3545 4560 3692 4629 gregi
3745 4564 3807 4619 iu

2192 4682 2299 4735 quo
2330 4675 2381 4719 te
2407 4662 2635 4733 Spiritus
2663 4670 2884 4715 sanctus
2916 4674 3093 4727 regem
3126 4657 3329 4726 posuit,
3366 4663 3425 4709 ut
3447 4653 3647 4709 Christi
3696 4669 3805 4723 po-

491 4757 765 4827 quamipsi
786 4759 971 4823 vitam,
994 4774 1127 4826 quas
1146 4759 1349 4825 laudes,
1375 4775 1508 4829 quas
1530 4761 1762 4828 denique
1784 4758 2082 4828 gratiarum
2114 4779 2168 4840 D
2193 4760 2416 4829 pulum,
2468 4773 2625 4828 quem
2678 4756 2895 4825 proprio
2942 4754 3206 4823 sanguine
3260 4748 3539 4820 acquisivit
3564 4789 3578 4812 .
3628 4762 3805 4819 regas

493 4848 733 4903 actiones
755 4848 948 4903 offerre
970 4848 1247 4917 deberent,
1278 4850 1648 4919 praescribens.
1675 4853 1751 4906 Ac
1779 4862 1978 4921 postea,
2012 4868 2087 4906 ne

489 4955 810 5009 quemquam
843 4940 1004 4994 alium
1039 4950 1231 5009 praeter
1257 4941 1563 4996 Barachiam
1588 4942 1650 4996 ad
1682 4942 1877 5011 regiam
1904 4942 2083 5013 digni-

488 5041 649 5087 tatem
683 5034 1025 5089 admitterent
1064 5034 1403 5105 prohibebat.
1440 5035 1545 5090 ilac
1585 5032 1807 5107 epistola
1848 5036 1897 5089 in
1928 5035 2085 5090 cubi-

487 5128 611 5183 culo
637 5142 734 5184 suo
760 5130 969 5195 relicta,
1000 5130 1344 5185 inscientibus
1371 5131 1620 5185 omnibus
1642 5130 1931 5200 egreditur.
1965 5129 2072 5185 Nec

488 5230 664 5276 tamen
693 5222 908 5278 ellicere
931 5224 1099 5293 potuit
1124 5232 1181 5277 ut
1210 5223 1374 5292 ipsius
1395 5223 1492 5277 dist
1511 5238 1661 5278 essus
1686 5223 1749 5276 ad
1774 5232 2077 5276 extremum-

486 5330 656 5385 usque
686 5316 988 5387 incognitus
1023 5325 1187 5372 esset.
1214 5316 1345 5370 Nam
1388 5315 1545 5369 simul
1576 5326 1735 5383 atque
1765 5315 1958 5382 illuxit,
2010 5330 2077 5369 ea

486 5424 572 5464 res
613 5409 796 5464 audita
845 5411 1297 5478 perturbationem
1345 5424 1407 5463 ac
1451 5410 1647 5462 luctum
1693 5407 1839 5476 plebi
1872 5407 2075 5475 attulit,

484 5514 775 5571 omnesque
816 5516 1021 5557 summa
1064 5503 1342 5558 celeritate
1373 5501 1438 5555 ad
1480 5517 1601 5556 eutn
1649 5501 2075 5570 investigandum

486 5603 860 5661 perrexerunt,
915 5594 1083 5665 ipsius
1132 5594 1307 5666 fugam
1356 5593 1499 5648 omni
1550 5593 1752 5648 ratione
1805 5608 2075 5663 occupare

484 5685 796 5755 cogitantes.
828 5690 944 5758 Quo
971 5689 1131 5744 etiam
1160 5688 1357 5743 factum
1401 5698 1485 5743 est
1525 5697 1578 5740 tit
1619 5687 1849 5742 studium
1900 5687 2075 5755 ipsius

484 5778 681 5839 frustra
709 5781 928 5840 minime
957 5783 1197 5838 cesserit.
1235 5781 1366 5836 Nam
1397 5798 1515 5836 cum
1546 5782 1734 5836 itinera
1767 5782 1945 5835 omn-ia
1975 5797 2069 5837 oc-

482 5888 785 5944 cupassent,
833 5893 896 5934 ac
923 5888 1130 5931 montes
1161 5891 1350 5930 omnes
1392 5877 1748 5943 obsedissent,
1795 5877 2077 5947 inviasque

486 5970 648 6025 valles
668 5978 1070 6041 peragrassent,
1092 5969 1149 6024 in
1171 5977 1407 6026 torrente
1431 5969 1659 6037 quodam
1683 5972 1853 6039 ipsum
1880 5987 2079 6028 manus

2195 4854 2343 4924 (Act.
2378 4867 2451 4905 xx
2471 4851 2509 4921 ).
2545 4850 2607 4903 Et
2638 4845 3085 4919 quemadmodum
3120 4844 3283 4899 Deum
3314 4851 3438 4896 ante
3468 4855 3553 4895 me
3580 4854 3802 4909 cogno-

2192 4945 2315 4998 visti
2341 4985 2357 5010 ,
2390 4957 2621 5012 eumque
2669 4953 2800 5011 puro
2844 4940 3023 4993 animo
3067 4948 3122 4994 et
3161 4934 3489 4991 conscientia
3538 4932 3799 5003 coluisti,

2195 5040 2270 5093 ita
2301 5052 2443 5092 nunc
2473 5051 2685 5108 quoque
2714 5034 2906 5103 majori
2939 5033 3117 5088 studio
3148 5032 3211 5087 in
3244 5031 3344 5086 hoc
3384 5028 3632 5084 incumbe
3656 5070 3677 5095 ,
3742 5040 3803 5086 ut

2190 5130 2296 5200 ipsi
2328 5130 2579 5183 vitaetuze
2620 5128 2854 5181 rationes
2904 5126 3119 5191 probes.
3170 5123 3285 5190 Quo
3336 5123 3479 5177 enim
3530 5119 3711 5188 majus
3764 5138 3800 5176 a

2193 5222 2305 5277 Deo
2338 5219 2622 5289 imperium
2646 5224 2968 5273 consecutus
2997 5229 3086 5279 es,
3116 5228 3181 5268 eo
3212 5228 3421 5282 quoque
3453 5211 3655 5281 majora
3688 5211 3802 5279 ipsi

2193 5312 2465 5383 rependas
2494 5318 2725 5379 Oportet.
2775 5311 2848 5369 Ac
2902 5306 3124 5377 proinde
3162 5303 3506 5375 gratitudinis
3544 5301 3797 5358 debitum

2192 5408 2245 5461 ci
2277 5405 2428 5474 cujus
2459 5400 2736 5458 beneficiis
2762 5408 2952 5455 auctus
2980 5414 3039 5455 es
3068 5397 3319 5469 persolvo
3341 5436 3355 5461 ,
3392 5407 3577 5452 sancta
3618 5395 3798 5463 ipsi»;

2194 5486 2464 5569 praecepta
2491 5492 2830 5560 custodiens,
2862 5501 3023 5561 atque
3052 5492 3122 5546 ab
3152 5490 3297 5553 omni
3343 5491 3429 5545 via
3468 5490 3523 5542 itt
3562 5486 3794 5545 exitium

2187 5596 2425 5650 ducente
2452 5593 2766 5648 deﬂectens.
2796 5590 2867 5646 Ut
2894 5590 3033 5646 enim
3060 5588 3112 5643 in
3144 5590 3210 5644 iis
3239 5589 3327 5657 qui
3358 5587 3632 5657 navigant,
3663 5599 3795 5641 curn

2192 5700 2353 5743 nauta
2386 5689 2652 5757 quispiam
2687 5696 2913 5757 peccat,
2946 5684 3195 5754 exiguum
3228 5681 3294 5737 iis
3319 5681 3408 5751 qui
3436 5678 3596 5735 simul
3632 5680 3799 5733 navi-

2192 5793 2321 5855 gant
2359 5782 2737 5838 detrimentum
2780 5778 2970 5844 atfert;
3030 5793 3153 5834 curn
3210 5782 3386 5831 autem
3440 5774 3795 5844 gubernator.

2194 5878 2466 5932 universae
2494 5874 2615 5931 navi
2644 5874 2871 5930 exitium
2903 5870 3171 5939 accersit,
3204 5870 3274 5925 ita
3319 5868 3479 5923 etiam
3527 5867 3578 5920 in
3623 5877 3801 5933 regno

2197 5987 2301 6027 usu
2343 5971 2523 6038 venit,
2574 5979 2632 6027 ut
2678 5984 2802 6027 cum
2845 5966 3111 6038 quispiam
3152 5980 3371 6031 eorum,
3422 5961 3514 6031 qui
3558 5960 3797 6017 subsunt
