4208 6352
361 410 466 472 589

832 406 996 472 'VlTA
1035 411 1453 473 SANCTORUM
1495 405 1828 472 BARLAAM
1871 407 1985 471 ER!

2091 405 2200 466 ras
2240 407 2327 466 er
2367 405 2715 466 rosarum
2757 405 2960 463 motas
2997 403 3222 492 necis.

3536 397 3642 458 5-le

361 536 586 600 peccat.
625 536 736 591 non
784 535 891 583 tam
935 529 1102 584 alium
1149 544 1306 598 quam
1353 529 1586 599 seipsum
1633 528 1826 594 laedat;
1871 528 1953 582 sin
1985 527 2035 590 Α
2061 525 2252 596 quibus
2281 523 2516 580 offensus
2545 523 2704 577 fueris
2732 520 2941 592 injuria:
2973 533 3262 592 memorem
3287 525 3338 572 te
3366 499 3664 590 pra‘beasa

363 633 542 680 autem
587 635 682 686 rex
729 622 845 690 ipse
867 631 1092 690 peccet,
1128 629 1293 674 totum
1326 635 1548 690 regnum
1579 617 1864 674 labefactat
1892 631 1956 674 ac

375 716 704 784 detrimento
735 713 922 772 aflicit.
954 716 1305 784 Quapropter,
1349 709 1406 768 ut
1445 716 1687 786 ingentes
1718 713 1955 767 rationes

367 807 700 872 redditurus,
731 808 777 862 si
809 807 938 878 quid
966 822 1152 861 eorum
1183 823 1299 876 qua!
1329 820 1463 875 Opus
1501 807 1608 859 sint
1653 805 1956 873 praetermi-

373 916 532 964 seris,
564 915 758 970 magno
783 897 961 953 studio
990 915 1288 970 magnaque
1315 914 1442 954 cuia
1475 901 1700 967 teipsum
1733 897 1788 952 in
1819 899 1958 952 bono

370 993 612 1058 custodi,
645 993 969 1060 voluptatem
998 1007 1210 1046 omnem
1242 992 1307 1046 ad
1337 1001 1614 1060 peccatum
1659 1001 1710 1043 te
1751 991 1980 1056 pertra-'

371 1090 586 1152 hentem
617 1088 741 1144 odio
771 1089 1061 1152 insectare.
1090 1087 1182 1141 Ait
1213 1087 1353 1140 enim
1386 1085 1675 1153 Apostolus
1701 1101 1717 1139 :
1763 1083 1958 1139 Pacem

371 1183 650 1248 sectamini
688 1197 809 1238 cum
854 1181 1140 1243 munibus.
1181 1191 1235 1236 et
1274 1179 1753 1235 sanctificationem
1785 1221 1798 1245 ,
1838 1178 1960 1237 sine

380 1291 483 1346 qua
514 1289 672 1335 nemo
698 1273 900 1328 videbit
929 1273 1095 1328 Deum
1129 1272 1287 1345 (IIeb.
1317 1271 1440 1344 xu).
1479 1271 1671 1327 Rerum
1706 1274 1963 1328 humana-

374 1382 492 1423 rum
533 1366 794 1438 circulum
833 1365 1234 1429 animadverte,
1275 1379 1382 1435 quo
1423 1374 1578 1434 pacto
1615 1365 1866 1420 videlicet
1906 1366 1962 1419 in

377 1460 564 1526 orbem
618 1461 885 1526 volvatur,
937 1459 1071 1513 alias
1113 1468 1272 1528 atque
1319 1457 1453 1513 alias
1500 1457 1604 1512 alio
1655 1468 1813 1528 atque
1859 1456 1965 1511 alio

375 1554 532 1610 modo
563 1568 656 1608 eas
684 1551 863 1608 ferens
893 1567 956 1607 ac
988 1562 1282 1622 torquens;
1319 1551 1559 1622 illudque
1591 1551 1773 1617 stude,
1818 1561 1874 1606 ut
1912 1552 1964 1606 in

382 1647 527 1703 varia
559 1661 742 1702 earum
776 1645 1072 1700 mutatione
1103 1646 1246 1715 pium
1275 1644 1512 1699 animum
1543 1653 1851 1699 constanter
1881 1658 1966 1699 rc-

377 1741 570 1794 tineas.
620 1739 896 1807 Siquidem
929 1753 1036 1792 una
1066 1753 1186 1792 cum
1217 1739 1378 1794 rebus
1407 1739 1759 1802 commutari,
1791 1737 1968 1793 dubia:

383 1840 544 1901 atque
575 1831 837 1890 instabilis
869 1832 1064 1886 mentis
1091 1843 1460 1902 argumentum
1488 1840 1590 1887 est.
1619 1832 1700 1886 Tu
1729 1847 1858 1887 vero
1883 1829 1969 1888 fac

383 1924 438 1979 in
466 1925 664 1980 virtute
697 1926 880 1980 firmus
910 1925 1016 1993 sis,
1050 1941 1112 1980 ac
1143 1940 1362 1994 prorsus
1391 1926 1676 1981 stabilitus.
1717 1924 1798 1980 Ob
1839 1937 1972 1980 tem-

379 2019 649 2091 porariam
680 2030 736 2075 et
769 2019 1020 2074 caducam
1051 2019 1279 2089 gloriam
1325 2021 1467 2074 inani
1515 2030 1722 2074 tumore
1752 2019 1973 2075 minime

389 2109 697 2177 inSolescc;
745 2126 968 2178 verum,
1023 2121 1307 2181 repurgato
1354 2111 1567 2177 animo,
1619 2123 1822 2166 natura:
1871 2119 1974 2166 tuae

382 2202 638 2256 vilitatem
667 2202 861 2271 cogita,
893 2204 1118 2272 vitaque
1151 2200 1309 2272 hujus
1339 2201 1654 2257 brevitatem
1687 2211 1845 2273 atque
1876 2203 1975 2256 ad-

381 2290 622 2363 junctatn
653 2292 801 2348 carni
837 2302 1064 2366 mortem
1102 2293 1296 2361 cogita.
1329 2293 1455 2348 lltec
1485 2294 1627 2348 enim
1657 2295 1700 2347 si
1725 2294 1976 2348 conside-

384 2398 473 2438 res
493 2423 508 2450 ,
543 2384 594 2440 in
627 2385 933 2454 superbiam
965 2385 1374 2454 haudquaquam
1407 2385 1611 2440 incides
1633 2427 1649 2449 ,
1680 2388 1775 2441 sed
1809 2387 1976 2440 Deum

383 2487 568 2530 verum
615 2491 676 2534 ac
719 2476 881 2547 33o
920 2477 1199 2534 caelestem
1253 2476 1452 2548 Regem
1499 2489 1743 2544 metues,
1795 2479 1981 2547 sicque

391 2568 649 2638 prteclare
679 2583 740 2624 ac
771 2568 1000 2624 feliciter
1028 2579 1200 2624 tecum
1245 2581 1450 2640 agetur.
1497 2571 1644 2625 Beati
1687 2571 1863 2636 enim,
1893 2570 1980 2624 in-

393 2663 508 2730 quit
537 2663 626 2718 iile
648 2704 662 2728 ,
685 2677 875 2718 omnes
902 2664 991 2733 qui
1024 2664 1215 2720 timent
1245 2664 1560 2729 Dominum,
1592 2666 1684 2734 qui
1708 2665 1984 2720 ambulant

393 2752 449 2807 in
481 2754 580 2808 viis
607 2753 722 2822 ejus
761 2753 778 2825 (
805 2752 952 2808 Paul.
985 2769 1172 2810 cxxvti
1195 2759 1238 2824 ).
1272 2759 1348 2811 Ac
1376 2773 1588 2813 rursum
1617 2774 1630 2812 :
1664 2759 1859 2813 Beatus
1900 2759 1984 2813 vir

391 2846 482 2916 qui
515 2847 668 2901 timet
705 2846 1026 2914 Dominum,
1072 2849 1126 2903 in
1168 2850 1434 2904 mandatis
1473 2851 1590 2919 eius
1635 2853 1777 2907 volet
1823 2851 1984 2907 nimis

393 2934 585 3010 (Psal.
617 2954 702 2994 cxi
725 2939 766 3009 ).
806 2943 1065 3008 Quaznam
1105 2952 1282 2997 autem
1314 2959 1422 3013 prin
1460 2945 1670 3000 caeteris
1717 2954 1986 3016 praecepta

392 3032 485 3086 tibi
532 3033 796 3088 servanda
839 3034 984 3100 sint,
1027 3033 1193 3088 andi:
1239 3036 1382 3090 Beati
1417 3037 1811 3102 misericordes,
1855 3052 1987 3107 quo-

401 3123 543 3178 niam
576 3125 672 3194 ipsi
701 3125 1124 3182 misericordiam
1152 3139 1548 3197 consequentur
1574 3131 1753 3202 (Lacte
1783 3130 1880 3201 vi).
1911 3128 1990 3186 Ac

399 3231 611 3272 rursum
629 3235 647 3273 ι
664 3219 848 3276 Estote
865 3221 1260 3289 misericordes,
1279 3223 1416 3278 sicut
1435 3234 1491 3279 et
1511 3224 1670 3280 Pater
1689 3235 1866 3281 vester
1880 3241 1991 3282 ete-

396 3307 544 3365 lestis
559 3312 865 3368 misericors
878 3323 978 3370 est.
997 3314 1105 3370 Hoc
1121 3317 1262 3370 enim
1281 3325 1604 3385 praeceptum
1620 3318 1687 3371 ab
1699 3318 1762 3372 iis
1778 3317 1990 3386 potissi~
2015 3329 2062 3394 ρ

396 3416 542 3474 mum
567 3418 630 3472 ex
640 3407 874 3472 poscitur
891 3407 978 3476 qui
1003 3407 1054 3462 in
1074 3422 1285 3462 summo
1311 3407 1537 3476 imperio
1552 3410 1824 3465 constituti
1839 3419 1984 3466 sunt.

474 3497 550 3568 Ac
589 3511 720 3566 sane
758 3499 846 3567 qui
890 3514 1136 3569 magnam
1181 3499 1472 3568 potentiam
1500 3511 1690 3557 nactus
1718 3511 1830 3569 est,
1863 3517 1986 3557 cum

408 3605 438 3648 a
480 3609 586 3663 quo
619 3595 920 3664 hujusmodi
954 3596 1247 3665 potentiam
1276 3597 1484 3666 accepit
1515 3613 1611 3669 pro
1638 3597 1836 3653 viribus
1870 3597 1990 3652 imi-

405 3685 502 3742 tari
531 3685 710 3756 debet.
746 3687 854 3753 llac
886 3703 1044 3758 porro
1078 3690 1128 3743 in
1172 3703 1232 3744 re
1274 3688 1440 3744 Deum
1481 3688 1712 3744 maxime
1751 3688 1987 3744 imitabi-

401 3783 508 3845 tur,
533 3777 577 3832 si
606 3779 972 3846 misericordia
999 3779 1127 3844 nihil
1161 3781 1338 3849 potius
1364 3781 1741 3850 antiquiusque
1773 3781 1988 3837 habeat.

401 3866 514 3926 Huc
543 3873 750 3927 accedit
782 3872 922 3943 quod
952 3874 1194 3928 subditos
1226 3873 1359 3930 nihil
1387 3890 1538 3945 atque
1566 3876 1630 3929 ad
1663 3875 1992 3931 benevolen-

401 3963 526 4034 tiam
568 3964 764 4040 allicit,
808 3974 864 4036 ut
903 3963 1144 4030 beneficii
1186 3965 1356 4035 gratia
1398 3965 1677 4036 egentibus
1715 3981 1990 4022 concessa.

403 4055 532 4137 Nam
575 4058 891 4130 obsequium
935 4058 1065 4140 illud
1106 4059 1244 4129 quod
1288 4075 1356 4118 ex
1397 4070 1542 4116 metu
1584 4061 1775 4126 oritur,
1802 4062 1994 4116 adiun-

403 4149 551 4208 brata
577 4163 659 4207 est
686 4152 944 4220 adulatio,
974 4170 1069 4225 per
1096 4154 1276 4212 fictum
1309 4154 1526 4210 honoris
1553 4156 1869 4212 vocabulum
1901 4170 1997 4212 eos

403 4245 489 4315 qui
520 4246 762 4299 animum
796 4246 894 4316 ipsi
935 4246 1222 4316 adiiciunt,
1265 4247 1544 4304 ludificans
1585 4263 1648 4304 ac
1685 4249 1994 4304 cirumscri-

404 4337 560 4395 bens.
593 4340 769 4410 Atque
807 4339 853 4392 is
884 4338 975 4409 qui
1009 4339 1174 4395 invito
1199 4340 1378 4394 animo
1407 4349 1586 4409 paret,
1629 4341 1804 4396 oblata
1844 4355 2000 4396 occa-

414 4427 570 4484 sione
615 4431 929 4504 seditionem
975 4434 1213 4500 excitat;
1252 4433 1340 4501 qui
1387 4440 1564 4488 autem
1609 4425 2000 4490 benevolentia:

407 4522 635 4577 vinculis
683 4523 1008 4600 constrictus
1060 4533 1292 4594 tepetur,
1338 4524 1543 4578 firmam
1593 4523 1644 4580 ei
1688 4525 1777 4594 qui
1818 4541 2002 4580 rerum

408 4615 613 4698 potitur
643 4616 1006 4694 obedientiam
1040 4625 1279 4687 praestat.
1319 4616 1450 4682 Quae
1490 4631 1611 4670 cum
1642 4615 1714 4670 ita
1756 4617 1865 4672 sint
1889 4657 1904 4679 ,
1935 4617 2003 4670 da

2062 632 2244 697 verum
2267 632 2385 670 cum
2413 615 2524 684 ipse
2550 626 2885 683 peccatorum
2910 621 3122 665 tuorum
3147 608 3354 690 veniam
3384 605 3643 690 postules,

2063 713 2127 769 iis
2153 713 2310 767 eum“
2343 711 2430 780 (Ιιιί
2463 711 2514 765 in
2547 721 2596 766 le
2625 720 2845 780 peccmt
2876 709 3111 779 ignosce.
3147 705 3467 784 Rcuiissioni
3499 706 3646 780 enim

2066 813 2314 869 remissio
2345 791 2686 880 rependitur;
2720 817 2770 861 et
2803 810 2846 861 si
2879 822 2998 861 cum
3045 807 3240 860 nostris
3281 800 3555 878 conservis
3592 803 3649 857 in

2066 911 2292 979 gratiam
2347 888 2653 980 retleamus,
2710 901 2967 974 Dominus
3015 916 3224 972 quoque
3264 914 3413 953 suam
3457 897 3508 952 in
3558 911 3676 966 nos:

2069 998 2402 1064 iracundiam
2445 998 2781 1072 comprimet.
2831 993 2901 1049 At
2940 1003 3126 1047 contra
3173 1001 3352 1046 nostra
3401 991 3658 1045 adversus

2068 1109 2161 1149 eos
2189 1091 2278 1164 qui
2311 1089 2508 1159 aliquid
2544 1089 2596 1142 in
2638 1103 2738 1142 nos
2781 1086 3114 1141 admiserunt
3154 1083 3360 1154 szevitia
3399 1082 3499 1138 boc
3537 1081 3658 1136 effi-

2068 1187 2173 1256 cit,
2208 1197 2262 1240 ut
2295 1186 2525 1264 peccatis
2559 1181 2756 1256 nostris
2789 1180 2932 1234 nulla
2966 1179 3115 1256 venia
3147 1177 3409 1242 tribuatur
3438 1173 3654 1244 (Matth.

2073 1276 2256 1348 xvui).
2291 1273 2750 1352 Quemadmodum
2783 1271 2934 1326 audis
2964 1269 3218 1346 qnidpam
3251 1267 3324 1340 illi
3353 1267 3440 1338 qui
3470 1266 3656 1322 decem

2072 1373 2391 1426 talentorum
2458 1370 2628 1425 millia
2683 1367 2915 1440 debebat
2953 1363 3238 1428 acciderit,
3285 1377 3478 1436 nempe
3516 1360 3661 1431 quod

2073 1447 2143 1520 ob
2191 1455 2340 1520 suam
2395 1466 2446 1520 in
2496 1443 2814 1518 conservum
2865 1458 3269 1528 crudelitatem,
3321 1454 3452 1526 tanti
3500 1454 3662 1509 debiti

2074 1539 2558 1636 exactioncmivsibi
2613 1555 2713 1626 ipsi
2765 1554 3054 1610 renovarit.
3107 1552 3286 1626 Quare
3337 1563 3663 1628 magnopere

2078 1649 2234 1705 nobis
2278 1649 2664 1728 providendum
2709 1657 2820 1714 est,
2863 1663 2931 1728 ne
2978 1647 3079 1722 hoc
3121 1659 3331 1724 quoque
3369 1643 3523 1720 potius
3562 1656 3663 1712 usu
3697 1683 3699 1686 ‹

2078 1739 2274 1800 veniat.
2307 1741 2442 1810 Quin
2477 1723 2652 1810 potius
2693 1723 2926 1793 debitum
2971 1752 3130 1794 omne
3167 1723 3539 1810 remittamus,
3587 1745 3666 1807 ate
3697 1797 3702 1803 ~

2079 1853 2183 1910 que
2214 1851 2428 1912 omnem
2458 1823 2588 1889 iram
2613 1813 2649 1888 'e
2680 1843 2895 1903 pet-tore
2925 1828 3201 1914 ejiciamus
3223 1872 3237 1895 ,
3269 1835 3327 1881 ut
3355 1825 3504 1880 nobis
3531 1839 3668 1898 quo-
3699 1868 3706 1876 .

1999 1937 2182 2004 Bque
2231 1918 2392 1985 multa
2443 1939 2622 1985 nostra
2673 1927 2849 1982 debita
2891 1925 3252 1982 remittantur.
3300 1921 3502 1996 Practer
3553 1918 3708 1976 haec.

2078 2026 2256 2082 omnia
2276 2069 2291 2094 ,
2317 2041 2380 2080 ac
2411 2040 2518 2096 prae
2547 2022 2798 2094 omnibus
2829 2020 2986 2076 rebus
3014 2020 3213 2090 bonum
3247 2015 3545 2096 depositum
3575 2029 3672 2068 ru-
3705 2069 3710 2076 ,

2080 2099 2256 2186 studi,
2291 2120 2394 2173 hoc
2416 2095 2502 2172 est
2536 2116 2673 2186 piam
2705 2099 2829 2168 fidei
2857 2097 3189 2174 doctrinam,
3320 2095 3421 2178 qua
3453 2104 3671 2182 institu-

2082 2221 2168 2268 tus
2199 2219 2255 2267 et
2283 2195 2521 2282 eruditus
2552 2223 2610 2261 es
2639 2203 2728 2276 (ΙΙ
2754 2203 2888 2260 Tim.
2925 2219 2938 2256 ι
2964 2203 3002 2273 ).
3039 2201 3278 2269 Illudque
3307 2213 3466 2284 cave,
3500 2213 3566 2252 nc
3591 2195 3672 2251 ul-

2088 2303 2196 2358 lum
2246 2299 2468 2356 haeresis
2515 2299 2776 2353 zizauiuin
2822 2295 2877 2350 in
2921 2293 3072 2348 vobis
3111 2299 3436 2348 enascatur:
3484 2303 3676 2376 verum

2086 2391 2278 2467 parum
2307 2410 2367 2449 ac
2411 2391 2518 2447 doli
2562 2406 2757 2460 expers
2795 2388 3032 2444 divinum
3075 2401 3259 2467 semen
3297 2398 3586 2466 conserva,
3618 2389 3678 2439 ut

2085 2489 2306 2544 uberem
2355 2495 2514 2556 atque
2557 2483 2788 2556 amplam
2834 2488 3070 2552 segetem
3113 2477 3340 2532 Domino
3381 2475 3678 2546 exhibeas,

2085 2597 2208 2639 cum
2249 2581 2314 2634 ad
2357 2553 2750 2650 exposcendam
2797 2590 2976 2630 rerum
3019 2573 3088 2626 ab
3128 2585 3451 2652 unoquoque
3492 2568 3542 2652 in
3574 2569 3679 2640 vita

2089 2683 2364 2748 gestarum
2419 2672 2682 2756 rationein
2718 2713 2733 2737 ,
2788 2649 3317 2754 consentaneumque
3368 2649 3680 2749 actionibus

2090 2767 2290 2822 nostris
2330 2753 2642 2820 mercedem
2678 2753 3015 2838 referendam
3056 2757 3257 2840 veniet.
3299 2756 3417 2840 Quo
3465 2753 3681 2838 quidem

2093 2871 2334 2931 tempore
2362 2859 2490 2928 justi
2525 2854 2800 2930 fulgebant
2833 2831 2968 2908 sicut
3009 2852 3088 2932 sol
3111 2893 3126 2918 ,
3169 2831 3461 2934 sceleratos
3501 2831 3682 2902 autem

2091 2929 2265 3024 caligo
2295 2967 2358 3007 ac
2387 2952 2716 3020 semp2terna
2748 2945 3034 3040 ignominia
3061 2929 3254 3016 obruet
3285 2929 3492 3026 (Μᾳῖῖιι
3524 2955 3618 2996 xm
3639 2939 3680 3008 ).

2093 3047 2170 3101 Ac
2197 3061 2373 3113 nunc,
2405 3060 2438 3097 ο
2478 3043 2702 3106 fratres,
2747 3033 2857 3096 Deo
2896 3054 2990 3094 vos
3031 3036 3384 3104 commendo,
3425 3044 3479 3089 et
3519 3033 3682 3086 verbo

2095 3139 2280 3211 gratia:
2309 3135 2478 3206 ipsius
2498 3175 2513 3199 ,
2543 3135 2630 3205 qui
2667 3129 2858 3202 potens
2885 3113 3529 3202 est'snpermdiﬁcare,'et
3555 3115 3682 3204 dare

2096 3232 2250 3288 vobis
2275 3225 2636 3302 bareditatem
2663 3222 2715 3278 in
2744 3219 3086 3300 sanctificatis
3111 3217 3361 3296 munibus
3391 3215 3528 3304 (lict.
3557 3213 3682 3283 xx).

2170 3322 2296 3378 llaec
2324 3299 2446 3378 cum
2475 3301 2958 3386 dixissem-positis
2988 3299 3210 3388 genibus
3250 3309 3391 3384 suis,
3422 3299 3683 3378 quemad-

2095 3401 2308 3472 modum
2339 3414 2597 3482 scriptum
2630 3418 2743 3473 est,
2773 3403 2893 3463 eum
2935 3391 3184 3488 lacrymis
3225 3387 3436 3488 rursum
3477 3399 3685 3486 oravit,

2095 3517 2254 3579 atque
2292 3519 2588 3562 conversus
2628 3489 2977 3570 Barachiam,
3021 3514 3178 3570 quem
3221 3511 3400 3584 regem
3441 3494 3687 3582 designa-

2097 3610 2225 3669 rat,
2281 3611 2578 3668 omnesque
2631 3611 2723 3650 eos
2779 3594 2869 3665 qui
2930 3587 3242 3664 magistratu
3293 3587 3686 3658 iungebantur,

2097 3691 2434 3750 exosculatus
2465 3696 2566 3743 est.
2599 3686 2733 3742 Tum
2767 3699 2892 3740 vero
2934 3698 3022 3738 res
3071 3673 3322 3760 lacrymis
3360 3693 3489 3733 sane
3529 3677 3689 3747 digna

2097 3786 2345 3858 contigit.
2379 3785 2579 3840 Omnes
2607 3782 2750 3837 enim
2783 3761 2957 3850 ipsum
2988 3777 3395 3858 circumstantes
3427 3772 3570 3844 (non
3601 3786 3690 3826 se-

2098 3896 2195 3938 cus
2234 3855 2297 3935 a'c
2338 3877 2383 3933 si
2425 3876 2525 3932 hoc
2567 3877 2824 3932 duntaxat
2860 3871 3134 3935 viverent,
3164 3855 3318 3940 quod
3361 3881 3481 3922 cum
3514 3881 3578 3920 eo
3607 3879 3691 3920 es«

2099 3980 2240 4036 sent,
2254 3986 2316 4026 ac
2333 3969 2489 4026 simul
2513 3978 2671 4038 atque
2691 3947 2838 4022 abeo
2856 3963 3311 4034 disjungerentur,
3337 3947 3498 4015 vitam
3526 3958 3689 4014 amis-

2099 4063 2211 4121 suri
2239 4062 2454 4132 essent)
2478 4060 2605 4132 quid
2635 4074 2742 4114 non
2769 4057 3022 4112 dicebant
3051 4039 3190 4126 quod
3209 4041 3284 4108 ad
3313 4053 3554 4109 ciendam
3587 4053 3690 4108 mi‘

2101 4153 2453 4212 sericordiam
2502 4133 2962 4223 pertinereliaut
3004 4146 3130 4218 quid
3173 4135 3544 4215 relinquebant
3588 4160 3694 4214 quo

2101 4261 2287 4304 eorum
2339 4245 2514 4300 luctus
2561 4243 2748 4314 augeri
2795 4239 3016 4312 posset?
3044 4223 3696 4308 ipsumexosculabantur

2103 4352 2157 4400 et
2193 4340 2718 4410 complectebantur,
2765 4337 3063 4403 mentisque
3104 4333 3330 4399 impotes
3373 4346 3478 4398 prie
3508 4317 3694 4382 dolore

2104 4446 2278 4494 erant.
2316 4435 2405 4491 Va:
2443 4433 2630 4497 nobis,
2661 4430 2997 4492 clamabant,
3030 4442 3186 4495 quam
3215 4424 3360 4494 gravi
3391 4422 3697 4477 calamitate

2106 4528 2454 4599 opprimimur
2477 4527 2489 4579 Σ
2520 4523 2802 4578 Dominum
2827 4536 2947 4576 cum
2972 4517 3330 4587 appellabant,
3359 4525 3582 4586 patrem,
3609 4527 3694 4568 sa-

2107 4621 2233 4678 lutis
2263 4631 2569 4684 auctorem,
2600 4615 2736 4671 bene
2767 4615 2834 4670 de
2865 4629 2921 4669 se
2949 4613 3221 4668 meritum.
3249 4609 3352 4666 Per
3380 4621 3462 4698 te,
3493 4609 3698 4681 inquie-

407 4721 627 4784 operatn
655 4707 1011 4787 utcgeyitibus
1044 4706 1214 4762 facilis
1243 4706 1308 4760 ad
1343 4717 1394 4762 te
1421 4719 1670 4762 accessus
1694 4706 1794 4771 sit.
1823 4704 1998 4776 iisque
2029 4731 2079 4792 ο
2109 4714 2268 4784 baut,
2321 4713 2413 4767 Dei
2465 4710 2825 4780 cognitionem
2871 4706 3208 4776 accepimus,
3257 4721 3437 4761 crrorc
3487 4705 3700 4759 liberati

408 4799 498 4869 qui
542 4799 715 4879 inopia
759 4800 1159 4878 conflictantur,
1205 4811 1364 4869 aures
1411 4809 1512 4854 tua:
1553 4807 1796 4867 pateant,
1845 4806 1902 4854 ut
1943 4807 2000 4853 tu

409 4907 626 4974 quoque
658 4904 870 4973 apertas
914 4892 1007 4968 Dei
1050 4907 1210 4956 aures
1241 4893 1500 4950 invenias.
1531 4892 1664 4947 Nam
1692 4894 1875 4962 quales
1905 4908 2003 4948 nos

414 4984 560 5057 ipsos
591 4985 871 5068 conservis
902 4985 1292 5060 praebuerimus
1311 5025 1328 5051 ,
1362 4987 1520 5040 talem
1551 4983 1709 5048 etiam
1741 5000 1864 5054 erga
1904 5001 2002 5042 nos

415 5070 700 5158 Dominum
735 5081 1109 5158 nanciscemur
1134 5122 1150 5146 ,
1183 5089 1236 5150 et
1276 5078 1728 5150 quemadmodum
1773 5079 2006 5134 audieri-

415 5183 568 5235 mus,
603 5155 910 5256 audiemur,
941 5181 996 5228 et
1024 5172 1470 5247 quemadmodum
1502 5170 1822 5240 viderimus,
1863 5188 1892 5229 a
1923 5172 2004 5228 di-

414 5260 538 5317 vino
564 5273 616 5318 ct
646 5265 884 5348 omnium
917 5281 1094 5346 rerum
1123 5276 1476 5336 conspectore
1500 5264 1658 5320 oculo
1683 5265 2000 5321 videbimur.

415 5354 776 5440 Quamobrem
809 5366 934 5441 ante
965 5357 1390 5430 misericordiam
1423 5358 1846 5416 misericordiam
1878 5374 2007 5414 con-

418 5442 690 5532 feramus,
724 5457 780 5519 ιιι
808 5447 982 5532 simile
1013 5464 1106 5518 per
1135 5448 1311 5504 simile
1339 5450 1684 5524 recipiamus.

491 5539 630 5606 Quin
673 5542 834 5626 etiam
880 5540 1019 5626 aliud
1065 5557 1277 5620 quoque
1320 5553 1645 5617 praeceptum
1687 5559 1806 5598 cum
1851 5557 2007 5609 suite-

418 5633 566 5714 riorc
607 5623 712 5690 isto
750 5623 1092 5720 gonjppptqm
1113 5677 1127 5702 ,
1160 5636 1367 5712 ipsique
1393 5647 1676 5710 cognatum
1703 5637 1825 5692 audi
1859 5654 1874 5690 :
1918 5636 2008 5702 Di-

423 5727 648 5796 mittite,
677 5739 731 5784 et
760 5728 1059 5783 dimittetur
1088 5728 1264 5784 vobis.
1298 5730 1451 5796 Quod
1481 5733 1526 5785 si
1558 5747 1665 5786 non
1696 5729 2014 5794 remiseritis

424 5821 732 5910 hominibus
763 5823 960 5910 delle”
1001 5822 1274 5904 ipsorpm,
1303 5837 1403 5898 nec
1433 5824 1590 5886 Pater
1615 5834 1792 5894 vester
1819 5825 2014 5882 cteles.

522 5903 736 6006 peccata
769 5903 1132 6008 vestra-vobis
1159 5903 1416 5988 remittet.
1459 5919 1541 5977 0b
1566 5919 1728 5990 idque
1765 5934 1835 5978 ne
1876 5919 1942 5976 iis
1985 5933 2016 5976 a

2111 4820 2331 4874 sumus,
2364 4807 2432 4860 ab
2463 4805 2710 4858 omnibus
2742 4801 2898 4858 malis
2939 4802 3366 4872 conquievimus.
3412 4800 3545 4870 Quid
3587 4799 3699 4868 jam

2112 4898 2268 4954 nobis
2311 4906 2432 4968 post
2469 4896 2768 4952 discessum
2815 4907 2959 4950 tuum
3004 4893 3238 4949 futurum
3281 4895 3403 4949 est?
3443 4891 3696 4960 anenant

2119 4989 2255 5045 mala
2290 5003 2388 5044 nos
2419 4987 2721 5058 arripient?
2767 4987 2890 5042 Hrec
2930 5003 3050 5043 cum
3079 4988 3346 5052 dicerent,
3385 4994 3595 5054 pectora
3629 4984 3704 5040 fe-

2114 5082 2328 5137 riebant
2349 5121 2364 5147 ,
2397 5095 2624 5151 eamque
2651 5095 2771 5150 quae
2797 5095 2891 5135 eos
2917 5079 3188 5134 invaserat
3218 5079 3578 5133 calamitatem
3611 5077 3704 5131 de-

2116 5174 2419 5244 plorabant.
2477 5172 2544 5228 At
2593 5173 2682 5228 ille
2730 5172 3085 5227 consolatoria
3135 5171 3380 5225 oratione
3433 5170 3700 5238 ingentem

2115 5279 2302 5321 eorum
2336 5265 2595 5335 ejulatum
2623 5265 3018 5334 comprimens,
3061 5262 3187 5316 illud
3232 5261 3602 5331 pollicebatur,
3644 5277 3705 5318 se

2115 5359 2403 5432 (quoniam
2435 5375 2662 5430 corpore
2687 5359 2795 5429 jam
2827 5375 2930 5414 nou
2965 5357 3202 5428 poterat)
3230 5357 3417 5426 spiritu
3448 5372 3568 5411 cum
3598 5357 3706 5412 illis

2125 5449 2252 5509 fore.
2289 5454 2399 5510 lloc
2441 5469 2694 5510 sermone
2733 5453 2942 5517 habito,
2985 5451 3351 5519 spectantibus
3390 5450 3637 5506 omnibus
3675 5467 3706 5506 e

2118 5549 2312 5618 palatio
2339 5548 2594 5612 excedit;
2643 5562 2708 5602 ac
2750 5547 2929 5602 s'atim
2972 5560 3161 5600 omnes
3204 5525 3487 5613 uestierato
3531 5545 3707 5600 reditu

2117 5655 2242 5694 eum
2273 5640 2658 5711 sequebantdr,
2691 5650 2851 5708 atque
2879 5655 2942 5694 ex
2977 5640 3142 5704 urbe,
3173 5649 3231 5696 ut
3257 5656 3414 5712 quam
3442 5641 3550 5712 jam
3579 5655 3709 5695 cou~

2119 5733 2330 5803 spicere
2359 5733 2581 5788 minime
2614 5741 2871 5801 possent,
2909 5732 3302 5805 profugieliant.
3353 5733 3707 5804 Posteaquam

2119 5837 2296 5882 autem
2323 5841 2353 5881 e
2378 5825 2594 5882 civitate
2620 5826 2822 5897 egressi
2851 5837 3004 5894 sunt,
3032 5828 3118 5884 vix
3144 5831 3355 5884 tandem
3385 5837 3544 5898 atque
3569 5843 3709 5897 :egre

2119 5919 2300 5975 acrius
2329 5933 2422 5976 eos
2454 5916 2576 5988 ipso
2614 5918 2968 5985 admonente.
2999 5929 3158 6001 atque
3190 5921 3348 5979 etiam
3380 5920 3711 5995 asper-iorem
