4158 6354
539 388 642 469 ssi

1588 396 1677 471 bs
1719 414 1891 473 vms
1930 414 2216 474 PATBUM
2255 415 2459 477 LlBER
2499 414 2772 477 ramus.

3726 416 3841 486 επ

540 524 815 585 interdum
854 514 1279 598 objurgationem
1309 508 1632 601 adjungente
1653 572 1668 597 ,
1700 531 1769 587 ab
1796 545 1863 587 eo
1889 531 2134 587 distracti
2163 543 2215 599 Α
2242 535 2526 603 contortis,
2557 534 2611 591 in
2640 533 2881 615 intimam
2918 532 3264 594 solitudinem
3298 552 3359 595 se
3386 542 3723 612 contulisset,
3750 554 3835 604 at-

540 631 703 689 sunt,
741 632 901 693 atque
946 620 1097 677 inviti
1134 622 1568 694 revertebantur,
1617 625 1906 681 identidem
1947 626 2133 682 oculos

441 707 457 716 ’
539 716 884 773 reﬂectentes
904 756 919 781 ,
948 706 1105 787 331
1134 730 1196 769 ac
1225 714 1451 783 pedibus
1482 716 1620 771 inter
1645 717 2022 772 ambulandum
2052 718 2135 773 of-

444 834 453 855 .-
538 806 847 862 fendcntes.
876 804 1130 859 Nonnulli
1160 815 1339 860 autem
1372 822 1435 861 ex
1466 807 1533 863 iis
1562 808 1650 877 qui
1683 809 1989 864 ferventiori
2018 809 2134 865 ani-

536 913 629 954 mo
656 897 864 977 praditi
894 906 1077 965 erant,
1110 897 1352 966 lugentes
1384 899 1591 955 eminus
1623 900 1798 970 ipsum
1830 900 2133 973 sequeban—

535 1004 645 1059 tur,
677 992 1026 1063 quoadusqne
1061 1006 1168 1046 nox
1202 990 1391 1047 oborta
1419 1005 1514 1047 eos
1543 992 1680 1049 inter
1711 1007 1770 1048 se
1796 993 2075 1064 disjunxit.

617 1083 743 1140 Car.
788 1082 1053 1138 XXXVII.
1092 1112 1162 1125 —-
1192 1084 1499 1141 Ccnerosus
1524 1087 1679 1156 igitur
1703 1084 1791 1141 ille
1815 1087 1897 1141 vir
1916 1102 1982 1141 ex
2013 1086 2130 1140 aula

535 1190 783 1247 egressus
834 1184 938 1243 est,
972 1174 1194 1245 perinde
1238 1175 1391 1230 lactus
1433 1185 1592 1245 atque
1623 1177 1836 1245 alacris,
1898 1185 1955 1231 ut
2006 1191 2128 1232 cum

535 1267 802 1337 quispiam
831 1282 863 1322 e
887 1267 1177 1337 longinquo
1207 1280 1269 1322 ac
1298 1267 1553 1322 diuturno
1583 1267 1783 1322 exsilio
1818 1268 1869 1321 in
1902 1268 2127 1337 patriam

537 1375 599 1416 se
632 1360 817 1416 refert.
844 1361 1019 1429 Atque
1044 1369 1265 1416 externe
1291 1361 1503 1430 quidem
1535 1375 1626 1417 eas
1657 1361 1848 1432 quibus
1878 1363 1952 1415 uti
1981 1361 2126 1417 sole-

534 1452 645 1519 bat,
677 1463 855 1505 vestes
878 1451 1119 1521 gerebat,
1144 1451 1352 1507 interne
1372 1463 1549 1507 autem
1574 1453 1805 1508 cilicium
1830 1452 1959 1507 illud
1983 1452 2124 1522 quod

533 1546 781 1602 Barlaam
802 1545 902 1613 ipsi
926 1546 1069 1601 dono
1086 1545 1324 1602 dederat.
1349 1545 1516 1602 l’orro
1547 1557 1702 1603 nocte
1725 1548 1817 1602 illa
1848 1548 1899 1602 in
1924 1562 2123 1618 paupe-

533 1640 608 1696 ris
624 1637 903 1709 cujusdam
924 1638 1022 1693 viri
1040 1639 1416 1694 dotnunculam
1430 1655 1490 1695 se
1505 1639 1813 1707 conferens,
1835 1652 2010 1696 vestes
2034 1655 2126 1696 eas

532 1738 728 1809 quibus
756 1738 975 1792 indutus
1014 1747 1130 1792 erat
1160 1736 1363 1809 abjicit,
1406 1745 1848 1809 postremumque
1876 1738 2004 1793 illud
2034 1738 2127 1793 be-

533 1832 782 1887 nelicium
806 1832 981 1903 egenti
1008 1831 1207 1886 tribuit.
1240 1832 1477 1902 Cumque
1499 1833 1565 1886 ad
1594 1834 1737 1888 hunc
1762 1833 1978 1888 modum
2013 1842 2124 1887 tum

532 1925 676 1981 illius
703 1934 815 1980 tum
854 1925 1148 1980 multorum
1174 1925 1402 1981 aliorum
1432 1942 1730 1997 pauperum
1755 1926 1999 1997 precibus
2030 1924 2125 1981 Dei
2159 1967 2206 2027 Β

532 2033 690 2089 opem
719 2030 881 2089 atque
924 2018 1189 2073 auxilium
1217 2020 1319 2073 sibi
1366 2019 1670 2085 accivisset,
1704 2020 1927 2089 ejusque
1957 2019 2127 2089 gratia

532 2123 585 2169 et
615 2114 864 2184 praesidio
912 2121 1166 2184 tanquam
1209 2113 1398 2169 salutis
1447 2114 1769 2169 vestimento
1819 2127 1883 2168 ac
1924 2112 2127 2168 latitia

531 2209 690 2280 pallio
720 2223 841 2265 sese
880 2210 1167 2277 induisset,
1221 2209 1289 2264 ad
1340 2207 1635 2263 solitariam
1666 2208 1829 2262 vitam
1870 2207 2125 2274 excessit,

530 2318 635 2360 non
669 2317 884 2373 panem,
918 2320 1022 2358 non
1052 2318 1270 2374 aquam,
1302 2318 1407 2358 non
1460 2301 1749 2374 quidquam
1796 2301 1938 2357 aliud
1969 2316 2034 2357 ex
2062 2302 2129 2358 iis

531 2413 650 2467 qua
690 2397 759 2453 ad
794 2397 991 2454 victum
1022 2397 1324 2453 necessaria
1373 2407 1497 2452 sunt
1526 2411 1708 2451 secum
1756 2396 1956 2465 ferens,
2009 2396 2129 2451 nul-

531 2490 750 2558 lumque
773 2488 915 2543 aliud
947 2487 1319 2544 indumentum
1371 2502 1590 2559 gerens,
1626 2497 1822 2558 prater
1874 2503 2128 2559 asperum

531 2582 663 2641 :‘llud
695 2584 952 2651 cilicium,
986 2584 1054 2639 de
1082 2598 1191 2654 quo
1236 2583 1396 2653 paulo
1439 2591 1563 2638 ante
1614 2584 1944 2640 mentionem
2002 2582 2123 2638 feci.

530 2677 746 2733 Etenim
777 2676 1038 2747 singulari
1060 2675 1291 2747 quodam
1316 2674 1606 2741 desiderio,
1637 2690 1697 2729 ac
1720 2673 1899 2729 divino
1922 2677 2130 2729 immor.

531 2769 652 2825 talis
684 2770 822 2839 regis
848 2767 1051 2823 Christi
1098 2781 1283 2822 amore
1325 2766 1560 2835 saueius,
1596 2775 1707 2821 toto
1759 2765 2021 2821 animoin
2074 2765 2127 2820 id

531 2861 673 2932 quod
689 2860 907 2916 amabat
929 2858 1290 2925 incumbebat,
1312 2867 1453 2914 totus
1476 2867 1632 2914 extra
1655 2872 1713 2914 se
1732 2866 1939 2928 raptus,
1956 2870 2018 2912 ac
2046 2856 2130 2911 di-

533 2955 731 3012 vinitus
764 2955 1093 3020 immutatus,
1120 2954 1321 3024 Deique
1365 2953 1629 3009 charitate
1677 2954 1823 3009 omni
1855 2969 1922 3009 ex
1977 2963 2128 3023 parte

533 3057 836 3119 correptus.
867 3046 1043 3102 Fortis
1091 3046 1259 3115 enim,
1307 3044 1480 3117 inquit
1508 3045 1618 3114 ille,
1668 3044 1803 3102 sicut
1861 3061 2006 3100 mors
2049 3044 2129 3101 di-

531 3144 690 3202 lectio
719 3141 898 3214 (Cant.
929 3141 1064 3211 vttt).
1095 3139 1323 3195 Tantam
1373 3138 1619 3195 videlicet
1649 3140 1764 3209 ipse
1819 3154 1885 3194 ex
1942 3136 2127 3193 divino

533 3254 721 3296 amore
751 3237 1115 3294 temulentiam
1142 3244 1510 3302 contraxerat,
1544 3242 1798 3305 tantaque
1824 3233 1913 3289 siti
1936 3243 2130 3289 astua-

2238 640 2342 696 que
2373 626 2699 683 mducarutu
2744 645 2925 685 rerum
2975 629 3380 703 confusionem,
3424 642 3679 706 tanquam
3718 652 3838 696 mo-

2237 721 2581 779 leStissimam
2619 725 2907 796 quamdam
2957 726 3223 782 sarcinam
3272 736 3326 784 et
3367 739 3611 787 catenam
3642 747 3834 791 excus-

2237 814 2421 884 sisset,
2475 818 2667 890 spiritu
2719 820 3019 889 latabatur,
3050 822 3417 893 conjectisque
3448 825 3499 878 in
3531 824 3829 894 Christum,

2236 910 2388 979 cujus
2417 911 2689 969 desiderio
2729 912 2973 982 ardebat,
3029 914 3237 981 oculis;
3290 915 3356 970 ad
3403 930 3549 983 eum,
3577 926 3835 988 tanquam

2234 1004 2301 1059 ad
2335 1015 2650 1074 prasentem
2673 1016 2833 1076 atque
2875 1007 3045 1077 ipsius
3073 1022 3259 1063 vocem
3285 1007 3593 1065 audientem
3633 1011 3834 1066 clama-

2234 1096 2347 1165 bat,
2379 1112 2610 1169 eumqtte
2630 1099 3020 1170 alloquebatur,
3045 1099 3399 1158 his‘videlicet
3424 1102 3601 1158 verbis
3633 1115 3792 1159 utens
3812 1121 3832 1158 .'

2233 1191 2311 1247 Ne
2332 1191 2693 1263 jamgquaso,
2723 1209 2756 1249 ο
2788 1194 3035 1263 Domine,
3064 1197 3252 1251 oculus
3275 1210 3426 1252 meus
3450 1197 3673 1268 hujusce
3701 1200 3833 1255 vita

2234 1283 2373 1340 bona
2404 1285 2608 1352 videat;
2640 1300 2739 1342 nec
2787 1300 3026 1356 prasens
3065 1289 3274 1343 vanitas
3316 1298 3552 1345 mentem
3591 1304 3771 1346 meam
3799 1305 3830 1345 a

2232 1386 2482 1447 suscepto
2512 1378 2701 1433 itinere
2723 1378 3034 1445 abstrahat;
3068 1396 3279 1449 verum,
3311 1380 3539 1437 Domine
3565 1384 3661 1450 mi,
3702 1398 3833 1439 ocu-

2231 1464 2313 1522 los
2354 1484 2504 1524 meos
2548 1470 2919 1539 spiritualibus
2966 1471 3221 1544 lacrymis
3261 1472 3445 1542 imple,
3501 1488 3833 1545 gressusque

2230 1577 2381 1618 meos
2407 1561 2599 1633 dirige,
2644 1564 3010 1634 famulumque
3039 1573 3186 1620 tuum
3218 1563 3465 1619 Barlaam
3516 1564 3648 1619 mihi
3679 1580 3833 1620 com-

2230 1664 2497 1711 monstra.
2540 1654 2691 1723 Mihi,
2722 1655 2964 1727 inquam,
2993 1671 3118 1712 eum
3151 1672 3246 1727 per
3293 1671 3454 1728 quem
3502 1657 3634 1712 mihi
3685 1658 3835 1713 salus

2231 1760 2385 1819 parta
2442 1758 2527 1804 est
2556 1748 2803 1817 ostende,
2847 1759 2904 1805 ut
2945 1750 3200 1806 solitaria
3243 1765 3307 1806 ac
3360 1750 3683 1807 monasticae
3711 1752 3834 1807 vita

2231 1843 2592 1898 sinceritatem
2625 1858 2721 1913 per
2748 1843 2923 1913 ipsum
2954 1842 3251 1910 addiscam,
3284 1858 3348 1898 ac
3378 1859 3486 1900 non
3518 1845 3587 1899 ob
3620 1843 3836 1901 hostilis

2231 1935 2356 1993 belli
2406 1935 2722 2005 imperitiam
2765 1937 2821 1991 in
2870 1935 3116 1994 fraudem
3147 1936 3391 1993 inducar.
3445 1938 3519 1991 Da
3547 1936 3699 2003 mihi,
3733 1936 3835 1993 Do-

2233 2032 2399 2094 mine,
2424 2028 2565 2084 viatn
2595 2043 2769 2083 meam
2795 2028 3056 2097 nancisci,
3085 2043 3183 2098 per
3219 2043 3381 2099 quam
3432 2037 3484 2084 te
3539 2025 3828 2098 adipiscar,

2230 2123 2482 2195 quoniam
2512 2122 2690 2177 anima
2719 2136 2838 2177 mea
2884 2121 2960 2177 tui
2988 2120 3262 2178 desiderio
3287 2120 3472 2177 saucia
3515 2130 3622 2188 est,
3676 2130 3834 2191 teque

2232 2217 2422 2274 salutis
2452 2216 2651 2271 fontem
2680 2215 2937 2271 ardenter
2975 2215 3107 2270 sitit.

2304 2312 2430 2366 Hac
2456 2324 2641 2367 secum
2675 2319 2937 2381 perpetuo
2964 2309 3235 2375 volvebat,
3269 2317 3429 2380 atque
3457 2308 3525 2364 ad
3551 2308 3725 2365 Deum
3754 2308 3834 2363 lo-

2233 2404 2519 2477 quebatur,
2554 2419 2648 2473 per
2678 2406 2977 2458 orationem
2999 2416 3063 2457 ac
3090 2401 3530 2458 sublimissimam
3585 2410 3832 2456 contem-

2232 2498 2523 2568 plationem
2553 2497 2655 2568 ipsi
2682 2509 2806 2552 sese
2855 2495 3206 2567 conjungens.
3250 2498 3426 2565 Atque
3457 2496 3529 2549 ita
3576 2501 3836 2549 contento

2232 2609 2422 2663 gressu
2453 2602 2687 2662 captum
2720 2593 2822 2648 iter
2851 2591 3267 2662 exsequebatur,
3311 2588 3380 2645 ad
3420 2588 3599 2644 locum
3622 2603 3747 2642 eum
3777 2586 3832 2642 in

2231 2701 2338 2757 quo
2366 2686 2608 2742 Barlaam
2639 2685 2870 2756 degebat
2916 2685 3202 2755 pervenire
3226 2680 3582 2738 contendens.
3634 2679 3830 2734 Herbis

2237 2795 2400 2851 porro
2428 2780 2492 2836 iis
2522 2795 2642 2851 qua
2684 2780 2737 2834 in
2768 2782 2984 2834 deserto
3012 2777 3316 2834 existebant
3344 2773 3613 2832 alebatur.
3646 2773 3833 2843 Neque

2233 2874 2399 2940 enim,
2433 2882 2490 2928 ut
2510 2872 2619 2942 jam
2650 2887 2682 2926 a
2713 2886 2799 2928 me
2829 2881 3309 2928 commemoratum
3338 2878 3441 2936 est,
3471 2877 3668 2938 prater
3708 2879 3831 2920 cor-

2232 2980 2330 3037 pus
2360 2980 2421 3022 ac
2449 2979 2653 3035 pannos
2679 2964 2802 3020 illos
2846 2964 3041 3035 quibus
3092 2963 3308 3020 indutus
3351 2971 3492 3029 erat,
3540 2958 3829 3031 quidquam

2230 3060 2373 3117 aliud
2400 3075 2583 3117 secum
2609 3059 2835 3116 ferebat.

2303 3156 2573 3214 Caterum
2598 3171 2720 3212 cum
2746 3155 2999 3227 exiguum
3023 3170 3087 3210 ac
3109 3154 3303 3210 nullius
3325 3150 3542 3208 omnino
3567 3146 3829 3204 momenti

2231 3252 2428 3307 victum
2459 3266 2525 3308 ex
2557 3250 2738 3307 herbis
2766 3249 2867 3304 sibi
2899 3255 3131 3318 pararet,
3180 3260 3335 3317 aqua
3360 3243 3575 3314 penuria
3608 3251 3831 3311 prorsus

529 3334 643 3419 ιω.
676 3332 844 3388 ίηειθτ
874 3328 1236 3427 “meeum!”
1256 3325 1347 3401 qui
1372 3326 1582 3383 dicebat
1614 3343 1627 3380 ³
1662 3327 2123 3427 Ωιξθίηθιξωρξίυω
2152 3363 2201 3427 c
2232 3346 2533 3415 laborabat,
2559 3345 2701 3418 quod
2726 3344 2984 3401 videlicet
3026 3343 3257 3399 solitudo
3306 3341 3393 3396 illa
3441 3354 3596 3411 aquae
3636 3344 3834 3405 expers

536 3413 810 3481 desiderat
850 3436 1040 3479 cervus
1072 3421 1138 3477 ad
1169 3420 1346 3477 fontes
1397 3434 1679 3491 aquarum,
1734 3419 1807 3474 ita
1857 3418 2128 3476 desiderat

536 3520 714 3575 anima
746 3531 867 3573 mea
892 3515 959 3571 ad
990 3524 1042 3571 te
1064 3515 1228 3570 Deus.
1267 3513 1449 3571 Sitivit
1474 3513 1653 3568 anima
1696 3528 1815 3569 mea
1868 3512 1935 3568 ad
1960 3513 2128 3569 Deum

538 3611 741 3668 fontem
767 3609 943 3665 vivum
976 3605 1151 3678 (l’sal.
1187 3606 1324 3675 xu).
1368 3605 1434 3659 Et
1464 3604 1913 3677 quemadmodum
1951 3605 2129 3659 anima

538 3705 652 3777 illa,
708 3720 827 3776 qua
874 3700 1181 3774 ltujusmodi
1232 3698 1498 3755 charitate
1550 3698 1825 3755 vulnerata
1882 3708 2018 3768 erat,
2076 3698 2130 3754 in

539 3798 762 3855 Cantico
778 3795 1111 3853 canticorum
1140 3792 1253 3848 ait:
1287 3790 1575 3848 Vulnerata
1596 3792 1862 3848 charitate
1889 3806 1988 3861 ego
2009 3804 2128 3847 sum

540 3894 716 3966 (Cant.
750 3893 833 3963 ll).
868 3894 945 3946 Ac
970 3903 1181 3945 rursum
1214 3904 1228 3941 :
1262 3886 1498 3945 Ostende
1553 3887 1684 3943 mibi
1740 3888 1930 3944 facient
1961 3896 2127 3957 tuam,

538 4000 593 4044 et
619 3985 705 4042 fac
738 4000 822 4040 me
850 3982 1036 4038 audire
1067 3996 1255 4037 vocem
1285 3988 1427 4036 tuam
1455 3997 1468 4047 ;
1509 3995 1611 4039 vox
1641 3979 1785 4038 enim
1818 3990 1905 4035 tua
1935 3979 2128 4048 dulcis,

539 4089 594 4138 et
619 4079 786 4135 facies
817 4087 907 4133 tua
937 4076 1150 4132 decora.
1940 4138 1943 4139 γ

613 4169 848 4240 Hujusce
872 4170 1017 4225 omni
1048 4182 1301 4225 sermone
1348 4169 1736 4239 prastantioris
1781 4169 2131 4242 pulchritudi-

539 4264 626 4321 nis
649 4262 848 4320 Cbristi
880 4261 1167 4329 desiderio,
1202 4270 1451 4333 tanquam
1486 4262 1609 4332 igne
1658 4261 1892 4334 quodam
1946 4264 1999 4319 in
2030 4279 2129 4335 pe-

536 4370 688 4416 ctore
713 4368 953 4428 accepto,
978 4356 1339 4429 aposmlorum
1362 4355 1581 4422 chorus,
1626 4370 1690 4411 ac
1711 4366 2009 4428 martyrum
2038 4372 2129 4429 ag-

535 4455 704 4523 mina,
748 4452 928 4508 omnia
977 4466 1039 4507 ea
1068 4465 1188 4521 qua
1234 4449 1402 4507 oculis
1451 4458 1741 4506 cernuntur
1793 4459 2131 4521 contempse-

534 4558 687 4620 runt,
712 4556 874 4619 atque
920 4545 1067 4603 omni
1108 4543 1233 4600 huic
1264 4544 1420 4600 ﬂuxa
1465 4552 1522 4600 et
1567 4544 1783 4600 caduca
1816 4545 1942 4600 vita
1975 4549 2130 4601 innu-

534 4659 687 4700 mera
718 4650 1111 4697 tormentorum
1165 4648 1223 4693 et
1278 4638 1468 4694 mortis
1511 4653 1705 4709 genera
1756 4640 2126 4707 praetulerunt,

2235 3451 2400 3497 esset.
2435 3440 2567 3495 Cum
2597 3439 2760 3508 igitur
2787 3438 2904 3493 sole
2950 3435 3056 3496 iam
3087 3436 3187 3491 sub
3218 3432 3495 3490 meridiem
3540 3430 3835 3485 vebemerv

2236 3542 2317 3589 ter
2342 3531 2565 3588 ardente
2604 3530 2707 3586 iter
2764 3528 2985 3595 faceret,
3040 3526 3414 3585 vehementius
3442 3524 3513 3579 ob
3557 3530 3748 3578 aslum
3776 3522 3833 3576 in

2234 3623 2382 3680 arida
2414 3623 2634 3694 regione
2661 3622 2751 3677 siti
2797 3620 3079 3692 ﬂagrabat,
3119 3628 3279 3690 atque
3325 3627 3565 3675 extrema
3622 3624 3676 3669 et
3704 3624 3830 3683 gra-

2236 3716 2454 3773 vissima
2483 3731 2721 3771 arumna
2758 3715 3070 3771 vexabatur.
3124 3714 3326 3771 Verum
3374 3711 3830 3783 cupiditasnatuo

2235 3830 2350 3870 ram
2382 3812 2648 3879 vincebat,
2708 3825 2773 3867 ac
2825 3811 2945 3866 sitis
2989 3826 3053 3867 ea
3106 3809 3283 3866 divina
3335 3822 3435 3881 qua
3489 3804 3829 3865 afﬁciebatur

2234 3909 2350 3965 sitis
2380 3923 2531 3979 aqua
2563 3906 2830 3962 ﬂammam
2855 3906 3150 3962 minuebat.

2307 4004 2375 4056 At
2398 4015 2527 4057 vero
2559 3999 2649 4055 ille
2676 3998 2803 4055 boni
2832 3998 3081 4055 inimicus
3109 4006 3165 4054 et
3190 3997 3405 4053 invidus
3433 3996 3700 4063 diabolus,
3730 3995 3830 4050 bu-

2229 4092 2467 4164 jusmodi
2496 4091 2662 4147 animi
2690 4092 2989 4147 institutum
3015 4099 3174 4161 atque
3196 4103 3365 4162 usque
3391 4089 3527 4145 adeo
3549 4089 3826 4144 ardentem

2234 4189 2403 4259 ipsius
2453 4203 2580 4259 erga
2633 4186 2801 4243 Deum
2861 4185 3180 4242 chantatem
3232 4183 3603 4255 indignissimo
3643 4182 3825 4237 animo

2233 4280 2567 4353 perspiciens
2598 4322 2613 4346 ,
2660 4280 2858 4335 multas
2905 4279 3006 4349 ipsi
3061 4278 3115 4334 in
3167 4276 3457 4333 solitudine
3503 4279 3828 4335 tentationes

2235 4374 2531 4441 excitabat,
2556 4373 2721 4444 regiae
2750 4372 3004 4427 nimirum
3032 4370 3203 4443 ipsius
3234 4369 3423 4441 gloria
3453 4368 3828 4440 splendidissi-

2235 4483 2444 4539 maque
2496 4466 2659 4537 332
2702 4464 2995 4521 satellitum
3045 4476 3266 4529 manus,
3318 4477 3423 4534 qua
3471 4461 3641 4533 ipsius
3687 4461 3830 4516 latus

2234 4563 2374 4633 cingi
2402 4562 2634 4628 solebat,
2665 4570 2827 4630 atque
2856 4560 3152 4616 amicorum
3174 4558 3305 4615 item
3332 4567 3387 4615 et
3406 4557 3691 4629 aqualium
3715 4570 3827 4611 inec

2236 4656 2463 4713 moriam
2488 4653 2589 4726 ipsi
2617 4651 2911 4721 refricans;
2938 4651 3176 4725 illudque
3204 4652 3332 4709 item
3358 4652 3458 4721 ipsi
3488 4651 3559 4707 ob
3586 4651 3830 4705 animum

537 4737 738 4793 divina
767 4731 1178 4807 pulchritudinis
1207 4747 1392 4789 amore
1412 4732 1722 4804 ﬂagrantes,
1757 4741 1916 4803 atque
1939 4734 2128 4803 iugen-
2158 4769 2212 4830 Β
2237 4762 2565 4823 proponens,
2595 4747 2832 4804 omnium
2878 4746 3089 4801 animas
3143 4761 3212 4802 ex
3240 4744 3411 4815 ipsius
3461 4743 3642 4799 anima
3696 4756 3829 4812 pem

533 4845 643 4895 tem
670 4831 765 4888 Dei
796 4828 961 4886 Verbi
987 4843 1114 4900 erga
1138 4842 1235 4884 nos
1261 4842 1498 4884 amorem
1523 4844 1643 4883 cum
1676 4829 1870 4885 animis
1903 4828 2017 4885 suis
2039 4845 2124 4886 re-

531 4936 809 4999 putantes.
836 4923 989 4980 Hunc
1018 4922 1194 4993 ignem
1238 4936 1359 4976 cum
1384 4922 1676 4992 praclarus
1707 4924 1891 4987 etiam,
1912 4938 1975 4979 ac
2004 4938 2125 4979 cor-

529 5039 666 5094 pore
694 5020 906 5094 quidem
934 5016 1146 5084 nobilis,
1171 5025 1427 5073 caeterum
1457 5018 1614 5090 longe
1643 5019 1905 5075 nobiliore
1928 5034 1990 5076 ac
2020 5035 2127 5075 ma-

529 5100 617 5191 gis
657 5118 806 5188 rcgio
836 5114 1019 5171 animo
1070 5112 1324 5183 praditus
1354 5114 1433 5168 vir
1470 5114 1522 5169 in
1574 5114 1753 5185 seipso
1801 5118 2121 5186 accepisset,

532 5223 747 5270 terrena
779 5210 957 5267 omnia
1005 5223 1227 5280 prorsus
1274 5218 1609 5279 aspernatur,
1644 5225 1833 5266 omnes
1880 5212 2123 5283 corporis

527 5306 832 5377 voluptates
862 5304 1158 5376 proculcat,
1189 5318 1320 5381 opes
1340 5313 1394 5359 et
1420 5304 1644 5373 gloriam
1672 5312 1831 5374 atque
1859 5304 2122 5362 humanos

448 5437 453 5449 .
532 5399 771 5455 honores
792 5414 889 5468 pro
918 5398 1087 5454 nihilo
1117 5397 1286 5465 ducit,
1312 5398 1556 5453 diadema
1580 5406 1632 5454 et
1662 5412 1952 5469 purpuram
1987 5399 2121 5469 abji-

446 5494 452 5501 “
530 5493 628 5562 cit,
656 5506 973 5548 aranearum
1003 5491 1126 5548 telis
1158 5491 1345 5547 viliora
1375 5506 1437 5547 ea
1481 5491 1819 5559 existimans,
1848 5501 2012 5563 atque
2052 5492 2119 5549 ad

526 5586 709 5641 omnia
738 5584 871 5640 dura
899 5594 949 5640 et
976 5584 1171 5641 acerba
1202 5584 1517 5641 monastica
1552 5585 1680 5639 vita
1707 5584 1883 5641 studia
1932 5601 2117 5657 prom-

522 5691 617 5757 pto
646 5680 827 5737 animo
851 5694 973 5737 sese
1001 5680 1183 5748 tradit,
1204 5680 1333 5737 illud
1361 5680 1661 5739 Psalmista
1688 5681 1966 5741 clamans:
2008 5684 2119 5740 Ad-

525 5775 685 5833 hasit
713 5773 890 5830 anima
918 5787 1037 5829 mea
1068 5782 1188 5845 post
1241 5781 1316 5842 te,
1358 5789 1390 5830 ο
1436 5772 1672 5849 Christe,
1719 5775 1978 5849 suscipiat
2030 5791 2119 5834 me

524 5871 746 5929 dextera
774 5878 861 5939 tua
895 5866 1063 5942 (Psal.
1097 5866 1247 5937 uti).
1736 5878 1747 5885 ‘

593 5965 835 6039 Cumque
864 5963 929 6022 ad
951 5962 1095 6021 hunc
1146 5959 1389 6031 modum,
1418 5960 1588 6021 oculis
1614 5977 1645 6018 a
1698 5972 1844 6038 tergo
1893 5965 2116 6027 minime

2236 4842 2386 4908 dere,
2414 4856 2477 4895 ac
2501 4838 2739 4910 reliquas
2771 4837 3007 4909 denique
3030 4837 3161 4893 alias
3193 4837 3418 4907 hujusce
3443 4835 3565 4892 vita
3590 4834 3834 4892 oblecta-

2235 4934 2408 4989 tiones
2438 4933 2541 5004 ipsi
2571 4931 2853 5002 objiciens.
2884 4930 2962 4986 Ac
2987 4930 3185 4988 deinde
3216 4922 3428 4986 virtutis
3454 4929 3828 4999 aSperitatem,

2233 5038 2397 5098 atque
2420 5024 2664 5096 ingentes
2686 5024 2805 5095 ejus
2833 5024 3059 5081 sudores
3089 5023 3190 5095 ipsi
3221 5022 3579 5095 proponebat,
3631 5035 3832 5092 corpo-

2233 5119 2311 5175 ris
2334 5118 2461 5175 item
2494 5118 2913 5174 imbecillitatem
2942 5125 2998 5174 et
3042 5117 3351 5187 inexpertas
3380 5125 3542 5187 atque
3589 5115 3833 5171 insuetas

2233 5228 2525 5281 aerumnas,
2552 5221 2607 5269 et
2628 5212 2888 5282 temporis
2919 5211 3393 5282 longinquitatem,
3417 5223 3480 5266 ac
3499 5218 3832 5281 prasentem

2227 5306 2346 5365 sitis
2363 5310 2792 5379 oppressionem,
2824 5307 3076 5379 quodque
3126 5307 3269 5364 nulla
3321 5320 3389 5364 ex
3436 5314 3590 5377 parte
3634 5319 3834 5360 conso-

2227 5404 2355 5460 latio
2386 5404 2499 5459 ulla
2540 5402 2641 5474 ipsi
2670 5401 3031 5473 exspectanda
3083 5410 3264 5469 esset,
3316 5406 3411 5455 aut
3449 5398 3583 5454 tanti
3625 5396 3835 5453 laboris

2224 5507 2496 5570 tantaque
2525 5497 2856 5572 fatigationis
2888 5495 3028 5553 linis.
3078 5497 3156 5552 Ac
3199 5494 3432 5566 denique
3469 5496 3741 5564 ingentem
3773 5490 3830 5546 in

2224 5594 2395 5665 ipsius
2416 5593 2620 5661 animo,
2646 5590 3100 5665 quemadmodum
3121 5589 3352 5661 quodam
3382 5588 3503 5645 loco
3530 5586 3600 5644 de
3627 5600 3831 5657 magno

2224 5687 2457 5743 Antonio
2490 5686 2758 5757 proditum
2789 5694 2896 5753 est,
2928 5682 3315 5754 cogitationum
3364 5682 3642 5755 pulverem
3673 5693 3829 5737 com-

2224 5780 2494 5837 movebat.

2299 5873 2364 5930 Ut
2388 5889 2567 5931 autem
2594 5874 2661 5931 ad
2678 5871 3106 5932 labelactandum
3136 5872 3305 5943 ipsius
3325 5872 3491 5927 animi
3512 5868 3826 5926 institutum

2224 5966 2546 6028 imbecilletn
2572 5971 2740 6029 hostis
2758 5971 2848 6028 ille
2866 5984 2925 6027 se
2953 5968 3084 6027 vidit
3102 5965 3401 6039 (Christum
3422 5963 3568 6027 enim
3584 5964 3701 6038 ipse
3717 5962 3822 6022 sibi
