4158 6354
336 353 450 410 $93

817 346 977 404 VITA
1014 342 1432 404 SANCTORUM
1474 343 1802 402 BARLAAM
1851 339 2188 402 EREMITIE
2231 339 2317 398 ET
2356 339 2710 399 JOSAPIIAT
2750 340 2960 398 INDIE
3003 341 3227 400 REGIS.

3520 343 3628 404 59‘

343 471 672 529 obanimum
697 480 1026 538 proponens,
1046 473 1207 537 atque
1230 466 1398 535 ipsius
1425 465 1691 521 desiderio
1717 464 1929 519 inﬂam-
1960 460 2012 521 Δ
2040 459 2289 516 nimirum
2316 461 2401 515 hic
2431 476 2644 532 quoque
2668 460 2832 515 animi
2876 460 3044 531 ipsius
3073 459 3377 514 firmitatem
3401 471 3466 517 ac
3491 469 3632 520 stre-

341 577 542 631 matus,
575 579 780 634 speque
810 562 1025 633 egregie
1050 561 1420 627 confirmatus,
1468 575 1529 616 ac
1588 562 1691 615 fide
1748 558 1933 614 subni-

335 676 465 727 xus,
500 659 641 712 illius
668 657 951 711 instinctus
980 664 1033 711 et
1077 657 1297 711 consilia
1329 671 1428 724 pro
1461 655 1626 711 nihilo
1661 654 1934 722 ducebat),

340 751 551 824 pudore
581 748 815 802 suffusus
842 757 944 816 est,
976 756 1162 817 utpote
1184 748 1248 802 ad
1281 748 1533 816 prinmm,
1559 757 1614 801 ut
1643 747 1746 802 dici
1777 747 1936 811 solet,

334 849 603 915 impetum
637 850 955 912 prostratus.
986 843 1324 911 Quapropter
1363 843 1585 897 alteram
1617 842 1756 896 viam
1805 841 1938 896 inire

337 937 754 1008 cwpit(multas
785 937 979 1006 quippe
1011 936 1114 1005 ipsi
1171 936 1285 991 vitii
1339 936 1559 992 semitas
1616 935 1824 1005 habet),
1878 949 1939 990 ac

337 1033 508 1090 variis
534 1032 762 1102 spectris
805 1045 926 1085 eum
953 1039 1202 1085 evertere
1226 1040 1382 1100 atque
1438 1029 1487 1083 in
1541 1038 1740 1084 metum
1769 1028 1938 1097 conji-

337 1141 466 1182 cere
491 1124 780 1179 nitebatur.
807 1121 1210 1191 Nonnunquam
1252 1121 1394 1176 enim
1422 1130 1536 1175 ater
1563 1120 1683 1190 ipsi,
1732 1129 1788 1174 ut
1834 1127 1934 1182 est,

337 1217 668 1288 apparebat;
697 1229 1077 1286 nonnunquam
1126 1227 1314 1269 rursus
1359 1213 1661 1268 districtum
1705 1213 1940 1283 gladium

334 1321 552 1374 tenens,
568 1309 622 1363 in
636 1324 755 1364 eum
774 1308 1029 1375 impetum
1045 1305 1292 1372 faciebat,
1309 1321 1472 1376 seque
1492 1321 1636 1370 cum,
1653 1304 1750 1360 nisi
1765 1319 1942 1376 quam.

337 1405 575 1474 primum
605 1401 673 1457 ab
705 1401 947 1458 instituto
989 1401 1219 1457 resiliret
1251 1443 1264 1465 ,
1296 1415 1673 1471 percussurum
1701 1399 1940 1454 minaba-

333 1505 450 1551 tur.
483 1494 813 1564 Quandoque
849 1509 1034 1548 rursus
1074 1494 1340 1547 variarum
1379 1492 1669 1548 bestiarum
1713 1493 1937 1548 formam

343 1587 584 1652 subibat,
636 1586 892 1641 adversus
938 1587 1108 1655 ipsum
1150 1586 1363 1657 rugiens
1397 1601 1461 1641 ac
1513 1601 1766 1655 perquam
1815 1587 1941 1641 hor-

332 1679 566 1737 rendum
592 1680 849 1749 mugitum
875 1687 931 1733 et
960 1678 1243 1748 strepitum
1274 1677 1472 1740 edens;
1504 1687 1664 1747 atque
1694 1678 1853 1732 etiam
1887 1678 1938 1733 in

338 1772 599 1829 draconis
630 1782 682 1828 et
722 1772 922 1842 aspidis
952 1783 1005 1826 et
1059 1771 1228 1842 reguli
1278 1772 1502 1826 formam
1545 1787 1664 1826 sese
1713 1771 1940 1826 subinde

2041 553 2300 609 unitatem
2333 553 2671 624 explorante.
2727 553 2803 607 Ac
2832 553 2932 620 sic,
2985 553 3085 607 sub
3125 552 3213 606 dio
3243 551 3465 622 degens,
3519 561 3635 610 tum

2040 656 2173 702 testu
2195 645 2578 715 conflagrabat,
2629 655 2740 700 tum
2773 644 2967 715 frigore
3007 643 3302 715 obrigebat,
3361 647 3634 713 przeslan-
3705 699 3716 716 ,

2045 738 2307 793 tissimum
2340 737 2490 792 illum
2515 752 2699 793 senem
2723 737 2868 792 velut
2891 737 3174 807 quemdam
3195 736 3426 806 ingentis
3469 735 3628 806 pretii
3703 721 3716 736 ’

2043 835 2349 889 thesaurum
2367 846 2608 902 quaerere
2623 845 2891 901 nunquam
2912 830 3292 886 intermittens.
3319 828 3507 884 Multas
3521 843 3634 897 por-

2043 943 2104 983 ro
2122 927 2495 998 pestiferorum
2520 925 3173 996 spirituum'tentationes,
3198 939 3260 978 ac
3273 923 3434 979 multa
3450 923 3636 993 pratlia
3722 954 3728 960 -

2041 1019 2362 1082 sustinebat,
2384 1019 2690 1087 multosque
2705 1021 2831 1074 item
2855 1017 3086 1085 labores,
3109 1017 3179 1072 ob
3199 1017 3506 1082 herbarum,
3525 1016 3636 1086 qui.

2044 1111 2142 1167 bus
2171 1112 2237 1167 de
2269 1127 2418 1168 more
2462 1111 2756 1176 victitabat,
2807 1110 3077 1180 penuriam
3112 1109 3445 1178 perferebat;
3493 1124 3632 1180 quo-

2046 1207 2185 1262 niam
2218 1207 2422 1263 scilicet
2445 1206 2542 1261 has
2568 1219 2778 1276 quoque
2803 1205 3033 1262 solitudo
3057 1219 3118 1260 ea
3141 1213 3198 1259 ut
3224 1219 3342 1276 qua:
3367 1204 3634 1269 siccitate,

2044 1299 2335 1366 laboraret,
2364 1314 2522 1368 parce
2555 1297 2842 1353 admodum
2888 1297 3225 1367 produceret.
3275 1298 3471 1354 Verum
3509 1297 3641 1356 ada-

2046 1393 2318 1447 mantinos
2340 1401 2498 1462 atque
2530 1392 2758 1446 invictus
2786 1390 2952 1461 ipsius
2975 1391 3214 1460 spiritus,
3244 1406 3428 1446 amore
3457 1406 3519 1447 ac
3543 1391 3639 1448 de-

2045 1486 2245 1542 siderio
2270 1484 2486 1548 ardens,
2514 1482 2820 1553 hujusmodi
2853 1482 3129 1538 molestias
3177 1482 3384 1538 facilius
3436 1484 3642 1541 ferebat

2045 1596 2204 1654 quam
2236 1580 2326 1636 alii
2355 1581 2655 1649 voluptates
2708 1579 2850 1635 ferre
2879 1579 3109 1635 soleant.
3152 1580 3411 1662 Quocirca
3457 1580 3641 1638 divina

2046 1691 2148 1746 cpe
2181 1676 2403 1730 minime
2430 1675 2600 1730 caruit
2622 1693 2635 1740 ;
2657 1689 2844 1731 verum
2873 1675 3167 1730 secundum
3194 1675 3441 1729 dolorum
3472 1674 3641 1745 ipsius

2047 1782 2110 1822 ac
2161 1767 2404 1822 laborum
2458 1765 2855 1822 multitudinem
2911 1765 3089 1834 (Psal.
3140 1767 3339 1834 xxxrv)
3387 1765 3557 1820 allata:
3609 1782 3642 1820 a

341 1865 674 1920 immolabat.
707 1866 776 1920 At
810 1865 1101 1934 praeclarus
1132 1865 1222 1920 ille
1252 1880 1316 1920 ac
1356 1865 1766 1920 strenuissimus
1793 1865 1937 1936 pugil
1968 1845 2018 1906 Β
2044 1858 2282 1924 Christo,
2335 1858 2490 1927 cujus
2530 1857 2820 1925 cupiditate
2869 1858 3166 1928 ﬂagrabat,
3218 1857 3638 1924 consolationes,

337 1958 630 2028 tranquillo
661 1957 841 2012 animo
871 1958 1220 2022 consistebat,
1249 1957 1420 2027 utqui
1453 1957 1782 2012 Altissimum
1816 1973 1936 2027 per-

335 2047 542 2118 fugium
577 2063 731 2103 suum
785 2048 1048 2114 posuisset
1080 2047 1251 2114 (Psal.
1288 2049 1400 2118 xc).
1449 2050 1528 2103 Ac
1556 2059 1734 2104 mente
1769 2063 1938 2104 excu-

341 2143 497 2207 bans,
527 2141 950 2210 pestiferumque
980 2141 1224 2211 Spiritum
1258 2143 1513 2208 irridens,
1543 2142 1753 2197 dicebat
1779 2159 1792 2196 :
1820 2141 1936 2196 Non

338 2248 428 2287 me
455 2230 610 2302 fugit,
643 2247 675 2285 ο
706 2233 988 2302 impostor,
1022 2233 1234 2302 quinam
1266 2235 1360 2300 sis,
1395 2235 1483 2304 qui
1504 2233 1619 2288 hate
1649 2235 1703 2289 in
1735 2250 1818 2290 me
1845 2250 1938 2290 cx-

335 2327 473 2380 cites
499 2342 511 2377 :
537 2324 792 2379 nimirum
822 2325 910 2394 qui
939 2324 1050 2394 jam
1081 2324 1202 2380 inde
1226 2326 1291 2379 ab
1330 2324 1477 2378 initio
1500 2324 1804 2379 mortalium
1841 2340 1935 2394 ge-

346 2419 463 2475 neri
509 2415 802 2488 perniciem
856 2417 1133 2482 moliaris,
1176 2433 1275 2472 nec
1327 2431 1559 2487 unquam
1607 2417 1938 2487 improbitati

343 2511 562 2568 studere
589 2525 652 2565 ac
703 2519 1083 2565 nocumentum
1133 2508 1334 2565 inferre
1389 2510 1623 2564 desinas.
1682 2509 1759 2564 Ac
1807 2523 1940 2564 sane

337 2619 502 2675 quam
536 2603 756 2672 pulchre
785 2603 878 2658 tibi
906 2603 989 2657 hic
1017 2601 1226 2656 habitus
1249 2601 1474 2672 quadrat
1501 2602 1514 2655 !
1544 2601 1674 2656 Nam
1698 2602 1800 2656 hoc
1824 2602 1939 2670 ipso

334 2698 480 2771 quod
513 2697 708 2755 bestias
732 2707 786 2753 et
816 2698 1024 2767 reptilia
1049 2697 1296 2763 imitaris,
1324 2697 1516 2752 mentis
1540 2707 1645 2752 tuac
1670 2698 1935 2752 feritatem

331 2802 391 2849 et
420 2793 845 2862 perversitatem,
873 2792 1264 2860 voluntatisque
1292 2789 1356 2842 ad
1396 2805 1586 2844 noxam
1637 2804 1700 2843 ac
1731 2799 1934 2859 pestem

333 2887 672 2942 inferendam
701 2885 1176 2956 promptitudinem
1197 2884 1558 2938 demonstras.
1589 2883 1728 2950 Quid
1755 2882 1934 2952 igitur,

332 2992 369 3032 ο
399 2979 585 3043 miser,
619 2994 678 3031 ea
711 2977 1015 3047 aggrederis
1045 2992 1162 3045 qum
1191 2977 1458 3031 conficere
1495 2991 1600 3030 non
1634 2977 1830 3046 potes?
1863 2977 1938 3030 Ex

334 3085 446 3142 quo
471 3072 610 3125 enim
641 3070 738 3124 has
771 3078 913 3124 artes
943 3079 1102 3138 atque
1125 3069 1239 3124 hmo
1266 3081 1478 3139 speetra
1505 3086 1532 3123 a
1559 3079 1645 3124 tua
1680 3071 1937 3139 improbi-

330 3175 448 3221 tate
486 3165 752 3237 proficisci
807 3167 1067 3234 comperi,
1104 3165 1244 3217 nulla
1285 3165 1390 3234 iam
1424 3163 1549 3219 hinc
1578 3164 1939 3219 sollicitudine

2041 1961 2151 2008 tam
2172 1961 2330 2007 noctu
2352 1950 2613 2022 quamdiu
2628 1951 2860 2005 animum
2889 1950 3054 2019 ipsius
3075 1949 3467 2006 exhilarabant.
3494 1950 3640 2006 Con-

2044 2044 2187 2101 fecto
2213 2055 2394 2098 autem
2429 2043 2628 2099 biennii
2657 2041 2946 2108 curriculo,
2981 2042 3242 2114 Josaphat
3271 2044 3486 2110 quidem
3519 2058 3641 2114 per-

2045 2147 2208 2209 petuo
2237 2137 2580 2202 circumibat,
2614 2151 2738 2192 eum
2770 2153 2927 2208 quem
2951 2138 3237 2207 expetebat
3260 2152 3527 2207 quaerens,
3558 2145 3639 2192 at-

2042 2249 2150 2305 que
2179 2234 2244 2288 ad
2293 2234 2461 2288 Deum
2495 2233 2759 2304 laerymas
2790 2233 3026 2287 fluminis
3069 2234 3234 2288 instar
3281 2231 3639 2305 profundens,

2041 2323 2401 2381 meditabatur
2429 2325 2705 2379 clamans:
2733 2323 2964 2378 Ostende
3014 2324 3165 2390 mihi,
3198 2323 3445 2390 Domine,
3479 2324 3641 2397 333

2044 2417 2201 2483 mihi,
2233 2417 2469 2485 inquam,
2507 2430 2628 2470 eum
2669 2414 2927 2482 ostende,
2959 2417 3045 2486 qui
3097 2415 3226 2470 mihi
3280 2417 3353 2470 tui
3408 2417 3643 2471 numinis

2043 2510 2406 2583 cOgnitionem
2437 2524 2500 2564 ac
2523 2518 2666 2564 tanta
2722 2509 2860 2564 bona
2913 2510 3242 2579 conciliavit,
3291 2525 3390 2567 nec
3421 2519 3642 2582 propter

2045 2611 2394 2674 peccatorum
2447 2617 2690 2658 meorum
2733 2602 3127 2659 multitudinem
3173 2613 3320 2659 tanto
3363 2605 3506 2659 bono
3554 2619 3643 2660 me

2044 2699 2229 2767 priva;
2268 2712 2455 2753 verum
2488 2699 2589 2752 hoc
2614 2697 2874 2764 concede,
2931 2707 2991 2752 ut
3026 2706 3080 2752 et
3134 2699 3300 2768 ipsius
3348 2707 3644 2770 conspectu

2046 2789 2217 2853 fruar,
2247 2798 2302 2844 et
2332 2790 2472 2844 idem
2504 2804 2624 2844 cum
2656 2803 2722 2845 eo
2745 2788 3011 2860 religiosas
3040 2791 3441 2846 exercitationis
3470 2801 3643 2847 certa-

2045 2898 2168 2939 men
2197 2883 2438 2937 subeam.

2120 2979 2210 3033 Dei
2257 2987 2434 3032 autem
2483 2976 2667 3032 favore
2707 2978 3018 3046 speluncam
3073 2978 3359 3049 quamdam
3415 2977 3652 3046 invenit;

2049 3071 2402 3142 pervestigata
2432 3070 2682 3124 videlicet
2723 3086 2910 3125 eorum
2958 3072 3047 3142 qui
3097 3087 3163 3126 eo
3191 3087 3250 3126 se
3295 3071 3646 3128 conferebant

2048 3168 2278 3231 semita;
2309 3175 2469 3235 atque
2512 3166 2833 3220 monachum
2862 3166 3150 3236 quemdam
3181 3166 3480 3221 solitarium
3515 3168 3642 3220 vitae

334 3259 567 3314 afﬁcior.
605 3257 861 3312 Dominus
909 3256 1039 3311 mihi
1089 3256 1302 3323 adjutor
1339 3273 1352 3310 :
1402 3267 1455 3311 et
1503 3272 1604 3326 ego
1647 3257 1936 3326 despiciam
1962 3252 2012 3315 C
2044 3274 2212 3332 genus
2256 3259 2524 3314 colentem
2554 3259 2917 3329 nanciscitur,
2949 3275 3182 3330 eumque
3233 3261 3468 3315 maximo
3521 3275 3644 3316 cum

337 3353 587 3408 inimicos
615 3366 763 3407 meos
802 3349 977 3422 (Psal.
1023 3353 1220 3420 cxvii).
1275 3351 1339 3404 Et
1387 3365 1548 3420 super
1597 3351 1839 3419 aspidem
1883 3359 1939 3406 et

337 3445 684 3510 basiliscum,
750 3458 975 3514 quorum
1026 3451 1080 3496 tu
1135 3442 1536 3498 similitudinem
1587 3444 1934 3512 expressisti,

337 3540 664 3605 ambulabo,
697 3548 857 3609 atque
886 3538 1085 3592 Christi
1115 3538 1350 3607 potentia
1389 3538 1788 3603 corroboratus,
1829 3539 1938 3593 leo-

337 3647 466 3689 nem
517 3643 570 3687 et
625 3632 912 3687 draconem
961 3631 1287 3686 conculcabo
1331 3631 1502 3702 (Psal.
1539 3631 1652 3702 xc).
1703 3631 1937 3685 Confun-

338 3726 539 3780 dantur
560 3733 613 3780 et
636 3724 958 3780 erubescant
986 3739 1176 3780 omnes
1207 3725 1411 3780 inimici
1441 3726 1570 3793 mei,
1599 3725 1937 3781 confundan-

337 3827 428 3873 tur
457 3827 512 3872 et
551 3818 874 3873 erubescant
900 3817 1054 3873 valde
1084 3818 1342 3873 velociter
1371 3816 1544 3885 (Psal.
1574 3818 1669 3888 vt).

415 3909 525 3963 Hac
554 3910 797 3965 oratione
829 3917 1005 3976 utens,
1044 3909 1327 3980 crucisque
1357 3911 1533 3980 signo,
1584 3911 1685 3965 hoc
1726 3919 1809 3966 est
1857 3909 1939 3966 in-

338 4001 504 4057 viCIis
529 4002 694 4055 armis
722 4002 958 4071 seipsum
991 4001 1234 4074 cingens,
1285 4003 1464 4057 omnia
1496 4002 1696 4059 diaboli
1727 4013 1937 4073 speetra

340 4095 498 4150 irrita
527 4093 778 4150 reddidit.
803 4093 1096 4148 Confestim
1120 4097 1262 4149 enim
1291 4095 1478 4150 bestiae
1516 4111 1578 4150 ac
1619 4097 1825 4166 reptilia
1860 4097 1939 4150 in-

341 4197 457 4244 star
489 4187 615 4241 fumi
646 4195 998 4254 evanuerunt,
1029 4195 1084 4241 et
1129 4189 1265 4242 sicut
1296 4188 1412 4243 fluit
1441 4203 1560 4244 cera
1593 4203 1620 4242 a
1646 4189 1779 4245 facie
1804 4189 1940 4260 ignis

340 4279 518 4349 (Psal.
559 4280 747 4347 van).
783 4280 901 4349 Ipse
922 4289 1104 4334 autem
1143 4280 1343 4335 Christi
1371 4281 1610 4350 potentia
1649 4281 1940 4336 confirma-

345 4385 456 4438 tus,
492 4374 614 4428 laeto
637 4376 818 4428 animo
845 4374 1304 4445 proficiscebatur,
1341 4374 1560 4445 Deoque
1587 4376 1792 4445 gratias
1821 4391 1943 4445 age-

345 4470 555 4525 bat.At
583 4469 745 4524 etiam
777 4469 1083 4537 complures
1127 4485 1189 4523 ac
1231 4469 1391 4523 varice
1442 4469 1647 4535 bestizc,
1705 4469 1943 4540 variique

344 4563 565 4633 generis
589 4570 865 4631 serpentes
888 4572 941 4616 et
965 4562 1249 4626 dracones,
1284 4578 1418 4632 quos
1463 4563 1701 4617 solitudo
1725 4565 1814 4617 illa
1846 4579 1943 4617 nu-

2042 3352 2208 3407 animi
2256 3352 2466 3407 fervore
2495 3351 2807 3422 complexus
2836 3361 2891 3407 et
2940 3352 3234 3422 osculatus,
3264 3353 3479 3408 ubinam
3507 3351 3642 3408 Bar-

2043 3445 2182 3500 laam
2225 3445 2510 3513 habitaret,
2559 3445 2951 3512 sciscitabatur,
3004 3445 3268 3516 simulque
3314 3445 3414 3515 ipsi
3461 3461 3637 3501 rerum

2040 3554 2260 3594 suarum
2291 3547 2488 3593 statum
2514 3540 2782 3608 exposuit.
2814 3539 2946 3594 Cum
2977 3539 3138 3610 igitur
3163 3554 3228 3595 ex
3271 3540 3388 3609 ipso
3417 3539 3503 3594 ubi
3536 3540 3639 3596 viri

2043 3634 2187 3689 illius
2218 3650 2376 3704 quem
2418 3636 2696 3704 qumrebat
2739 3634 2929 3690 domus
2981 3645 3125 3690 esset
3171 3635 3544 3703 intellexisset,
3575 3649 3642 3691 eo

2039 3741 2205 3797 quam
2235 3726 2535 3790 celerrime,
2569 3742 2674 3780 non
2705 3741 2860 3782 secus
2887 3742 2947 3781 ae
2974 3725 3331 3795 peritissimus
3366 3726 3632 3796 quispiam

2043 3827 2269 3874 venator
2299 3817 2469 3872 feram
2518 3829 2729 3885 nactus,
2761 3834 2821 3873 se
2850 3817 3097 3882 contulit,
3134 3818 3529 3887 peragratisque
3559 3819 3638 3871 al-

2045 3910 2211 3965 terius
2237 3908 2514 3979 cujusdam
2538 3910 2683 3966 senis
2705 3909 2980 3964 admonitu
3006 3909 3209 3980 aliquot
3240 3923 3488 3979 passuum
3520 3909 3645 3964 mil-

2043 4001 2380 4070 lihus,la:tus
2421 4016 2482 4057 ac
2522 4003 2635 4074 spei
2684 4003 2875 4058 robore
2923 4013 3113 4073 septus
3160 4003 3458 4068 incedebat,
3492 4018 3646 4074 atque

2047 4095 2302 4150 nimirum
2335 4109 2396 4150 ac
2427 4110 2581 4166 puer,
2615 4096 2707 4165 qui
2750 4106 2954 4166 patrem
2999 4111 3157 4167 quem
3185 4095 3505 4168 jampridem
3538 4111 3644 4151 non

2045 4187 2180 4241 vidit
2206 4187 2350 4243 brevi
2374 4203 2432 4243 se
2455 4197 2862 4259 couspecturum
2887 4198 3085 4260 sperat.
3121 4189 3253 4244 Nam
3281 4205 3402 4246 cum
3431 4190 3644 4246 divinus

2046 4294 2200 4334 amor
2228 4280 2463 4335 animum
2495 4281 2664 4337 semel
2693 4281 2985 4347 obsederit,
3019 4282 3185 4335 multo
3225 4283 3402 4338 acrior
3446 4297 3508 4338 ac
3537 4282 3644 4338 fer-

2047 4372 2258 4428 ventior
2287 4386 2352 4427 eo
2377 4387 2497 4429 esse
2527 4373 2664 4428 solet
2693 4375 2780 4442 qui
2813 4390 2844 4428 a
2876 4383 3060 4429 natura
3091 4383 3290 4429 manat.

2123 4475 2277 4528 Astat
2305 4474 2484 4545 itaque
2513 4476 2784 4544 spelunca:
2811 4475 3035 4542 foribus,
3067 4475 3239 4543 iisque
3266 4476 3509 4544 pulsatis,
3539 4474 3640 4530 Be-

2051 4575 2229 4640 nedic,
2261 4575 2552 4645 inquiebat,
2587 4591 2618 4630 ο
2647 4585 2813 4647 pater,
2841 4576 3083 4640 benedic,
3110 4577 3348 4648 inquam.
3377 4578 3439 4634 Ut
3463 4587 3642 4634 autem

345 4657 569 4723 triebat,
604 4657 704 4726 ipsi
752 4666 1121 4711 occurrentes.
1156 4655 1270 4711 Non
1319 4655 1431 4725 jam
1483 4671 1578 4726 per
1618 4656 1778 4711 inane
1823 4671 1940 4726 spe-

2052 4675 2294 4733 Barlaam
2326 4675 2426 4731 hac
2457 4692 2588 4732 voce
2614 4676 2791 4732 audita
2831 4693 2895 4733 ex
2925 4689 3079 4733 antro
3109 4694 3359 4752 egressus
3388 4693 3502 4745 est.
3525 4699 3648 4740 cum

343 4761 548 4818 ctrum,
579 4749 674 4804 sed
705 4763 907 4804 revera
933 4750 1000 4802 ab
1028 4749 1144 4818 ipso
1170 4747 1548 4803 cernebantur.
1608 4748 1684 4802 Ex
1717 4763 1824 4818 quo
1871 4750 1943 4804 ef-

349 4844 632 4899 ficiebatur
662 4852 720 4896 ut
748 4853 922 4896 metus
945 4840 1158 4911 quidem
1185 4856 1248 4896 ac
1268 4839 1469 4896 laboris
1493 4843 1576 4895 via
1603 4841 1757 4911 plena
1781 4850 1944 4909 esset,

349 4937 468 5008 ipse
500 4946 677 4991 autem
708 4946 992 5005 utrumque
1015 4935 1195 4990 animo
1216 4946 1270 4990 et
1298 4935 1622 5006 cogitatione
1643 4946 1944 5006 superaret.

347 5032 486 5088 Nam
519 5041 572 5086 et
609 5043 807 5087 metum
849 5031 1108 5098 charitas,
1155 5040 1212 5085 ttt
1269 5031 1559 5100 Scriptura:
1594 5031 1774 5087 verbis
1805 5040 1947 5097 utar,

349 5123 498 5180 foras
528 5123 778 5179 mittebat
803 5123 852 5191 (Ι
879 5120 1035 5186 Ιοαη.
1071 5125 1172 5191 ιν),
1200 5132 1255 5178 et
1287 5123 1526 5178 laborem
1581 5123 1846 5193 cupiditas
1875 5123 1950 5178 le-

349 5217 532 5274 vabat.
561 5217 640 5272 Ad
673 5217 813 5271 hunc
842 5216 1022 5287 itaque
1062 5216 1278 5272 modum
1311 5233 1434 5273 cum
1479 5218 1662 5273 multis
1707 5227 1761 5272 et
1789 5217 1951 5273 variis

350 5309 748 5368 calamitatibus
771 5320 825 5366 et
851 5312 1110 5368 aerumnis
1157 5327 1255 5382 per
1283 5312 1401 5368 dies
1427 5311 1566 5367 haud
1610 5327 1810 5383 paucos
1842 5312 1952 5370 col-

352 5405 610 5472 luctatus,
633 5406 699 5460 ad
733 5405 1158 5462 Sennaaritidem
1193 5407 1337 5462 illam
1369 5408 1715 5464 solitudinem
1767 5410 1818 5463 in
1846 5424 1951 5479 qua

355 5499 602 5557 Barlaam
627 5503 900 5558 habitabat
920 5503 1180 5574 pervenit.
1208 5503 1308 5560 Ubi
1329 5505 1489 5561 etiam
1520 5521 1712 5578 aquam
1741 5517 1948 5575 nactus,

352 5592 475 5649 sitis
505 5593 772 5650 flammam
803 5597 1068 5653 restinxit.

431 5685 564 5741 Car.
607 5686 897 5744 XXXVIII.
937 5720 1008 5732 —
1045 5688 1303 5761 Josaphat
1342 5699 1518 5748 autem
1551 5693 1822 5750 biennium
1872 5695 1951 5749 in-

355 5786 567 5850 tegrum
598 5780 654 5836 in
684 5781 783 5836 hac
813 5782 1114 5839 vastissima
1145 5783 1437 5842 solitudine
1486 5787 1699 5856 mansit,
1738 5788 1842 5841 huc
1872 5796 1952 5841 at-

353 5889 462 5946 que
485 5875 614 5932 illuc
633 5875 914 5945 oberrans,
959 5891 1061 5936 nec
1107 5877 1448 5940 Barlaamutn
1502 5881 1806 5948 inveniens,
1839 5881 1950 5939 Deo

2051 4795 2148 4852 per
2176 4781 2418 4847 spiritum
2452 4782 2686 4852 agnovit,
2711 4783 2800 4852 qui
2829 4783 2896 4836 ob
2925 4783 3292 4841 admirandam
3339 4787 3484 4842 illam
3531 4805 3649 4842 mu-

2052 4884 2334 4946 tationem,
2367 4898 2470 4951 qua
2500 4899 2528 4937 a
2562 4885 2740 4951 priore
2773 4884 2864 4939 illo
2895 4886 3042 4941 vultu
3067 4903 3129 4942 ac
3151 4887 3373 4944 florente
3395 4889 3650 4959 juvenilis

2054 4989 2227 5045 mtatis
2260 4987 2656 5058 pulchritudine
2687 4988 3031 5061 demigrarat,
3062 4991 3129 5046 ab
3161 5003 3404 5048 extremo
3432 5001 3650 5060 aspectu

2053 5093 2137 5148 vix
2171 5093 2384 5164 agnosci
2411 5102 2640 5163 poterat,
2673 5094 2841 5164 utqui
2870 5103 2978 5148 tum
3007 5109 3070 5150 ex
3095 5093 3224 5150 solis
3247 5104 3379 5148 mStu
3411 5103 3649 5149 atrorem

2055 5197 2435 5263 contraxisset,
2469 5205 2524 5251 et
2550 5195 2671 5266 pilis
2694 5195 3011 5258 abundaret,
3039 5211 3100 5249 ac
3130 5209 3295 5266 genas
3325 5195 3494 5251 macie
3519 5209 3651 5252 eon-

2057 5300 2248 5366 feetas,
2281 5300 2575 5372 oculosque
2600 5301 2707 5355 alte
2737 5300 3022 5370 depressos
3042 5341 3055 5365 ,
3087 5309 3138 5354 et
3168 5299 3448 5369 palpebras
3477 5299 3652 5371 lacry-

2057 5420 2265 5460 marum
2295 5406 2511 5462 fluentis
2543 5405 2775 5477 undique
2803 5404 3035 5471 attritas,
3067 5412 3224 5474 atque
3255 5404 3451 5474 ingenti
3494 5404 3650 5460 fatuis

2061 5507 2350 5563 afflictione
2379 5516 2619 5578 perustas
2650 5505 2894 5560 haberet.
2939 5507 3006 5560 At
3040 5519 3170 5560 vero
3207 5505 3459 5576 .lusaphat
3493 5509 3653 5578 spiri-

2063 5601 2258 5657 tualem
2308 5609 2512 5670 patrem
2563 5599 2740 5654 statim
2791 5597 3041 5669 agnovit,
3075 5607 3256 5669 utpote
3302 5599 3488 5656 iisdem
3540 5601 3652 5657 oris

2061 5696 2401 5752 lineamentis
2432 5695 2729 5765 praeditum.
2763 5692 3054 5750 Confestim
3079 5695 3253 5768 itaque
3275 5711 3439 5752 senex
3464 5711 3653 5752 versus

2060 5790 2246 5846 Ortmn
2288 5797 2456 5852 stans,
2511 5787 2618 5843 Deo
2668 5802 2882 5857 precem
2933 5803 3055 5844 cum
3101 5789 3388 5861 gratiarum
3441 5791 3654 5844 actione

2058 5883 2398 5949 conjunctam
2449 5879 2708 5938 adhibuit.
2769 5881 3025 5952 Dictoque
3074 5881 3282 5950 Amen,
3335 5883 3388 5937 in
3438 5891 3656 5938 mutilos
