4158 6354
560 360 670 423 595

1594 353 1682 410 DE
1725 349 1902 409 VlTlS
1941 344 2225 406 PATRL‘M
2264 340 2467 398 LIBER
2508 338 2783 397 PRIMUS.

3746 339 3849 397 596

558 481 845 552 amplexus
867 478 1043 534 statim
1068 482 1312 541 ruerunt,
1340 473 1645 531 diuturnam
1668 470 2012 541 cupiditatem
2040 467 2157 521 sine
2183 465 2239 524 Δ
2263 459 2538 530 Spirilttale
2578 455 2903 526 colloquium
2936 454 3204 521 inierunt,
3236 452 3500 510 salutares
3541 468 3605 509 ac
3650 455 3853 515 cmlesti

565 575 673 631 ulla
710 576 953 629 satietate
982 572 1278 639 explentes.

640 670 771 725 Cum
801 676 976 724 autem
1008 666 1221 721 abunde
1248 678 1370 720 sese
1408 660 1672 732 complexi
1720 658 1962 725 fuissent,
1996 666 2159 728 atque

567 767 993 831 consultassent,
1026 760 1273 816 sedentes
1304 760 1443 814 inter
1488 772 1549 813 se
1580 754 2043 825 eolloquebantur.
2081 753 2159 804 Ac

570 872 876 917 sermonem
899 871 1123 911 exorsus
1147 855 1412 922 Barlaam,
1434 853 1514 905 his
1535 852 1714 905 verbis
1733 864 1857 905 uSus
1880 857 1988 902 est:
2015 844 2161 899 Prie-

566 955 713 1011 elare
735 953 926 1019 fecisti,
958 954 1045 1022 qui
1072 951 1173 1004 huc
1196 949 1431 1015 veneris,
1455 947 1649 1003 dilecte
1674 946 1767 1008 lili,
1795 944 1889 1007 liti,
1921 943 2157 1010 inquam,

569 1047 691 1113 Dei,
728 1063 790 1103 ac
818 1045 1054 1101 caelestis
1087 1044 1233 1113 regni
1268 1042 1441 1096 turres
1473 1056 1566 1110 per
1607 1040 1886 1095 Domitium
1921 1044 2158 1091 nostrum

562 1144 753 1203 'Jesum
800 1142 1101 1202 Christum,
1132 1153 1289 1207 quem
1342 1136 1597 1197 dilexisti,
1641 1144 1801 1203 atque
1847 1132 2063 1185 caducis
2109 1138 2163 1182 et

570 1238 847 1307 fragiiibus
876 1235 1027 1290 bonis
1059 1248 1161 1288 non
1202 1233 1298 1286 abs
1330 1245 1390 1285 re
1440 1228 1738 1284 chariorern
1790 1224 2042 1288 habuisti,
2077 1236 2161 1287 ac,

569 1329 851 1401 prudentis
897 1337 951 1382 et
991 1326 1248 1395 sapientis
1296 1322 1611 1377 mercatoris
1661 1320 1866 1381 instar,
1918 1315 2165 1369 omnibus

558 1422 913 1479 facultatibus
943 1420 1199 1483 venditis,
1230 1418 1567 1486 margaritam
1617 1414 1843 1483 pretium
1872 1426 2031 1464 omne
2077 1426 2165 1463 stt-

570 1524 850 1586 pcrantetn
876 1514 1075 1578 emisti,
1107 1526 1168 1566 ac
1197 1511 1507 1564 thesaurum
1531 1508 1617 1577 qui
1648 1505 1844 1572 sttrripi
1872 1519 1974 1557 non
2001 1503 2169 1571 possit

572 1609 791 1679 (Matth.
826 1608 951 1679 xv),
985 1606 1037 1661 in
1070 1620 1198 1675 agro
1232 1606 1598 1658 mandatorum
1636 1598 1843 1653 Domini
1884 1595 2167 1652 abscondi-

576 1716 690 1759 tunr
721 1713 934 1767 nactus,
967 1701 1143 1755 omnia
1174 1698 1389 1759 dedisti,
1424 1711 1521 1751 nec
1570 1697 1641 1749 rei
1676 1695 1765 1747 ulli
1815 1708 1884 1747 ex
1938 1692 2002 1745 iis
2049 1706 2167 1761 qum

575 1803 686 1872 jam
716 1801 931 1871 jamque
971 1798 1244 1851 efflnxura:
1294 1801 1418 1847 sunt
1467 1788 1785 1860 pepercisti,
1831 1803 1935 1855 quo
1981 1799 2165 1853 agrum

577 1891 726 1947 illum
761 1890 852 1944 tibi
884 1902 1243 1958 comparares.
1276 1885 1373 1939 Det
1405 1883 1494 1938 tibi
1528 1882 1782 1936 Dominus
1812 1895 1907 1949 pro
1937 1879 2092 1933 ﬂuxis
2119 1888 2172 1932 et

578 1982 795 2038 caducis
822 1992 1043 2045 aaterna,
1070 1995 1166 2049 pro
1196 1979 1260 2031 iis
1286 1992 1403 2047 quae
1435 1974 1671 2030 interitni
1697 1972 1923 2027 obnoxia
1956 1980 2081 2025 sunt
2106 1986 2168 2025 ea

558 2075 632 2131 'in
660 2089 779 2145 quae
806 2088 903 2127 nec
930 2070 1177 2126 interitus
1208 2085 1303 2123 nec
1332 2079 1568 2122 vetustas
1594 2066 1754 2120 cadit.

655 2166 828 2221 Velim
850 2173 1027 2219 autem
1058 2164 1185 2218 mihi
1208 2163 1372 2227 dicas,
1403 2159 1738 2226 charissime,
1764 2170 1992 2227 quonam
2018 2165 2170 2223 pacto

579 2255 686 2311 huc
713 2255 1028 2318 accesseris,
1062 2253 1259 2323 quique
1291 2259 1410 2320 post
1440 2251 1735 2303 discessum
1770 2262 1945 2300 meum
1990 2260 2166 2298 rerum

580 2356 796 2404 tuarum
827 2352 997 2401 status
1032 2346 1210 2410 fuerit,
1238 2352 1395 2411 atque
1427 2352 1616 2396 tuusne
1639 2349 1789 2411 patct‘
1818 2341 1979 2393 Deum
2005 2337 2166 2403 norit,

583 2457 652 2496 an
684 2456 807 2495 vero
838 2456 976 2495 nunc
1023 2454 1237 2509 quoque
1285 2438 1494 2501 eadem,
1529 2451 1632 2505 qua
1683 2435 1851 2503 prius,
1903 2431 2169 2487 dementia

581 2533 858 2602 abreptus,
892 2548 919 2585 a
949 2531 1248 2586 (ἰςυιηοηιιιη
1281 2530 1465 2583 fraude
1496 2540 1653 2596 atque
1685 2528 1971 2595 itnposttrra
2003 2524 2169 2594 capti-

581 2641 682 2681 vus
722 2626 1037 2680 abducatur.
1091 2624 1212 2679 Haec
1270 2632 1616 2693 percontante
1665 2622 1976 2685 Barlaanro,
2022 2620 2169 2674 Josa-

579 2722 714 2790 pltat
736 2722 895 2775 altius
915 2721 1141 2788 repetito
1164 2733 1433 2784 sermone,
1460 2731 1701 2785 quaatram
1732 2716 1828 2768 sibi
1860 2724 1978 2783 post
2006 2714 2173 2782 ipsius

564 2813 883 2881 digressum
934 2812 1309 2880 contigissent,
1344 2824 1608 2877 quamque
1650 2822 1962 2875 prosperum
2011 2806 2171 2860 rebus

583 2919 800 2957 cursum
836 2903 1089 2957 Dominus
1126 2902 1190 2955 ad
1238 2901 1286 2955 id
1332 2914 1500 2968 usque
1552 2910 1761 2967 tempus
1804 2912 1908 2967 quo
1959 2906 2171 2951 rursum

583 2992 726 3049 inter
756 3009 812 3047 se
840 2994 1218 3048 convenissent
1253 2991 1547 3057 tribuisset,
1583 2990 1853 3059 sigillatim
1900 2989 2169 3058 exposuit.

656 3088 827 3143 Senex
862 3087 1041 3156 itaque
1073 3088 1185 3140 lucc
1224 3086 1477 3149 audiens,
1514 3086 1784 3151 voluptate
1828 3085 1982 3138 simul
2015 3096 2174 3154 atque

584 3186 937 3241 admiratione
980 3183 1200 3237 allectus
1229 3191 1341 3245 est,
1371 3182 1709 3250 calentesqrre
1757 3182 2018 3251 lacrymas
2052 3181 2174 3233 mit-

586 3293 726 3345 tens,
771 3278 1018 3333 dicebat:
1052 3274 1229 3329 Gloria
1258 3274 1351 3329 tibi
1382 3275 1471 3338 sit,
1520 3273 1661 3328 Dens
1710 3283 1914 3339 noster,

586 3389 772 3428 arnore
800 3371 1035 3440 praeditis
1066 3384 1277 3438 semper
1310 3377 1502 3436 prarsto
1532 3383 1610 3433 es,
1645 3376 1801 3437 atque
1831 3368 1960 3434 ipsis
1990 3368 2177 3436 opitu-

584 3465 736 3520 laris.
772 3463 949 3516 Gloria
976 3471 994 3516 t
1019 3464 1095 3528 b3,
1128 3461 1367 3526 Christe,
1401 3462 1514 3514 llex
1539 3461 1776 3514 omnium
1808 3475 1870 3513 ac
1902 3460 2042 3513 Deus
2081 3476 2176 3527 op-

587 3558 741 3621 time,
765 3556 1013 3626 quoniam
1039 3556 1263 3623 benigna
1290 3563 1375 3606 trra
1398 3553 1725 3607 voluntasita
1758 3553 1894 3616 trrlit,
1915 3563 1970 3607 ut
1991 3568 2175 3606 semen

574 3650 723 3705 illud
755 3648 892 3717 quod
943 3648 993 3701 in
1024 3649 1162 3701 servi
1197 3650 1267 3700 ttri
1300 3647 1555 3715 Josaphat
1584 3648 1816 3700 animum
1846 3648 2021 3717 jeciin
2052 3663 2179 3703 cen-

588 3743 900 3812 tuplicatum
952 3739 1181 3795 fructum
1208 3740 1422 3795 afferret
1445 3784 1459 3807 ,
1496 3750 1547 3794 te
1578 3740 1843 3805 videlicet,
1878 3744 2175 3794 animarum

578 3847 892 3892 nostrarum
924 3834 1155 3899 agricola
1185 3848 1237 3891 et
1272 3836 1495 3889 Domino
1538 3835 1774 3903 dignum.
1824 3836 2005 3890 Gloria
2059 3838 2175 3903 tibi,

573 3928 865 3986 .Paraclete
890 3932 1022 3985 bone
1042 3946 1103 3983 ac
1120 3944 1257 3984 sane
1273 3931 1453 3985 issimc
1477 3930 1727 3998 Spiritus,
1751 3933 1997 4001 quoniam
2022 3949 2179 4002 quam

593 4031 653 4077 tu
684 4026 876 4077 sanctis
909 4024 1009 4077 tuis
1039 4024 1292 4092 apostolis
1321 4026 1542 4092 gratiam
1569 4024 1818 4089 tribuisti,
1855 4025 1989 4079 hrrnc
2019 4027 2179 4082 etim

594 4114 723 4170 huic
744 4114 1148 4179 impertiendum
1172 4115 1367 4168 duxisti
1396 4132 1409 4167 :
1434 4125 1591 4183 atque
1617 4118 1879 4186 ingentem
1907 4118 2178 4172 hominum

595 4206 989 4263 multitudinem
1024 4207 1186 4279 ipsius
1215 4224 1374 4275 opera
1421 4210 1794 4277 superstitioso
1836 4226 2021 4266 errore
2052 4213 2180 4266 libe-

578 4301 751 4364 arasti,
784 4314 847 4354 ac
874 4314 996 4353 vera
1035 4298 1125 4353 Dei
1157 4299 1460 4367 cognitione
1491 4300 1785 4354 illnstrasti.

672 4393 750 4446 Ad
783 4393 923 4447 hunc
941 4391 1154 4447 modum
1179 4391 1285 4447 Deo
1314 4394 1381 4446 ab
1402 4401 1625 4461 ntr0que
1647 4392 1833 4465 gratire
1856 4395 2181 4465 agebantur;

592 4486 829 4555 ipsisque
882 4487 952 4540 ita
1000 4486 1053 4541 in
1080 4501 1138 4541 cr
1169 4502 1226 4541 se
1272 4486 1729 4555 colloquentibrrs,
1761 4504 1825 4544 ac
1875 4488 1969 4545 Dei
2012 4490 2182 4559 gratia

593 4582 1007 4648 exsultantibus,
1041 4581 1204 4635 adtnit
1233 4597 1473 4651 vespera.
1510 4582 1737 4637 Proinde
1769 4583 1833 4637 ad
1884 4586 2180 4638 orationem

593 4686 1006 4739 consurgentes,
1040 4682 1349 4730 consuetum
1387 4680 1746 4741 precatiomrm
1791 4690 2011 4741 pensum
2058 4691 2182 4754 pe;-

594 4765 891 4821 solverunt.
928 4766 1003 4819 Ac
1036 4774 1236 4835 postea,
1271 4780 1389 4819 eum
1420 4767 1537 4820 cibo
1589 4768 1939 4821 recreandum
1991 4781 2184 4837 corpus

596 4871 763 4928 esset,
799 4860 1035 4913 Barlaam
1086 4858 1417 4927 magniﬁcam
1454 4873 1689 4914 mensam
1737 4860 1998 4929 apposuit,
2032 4858 2189 4929 spiri-

574 4954 829 5009 'tualrbus
861 4951 1105 5006 videlicet
1138 4950 1308 5019 epulis
1336 4950 1632 5004 confertam
1656 4993 1668 5015 ,
1697 4952 1811 5019 ejus
1853 4960 2025 5003 autem
2059 4965 2187 5003 con-

596 5044 911 5107 solationis,
947 5058 1063 5109 qua:
1089 5042 1250 5096 sensil
1276 5058 1335 5094 ut
1368 5041 1674 5110 percipitur,
1717 5056 1873 5110 quam
1907 5042 2184 5094 rnioimum

597 5156 729 5197 sane
776 5139 1107 5208 participem.
1142 5135 1316 5192 Cruda
1348 5137 1489 5191 enim
1539 5138 1799 5190 duntaxat
1826 5137 1973 5189 olera
2008 5146 2182 5200 erant,

576 5232 876 5302 *ipsiusnret
907 5232 1149 5287 inanibus
1175 5231 1379 5283 eunsita
1406 5236 1459 5283 et
1485 5228 1718 5294 exculta,
1742 5228 2042 5298 palmmque
2067 5244 2188 5296 per-

598 5340 809 5394 paucae,
838 5343 957 5397 quae
989 5330 1039 5382 in
1072 5343 1135 5381 ea
1168 5326 1455 5381 solitudine
1479 5322 1908 5388 inteniebantur,
1942 5335 2005 5375 ac
2031 5320 2189 5374 denis

602 5434 707 5487 que
736 5419 1005 5475 silvestres
1039 5420 1237 5477 herbae.
1272 5420 1401 5473 Cum
1449 5418 1607 5489 igitur
1647 5415 1847 5486 gratias
1888 5415 1999 5468 Deo
2045 5414 2187 5482 egis-

582 5516 749 5573 sent,
795 5512 1156 5581 appositisque
1203 5510 1375 5581 epulis
1419 5522 1615 5577 corpus
1660 5507 1995 5571 reiecissent,
2028 5513 2189 5573 atque

608 5612 800 5666 aquam
832 5615 863 5653 e
910 5606 1202 5671 propinquo
1233 5602 1381 5659 fonte
1427 5604 1706 5669 bibissent,
1735 5602 1781 5655 ei
1812 5614 2047 5664 rursum,
2104 5598 2190 5668 qui

530 5725 546 5744 .
610 5700 829 5743 manum
876 5692 1067 5759 aperit,
1096 5703 1150 5747 et
1185 5694 1368 5763 implet
1396 5708 1556 5749 on‘rne
1585 5692 1783 5746 animal
1814 5690 2193 5747 benedictione

612 5777 787 5848 (Paul.
819 5782 1016 5853 chtv),
1045 5787 1238 5854 gratias
1266 5798 1511 5855 egerunt.
1544 5788 1621 5843 Ac
1647 5786 1812 5858 334
1838 5788 2033 5843 deinde
2062 5804 2195 5845 con-

614 5888 915 5943 surgentes,
945 5889 1288 5951 posteaquam
1310 5893 1599 5941 nocturnas
1620 5900 1807 5955 preces
1828 5884 2194 5954 absolverunt,

2264 552 2529 620 sapientia
2564 552 2751 619 plenos
2793 562 3072 602 sermones
3105 563 3200 618 per
3237 556 3399 602 totam
3434 560 3644 603 noctem
3673 562 3854 608 conte-

2268 655 2491 711 xentes,
2524 644 2873 713 quoadusque
2901 657 3107 695 aurora:
3137 651 3357 697 csortus
3382 639 3447 694 ad
3478 652 3852 699 consuetaruur

2270 752 2455 791 rursus
2486 736 2785 787 oratiununr
2815 734 3126 788 memoriam
3156 733 3299 799 ipsos
3331 743 3633 788 revocaret.

2342 830 2535 882 Mansit
2562 838 2740 882 autem
2772 828 2835 881 ad
2869 828 3008 882 hunc
3054 828 3267 882 trrodum
3308 828 3563 883 diuturno
3619 838 3859 899 tempore

2268 937 2389 976 cum
2442 921 2724 975 Barlaamo
2771 919 3046 989 Josaphat,
3096 920 3463 975 adrrrirabilern
3514 920 3651 976 hanc
3705 935 3860 994 atque

2268 1017 2501 1067 humana
2531 1014 2839 1068 conditione
2872 1019 3294 1083 prmstarrtiorcm
3343 1016 3502 1069 vitam
3532 1017 3749 1084 colens,
3801 1035 3861 1076 ac

2270 1114 2520 1174 tanquam
2556 1118 2759 1173 patrem
2792 1114 2845 1157 et
2874 1115 3258 1175 praeceptorem
3289 1122 3409 1160 eum
3433 1109 3581 1162 omni
3605 1109 3864 1166 obedien-

2268 1193 2337 1257 tia
2371 1206 2421 1247 et
2455 1193 2753 1248 humilitate
2786 1194 2954 1262 ipsum
2990 1209 3219 1262 sequens
3246 1211 3260 1247 :
3293 1194 3373 1248 sic
3402 1195 3683 1263 nimirum,
3712 1208 3768 1253 ut
3798 1200 3863 1253 ad

2268 1299 2430 1338 omne
2486 1282 2700 1336 virtutis
2748 1282 2981 1335 studium
3034 1292 3393 1348 exerceretur,
3424 1300 3583 1355 atque
3633 1304 3865 1356 quonam

2272 1387 2428 1445 pacto
2456 1391 2577 1429 cum
2609 1375 2973 1445 Splt‘lllltLilntS
3003 1384 3057 1430 et
3088 1377 3440 1431 invisibilibus
3474 1381 3751 1448 Spiritihus
3790 1383 3865 1437 lu-

2271 1468 2519 1522 ctandum
2549 1477 2711 1530 esset,
2739 1466 3073 1521 cduceretrrr.
3110 1468 3186 1521 Ex
3235 1485 3339 1539 quo
3382 1470 3513 1524 illud
3542 1485 3865 1531 consecutus

2274 1571 2376 1627 est,
2421 1570 2479 1615 ut
2508 1561 2731 1614 virosus
2774 1576 2959 1614 omnes
2989 1560 3298 1616 affectiones
3330 1563 3716 1635 exstingueret,
3745 1582 3865 1623 car-

2271 1656 2460 1725 nisque
2488 1655 2735 1709 allectum
2769 1656 2975 1723 spirittti
2995 1696 3009 1716 ,
3040 1672 3143 1709 non
3167 1671 3324 1711 secus
3354 1673 3416 1711 ac
3442 1673 3654 1714 servum
3688 1661 3865 1717 duriti-

2272 1764 2365 1816 no,
2393 1748 2702 1817 subjiceret,
2748 1748 3059 1803 deliciarum
3100 1752 3336 1804 omnium
3370 1753 3640 1823 animique
3675 1757 3867 1811 remis-

2201 1857 2251 1919 Β
2277 1842 2486 1896 sionum
2512 1841 2781 1895 oblivione
2799 1853 3103 1909 caperetur,
3123 1858 3313 1898 somno
3338 1854 3605 1913 tamquam
3622 1848 3867 1916 improbo

2278 1934 2546 2001 mancipio
2578 1934 2885 2003 imperaret.
2940 1938 3137 2004 Atque,
3188 1946 3242 1990 ιιι
3296 1936 3443 1993 brevi
3491 1942 3865 2013 perstringam,

2277 2034 2422 2079 tanto
2452 2026 2629 2078 studio
2674 2027 2726 2078 irr
2759 2025 3012 2079 solitaria:
3046 2027 3163 2080 vita:
3207 2039 3475 2082 certamen
3510 2030 3869 2098 incmnbebat,

2275 2131 2336 2175 ut
2370 2123 2483 2190 ipse
2508 2136 2717 2189 quoque
2746 2120 3013 2185 Barlaam,
3041 2122 3130 2191 qui
3174 2124 3492 2191 permultum
3526 2127 3783 2192 temporis
3813 2126 3867 2182 in

2275 2227 2336 2267 ea
2367 2211 2712 2276 cuntriverat,
2746 2212 3050 2279 miraretur,
3084 2213 3357 2283 ipsiusque
3387 2215 3697 2271 acrimonia:
3740 2234 3872 2274 con-

2273 2305 2511 2361 cederet.
2540 2305 2822 2359 Tantalum
2846 2308 2987 2359 enim
3015 2306 3133 2360 duri
3164 2306 3304 2361 illius
3326 2316 3486 2377 atque
3507 2311 3875 2368 consolatione

2274 2398 2506 2453 carentis
2535 2398 2637 2451 cibi
2667 2397 3000 2463 admittebat,
3030 2410 3086 2452 ut
3119 2400 3279 2452 vitam
3308 2401 3562 2455 duntaxat
3587 2402 3868 2469 toleraret,

2276 2508 2378 2549 nec
2427 2493 2806 2555 comrrrittcret,
2857 2500 2913 2547 ut
2960 2507 3051 2561 per
3099 2493 3237 2546 ultro
3282 2494 3594 2548 accersitam
3644 2507 3873 2550 mortem

2277 2587 2513 2658 pra-nnis
2544 2586 2608 2640 iis
2639 2602 2758 2641 sese
2782 2587 3016 2651 orbaret,
3047 2601 3165 2655 qua:
3192 2585 3445 2639 virtutum
3475 2587 3641 2640 cultui
3675 2603 3738 2641 ac
3762 2600 3876 2642 stu-

2277 2681 2367 2736 dio
2396 2682 2722 2735 tribuuntur.
2774 2677 2864 2732 Sic
2895 2687 3071 2731 antenr
3114 2686 3359 2731 naturam
3407 2683 3683 2734 nocturnis
3711 2696 3878 2736 etcu-

2277 2774 2379 2828 biis
2408 2772 2749 2842 sirbjiciebat,
2777 2786 2838 2825 ac
2859 2770 2902 2823 si
2934 2770 3077 2824 nulla
3109 2770 3327 2825 omnino
3352 2774 3531 2826 carnis
3552 2785 3607 2827 et
3629 2758 3878 2842 corporis

2276 2878 2430 2939 parte
2472 2875 2763 2919 constaret.
2795 2863 2979 2917 Oratio
3006 2879 3165 2932 porro
3198 2876 3515 2934 perpetuuru
3543 2868 3710 2934 ipsius
3755 2877 3880 2922 stu-

2278 2962 2425 3017 dium
2457 2970 2572 3017 erat
2600 2978 2610 3010 :
2643 2962 3056 3026 universumque
3088 2962 3207 3011 vita:
3244 2969 3451 3027 tempus
3501 2959 3555 3012 in
3587 2958 3880 3028 spirituali-

2276 3054 2375 3108 bus
2403 3069 2465 3108 ac
2508 3050 2817 3107 cwlcstibus
2864 3049 3409 3117 cuutetuplatiotribus
3455 3050 3867 3115 insumebatur;

2279 3147 2415 3203 adeo
2448 3156 2502 3199 ut
2537 3162 2634 3201 nec
2666 3146 2852 3199 horam
2903 3159 3084 3207 unam,
3137 3141 3246 3196 imo
3294 3156 3393 3197 nec
3445 3143 3610 3196 ullum
3657 3144 3883 3198 omnino

1961 3274 2047 3343 qui
2102 3274 2173 3327 mi
2205 3256 2250 3320 ρ
2283 3244 2549 3313 temporis
2582 3250 2856 3311 punctum,
2888 3255 2956 3294 ex
2984 3254 3090 3308 quo
3117 3239 3168 3292 in
3199 3254 3260 3294 ea
3290 3239 3576 3293 solitudine
3615 3239 3880 3294 habitavit

2282 3338 2625 3408 deperderet.
2658 3342 2730 3390 Ac
2771 3350 2901 3389 sane
2931 3335 3031 3387 hoc
3062 3336 3275 3388 demum
3310 3349 3434 3389 vere
3477 3334 3762 3387 rrronastici
3795 3348 3885 3388 or-

2283 3434 2425 3488 dinis
2452 3446 2645 3485 nruous
2672 3440 2773 3495 est,
2806 3445 3074 3499 nunquam
3104 3445 3131 3481 a
3162 3428 3420 3498 spirituali
3453 3444 3616 3495 ο,ιθι“ε
3644 3443 3878 3483 vacuum

2282 3526 2541 3582 inveniri.
2582 3525 2734 3592 Quod
2785 3523 2997 3594 quidem
3045 3538 3337 3593 generous
3368 3524 3455 3577 ille
3487 3533 3542 3578 et
3588 3522 3885 3591 expeditus

2281 3621 2522 3676 cretosus
2544 3620 2750 3675 itineris
2773 3634 2958 3673 cursor
2978 3622 3188 3687 egregie
3212 3616 3479 3687 przestitit,
3510 3628 3671 3688 atque
3712 3619 3886 3674 animi

2283 3717 2364 3769 sui
2396 3712 2643 3768 ardorem
2673 3713 2740 3767 ah
2773 3712 2921 3767 initio
2960 3712 3025 3765 ad
3064 3726 3359 3767 exrretnum
3393 3727 3562 3781 usque
3614 3720 3887 3783 perpetuo

2284 3804 2640 3873 conservavit,
2676 3810 3020 3864 ascensiorres
3053 3809 3105 3862 in
3138 3809 3300 3863 corde
3329 3824 3543 3877 semper
3588 3809 3889 3878 diSponens

2286 3904 2460 3977 (Psal.
2496 3904 2745 3973 Lxxxttt),
2780 3918 2841 3958 ac
2869 3904 2937 3958 de
2976 3904 3171 3958 virtute
3202 3903 3264 3955 ad
3297 3904 3666 3957 sublimiorem
3720 3904 3891 3958 virtu-

2290 4010 2394 4055 tem
2426 4002 2758 4067 transiliens,
2783 3999 3214 4068 desideriumque
3242 3997 3528 4061 desiderio,
3557 4012 3619 4051 ac
3642 3999 3889 4053 studium

2287 4092 2469 4147 studio
2518 4092 2884 4146 indesinenter
2928 4091 3264 4158 adiungens,
3316 4090 3491 4159 quoad
3550 4090 3770 4145 tandem
3820 4090 3889 4146 ad

2288 4196 2553 4252 speratam
2583 4193 2634 4237 ct
2663 4186 2955 4252 expetitum
2985 4183 3364 4238 beatitudinem
3395 4182 3659 4251 pervenit.

2360 4276 2489 4333 Car.
2521 4276 2713 4333 XXIX.
2740 4303 2808 4316 ~—
2834 4278 2967 4331 Cum
3013 4279 3188 4343 itaque
3220 4278 3320 4331 hoc
3354 4286 3507 4345 pacto
3540 4276 3787 4331 Barlaam
3839 4286 3893 4331 et

2288 4371 2549 4440 Josaphat
2580 4385 2683 4424 una
2713 4378 3075 4435 versarentur,
3108 4383 3171 4422 ac
3201 4368 3421 4437 pulchro
3455 4369 3593 4422 inter
3623 4382 3684 4422 se
3710 4379 3889 4423 certa-

2291 4466 2436 4520 mine
2463 4462 2877 4529 contenderent,
2911 4463 2977 4515 ab
3007 4462 3155 4516 omni
3201 4476 3327 4514 cura
3382 4470 3436 4515 et
3482 4459 3709 4530 hujusce
3764 4461 3891 4515 vitat

2293 4558 2701 4629 perturbatione
2732 4556 2995 4609 immunes
3017 4597 3031 4621 ,
3059 4566 3400 4623 mentemque
3425 4553 3492 4606 ah
3519 4556 3668 4607 omni
3704 4555 3895 4608 confrr-

2213 4655 2268 4717 D
2294 4657 2446 4710 sione
2476 4667 2664 4723 puram
2698 4665 2760 4705 ac
2789 4651 3086 4717 sejunctam
3118 4648 3376 4702 habentes
3397 4689 3411 4713 ,
3442 4654 3563 4714 post
3596 4651 3799 4700 multos
3830 4647 3897 4700 ab

2299 4748 2430 4819 ipsis
2478 4746 2691 4816 pietatis
2730 4757 2888 4797 causa
2919 4750 3194 4808 susceptos
3226 4740 3460 4803 labores,
3517 4738 3756 4805 quodam
3811 4739 3897 4792 die

2298 4860 2464 4901 senex
2496 4841 2758 4898 accersito
2785 4838 3042 4907 spirituali
3076 4836 3204 4897 filio,
3240 4850 3397 4905 quem
3426 4849 3519 4903 per
3545 4833 3894 4903 Evangelturn

2298 4947 2572 5007 genuerat,
2599 4931 2901 5003 hujusmodi
2923 4930 3256 5001 spiritualem
3280 4943 3586 4983 sermonem
3607 4942 3895 4997 aggressus

2252 5042 2425 5119 'est:

2369 5143 2482 5198 Iam
2517 5139 2743 5208 pridem,
2777 5152 2810 5192 ο
2841 5136 3012 5190 amice
3052 5133 3330 5204 Jusaplrat,
3367 5141 3417 5188 te.
3450 5133 3500 5185 in
3556 5131 3657 5185 hac
3708 5132 3897 5185 solitu-

2295 5235 2420 5291 dine
2452 5233 2696 5287 babitare
2726 5230 3031 5298 oportebat,
3064 5240 3224 5298 atqrre
3255 5228 3355 5281 hoc
3385 5226 3512 5279 mihi
3540 5226 3716 5280 oranti
3747 5222 3897 5279 Chri-

2295 5338 2407 5385 ειυς
2440 5328 2507 5381 de
2544 5335 2596 5381 te
2624 5324 2894 5395 pollicitus
2925 5323 3095 5376 fuerat
3126 5320 3242 5375 fure
3268 5329 3326 5374 ut
3352 5330 3403 5375 te
3435 5330 3559 5374 ante
3588 5327 3895 5376 extremum

2293 5423 2417 5476 vitae
2448 5419 2589 5474 diem
2639 5418 2897 5471 viderem.
2931 5414 3045 5469 Vidi
3092 5415 3270 5483 itaque
3317 5412 3775 5482 quemadmodum
3808 5428 3895 5469 cu-

2297 5512 2535 5584 piebam;
2568 5508 2711 5575 vidi,
2747 5508 2991 5576 inquam,
3026 5515 3077 5561 te
3123 5521 3150 5559 a
3185 5505 3387 5560 mundo
3414 5515 3467 5559 et
3512 5506 3704 5560 mundi
3734 5507 3895 5562 rebus

2297 5604 2563 5667 avulsum,
2587 5615 2649 5653 ac
2675 5597 2887 5653 Christo
2905 5598 3126 5652 minime
3147 5597 3309 5652 dubio
3333 5611 3394 5651 ac
3417 5597 3690 5652 vacillanti
3718 5598 3895 5652 animo

2300 5696 2669 5764 cunjnncrum,
2701 5702 2862 5759 atque
2892 5690 2957 5744 ad
3008 5689 3299 5760 perfectam
3333 5688 3679 5759 plenitudinis
3729 5690 3897 5758 ipsius

2302 5799 2608 5843 mensuram
2642 5797 3002 5854 progressum.
3051 5783 3201 5838 Nunc
3229 5782 3421 5853 igitur,
3461 5784 3894 5854 quandoquidem

2304 5880 2497 5939 mortis
2521 5894 2655 5936 mea:
2685 5886 2898 5948 tempus
2927 5878 3112 5945 instat,
3145 5890 3307 5948 atque
3329 5878 3659 5936 collactanea
3686 5880 3743 5935 et
3767 5876 3893 5934 mihi
