4158 6354
365 348 467 405 597

837 352 998 410 VITA
1037 346 1458 409 SANCTORUM
1499 339 1834 402 BARLAAM
1875 337 1960 392 Eli

2073 333 2210 393 11⁸Δί
2254 335 2340 391 ET
2379 337 2734 395 JOSAPHAT
2777 338 2980 397 INDIJE
3021 339 3242 399 REGIS.

3548 343 3658 400 598

366 470 589 539 aequalis
617 481 680 526 ea
725 467 1021 540 cupiditas,
1075 485 1191 542 qua;
1221 479 1278 525 ut
1325 484 1444 527 cum
1489 467 1707 523 Christo
1744 474 1919 522 essent
1944 498 1962 522 ,
1991 455 2047 515 Δ
2073 468 2191 509 eam
2222 455 2291 509 ob
2319 470 2536 511 causam
2583 457 2812 514 Domino
2839 458 3078 515 obstricti
3101 473 3311 523 sumus;
3366 461 3509 530 quod
3536 476 3660 517 cum

366 555 583 632 semper
619 576 707 618 me
737 563 931 628 tenuit,
959 562 1068 634 jam
1110 565 1376 634 expletur,
1409 573 1465 618 tu
1515 563 1730 633 quidem
1761 574 1958 630 corpus

279 717 282 720 ,
367 657 546 712 meum
577 665 716 710 terra
747 656 938 722 conde,
971 657 1285 727 pulverique
1311 659 1584 728 pulverem
1613 653 1798 710 redde.
1830 652 1960 708 Post

364 760 545 805 autem
589 749 704 818 ipse
735 750 785 804 in
817 750 926 805 hoc
967 750 1088 806 loco
1120 750 1287 815 hiere,
1319 757 1626 816 susceptum
1663 747 1959 816 Spiritualis

368 843 493 898 vita:
513 857 684 914 genus
707 857 1053 914 persequens,
1084 859 1325 914 measque
1347 841 1618 898 tenuitatis
1641 839 1957 896 memoriam

366 937 628 994 retinens.
685 935 890 993 Vereor
940 937 1082 993 enim
1137 953 1205 992 ne
1256 935 1599 992 tenebrosum
1650 933 1958 989 daemonum

363 1045 559 1102 agmen
591 1030 771 1086 animo
815 1045 938 1088 tneo
983 1038 1200 1100 propter
1242 1031 1664 1101 ignorantiarum
1711 1043 1954 1084 mearum

366 1121 761 1179 multitudinem
789 1121 1232 1190 impedimentum
1262 1122 1469 1177 afferat.

443 1215 520 1268 Tu
551 1229 700 1280 vero,
753 1214 850 1282 fili,
883 1228 951 1270 ne
979 1214 1244 1285 religiosae
1292 1213 1692 1270 exercitationis
1722 1211 1956 1268 laborem

365 1315 598 1371 metuas,
627 1322 798 1377 neque
826 1306 892 1362 ad
926 1309 1182 1376 temporis
1231 1308 1620 1377 longitudinem
1667 1321 1729 1362 ac
1759 1305 1962 1361 daemo-

366 1415 494 1454 num
525 1399 744 1455 insidias
766 1399 1143 1470 elanguescas;
1172 1401 1297 1471 quin
1330 1401 1504 1470 potius
1523 1401 1759 1469 ipsorum
1789 1399 1959 1455 imbe-

357 1492 664 1558 .cillitatetn,
693 1489 894 1546 Christi
921 1494 1114 1548 virtute
1143 1494 1523 1557 communitus,
1547 1491 1722 1546 audax
1761 1491 1958 1557 irride;

365 1581 435 1637 ad
464 1582 704 1638 laborum
736 1593 914 1638 autem
944 1583 1213 1650 duritiam,
1248 1599 1311 1639 ac
1341 1583 1599 1654 temporis
1637 1582 1961 1637 diuturnita-

371 1681 479 1730 tem
518 1677 701 1732 animo
728 1677 799 1732 ita
826 1689 1136 1745 comparato
1159 1687 1298 1745 esto,
1333 1687 1583 1747 tanquam
1614 1677 1852 1747 quotidie
1878 1676 1960 1731 di-

363 1782 604 1825 scessum
628 1786 658 1825 e
687 1771 792 1825 vita
822 1781 1161 1840 exspectans,
1191 1781 1352 1841 atque
1393 1771 1643 1826 eumdem
1673 1770 1812 1825 diem
1865 1769 1959 1825 tibi

2069 546 2219 603 dives
2250 557 2414 614 esset,
2467 560 2688 620 propter
2733 565 2833 606 nos
2879 557 3080 623 egenus
3122 552 3296 608 factus
3319 563 3424 620 est,
3473 563 3664 614 utrius

2065 643 2182 715 cjus
2210 653 2523 715 paupertate
2551 647 2744 703 divites
2759 663 3027 714 essemus,
3062 654 3220 720 etqui
3251 666 3279 705 a
3315 654 3666 722 perpessione

2067 737 2323 794 immunis
2354 751 2490 807 erat,
2523 750 2580 796 ut
2607 724 2817 796 vitiosis
2838 743 3212 798 alfectionibus
3242 759 3341 799 nos
3380 746 3658 814 liberaret,

2065 834 2336 891 cruciatus
2377 835 2540 890 subiit
2591 835 2680 907 (II
2713 837 2833 892 Cor.
2882 839 3023 909 viti),
3077 841 3381 909 persolvere
3437 844 3660 910 potest?

2065 929 2216 996 Quod
2267 930 2408 984 enim
2449 929 2770 986 beneﬁcium
2802 940 2885 987 est
2922 947 3134 987 servum
3188 933 3374 989 eadem
3453 935 3660 1004 perpeti

2065 1037 2187 1092 qua:
2220 1021 2475 1076 Dominus
2504 1037 2788 1092 perpessus
2836 1022 2948 1078 sit?
2997 1024 3155 1094 Atqui
3207 1039 3304 1080 nos
3335 1026 3660 1094 pertnultnm

2066 1114 2133 1168 ab
2159 1114 2328 1183 ipsius
2350 1113 2671 1170 cruciatibus
2703 1115 2895 1170 remoti
2939 1131 3145 1170 sumus.
3181 1117 3303 1172 lla-c
3363 1125 3540 1173 tecum
3574 1135 3656 1172 re-

2065 1209 2214 1274 puta,
2245 1207 2596 1279 cogitationes
2623 1207 2926 1271 destrucns,
2978 1218 3028 1262 et
3061 1224 3274 1265 onmem
3321 1210 3656 1266 altitudinem

2065 1299 2411 1356 extollentem
2442 1315 2501 1356 se
2524 1300 2780 1356 adversus
2809 1301 3087 1356 scientiam
3115 1303 3224 1368 Dei,
3257 1313 3311 1359 et
3341 1304 3395 1358 in
3421 1305 3651 1374 captivi-

2068 1400 2235 1447 tatent
2296 1394 2544 1462 redigens
2615 1409 2828 1449 omnem
2908 1410 3126 1451 sensum
3182 1398 3232 1450 in
3300 1398 3661 1454 obedientiam

2064 1487 2263 1543 Christi
2315 1487 2400 1559 (ll
2459 1489 2580 1544 Cor.
2615 1491 2694 1559 χ).
2749 1491 2815 1545 Ει
2859 1506 2957 1561 pax
3024 1490 3135 1558 Dei,
3199 1506 3318 1559 qua;
3375 1501 3664 1560 exsuperat

2065 1594 2278 1636 omnem
2310 1596 2552 1646 sensum,
2581 1581 2848 1636 custodiat
2875 1597 2967 1637 cor
3011 1593 3182 1649 tuntn,‘
3229 1593 3282 1639 et
3307 1583 3661 1653 cogitationes

2067 1681 2190 1729 tuas
2219 1675 2271 1728 in
2304 1675 2522 1730 Christo
2551 1675 2677 1730 .lesu
2705 1675 2930 1746 (Philip.
2959 1677 3058 1746 tv).

2141 1765 2248 1822 llac
2287 1769 2532 1822 oratione
2574 1783 2602 1821 a
2631 1768 2908 1822 Barlaamo
2953 1768 3152 1833 habita,
3197 1768 3454 1839 Josapliat
3483 1769 3658 1824 inlini-

362 1860 489 1916 vita:
531 1863 862 1928 monasticae,
893 1867 1004 1917 tuin
1037 1863 1266 1929 initium,
1304 1872 1411 1916 tum
1442 1863 1600 1917 finem
1627 1875 1748 1918 esse
1775 1860 1962 1917 existi-
1995 1860 2045 1921 B
2075 1864 2184 1911 tam
2214 1858 2322 1911 vim
2378 1859 2732 1929 laerytnarum
2787 1859 3043 1929 profudit,
3104 1862 3180 1914 sic
3213 1875 3424 1929 nempe,
3462 1870 3517 1914 ut
3543 1870 3660 1915 tan-

364 1969 543 2009 mans.
572 1953 662 2010 Sic
689 1968 902 2024 semper
935 1967 1003 2009 ea
1035 1970 1157 2025 qua:
1185 1969 1216 2006 a
1266 1965 1416 2023 tergo
1457 1963 1584 2008 sunt
1612 1953 1956 2018 Oblivisceris,

362 2056 528 2117 atque
555 2046 622 2101 ad
651 2062 714 2102 ea
740 2063 858 2116 qua:
887 2061 916 2100 a
945 2046 1120 2102 fronte
1143 2056 1268 2102 sunt
1298 2047 1526 2117 teipsum
1548 2046 1864 2115 extendens,
1891 2045 1958 2100 ad

361 2140 687 2196 destinatum
716 2155 1056 2211 persequere,
1090 2143 1158 2195 ab
1187 2141 1426 2194 braviutn
1452 2157 1699 2212 superna:
1730 2141 1960 2195 vocatio-

363 2233 450 2289 nis
477 2233 571 2289 Dei
613 2234 665 2289 iti
693 2233 906 2289 Christo
936 2233 1064 2289 Jesu
1095 2232 1324 2304 (Philip.
1352 2232 1434 2304 nt)
1456 2273 1472 2299 ,
1504 2233 1956 2303 quemadmodum

364 2334 586 2381 sanctus
617 2325 904 2394 Aposuilus
935 2324 1019 2380 his
1046 2325 1225 2380 verbis
1275 2325 1520 2380 hortatur
1547 2343 1561 2379 :
1590 2325 1706 2380 Non
1734 2325 1958 2380 delicia-

364 2434 514 2484 tnus;
544 2419 638 2473 sed
667 2418 788 2474 licet
819 2420 864 2473 is
903 2420 991 2489 qui
1024 2419 1153 2474 foris
1180 2430 1261 2474 εει
1292 2419 1453 2474 homo
1483 2429 1670 2475 noster
1713 2434 1959 2474 corrum-

364 2518 542 2582 patur,
570 2520 746 2566 tamen
768 2510 814 2566 is
829 2512 919 2582 qui
943 2512 1090 2566 intus
1109 2519 1192 2567 est
1213 2520 1503 2568 renovatur
1523 2511 1591 2567 de
1612 2511 1699 2567 die
1716 2514 1766 2566 in
1789 2513 1956 2568 diem.

363 2604 496 2660 Nam
543 2605 684 2674 quod
718 2615 1152 2661 momentaneum
1203 2614 1288 2662 est
1335 2615 1388 2661 et
1435 2607 1551 2661 leve
1603 2605 1960 2662 tribulationis

363 2710 585 2766 nostrae,
616 2716 774 2770 supra
806 2700 1019 2754 modum
1053 2700 1104 2754 in
1128 2700 1457 2756 sublimitate
1484 2709 1743 2756 aeternum
1771 2701 1959 2772 gloria:

365 2799 576 2864 pondus
605 2804 858 2865 operatur
879 2794 930 2849 in
957 2794 1130 2859 nobis,
1157 2811 1260 2850 non
1283 2794 1773 2863 contemplantibus
1803 2793 1960 2849 nobis

363 2903 483 2959 qua:
527 2887 792 2954 videntur,
827 2888 924 2944 sed
952 2903 1068 2957 qua:
1101 2904 1208 2943 non
1235 2888 1504 2944 videntur.
1537 2889 1668 2954 Quae
1700 2887 1842 2942 enim
1874 2887 1956 2942 vi-

364 2980 560 3037 dentur
599 2982 908 3051 temporalia
957 2989 1101 3046 sunt,
1152 2997 1270 3051 qua:
1314 2993 1493 3037 autem
1538 2997 1644 3035 non
1690 2981 1956 3051 videntur,

363 3083 563 3152 reterna
592 3071 687 3146 (ll
717 3070 838 3127 Cor.
874 3072 968 3144 tv).

438 3166 562 3220 lliec
590 3180 711 3221 cum
742 3166 922 3221 animo
949 3174 1040 3220 tuo
1070 3175 1322 3234 reputans
1345 3208 1360 3234 ,
1393 3165 1475 3220 vir
1501 3166 1840 3234 ebarissime,
1877 3167 1958 3222 vi-

2066 1969 2227 2022 quam
2257 1969 2323 2008 ex
2355 1953 2626 2009 uberrimo
2668 1951 2818 2009 fonte
2860 1955 3238 2022 scaturientes,
3284 1957 3457 2023 ipsum
3510 1969 3661 2022 pror-

2066 2061 2178 2114 sus,
2211 2061 2273 2101 ac
2314 2056 2508 2102 terram
2553 2048 2604 2101 in
2647 2063 2748 2117 qua
2789 2047 3040 2110 sedebat,
3095 2043 3426 2118 proluerent.
3483 2049 3661 2117 Atque

2069 2141 2541 2212 ipsc,hujnsmodi
2573 2137 2852 2196 dissidiuin’
2909 2135 3219 2212 deplorans.
3280 2157 3535 2212 perquam
3577 2158 3663 2194 ar-

2065 2238 2257 2292 denter
2275 2239 2343 2291 ab
2370 2252 2437 2292 eo
2463 2237 2845 2303 contendebat,
2888 2247 2945 2291 nt
2979 2239 3232 2306 postremi
3283 2237 3428 2291 illius
3456 2238 3662 2290 itineris

2067 2334 2318 2389 comitem
2350 2347 2407 2386 se
2436 2332 2738 2398 adhiberet,
2788 2348 2887 2387 nec
2921 2341 3042 2402 post
3068 2332 3232 2400 ipsius
3261 2332 3560 2388 discessum
3608 2333 3660 2386 in

2070 2428 2270 2482 mundo
2297 2429 2405 2492 jam
2439 2436 2764 2492 remaneret,
2819 2426 2903 2481 his
2929 2427 3105 2481 verbis
3133 2429 3287 2481 utens
3320 2443 3332 2479 :
3381 2427 3606 2496 Ecquid,
3631 2445 3666 2481 υ

2068 2527 2244 2588 pater,
2271 2519 2344 2572 tui
2373 2520 2652 2580 duntaxat,
2677 2533 2741 2572 ac
2773 2532 2878 2572 non
2914 2520 3139 2587 proximi
3174 2520 3432 2572 rationem
3463 2519 3662 2572 habes?

2069 2611 2308 2678 Quonam
2339 2620 2519 2664 autem
2551 2609 2712 2662 modo
2744 2609 2842 2662 hac
2896 2609 2948 2662 in
2995 2624 3052 2662 re
3083 2610 3336 2677 perfecta:
3382 2609 3660 2663 cliaritatis

2065 2705 2241 2758 ofﬁcio
2266 2703 2499 2776 iungeris
2559 2703 2681 2775 (pro
2730 2718 2796 2757 eo
2835 2712 2993 2773 atque
3022 2719 3051 2758 a
3083 2703 3297 2758 Christo
3327 2703 3526 2758 dictum
3555 2713 3659 2770 est,

2068 2798 2266 2869 Diliges
2299 2799 2604 2867 proximum
2637 2803 2787 2852 tuun'i
2817 2797 2953 2853 sicut
2973 2806 3024 2853 te
3052 2798 3274 2868 ipsum),
3314 2812 3434 2851 cum
3468 2805 3520 2850 tu
3545 2797 3664 2865 qui-

2071 2891 2193 2945 dem
2224 2891 2289 2945 ad
2323 2890 2558 2962 requiem
2590 2905 2799 2960 pergas,
2856 2906 2941 2946 me
2990 2901 3165 2946 autent
3223 2893 3275 2946 in
3313 2892 3663 2960 oppressione

2066 2992 2228 3054 atque
2253 3000 2490 3039 aerumna
2524 2985 2816 3056 relinquas,
2865 2999 2928 3040 ac
2959 2985 3267 3056 priusquam
3301 2981 3366 3040 in
3399 2987 3664 3057 religiosa:

2066 3079 2192 3133 vita:
2225 3078 2634 3146 certaminibus,
2658 3087 2714 3132 ut
2743 3093 2836 3148 par
2876 3089 2980 3143 est,
3039 3080 3370 3134 exercitatus
3415 3081 3538 3146 sim,
3572 3094 3664 3132 va-

2067 3171 2284 3239 riasque
2316 3169 2554 3224 lioStiunt
2581 3161 2802 3224 insidias
2827 3175 3127 3239 compertas
3157 3171 3403 3236 habeam,
3448 3172 3513 3225 ad
3545 3173 3661 3226 sin-

363 3259 534 3314 iiliter
563 3273 662 3330 age
690 3271 743 3316 et
775 3259 1081 3316 confurtare
1113 3257 1284 3331 (Psal.
1319 3261 1493 3328 xxvr),
1528 3271 1688 3330 atque
1721 3272 1776 3316 ut
1808 3277 1961 3332 egre.
1989 3258 2036 3323 C
2067 3263 2304 3331 gularem
2338 3277 2564 3332 pugnam
2589 3277 2708 3316 cum
2743 3262 2872 3332 ipsis
2932 3263 3221 3318 ineundam
3281 3279 3367 3317 mc
3396 3264 3659 3333 objicias?

363 3358 483 3429 gius
506 3359 680 3425 miles,
710 3357 761 3412 id
791 3357 858 3411 da
881 3372 1122 3427 operam,
1149 3366 1205 3410 ut
1232 3357 1281 3410 ei
1309 3355 1399 3425 qui
1426 3366 1475 3409 te
1495 3355 1722 3416 militem
1747 3357 1962 3424 scripsit

365 3453 580 3530 placeas
613 3450 694 3532 (ΙΙ
731 3449 864 3505 Tim.
903 3452 994 3530 ti);
1039 3465 1140 3534 nec
1170 3450 1411 3540 quamvis
1462 3450 1848 3528 imbecillitatis
1898 3466 1962 3506 ac

365 3529 638 3614 languoris
662 3530 1013 3614 cogitatiOnes
1041 3529 1316 3612 improbus
1346 3529 1434 3624 illc
1462 3529 1680 3624 Spiritus
1715 3543 1806 3598 tibi
1851 3541 1959 3598 im-

365 3636 564 3705 mittat,
595 3635 930 3708 institutique
962 3637 1032 3718 lui
1064 3652 1256 3691 nervos
1295 3621 1541 3718 frangere
1571 3621 1632 3692 ac
1681 3638 1962 3718 debilitare

366 3731 596 3806 studeat,
652 3731 817 3800 ipsius
865 3709 1086 3786 insidias
1139 3711 1522 3800 pertimescas,
1571 3731 1699 3786 illud
1751 3711 1960 3787 Domini

365 3836 693 3897 praeceptum
723 3825 882 3898 335
913 3828 1174 3898 cogitans,
1209 3826 1260 3878 in
1295 3825 1494 3880 tnundo
1526 3840 1832 3894 pressurain
1869 3828 1962 3879 ba-

365 3915 593 3982 bebitis;
625 3918 716 3972 sed
746 3917 1022 3982 conlidite,
1055 3931 1152 3985 ego
1185 3915 1281 3971 vici
1312 3914 1566 3970 mundum
1613 3913 1792 3985 (Joau.
1825 3917 1958 3994 xit),

365 4012 631 4079 Quocirca
663 4013 834 4083 gaude
863 4015 912 4066 in
942 4011 1170 4067 Domino
1197 4027 1413 4082 semper
1435 4054 1448 4077 ,
1478 4012 1732 4083 queuiam
1765 4013 1880 4083 ipse
1913 4023 1962 4092 te

365 4105 552 4174 elegit,
584 4116 744 4176 atque
773 4119 802 4158 a
851 4104 1049 4159 mundo
1098 4103 1400 4174 scjunctum
1432 4114 1555 4160 ante
1588 4105 1776 4162 faciem
1811 4087 1960 4162 suain

366 4189 563 4268 posuit.
595 4195 714 4267 ipse
739 4207 938 4264 autem,
960 4197 1051 4268 qui
1084 4206 1135 4262 te
1159 4198 1440 4272 vocatione
1469 4213 1561 4274 sua
1591 4207 1774 4252 sancta
1805 4181 1964 4252 vora-

365 4291 464 4356 vit,
500 4305 663 4360 prope
691 4299 772 4345 est
801 4303 1033 4360 semper.
1069 4288 1204 4343 Nihil
1237 4289 1415 4360 itaque
1444 4289 1707 4344 sollicitus
1741 4291 1836 4354 sis,
1868 4280 1962 4344 Sed

367 4383 421 4440 in
453 4385 598 4439 omni
641 4383 883 4440 oratione
922 4393 1081 4455 atque
1111 4385 1484 4442 obsecratione
1513 4400 1633 4440 cum
1672 4377 1960 4455 gratiazunl

366 4477 580 4532 actione
606 4477 894 4546 petitiones
923 4486 1026 4532 tute
1061 4483 1399 4533 innotescant
1427 4478 1567 4550 apud
1603 4463 1768 4533 Deum
1803 4465 1960 4550 (Plii-

366 4571 463 4640 lip.
501 4570 598 4641 tv).
633 4569 752 4640 lpse
778 4571 918 4625 enim
948 4570 1082 4624 dixit
1113 4589 1126 4623 :
1156 4570 1273 4625 Non
1306 4581 1357 4625 te
1385 4571 1653 4638 deseram,
1681 4589 1779 4626 nec
1811 4574 1967 4628 dere-

2068 3355 2147 3408 Ex
2175 3370 2280 3423 quo
2312 3355 2561 3424 quidnam
2591 3353 2733 3409 aliud
2759 3355 3072 3426 contingere
3101 3365 3298 3424 potest,
3349 3357 3449 3410 nisi
3484 3366 3541 3410 ut
3563 3371 3658 3412 vc-

2071 3445 2342 3500 leratoriis
2370 3446 2608 3515 ipsorum
2639 3447 2844 3501 artibus
2877 3459 3205 3516 prosternar,
3263 3457 3421 3518 atque
3449 3458 3504 3502 ιιι
3555 3445 3660 3503 im-

2069 3539 2256 3604 peritis
2281 3553 2341 3592 ae
2368 3537 2567 3592 timidis
2596 3539 2982 3610 gladiatoribus
2999 3556 3107 3618 'nsu
3133 3540 3314 3596 venire
3336 3541 3492 3606 solet,
3517 3556 3658 3597 sem-

2071 3635 2335 3702 piternam
2366 3635 2560 3688 animm
2614 3643 2838 3688 mortem
2891 3635 3179 3705 oppetam?
3236 3636 3314 3690 Ad
3349 3635 3654 3702 Dominum,

2066 3743 2269 3796 quaeso,
2299 3743 2422 3797 roga
2455 3739 2615 3798 atque
2639 3729 2884 3792 obsecra,
2906 3739 2960 3782 ut
2991 3745 3076 3782 nte
3099 3743 3310 3799 quoque
3356 3728 3430 3782 tui
3481 3744 3512 3784 e
3555 3729 3659 3782 vita

2066 3821 2338 3876 discessus
2390 3824 2594 3876 socium
2651 3823 2917 3887 asciscas,
2981 3823 3030 3876 id
3080 3831 3134 3877 ut
3166 3824 3348 3887 iacias,
3400 3837 3495 3892 per
3539 3838 3657 3878 eam

2067 3916 2241 3983 ipsam
2273 3930 2421 3986 spem
2470 3931 2626 3985 quam
2661 3915 2824 3970 habes
2875 3916 2987 3971 fore
3029 3924 3082 3970 ut
3110 3918 3309 3972 laboris
3354 3919 3658 3973 mercedem

2069 4009 2349 4080 percipias,
2385 4022 2435 4064 te
2464 4011 2726 4064 obteswr.
2755 4010 2885 4076 Hoc,
2923 4011 3161 4081 inquam,
3193 4017 3222 4068 a'
3256 4011 3366 4066 Deo
3407 4012 3655 4080 precibus

2068 4105 2354 4172 contende,
2403 4114 2459 4159 nt
2507 4121 2574 4159 ne
2620 4103 2835 4160 nuicniu
2888 4105 3100 4176 quidem
3143 4105 3285 4161 diem
3340 4114 3458 4176 post
3512 4117 3657 4160 tuum

2070 4197 2364 4251 discessum
2410 4195 2460 4250 in
2495 4196 2594 4251 hac
2618 4198 2727 4252 vita
2764 4197 3092 4268 peregriner,
3136 4207 3295 4270 atque
3320 4201 3371 4255 in
3402 4201 3660 4256 densissi~

2067 4306 2151 4344 tua
2183 4289 2281 4343 hac
2297 4289 2586 4345 solitudine
2607 4291 2873 4346 oberretn.

2142 4379 2266 4436 llaec
2295 4399 2414 4436 cum
2440 4382 2701 4450 Josapliat
2723 4383 2942 4452 plorans
2976 4384 3201 4448 diceret,
3253 4398 3418 4438 senex
3455 4385 3661 4454 placide

2072 4489 2133 4528 ac
2166 4474 2362 4528 leniter
2384 4474 2557 4542 ipsum
2592 4475 2914 4542 reprimens,
2945 4475 3035 4529 Dei
3064 4474 3297 4544 judiciis,
3325 4475 3518 4545 inquit,
3542 4493 3666 4547 quae

2072 4568 2269 4620 mentis
2293 4565 2540 4620 humanae
2567 4574 2781 4636 captum
2807 4567 3097 4635 excedunt,
3153 4568 3410 4622 obluctari
3442 4570 3663 4625 minime

367 4662 629 4734 linquam.
679 4664 802 4718 Hinc
851 4664 1029 4734 itaque
1079 4663 1130 4718 in
1183 4665 1302 4718 vita:
1347 4663 1539 4718 duritia
1593 4680 1655 4720 ac
1698 4666 1966 4735 religiosa:
1993 4663 2052 4729 Ι)
2079 4660 2360 4714 debemus.
2393 4660 2522 4714 Nam
2553 4674 2676 4730 ego,
2703 4675 2822 4714 cum
2850 4660 2917 4714 de
2939 4661 3040 4715 hac
3069 4675 3127 4715 re
3176 4663 3369 4716 multas
3399 4663 3464 4717 ad
3495 4664 3662 4718 Deum

367 4755 769 4811 exercitationis
799 4756 1001 4811 vilitate
1033 4766 1205 4812 tecum
1240 4745 1352 4826 ipse
1392 4767 1665 4826 reputans,
1702 4757 1754 4812 in'
1798 4760 1961 4814 animi

368 4851 644 4919 voluptate
671 4839 905 4916 icrsare,
940 4839 1147 4904 Domini
1185 4847 1277 4904 Dei
1309 4843 1475 4904 nostri
1509 4851 1822 4906 memoriam
1872 4867 1962 4908 re-

367 4942 568 4998 tinens.
616 4941 807 4997 Memor
863 4944 1038 5011 enim,
1071 4929 1274 5013 inquit,
1305 4939 1377 4998 fui
1409 4937 1537 5010 Dei,
1575 4929 1624 5000 et
1668 4933 1964 5004 delectatus

364 5033 485 5094 sum
527 5035 698 5109 (Paul.
731 5040 931 5108 Lxth).
1175 5023 1178 5026 ’

442 5129 573 5184 (Iuni
627 5139 804 5185 autem
843 5125 1054 5185 rursum
1086 5131 1427 5188 adversarius
1474 5133 1616 5190 aliud
1669 5134 1721 5190 in
1755 5145 1804 5192 te
1835 5137 1964 5193 belli

363 5211 535 5295 genus
587 5223 993 5295 excogitaverit,
1042 5223 1296 5279 sublimes
1347 5223 1541 5296 nempe
1608 5236 1767 5299 atque
1816 5245 1967 5284 arro-

365 5327 558 5387 gantes
581 5316 938 5385 cogitationes
971 5331 1294 5387 proponens,
1331 5319 1588 5388 regnique
1615 5319 1812 5377 terreni
1845 5325 1965 5395 glo-

309 5453 314 5456 .
366 5409 502 5462 riam
538 5423 696 5478 quam
731 5408 1013 5478 reliquisti,
1041 5418 1346 5480 caztcraqne
1369 5426 1487 5480 qua:
1517 5413 1570 5466 in
1604 5413 1801 5467 mundo
1843 5425 1969 5472 sunt

369 5505 466 5556 tibi
501 5504 552 5558 in
586 5503 758 5559 oculis
787 5502 1082 5570 collocatis,
1106 5493 1435 5558 Salutileram
1465 5503 1764 5560 doctrinam
1788 5508 1965 5580 clypei

368 5595 545 5652 instar
571 5585 825 5681 obtende,
855 5596 1119 5652 dicentem
1154 5614 1165 5651 :
1198 5597 1327 5652 Cum
1361 5598 1596 5654 feceritis
1635 5601 1814 5657 omnia
1845 5621 1965 5675 quae

370 5701 640 5761 praecepta
673 5700 798 5746 sunt
823 5691 996 5755 vobis,
1030 5689 1232 5746 dicite:
1283 5689 1440 5747 Servi
1491 5693 1706 5750 inutiles
1757 5713 1964 5760 sumus.

370 5787 626 5859 quoniam
687 5773 738 5840 id
787 5785 924 5855 qttod
953 5783 1126 5839 facere
1157 5778 1461 5854 debuimus,
1518 5779 1739 5845 fecimus
1792 5792 1971 5863 (Lucw

374 5882 537 5944 xvii).
600 5881 656 5934 Et
689 5880 901 5949 quidem
956 5877 1074 5949 quis
1116 5887 1357 5934 nostrum
1390 5878 1627 5936 debitum
1658 5882 1809 5951 illud,
1860 5903 1967 5953 quo

2077 4767 2264 4822 preces
2295 4753 2573 4818 ludisSem,
2635 4768 2866 4824 eumque
2917 4754 3000 4810 cui
3033 4753 3176 4810 nulla
3219 4757 3297 4812 vis
3343 4751 3521 4812 alierri
3564 4773 3662 4828 po-

2076 4853 2200 4912 teSI,
2235 4845 2377 4899 velut
2409 4861 2506 4916 per
2536 4846 2642 4900 vim
2691 4846 2909 4918 adigere
2953 4849 3267 4917 mutassem,
3321 4859 3377 4906 ut
3428 4855 3494 4906 nc
3527 4853 3664 4906 inter

2076 4951 2173 4991 nos
2193 4935 2648 5008 disjungeremur,
2683 4939 2750 4993 ab
2775 4940 3190 5008 ipsiusbonitate
3221 4941 3320 4998 hoc
3349 4942 3531 5007 didici,
3561 4945 3664 4996 mi-

2077 5045 2223 5098 nime
2257 5042 2351 5097 tibi
2385 5056 2527 5096 nunc
2557 5038 2892 5094 conducibile
2923 5053 3044 5094 esse
3073 5039 3252 5092 carnis
3301 5053 3436 5091 onus
3465 5037 3668 5104 abjice-

2077 5158 2156 5206 re,
2193 5156 2374 5194 verum
2409 5140 2459 5193 in
2496 5136 2743 5207 religiosa
2790 5125 3174 5191 exercitatione
3239 5131 3416 5186 tandiu
3451 5149 3664 5201 perina-

2074 5252 2228 5301 nere,
2260 5235 2432 5304 quoad
2487 5231 2910 5302 splendidiorem
2965 5219 3217 5284 coronam
3251 5227 3343 5281 tibi
3403 5230 3659 5283 lcxneris.

2074 5328 2321 5385 Nondum
2374 5327 2518 5382 cnim
2555 5340 2650 5396 pro
2681 5340 2740 5379 ea
2764 5339 2884 5393 quae
2936 5321 3027 5375 tibi
3061 5330 3243 5390 parata
3299 5313 3386 5376 est
3415 5319 3664 5378 mercede

2074 5425 2206 5478 satis
2238 5421 2557 5484 decertasti;
2603 5433 2784 5472 verum
2822 5416 3033 5484 paulum
3057 5415 3230 5468 adhuc
3255 5415 3466 5471 labores
3497 5433 3660 5486 opor-

2076 5527 2170 5584 tet,
2204 5528 2255 5570 ut
2283 5516 2436 5570 betus
2460 5516 2511 5568 in
2542 5512 2750 5567 Domini
2785 5509 2857 5566 tui
2888 5509 3140 5578 gaudium
3166 5511 3353 5567 intres.
3402 5509 3532 5566 Nam
3559 5528 3662 5585 ego

2074 5610 2289 5680 quidem
2317 5607 2429 5678 jam
2461 5621 2597 5675 pene
2623 5603 2981 5668 centenarias,
3031 5619 3200 5659 annos
3229 5605 3464 5676 quinque
3492 5618 3542 5661 et
3576 5623 3662 5662 se-

2076 5705 2346 5776 ptuaginta
2420 5701 2470 5756 in
2527 5700 2625 5753 hac
2681 5698 2970 5754 solitudine
3022 5699 3249 5755 confeci.
3316 5700 3432 5756 Tibi
3483 5717 3654 5766 vero,

2076 5796 2281 5852 etiamsi
2310 5809 2414 5847 non
2443 5799 2586 5844 tanta
2620 5789 2877 5860 temporis
2907 5805 3054 5844 niura
3081 5789 3254 5845 iutura
3283 5801 3384 5856 est,
3419 5799 3474 5846 al
3510 5801 3658 5846 certe

2077 5888 2144 5944 ad
2174 5887 2221 5942 id
2246 5886 2495 5955 spatitun,
2554 5897 2607 5940 ut
2648 5882 2802 5956 jubet
2834 5882 3112 5952 Dominus,
3161 5884 3378 5956 propius
3435 5881 3660 5940 accedas
