4158 6354
595 312 699 370 599

1648 310 1736 366 DE
1777 309 1952 368 VlTlS
1993 312 2274 371 PATRUM
2315 315 2523 374 LIBER
2561 317 2831 378 PRIMUS.

3770 325 3861 381 600

592 440 816 488 necesse
844 434 948 498 est,
975 441 1081 500 quo
1119 427 1185 482 iis
1216 426 1357 482 nulla
1386 440 1449 481 ex
1482 436 1631 496 parte
1684 427 1903 484 interior
1928 429 2023 494 sis,
2081 429 2173 500 qui
2202 435 2254 490 A
2279 431 2694 501 disiunctionem
2724 435 3006 509 aegerrime
3053 438 3236 495 animo
3264 439 3475 496 ferenti.
3537 440 3656 497 Jam
3687 450 3861 499 autem

589 524 701 583 diei
730 532 967 580 etaestus
1012 522 1219 593 pondus
1246 522 1577 592 pertulerunt
1622 522 1836 595 (Matth.
1870 524 1979 594 χι),
2031 526 2173 593 Qua-

592 629 833 691 propter,
865 631 897 673 ο
920 616 1115 682 amice,
1144 630 1261 684 quae
1283 630 1312 669 a
1342 616 1452 671 Deo
1481 616 1695 671 decreta
1724 626 1870 683 sunt,
1918 630 2172 690 prompto

587 728 653 770 ac
681 711 882 768 lubenti
912 712 1089 765 animo
1113 710 1320 779 accipe.
1374 709 1505 765 Nam
1555 725 1676 780 quae
1736 713 1850 781 ipse
1907 712 2169 782 decrevit,

587 806 708 876 quis
732 804 947 859 tandem
975 803 1280 859 mortalium
1304 802 1564 874 dissipare
1590 806 1785 876 queat?
1815 808 2172 878 Atqueipsius

587 899 757 971 gratia
785 907 1155 965 conservatus,
1191 898 1529 955 tolerantiam
1556 908 1771 968 praesta.

660 992 795 1048 lllud
818 994 976 1049 etiam
1007 1008 1155 1052 cura.
1190 1002 1249 1048 ut
1278 993 1801 1050 adversusinimicas
1821 996 2170 1068 cogitationes

584 1088 763 1145 animo
791 1087 1044 1154 excubes,
1068 1104 1130 1143 ac
1156 1090 1350 1143 mentis
1386 1089 1696 1157 puritatem,
1748 1106 1853 1145 non
1904 1106 2059 1147 secus
2107 1107 2170 1148 ac

584 1180 871 1254 quemdam
904 1180 1133 1250 ingentis
1161 1181 1315 1247 pretii
1349 1179 1680 1247 thesaurum,
1708 1182 1912 1238 salvum
1942 1192 1996 1239 et
2024 1183 2171 1239 inco-

585 1272 783 1329 lumem
815 1286 1018 1336 serves,
1048 1271 1113 1353 ad
1134 1271 1504 1326 sublimiorem
1542 1274 1810 1329 actionem
1840 1284 1893 1328 et
1929 1284 2170 1331 eontem-

588 1364 877 1433 plationem
924 1366 977 1418 in
1005 1364 1123 1419 dies
1169 1364 1397 1435 teipsum
1431 1366 1754 1435 provehens,
1803 1378 1859 1421 ut
1889 1367 2015 1422 illud
2040 1370 2089 1423 in
2121 1378 2172 1423 te

588 1454 894 1526 impleatur,
927 1457 1071 1526 quod
1102 1457 1358 1513 Dominus
1381 1458 1567 1514 amicis
1597 1460 1711 1514 suis
1761 1460 2025 1528 promisit,
2090 1462 2171 1517 bis

586 1547 767 1602 verbis
794 1558 949 1604 utens
979 1564 993 1602 :
1025 1548 1081 1603 Si
1110 1550 1232 1618 quis
1263 1549 1433 1621 diligit
1466 1566 1571 1615 me,
1631 1567 1937 1608 sermonem
1991 1570 2169 1610 meum

583 1638 836 1707 servabit,
889 1649 942 1696 et
984 1639 1139 1696 Pater
1181 1656 1333 1697 meus
1364 1642 1550 1712 diliget
1572 1658 1715 1711 eum,
1743 1654 1797 1700 et
1827 1646 1892 1700 ad
1919 1662 2040 1702 eum
2075 1664 2171 1703 ve-

580 1733 814 1799 niemus,
859 1741 915 1789 et
969 1734 1299 1790 mansionem
1332 1736 1472 1806 apud
1505 1752 1626 1792 eum
1683 1738 1943 1795 faciemus
1986 1740 2166 1813 (Joan.

2278 526 2494 583 lucente
2547 530 2633 585 die
2682 547 2871 588 manus
2900 541 3062 603 atque
3089 518 3272 591 oculos
3302 533 3357 589 in
3388 534 3583 591 caelum
3616 536 3857 608 sustulit,

2276 616 2495 689 Deoque
2516 622 2715 691 gratias
2760 622 3008 691 reddens,
3062 623 3164 681 hoc
3209 640 3460 682 sermone
3502 643 3632 685 usus
3658 636 3782 685 est'

2349 732 2575 790 Domine
2598 734 2739 791 Deus
2761 751 2933 803 meus,
2965 738 3053 807 qui
3077 738 3271 808 ubique
3297 753 3535 809 praesens
3576 756 3658 809 es,
3695 750 3851 813 atque

2274 826 2455 881 omnia
2486 827 2696 898 imples,
2727 831 2923 899 gratias
2950 830 3042 886 tibi
3069 845 3191 903 ago,
3222 832 3475 903 quoniam
3503 833 3858 903 humilitatem
3921 900 3935 915 ~

2276 934 2449 974 meam
2474 923 2759 991 respexisti
2785 922 2956 993 (Psal.
2990 924 3069 995 ι),
3109 934 3269 995 atque
3314 926 3418 981 hoc
3459 927 3591 984 mihi
3619 942 3847 985 conces-

2275 1012 2414 1078 sisti,
2440 1024 2494 1067 ut
2518 1014 2573 1068 in
2595 1014 2891 1071 orthodoxa
2915 1024 3001 1071 tua
3030 1016 3154 1083 fide,
3178 1026 3232 1073 et
3246 1018 3620 1075 mandatorum
3651 1030 3859 1080 tuorum

2275 1105 2383 1171 via,
2413 1105 2636 1175 hujusce
2658 1109 3102 1178 peregrinationis
3124 1124 3341 1165 cursum
3379 1110 3723 1168 absolverim.
3779 1113 3859 1170 Ac

2276 1212 2438 1263 nunc,
2472 1200 2676 1267 optime
2701 1201 2941 1265 Domine,
2966 1210 3126 1271 atque
3153 1202 3219 1256 ad
3251 1203 3678 1260 misericordiam
3727 1220 3861 1276 pro-

2258 1292 2613 1361 Apensissime,
2642 1295 2692 1348 iu
2723 1304 2921 1349 aeterna
2953 1295 3291 1351 tabernacula
3307 1305 3394 1351 tua
3418 1312 3507 1353 me
3532 1299 3739 1368 recipe,
3762 1314 3861 1354 nec

2258 1400 2335 1439 ea
2351 1388 2603 1441 memoria
2628 1388 2797 1443 retine
2817 1404 2934 1456 quae
2958 1388 3229 1444 velscicus
3247 1389 3327 1444 vel
3342 1389 3577 1446 insciens
3598 1390 3651 1445 in
3669 1400 3723 1446 te
3739 1405 3862 1461 pec-

2274 1477 2411 1533 cavi.
2427 1476 2700 1534 Conserva
2713 1489 2891 1534 autem
2904 1479 3063 1535 etiam
3081 1479 3288 1535 ﬁdelem
3304 1480 3444 1535 hunc
3455 1495 3674 1537 servum
3691 1494 3862 1548 tuum,

2274 1569 2361 1623 cui
2392 1585 2477 1622 me
2504 1571 2747 1626 inutilem
2785 1572 3035 1626 famulum
3060 1580 3209 1627 tuum
3235 1588 3473 1642 praeesse
3501 1574 3737 1630 voluisti.
3777 1577 3859 1632 Ab

2275 1662 2419 1717 omni
2451 1664 2686 1717 vanitate
2706 1675 2865 1733 atque
2893 1663 3184 1720 adversarii
3212 1667 3495 1721 vexatione
3525 1666 3700 1735 ipsum
3750 1668 3866 1724 exi-

2277 1768 2396 1821 me;
2446 1754 2682 1825 illudque
2707 1757 2886 1824 eftice,
2937 1767 2993 1811 ut
3023 1758 3394 1813 uodosissimis
3416 1758 3482 1813 iis
3502 1759 3706 1829 laqueis
3730 1775 3865 1832 quos

581 1825 716 1895 X'V)-
753 1825 907 1921 “inf,
947 1827 1222 1921 _3CA|"“_"0
1254 1827 1335 1882 his
1366 1830 1515 1921 Plura
1558 1832 1899 1887 sanCliSSima
1932 1834 2019 1888 illa
2053 1837 2171 1889 alli-
2201 1838 2251 1898 Β
2278 1848 2525 1904 diabolus
2550 1849 2616 1903 ad
2650 1865 2836 1903 eorum
2880 1852 3115 1905 omnium
3165 1850 3357 1921 quibus
3387 1850 3532 1907 salus
3568 1825 3763 1907 ’θοι-(11-
3785 1862 3866 1909 est

581 1931 690 1985 ma,
726 1932 788 1972 ac
819 1917 1115 1988 theologica
1142 1919 1323 1989 lingua
1352 1920 1508 1991 digna
1538 1922 1747 1980 loeutus
1788 1940 1976 1993 senex,
2031 1944 2165 1985 mte-

577 2008 980 2078 rentemipsius
1008 2012 1249 2067 animum
1274 2012 1480 2068 lenivit.
1537 2015 1744 2071 Deinde
1789 2018 1854 2073 ad
1904 2022 2162 2089 quosdam

578 2098 795 2165 fratres,
830 2102 990 2172 longo
1014 2102 1293 2159 intervallo
1322 2106 1485 2178 336
1506 2108 1573 2162 ab
1602 2109 1720 2179 ipso
1749 2112 1988 2180 dissitos,
2040 2131 2160 2171 eum

571 2193 845 2259 amandat,
896 2206 951 2248 ut
981 2209 1044 2249 ea
1092 2211 1213 2265 quae
1262 2198 1326 2251 ad
1384 2211 1780 2256 sacrosanctum
1836 2206 2161 2262 sacriﬁcium

575 2286 969 2342 conﬁciendum
998 2290 1398 2345 accommodata
1416 2302 1571 2347 erant
1597 2295 1831 2351 aﬁerret.
1855 2297 1920 2352 Et
1941 2300 2159 2368 quidem

570 2380 828 2451 Josapbat
876 2383 1179 2453 praecinctis
1242 2386 1476 2441 vestibus
1527 2403 1687 2457 quam
1728 2391 2013 2448 celerrime
2056 2394 2160 2450 hoc

568 2477 929 2531 ministerium
954 2478 1292 2549 exsequitur;
1342 2483 1629 2536 verebatur
1660 2485 1799 2537 enim
1838 2501 1903 2541 ne
1934 2487 2159 2545 absente

575 2569 818 2624 Darlaam
852 2568 1091 2624 debitum
1116 2581 1320 2625 naturae
1344 2587 1539 2626 munus
1569 2575 1923 2643 persolveret,
1966 2593 2029 2631 ac
2054 2579 2159 2634 Do-

565 2661 713 2717 mino
743 2662 988 2732 spiritum
1038 2664 1289 2731 reddens,
1342 2681 1503 2736 grave
1532 2666 1632 2721 sibi
1664 2667 2047 2724 detrimentum
2080 2672 2156 2725 in-

564 2754 753 2822 ferret,
790 2757 1050 2826 siquidem
1076 2765 1130 2811 et
1173 2758 1461 2814 verborum
1488 2768 1543 2812 et
1563 2770 1926 2817 extremarum
1955 2764 2154 2819 allocu-

565 2848 773 2904 tionum
798 2861 852 2904 et
881 2851 1183 2905 orationum
1212 2851 1378 2920 ipsius
1405 2868 1600 2921 expers
1627 2853 1829 2909 fuisset.

638 2942 769 2997 Cum
794 2944 950 3012 igitur
973 2945 1323 3015 longinquum
1358 2944 1483 2997 illud
1511 2946 1611 2998 iter
1643 2944 1939 3001 fortissimo
1969 2948 2150 3002 animo

564 3035 907 3101 confecisset,
938 3045 1099 3103 atque
1130 3054 1188 3089 ea
1222 3052 1341 3106 qua:
1380 3038 1444 3089 ad
1494 3048 1894 3092 sacrosanctum
1947 3042 2151 3095 sacriﬁ-

561 3129 703 3184 cium
734 3144 866 3195 Opus
890 3141 1039 3184 erant
1068 3130 1354 3194 attulisset,
1408 3130 1769 3185 divinissitnus
1799 3133 2041 3187 Barlaam
2075 3135 2151 3189 in-

562 3234 843 3279 cruentum
876 3224 1196 3279 sacriﬁcium
1219 3224 1329 3279 Deo
1347 3226 1567 3286 obtulit;
1604 3228 1975 3297 perceptisque
1993 3229 2147 3284 Chri-
2176 3230 2224 3294 Ο

559 3316 626 3370 sti
653 3316 720 3367 ab
742 3316 886 3370 omni
916 3316 1036 3370 labe
1080 3317 1225 3384 puris
1256 3317 1547 3387 mysteriis,
1609 3333 1671 3374 ac
1702 3319 1993 3391 .losaphato
2018 3322 2144 3378 item

558 3408 871 3477 impertitis,
930 3409 1121 3473 Spiritu
1156 3410 1461 3475 exsultavit,
1510 3423 1828 3482 sumptoque
1882 3414 1949 3469 de
1998 3430 2148 3471 more

558 3503 699 3567 cibo,
733 3502 1054 3558 salutaribus
1081 3519 1291 3557 rursum
1324 3506 1666 3560 sermonibus
1707 3507 1876 3575 ipsius
1908 3509 2143 3563 animum

558 3598 705 3653 alere
736 3600 922 3668 coepit,
954 3599 1035 3652 his
1067 3598 1242 3652 verbis
1274 3606 1430 3653 utens
1457 3617 1469 3653 :
1524 3599 1640 3654 Non
1668 3600 1800 3668 jam,
1830 3601 2146 3659 charissime

558 3691 654 3756 ﬁli,
704 3706 801 3745 nos
847 3690 900 3744 in
933 3688 1032 3743 hac
1054 3689 1157 3743 vita
1181 3689 1366 3744 eadem
1392 3690 1585 3744 domus
1615 3706 1675 3746 ac
1715 3708 1897 3747 mensa
1921 3694 2146 3764 conjun-

556 3793 666 3852 get,
694 3780 804 3852 jam
835 3782 976 3836 enim
1004 3781 1241 3836 ultimam
1293 3791 1500 3848 patrum
1533 3798 1775 3839 meorum
1796 3786 1935 3839 viam
1969 3785 2146 3855 ingre-

556 3878 697 3932 dior.
731 3878 991 3943 Quocirca
1022 3876 1111 3931 tibi
1138 3875 1440 3931 faciendum
1481 3887 1565 3932 est
1616 3888 1672 3932 ut
1725 3895 1822 3948 per
1869 3880 2144 3935 mandato-

553 3985 675 4025 rum
701 3969 1002 4023 diviuorum
1027 3968 1478 4031 observationem,
1506 3977 1667 4037 atque
1712 3969 1765 4023 in
1799 3970 1898 4024 hoc
1929 3971 2046 4025 loco
2075 3972 2141 4026 ad

554 4069 855 4116 extremum
911 4075 1079 4129 usque
1134 4060 1255 4114 vitze
1309 4060 1450 4114 diem
1504 4061 2014 4128 commorationem,
2066 4063 2144 4117 tui

555 4167 682 4224 erga
718 4166 802 4207 me
848 4151 1046 4205 amoris
1102 4152 1373 4220 specimen
1407 4152 1694 4215 exhibeas;
1753 4152 1831 4207 sic
1889 4154 2139 4210 nimirum

552 4246 675 4300 vitae
708 4255 809 4299 tute
858 4242 1090 4299 rationes
1143 4244 1444 4310 instituens,
1492 4245 1945 4315 quemadmodum
2000 4246 2142 4301 didi-

551 4338 690 4404 cisti,
726 4352 825 4393 nec
846 4351 1078 4405 unquam
1110 4335 1334 4404 abiectae
1362 4345 1523 4405 atque
1553 4336 1755 4405 ignavae
1786 4338 1979 4392 animat
2007 4352 2141 4392 mea:

550 4432 865 4487 memoriam
898 4427 1273 4483 intermittens.
1318 4425 1537 4481 Multum
1589 4428 1765 4495 itaque
1793 4430 1933 4496 vale,
1981 4439 2141 4500 atque

550 4526 605 4578 in
627 4523 837 4578 Christo
866 4521 1159 4586 delectare,
1191 4528 1348 4589 atque
1370 4518 1600 4587 exsulta,
1645 4520 1895 4591 quoniam
1926 4530 2137 4577 terrena

2273 1943 2626 2000 offensionem
2653 1945 2906 2014 expandit
2933 1946 3215 2000 sublimior
3246 1948 3463 2002 existat.
3510 1948 3739 2002 Omnem
3764 1949 3855 2003 im-

2270 2039 2506 2107 postoris
2533 2042 2855 2109 potentiam,
2880 2041 3221 2110 omnipotens
3255 2042 3414 2110 Deus,
3448 2056 3478 2095 a
3505 2044 3644 2097 servi
3678 2044 3753 2097 tui
3786 2043 3859 2098 l’a-

2252 2131 2351 2185 ‘cie
2388 2132 2541 2196 dele;
2596 2140 2756 2202 atque
2798 2146 2890 2186 eas
2917 2132 3018 2201 ipsi
3049 2136 3189 2187 vires
3232 2131 3384 2198 amr,
3437 2142 3491 2187 ut
3542 2134 3862 2204 pestiferum

2268 2223 2441 2279 hostis
2456 2225 2756 2278 animarum
2782 2233 3084 2279 nostrarum
3115 2234 3273 2292 caput
3299 2224 3592 2293 proculcet.
3617 2225 3859 2295 Spiritus

2269 2318 2347 2372 tui
2375 2317 2546 2371 sancti
2568 2318 2791 2386 gratiam
2820 2332 2884 2371 ex
2908 2317 3016 2371 alto
3049 2317 3101 2370 in
3126 2332 3249 2371 eum
3299 2318 3541 2383 demitte,
3602 2328 3766 2389 atque
3794 2319 3862 2375 ad

2266 2409 2571 2464 invisibiles
2602 2408 2881 2464 conﬂictus
2915 2409 3082 2464 robur
3104 2410 3205 2480 ipsi
3238 2410 3395 2477 adde,
3416 2420 3474 2464 ut
3501 2409 3741 2466 victoria:
3769 2429 3862 2468 co-

2266 2518 2455 2558 ronam
2486 2519 2516 2557 3
2547 2511 2600 2558 te
2626 2512 3009 2572 consequatur,
3040 2517 3103 2557 ac
3126 2518 3320 2558 nomen
3354 2513 3568 2568 tuum,o
3598 2503 3774 2571 Pater,
3799 2520 3861 2561 ac

2262 2594 2385 2649 Filii
2417 2595 2512 2660 tui,
2541 2605 2594 2649 et
2622 2595 2855 2664 Spiritus
2883 2596 3075 2661 sancti,
3134 2596 3187 2650 in
3218 2596 3334 2665 ipso
3362 2596 3688 2663 celebretur,
3720 2614 3857 2669 quo-

2262 2689 2405 2742 niam
2433 2696 2483 2741 te
2509 2687 2663 2743 decet
2694 2688 2807 2742 laus
2828 2698 2883 2743 et
2908 2688 3074 2757 gloria
3106 2688 3157 2743 in
3185 2689 3404 2745 saecula.
3430 2693 3625 2747 Amen.

2332 2804 2444 2858 Hac
2467 2805 2776 2873 precatione
2808 2803 3007 2867 habita,
3058 2819 3176 2858 cum
3221 2812 3440 2875 paterno
3469 2806 3657 2861 aﬁ'ectu
3688 2808 3853 2864 Josa-

2258 2896 2480 2965 phatum
2524 2897 2857 2965 complexus,
2896 2906 3053 2966 atque
3083 2899 3266 2952 osculo
3283 2910 3466 2954 saneto
3503 2901 3855 2961 exosculatus

2256 2987 2464 3054 fuisset,
2490 3003 2553 3043 ac
2581 3003 2702 3043 sese
2726 2990 2904 3043 crucis
2935 2992 3089 3061 signo
3119 2992 3418 3057 muniisset,
3447 2992 3717 3064 pedesque
3744 3011 3840 3050 ex.

2260 3081 2485 3146 tulisset,
2544 3083 2741 3151 ingenti
2782 3082 2966 3137 laetitia
3010 3084 3277 3155 perfusas,
3332 3100 3435 3139 non
3495 3102 3652 3142 secus
3686 3104 3749 3153 ac
3799 3092 3849 3147 si

2255 3174 2410 3226 amici
2441 3174 2655 3243 quidam
2681 3176 3055 3243 accessissent,
3082 3177 3145 3231 ad
3177 3178 3390 3232 beatum
3423 3181 3543 3247 iter,
3572 3190 3737 3252 atque
3769 3184 3843 3237 ad

2255 3267 2560 3337 recipienda
2603 3268 2775 3323 beatre
2832 3270 2976 3324 illius
3020 3268 3141 3325 vitae
3180 3272 3397 3341 praemia
3426 3273 3695 3343 profectus
3724 3287 3841 3340 est.

2254 3373 2422 3413 senex
2454 3358 2630 3428 plane,
2682 3375 2743 3414 ac
2792 3361 3150 3430 spiritualium
3182 3363 3389 3418 dierum
3417 3366 3621 3436 plenus.

2319 3473 2451 3529 CAP.
2482 3473 2596 3529 XL.
2626 3504 2698 3515 —
2723 3474 2983 3546 Josapbat
3007 3485 3185 3532 autem
3227 3491 3433 3534 summa
3460 3495 3584 3537 cum
3612 3497 3851 3540 venera-

2236 3562 2385 3617 tione
2414 3573 2577 3634 atque
2608 3563 2811 3632 ejulatu
2843 3571 3051 3633 patrem
3078 3566 3413 3637 complexus,
3471 3570 3845 3645 lacrymisque

2237 3655 2421 3711 abluto
2453 3657 2623 3725 ipsius
2650 3670 2900 3725 corpore,
2934 3665 3098 3724 atque
3127 3673 3320 3728 aspero
3348 3660 3439 3716 illo
3468 3663 3666 3728 cilicio,
3690 3666 3844 3737 quod

2234 3751 2308 3808 De
2332 3764 2397 3805 eo
2425 3750 2478 3804 in
2506 3749 2627 3803 aula
2657 3755 2961 3817 acceperat,
2987 3749 3248 3815 involuto,
3279 3764 3570 3811 consuetos
3597 3758 3845 3828 psalmos

2232 3842 2447 3908 recitat,
2479 3857 2578 3911 per
2608 3849 2781 3896 totum
2810 3840 2949 3895 diem
2990 3856 3054 3897 ac
3108 3850 3276 3897 totam
3329 3854 3542 3901 noctem
3582 3847 3742 3903 simul
3783 3857 3844 3905 et

2233 3949 2456 3999 canens,
2488 3942 2542 3989 et
2571 3934 2869 4003 pretiosum
2914 3934 3058 3989 beati
3106 3934 3204 3989 viri
3235 3951 3433 4006 corpus
3479 3937 3731 4011 lacrymis
3761 3942 3841 3997 ri-

2232 4038 2385 4095 gans.
2419 4024 2683 4080 Postridie
2721 4035 2899 4081 autem
2949 4026 3144 4082 eﬁ‘osso
3169 4027 3320 4097 juxta
3370 4031 3687 4101 speluncam
3742 4050 3837 4091 se-

2234 4118 2450 4187 pulcro,
2486 4133 2551 4174 ac
2578 4134 2734 4174 sacro
2782 4135 3015 4190 corpore
3058 4130 3372 4175 reverenter
3401 4122 3692 4179 admodum
3740 4139 3839 4196 ge-

2244 4217 2776 4288 stato,spiritualem
2823 4224 3027 4288 patrem
3077 4219 3323 4289 egregius
3380 4229 3434 4274 et
3486 4219 3840 4274 charisstmns

2246 4314 2393 4369 ﬁlius
2419 4311 2754 4372 inhumavit,
2789 4311 3172 4381 ardentiusque
3214 4313 3395 4367 animo
3442 4312 3834 4376 inflammatus.

2243 4415 2403 4478 atque
2432 4407 2496 4462 ad
2527 4407 2824 4462 orationem
2857 4407 3095 4475 seipsum
3138 4421 3295 4478 quam
3328 4422 3561 4463 maxime
3609 4416 3837 4463 conten-

2243 4500 2399 4568 dens,
2434 4500 2515 4554 bis
2543 4500 2724 4554 verbis
2752 4512 2878 4554 usus
2914 4511 2997 4554 est
3029 4516 3041 4556 ε

550 4625 608 4672 et
637 4614 871 4669 interitui
904 4613 1133 4667 obnoxia
1162 4628 1281 4668 cum
1315 4611 1655 4681 sempiternis
1704 4620 1760 4667 et
1804 4613 1870 4666 ab
1925 4614 2139 4670 interitu
2167 4619 2219 4679 D
2318 4614 2544 4670 Domine
2573 4614 2713 4670 Deus
2752 4628 2926 4681 meus,
2974 4612 3172 4670 exaudi
3196 4614 3492 4669 orationem
3525 4626 3703 4668 meam
3732 4628 3835 4681 qua

553 4709 747 4765 alienis
776 4708 931 4763 bonis
952 4706 1327 4771 commutasti;
1360 4721 1420 4760 ac
1452 4707 1746 4778 propinqua
1775 4718 1885 4779 est,
1915 4722 2134 4776 operum

552 4814 767 4859 tuorum
792 4814 1019 4865 merces,
1043 4814 1105 4855 ac
1131 4800 1240 4869 jam
1266 4799 1484 4870 jamque
1514 4801 1666 4855 adest
1695 4800 1785 4872 qui
1834 4803 2134 4859 mercedem

549 4895 739 4953 refert.
789 4894 892 4961 Qui
936 4892 1149 4964 quidem
1181 4893 1245 4946 ad
1296 4893 1683 4960 inspiciendam
1729 4909 1845 4950 eam
1903 4897 2135 4961 vineam,

548 5003 711 5061 quam
734 4986 1039 5052 excoluisti,
1066 4985 1261 5052 veniet,
1312 4986 1511 5055 tibique
1539 5002 1634 5054 pro
1661 5002 1720 5042 ea
1754 4989 1963 5043 exculta
1992 5004 2136 5045 mer-

549 5081 737 5136 cedem
769 5078 1151 5148 amplissimam
1180 5076 1458 5146 przebebit.
1520 5078 1721 5133 Fidelis
1762 5080 1901 5134 enim
1936 5095 2135 5148 sermo,

551 5178 613 5226 ut
639 5170 837 5227 clamat
867 5170 1076 5225 divinus
1104 5168 1301 5224 Paulus
1329 5170 1601 5239 apostolus
1634 5168 1686 5240 (1
1720 5170 1850 5226 Tim.
1887 5171 1949 5242 t),
1981 5182 2140 5243 atque

550 5265 699 5321 omni
724 5264 1040 5335 acceptiOue
1079 5262 1268 5330 dignus
1316 5278 1330 5315 :
1386 5262 1441 5317 Si
1472 5263 1877 5332 commorimur,
1932 5273 2139 5319 etcen-

551 5357 834 5419 vivemus;
868 5356 911 5410 si
933 5355 1281 5422 sustinemus,
1326 5364 1378 5409 et
1406 5355 1871 5425 conregnahimus,
1915 5356 1965 5409 in
1999 5372 2140 5411 sem-

551 5448 764 5517 piterno
796 5448 887 5501 illo
910 5462 971 5501 ac
999 5447 1117 5501 ﬁnis
1142 5454 1367 5516 experte
1396 5460 1560 5513 regno
1590 5448 1993 5517 incomparabili
2018 5449 2137 5505 luce

551 5540 872 5604 collustrati,
907 5550 1067 5610 atque
1098 5556 1224 5597 vere
1258 5543 1426 5597 beatae
1457 5558 1519 5598 ac
1562 5542 1815 5613 principis
1859 5544 2137 5601 Trinitatis

550 5633 939 5692 illuminatioue
989 5634 1192 5690 donati.
1258 5636 1385 5691 llaec
1439 5637 1683 5691 Barlaam
1739 5638 1803 5692 ad
1856 5652 2134 5707 vesperam

551 5742 743 5797 usque,
802 5741 864 5782 ac
904 5742 1000 5795 per
1032 5735 1192 5782 totam
1231 5729 1389 5783 etiam
1441 5740 1676 5798 noctem,
1737 5729 2027 5801 .losapbato
2056 5734 2135 5789 lo-

549 5820 817 5896 quebatur
862 5817 1546 5891 ell'usissimelacrymanti,
1606 5832 1763 5892 atque
1824 5824 2129 5894 bujusmodi

2248 4708 2473 4765 clamavi
2497 4708 2563 4763 ad
2587 4715 2660 4778 te,
2685 4708 2945 4764 miserere
2975 4709 3105 4773 mei,
3130 4715 3184 4763 et
3214 4706 3405 4763 exaudi
3435 4721 3543 4773 me,
3577 4706 3833 4776 quoniam

2232 4788 2299 4858 te
2325 4816 2392 4857 ex
2417 4801 2599 4856 animo
2620 4814 2835 4871 quaero:
2863 4800 3152 4872 exquisivit
3173 4810 3224 4857 te
3245 4802 3418 4855 anima
3441 4815 3666 4870 mea,ne
3680 4814 3834 4855 aver-

2250 4901 2331 4949 tas
2358 4893 2547 4949 faciem
2566 4903 2711 4948 tuatn
2743 4909 2772 4947 a
2814 4908 2921 4959 me,
2970 4902 3111 4949 etne
3139 4894 3374 4950 declines
3414 4896 3466 4950 in
3499 4896 3576 4950 ira
3608 4912 3637 4950 a
3669 4909 3831 4952 servo

2247 4995 2361 5041 tuo.
2391 4987 2615 5056 Adjutor
2644 5002 2797 5042 meus
2823 4995 2960 5054 esto,
3003 5002 3071 5042 ne
3102 4986 3441 5059 derelinquas
3474 5004 3595 5055 me,
3654 5002 3828 5058 neque

2246 5079 2515 5149 despicias
2540 5094 2645 5145 me,
2696 5078 2835 5135 Deus
2862 5079 3113 5135 salutaris
3162 5095 3331 5135 mens.
3375 5081 3638 5148 Quoniam
3678 5090 3827 5151 pater

2246 5187 2397 5229 meus
2426 5182 2480 5227 et
2510 5182 2680 5228 mater
2700 5187 2819 5229 mea
2850 5172 3247 5241 dereliquerunt
3271 5188 3375 5239 me,
3405 5182 3457 5227 tu
3482 5182 3687 5239 autem,
3721 5171 3826 5229 Do-

2247 5268 2411 5333 mine,
2442 5266 2773 5337 assumpsisti
2796 5280 2902 5322 me.
2934 5266 3126 5336 Legem
3157 5281 3294 5337 pone
3322 5265 3476 5334 mihi,
3498 5265 3745 5334 Domine,
3771 5266 3819 5319 in

2246 5361 2326 5412 via
2353 5369 2462 5423 tua,
2495 5368 2549 5413 et
2574 5359 2744 5429 dirige
2775 5374 2860 5414 me
2891 5358 2943 5413 in
2973 5360 3216 5414 semitam
3249 5368 3449 5414 rectam
3477 5367 3699 5429 prepter
3730 5357 3820 5413 ini-

2247 5452 2414 5507 mices
2436 5466 2608 5507 meos.
2637 5450 2717 5506 Ne
2742 5451 3024 5507 tradideris
3041 5466 3126 5507 me
3152 5450 3204 5506 iu
3227 5451 3433 5507 animas
3456 5449 3822 5505 tribulantium

2245 5559 2331 5601 me
2365 5543 2540 5615 (Psal.
2567 5543 2737 5616 xxvi),
2771 5544 3021 5614 quoniam
3045 5545 3097 5600 in
3127 5553 3180 5600 te
3208 5544 3473 5615 proiectus
3499 5544 3660 5615 337
3708 5557 3818 5598 sum

2244 5652 2310 5693 ex
2336 5646 2528 5691 utero.‘
2555 5636 2629 5691 De
2656 5644 2841 5691 ventre
2881 5635 3068 5691 matris
3110 5650 3245 5690 meae
3273 5635 3412 5690 Deus
3442 5648 3596 5691 meus
3618 5648 3681 5689 es
3713 5651 3727 5687 :
3758 5648 3819 5689 ne

2244 5729 2558 5787 discesseris
2601 5746 2631 5785 a
2678 5746 2764 5787 me
2814 5730 3151 5803 (Psal.xxi).
3207 5730 3467 5798 Quoniam
3528 5737 3723 5799 praeter
3773 5738 3815 5783 ιε

2243 5839 2348 5881 non
2395 5823 2635 5881 estmilti
2685 5823 2916 5895 adjutor.
2964 5822 3040 5880 En
3074 5824 3127 5878 in
3177 5824 3581 5882 miseratieuum
3616 5833 3813 5881 tuarum
