4158 6354
306 271 405 330 601

749 265 911 324 νιτΑ
948 262 1361 323 SANCTORUM
1403 259 1728 318 BARLAAM
1767 257 2094 314 EREMITAS
2137 260 2223 318 ET
2263 259 2613 321 JOSAPHAT
2655 260 2863 318 iNDl/E
2901 260 3122 318 REGIS.

3467 263 3576 319 ,6οΞ

302 389 500 459 abysso
528 397 678 455 spem
699 382 890 438 animte
921 394 1053 435 meae
1072 378 1253 434 deﬁxi.
1287 377 1460 432 Vitam
1492 389 1665 431 meam
1695 372 1886 442 guber-
1916 370 1966 431 Α
1991 372 2167 427 adhuc
2197 374 2444 444 habebat,
2503 392 2565 432 ac
2589 377 2751 432 multa
2797 391 2919 432 cum
2949 377 3302 434 admiratione
3327 381 3393 433 ad
3441 381 3577 448 grati

305 494 397 544 na,
443 477 531 548 qui
562 490 649 532 res
689 489 877 529 omnes
897 473 1139 529 conditas
1203 472 1478 538 sapientiae
1530 465 1887 537 providentia,

305 572 452 627 omni
481 583 728 625 sermone
758 565 1136 637 praastantiori,
1163 566 1478 620 moderaris.
1506 563 1571 617 Et
1602 570 1781 616 notam
1811 571 1892 614 tac

305 665 437 721 mihi
465 663 630 729 viam,
663 662 712 716 in
755 676 860 730 qua
885 659 1185 722 ambulem;
1235 668 1395 728 atque
1425 665 1481 710 ut
1507 656 1680 710 bonus
1708 667 1770 707 ac
1799 654 1893 707 be-

307 763 502 832 nignus
536 759 816 827 Deus,-per
848 757 1029 811 famuli
1063 757 1137 810 tui
1168 755 1410 810 Barlaam
1443 765 1633 814 preces
1678 765 1736 804 ac
1766 764 1893 817 sup-

309 854 628 928 p‘icationes
657 868 743 906 me
771 865 945 916 serva,
990 853 1239 920 quoniam
1281 861 1332 905 tu
1368 851 1505 904 Deus
1539 862 1687 904 meus
1717 861 1798 915 es,
1830 857 1893 900 ac

306 962 360 1008 te
385 948 630 1022 gloriﬁco
661 948 892 1012 Patrem,
919 954 973 1002 et
1007 946 1219 1011 Filium,
1259 954 1314 1000 et
1332 943 1586 1015 Spiritum
1643 954 1889 999 sanctum

304 1046 358 1100 in
390 1043 608 1098 saecula.
639 1040 832 1097 Amen.
860 1042 969 1097 llac
994 1041 1236 1096 oratione
1260 1042 1594 1110 perfunctus,
1619 1039 1770 1109 juxta
1803 1056 1893 1096 se-

301 1140 550 1210 pulcrum
579 1137 715 1192 ﬁens
741 1136 1002 1199 consedit,
1035 1152 1095 1191 ac
1123 1135 1318 1190 sedens
1339 1135 1682 1190 obdormivit.
1720 1136 1892 1204 Atque

302 1230 675 1286 formidandos
716 1231 837 1286 illos
866 1231 1027 1295 viros,
1059 1245 1194 1300 quos
1225 1230 1370 1299 prius
1401 1242 1772 1299 conspexerat,
1824 1229 1889 1283 ad

303 1339 366 1381 se
393 1325 694 1390 venientes,
722 1340 888 1394 seque
909 1338 973 1379 aa
1002 1325 1292 1379 maximum
1325 1324 1471 1379 illum
1518 1333 1573 1379 et
1619 1323 1893 1378 admiran-

283 1414 432 1469 sdum
487 1429 735 1485 campum
807 1416 1084 1482 ducentes,
1147 1425 1304 1487 atque
1361 1417 1412 1470 in
1469 1415 1889 1470 illustrissimam

303 1507 453 1562 illam
512 1523 576 1562 ac
627 1509 1116 1579 splendidissimum
1190 1510 1462 1564 civitatem
1547 1509 1892 1564 introducen-

306 1609 411 1664 tcs,
473 1600 666 1656 intueri
724 1601 826 1656 sibi
868 1603 1012 1657 visus
1042 1612 1142 1658 est.
1175 1601 1306 1657 Cum
1351 1611 1529 1657 autem
1587 1603 1702 1672 ipse
1768 1617 1892 1671 por-

306 1705 417 1750 tam
471 1695 883 1765 ingrederetur,
944 1698 1034 1752 alii
1098 1697 1198 1766 ipsi
1257 1697 1465 1751 obviam
1518 1695 1757 1760 fuerunt,
1810 1695 1891 1749 in-

1995 470 2157 523 animi
2181 471 2626 539 signiﬁcationem
2657 473 2822 526 Deum
2848 471 3096 528 laudibus
3121 471 3389 527 etl'erebat.

1989 606 1994 610 .
2068 561 2257 616 Mansit
2289 572 2465 618 autem
2497 564 2562 618 ad
2592 575 2890 620 extremum
2933 580 3100 633 usque
3129 580 3254 620 vere
3283 566 3575 635 angelicam

1995 654 2048 710 in
2079 663 2217 710 terra
2253 657 2413 710 vitam
2442 658 2666 725 ducens,
2701 674 2762 713 ac
2791 658 2989 713 duriori
3024 658 3284 728 religiosa:
3309 661 3580 714 exercita-

1993 748 2152 803 tionis
2189 764 2382 818 genere
2413 761 2533 820 post
2575 755 2717 808 senis
2748 753 3043 808 discessum
3069 763 3244 809 utens.
3292 753 3422 808 Nam
3453 769 3575 809 cum

1993 857 2134 898 anno
2163 846 2332 900 artatis
2363 847 2621 915 vigesimo
2664 849 2850 919 quinto
2888 865 3110 918 regnum
3154 857 3421 904 terrenum
3454 850 3578 904 reli-

1993 939 2220 1007 quissat,
2243 941 2654 1011 monaSticaaqne
2686 942 2810 996 vita:
2835 952 3103 998 certamen
3129 943 3399 1008 subiisset,
3426 942 3577 1012 quiu-

1993 1045 2099 1096 que
2145 1039 2201 1086 et
2250 1033 2459 1101 triginta
2489 1048 2658 1087 annos
2705 1034 2756 1087 in
2802 1035 3103 1089 vastissima
3146 1049 3209 1088 ea
3263 1033 3574 1102 solitudine,

1997 1123 2217 1191 perinde
2262 1139 2323 1179 ac
2350 1127 2393 1178 si
2437 1127 2578 1180 nulla
2619 1128 2794 1181 carnis
2827 1135 2976 1195 parte
3024 1134 3318 1190 constaret,
3351 1126 3580 1182 humana

1994 1216 2300 1272 conditione
2341 1219 2706 1274 sublimiorem
2751 1221 2911 1273 vitam
2955 1219 3109 1290 egit:
3155 1219 3231 1273 sic
3279 1221 3492 1288 nempe,
3523 1229 3582 1272 ut

1997 1313 2191 1366 multas
2222 1313 2435 1382 quidem
2460 1314 2734 1368 hominum
2761 1315 2966 1368 animas
2995 1331 3024 1367 a
3057 1313 3310 1381 pestifero
3337 1319 3582 1382 serpente

1997 1403 2143 1471 prius
2172 1403 2514 1472 abstraxerit,
2546 1405 2759 1474 Deoque
2791 1405 3023 1474 integras
3065 1414 3118 1458 et
3146 1405 3437 1459 incolumes
3467 1417 3582 1458 ser-

1995 1495 2216 1560 vaverit,
2251 1511 2420 1564 eaque
2452 1500 2500 1550 in
2533 1513 2591 1552 re
2621 1497 2964 1566 apostolicam
2995 1497 3221 1566 gratiam
3267 1506 3584 1551 consecutus

1997 1585 2098 1651 sit,
2132 1587 2402 1656 animique
2431 1586 2590 1642 etiam
2634 1588 2939 1643 inductione
2975 1597 3178 1660 martyr
3204 1588 3490 1654 exstiterit,
3523 1602 3585 1642 ac

1999 1674 2267 1732 Christum
2310 1678 2361 1732 in
2408 1695 2590 1749 regum
2619 1695 2682 1735 ac
2711 1689 3056 1751 tyrannorum
3085 1681 3254 1734 oculis
3283 1689 3336 1734 ct
3364 1688 3583 1743 aspectu

302 1790 452 1860 genu
486 1755 689 1845 [ﬂvmine
722 1789 942 1858 perfusi,
975 1755 1309 1860 coméasque
1355 1789 1617 1858 ejusmodi
1652 1788 1890 1858 pulchri_
1922 1755 1970 1817 Β
2001 1770 2180 1826 fidenti
2232 1773 2411 1827 animo
2453 1774 2730 1829 confessus
2759 1775 2844 1840 sit,
2876 1764 3388 1843 \-'0calissimtnnmte.
3419 1775 3586 1842 ipsius

305 1883 496 1938 tudine
522 1884 870 1948 collucentes,
905 1899 1022 1951 quae
1045 1883 1186 1937 nulla
1221 1885 1463 1938 oratione
1500 1881 1728 1951 exprimi
1761 1896 1888 1950 pos—

304 1979 396 2045 sit,
430 1989 483 2033 et
505 1979 975 2050 qualesnunquam
1020 1978 1274 2033 mortales
1305 1976 1443 2031 oeuli
1471 1983 1886 2045 conspexerunt,

305 2072 555 2126 manibus
605 2078 864 2125 tenentes.
902 2071 1257 2126 Percontante
1289 2079 1467 2124 autem
1517 2069 1892 2139 Josaphatcu-

305 2163 519 2236 jusnam
552 2173 736 2219 essent
757 2162 1207 2232 splendidissima:
1239 2163 1344 2217 illac
1372 2178 1583 2217 coronae
1604 2176 1737 2232 quas
1769 2177 1894 2230 per-

306 2260 542 2327 Spicerct
585 2274 599 2311 :
643 2256 754 2310 Tua
787 2256 1002 2326 quidem
1057 2272 1158 2311 una
1191 2266 1274 2312 est
1315 2255 1733 2326 (responderunt
1789 2257 1887 2327 illi)

308 2354 404 2409 tibi
434 2353 501 2408 ob
542 2351 736 2407 multas
780 2365 872 2406 cas
920 2352 1128 2406 animas
1178 2352 1369 2420 quibus
1400 2352 1625 2406 salutem
1670 2353 1892 2408 attulisti

309 2447 590 2509 confecta,
650 2459 788 2498 nunc
837 2459 964 2499 vero
1008 2443 1077 2496 ob
1106 2443 1366 2514 religiosae
1406 2444 1527 2497 vita!
1551 2446 1893 2499 exercitatio-

306 2556 457 2609 nem,
491 2541 576 2596 cui
606 2540 700 2595 das
722 2553 960 2606 operam,
1016 2538 1306 2594 studiosius
1355 2548 1407 2593 et
1452 2541 1751 2595 accuratius
1802 2541 1894 2596 ad-

308 2645 526 2698 ornata,
550 2633 594 2685 si
625 2632 837 2703 quidem
872 2642 1090 2686 strenuo
1138 2633 1319 2687 animo
1349 2648 1465 2687 eam
1497 2638 1561 2686 ad
1592 2643 1893 2688 extremum

308 2747 479 2801 usque
506 2729 824 2801 peragraris.
858 2727 1038 2781 Altera
1067 2737 1245 2780 autem
1277 2737 1368 2782 tua
1399 2744 1611 2798 quoque
1642 2729 1754 2798 ipsa
1781 2739 1890 2793 est;

308 2839 493 2881 verum
510 2824 644 2893 patri
672 2833 779 2883 tuo,
813 2821 902 2890 qui
927 2821 994 2874 ab
1021 2821 1266 2888 improba
1299 2822 1511 2876 vivendi
1539 2823 1748 2876 ratione
1779 2839 1897 2893 ope-

309 2933 368 2974 ra
395 2929 480 2969 tua
512 2915 730 2970 deﬂexit
752 2956 766 2977 ,
823 2914 1138 2984 sinceroque
1171 2917 1350 2968 animo
1383 2916 1624 2982 rcsipuit,
1686 2931 1748 2969 ac
1777 2932 1896 2972 sese

309 3011 374 3066 ad
409 3011 694 3067 Dominum
727 3009 1012 3073 convertit,
1049 3025 1165 3062 cam
1201 3010 1440 3077 przoheas
1473 3019 1708 3078 Oportet;
1743 3010 1896 3064 Josa-

314 3104 441 3174 phat
470 3112 648 3157 autem
687 3118 802 3155 eam
836 3116 950 3154 rem
1004 3102 1224 3155 moleste
1279 3103 1419 3156 ferre
1480 3103 1773 3157 videbatur.
1830 3103 1932 3174 Et;

1925 3148 1974 3209 (ἶ
2006 3169 2183 3221 anima
2211 3177 2330 3236 post
2356 3167 2627 3221 Christum
2672 3168 2928 3230 adluesit,
2971 3167 3276 3220 ﬁrmissimo
3311 3181 3450 3220 nexu
3491 3165 3592 3232 ipsi

311 3197 399 3264 qui
426 3197 536 3250 ﬁeri
571 3205 741 3264 potest
772 3195 1091 3266 (inquiebat)
1140 3204 1192 3248 nt
1222 3203 1372 3263 pater
1397 3211 1549 3251 meus
1578 3198 1733 3250 unius
1763 3197 1898 3251 dun-

311 3301 460 3346 taxat
490 3292 818 3359 poenitentiae
845 3291 1037 3360 gratia,
1065 3291 1207 3356 paria
1240 3292 1394 3361 mihi,
1421 3293 1508 3362 qui
1535 3302 1608 3347 tot
1631 3308 1691 3346 ac
1721 3301 1900 3347 tantos

308 3387 523 3442 labores
569 3384 834 3439 exantlavi
863 3426 876 3451 ,
923 3383 1184 3439 beneﬁcia
1235 3387 1627 3456 consequatur?
1687 3387 1895 3440 Hmcut

313 3481 480 3545 dixit,
518 3479 851 3533 Barlaamnm
903 3477 1188 3532 confestim
1222 3478 1325 3532 sibi
1370 3479 1552 3533 videre
1607 3480 1744 3534 visus
1795 3489 1898 3546 est,

310 3577 459 3629 velut
490 3572 697 3642 probris
733 3587 790 3627 se
813 3572 1185 3635 insectantem,
1228 3585 1288 3624 ac
1319 3572 1582 3627 dicentem
1615 3590 1627 3626 :
1661 3572 1722 3625 lli
1756 3582 1879 3625 sunt

314 3682 347 3722 ο
375 3665 658 3734 Josaphat,
687 3679 965 3720 sermones
996 3679 1121 3729 mei,
1144 3679 1277 3731 quos
1309 3664 1576 3732 quondam
1600 3666 1665 3718 ad
1701 3673 1754 3718 te
1807 3664 1902 3717 ha-

312 3761 402 3817 bui
433 3778 447 3813 :
484 3759 736 3814 nimirum
761 3760 874 3813 fore
897 3769 954 3813 ut
976 3774 1097 3812 cum
1119 3758 1183 3812 ad
1214 3761 1450 3828 ingentes
1474 3774 1602 3827 epes
1628 3761 1904 3828 pervenis-

318 3870 430 3916 ses,
463 3868 567 3907 non
594 3854 700 3922 jam
735 3852 970 3906 liberalis
999 3866 1059 3904 ac
1090 3851 1344 3919 profusus
1372 3866 1544 3913 esses,
1580 3865 1642 3903 ac
1674 3857 1726 3903 tu
1752 3850 1821 3904 ob
1851 3851 1902 3905 id

311 3948 534 4002 verbum
557 3944 773 4014 ancipiti
797 3946 976 4000 animo
1005 3960 1145 4000 cras.
1174 3945 1325 3998 Nunc
1347 3953 1522 3998 autem
1546 3961 1776 4015 quonam
1810 3962 1901 4014 pa-

310 4051 398 4096 cto
430 4055 611 4110 parem
644 4040 737 4093 tibi
773 4040 976 4093 honore
1002 4048 1204 4105 patrem
1232 4053 1351 4093 esse
1379 4038 1602 4094 moleste
1627 4039 1811 4103 tulisti,
1843 4054 1903 4094 ac

313 4149 421 4189 non
475 4134 648 4201 potius
696 4132 798 4187 hoc
832 4133 1048 4187 nomine
1079 4132 1318 4187 laetitiam
1349 4133 1528 4187 animo
1583 4134 1900 4203 concepisti,

311 4226 568 4299 quoniam
618 4226 800 4280 multa:
852 4235 960 4280 tua:
1014 4242 1109 4295 pro
1163 4240 1228 4281 eo
1257 4225 1388 4281 fusa:
1417 4241 1605 4295 preces
1635 4228 1905 4283 exaudita:

312 4319 482 4375 sunt?
515 4318 770 4387 Josaphat
799 4328 1000 4382 autem,
1064 4333 1160 4386 pro
1206 4332 1270 4372 eo
1316 4334 1376 4372 ac
1410 4319 1636 4388 solebat,
1683 4320 1748 4373 ad
1781 4335 1902 4375 eum

311 4414 450 4469 dixit
481 4430 496 4466 :
537 4412 776 4480 Ignosce,
810 4420 975 4479 pater,
1007 4410 1244 4481 ignosce.
1277 4409 1501 4467 Ubinam
1537 4428 1602 4466 au
1617 4421 1718 4467 tem
1754 4412 1906 4467 babi-

313 4516 415 4573 tes,
446 4505 527 4558 fac
550 4505 859 4575 intelligam.
893 4504 1028 4559 Tum
1064 4505 1305 4558 Barlaam
1343 4523 1353 4558 :
1389 4507 1444 4561 In
1470 4505 1569 4560 hac
1599 4506 1895 4575 pulcherri-
1923 4545 1980 4606 Β

311 4615 401 4657 ma
444 4609 605 4669 atque
633 4598 833 4667 ingenti
855 4599 1069 4652 civitate
1091 4598 1419 4653 domicilium
1441 4608 1629 4655 nactus
1655 4615 1772 4653 sum
1797 4642 1812 4666 ,
1846 4598 1901 4654 in

314 4691 498 4748 medio
529 4690 678 4745 urbis
703 4691 836 4755 vico,
884 4689 1146 4743 immenso
1171 4688 1369 4742 lumine
1394 4691 1719 4744 coruscanti.
1760 4691 1902 4745 Rur-

318 4801 438 4842 sum
468 4793 643 4839 autem
668 4782 924 4853 Josaphat
952 4782 1052 4837 sibi
1083 4797 1202 4836 cum
1233 4798 1297 4837 eo
1326 4797 1482 4853 agere
1510 4782 1815 4849 videbatur,
1851 4792 1907 4838 ut

313 4881 382 4936 ab
403 4880 544 4934 eoin
574 4877 739 4945 ipsius
771 4877 1170 4932 tabernaculum
1202 4877 1581 4944 abduceretur,
1654 4877 1906 4932 comiter.

315 4989 423 5045 que
450 4972 680 5043 hospitio
710 4974 1068 5043 exciperetur.
1101 4971 1192 5029 Ille
1215 4982 1390 5028 autem
1423 4972 1660 5027 nomium
1695 4981 1906 5041 tempus

314 5070 509 5126 adesse.
545 5070 855 5139 respondit,
928 5077 986 5123 ut
1021 5069 1086 5123 ad
1137 5069 1228 5124 illa
1269 5068 1609 5122 tabernacula
1649 5069 1904 5134 veniret,

316 5178 515 5234 quippe
540 5165 630 5234 qui
661 5163 906 5232 corporis
929 5161 1138 5218 sarcina
1165 5168 1340 5217 adhuc
1366 5170 1728 5231 premeretur.
1753 5162 1904 5228 Quod

315 5256 362 5311 si
395 5255 521 5311 forti
543 5257 743 5321 animo,
777 5257 965 5326 inquit,
1023 5256 1074 5311 in
1104 5263 1291 5312 saneto
1320 5257 1442 5311 vita:
1488 5271 1706 5326 genere,
1762 5257 1906 5313 velut

315 5348 415 5406 tibi
446 5351 717 5416 mandavi,
753 5350 1074 5422 perstiteris,
1107 5350 1380 5421 aliquanto
1413 5360 1530 5420 post
1560 5352 1761 5418 venies,
1823 5363 1904 5407 at-

314 5456 422 5513 que
461 5442 648 5498 eadem
683 5443 1025 5498 tabernacula
1054 5451 1108 5498 et
1153 5443 1398 5498 eamdem
1435 5444 1674 5498 laetitiam
1698 5460 1760 5499 ac
1789 5445 1903 5514 glo-

315 5537 451 5593 riam
507 5536 876 5608 consequeris,
905 5550 1220 5607 mecumque
1260 5537 1311 5591 in
1341 5536 1726 5605 sempiternum
1761 5539 1894 5592 eris.

318 5632 675 5703 Experrectus
699 5643 877 5686 autem
909 5630 1186 5702 Josaphat,
1218 5631 1456 5686 animum
1483 5632 1574 5685 illa
1599 5631 1716 5687 luce
1744 5640 1901 5702 atque

309 5739 457 5795 omni
489 5739 757 5793 sermonis
790 5737 1044 5794 facultate
1075 5735 1371 5794 sublimiori
1405 5738 1571 5809 gloria
1627 5739 1898 5808 per-fusum

1995 1864 2288 1931 majestatis
2345 1879 2643 1932 praeconem
2700 1880 2818 1921 sese
2871 1867 3198 1930 praebuerit;
3277 1866 3584 1934 multosque

1995 1974 2206 2015 rursum
2273 1973 2466 2026 pravos
2522 1959 2739 2028 spiritus
2795 1975 2846 2013 in
2903 1959 3191 2014 solitudine
3248 1958 3580 2028 proﬂigant,

1996 2065 2286 2118 omnesque
2315 2048 2514 2104 Christi
2545 2052 2591 2103 vi
2623 2066 2682 2106 ac
2715 2052 2948 2121 petentia
2997 2050 3282 2121 superarit,
3317 2050 3579 2107 caelestis-

1995 2156 2099 2210 que
2134 2143 2372 2196 beneﬁcii
2403 2153 2561 2213 atque
2590 2145 2774 2215 gratiae
2802 2144 3070 2198 uberrime
3119 2145 3383 2212 particeps
3412 2146 3581 2200 lactus

2000 2233 2088 2288 sit.
2121 2234 2268 2288 Unde
2299 2236 2458 2288 etiam
2489 2237 2654 2290 animi
2685 2237 2894 2290 oculum
2927 2236 2993 2289 ab
3023 2235 3165 2290 omni
3199 2246 3406 2290 terrena
3449 2236 3582 2289 cali-

1997 2326 2119 2395 gine
2162 2341 2349 2392 purum
2389 2326 2640 2392 habebat,
2682 2341 2744 2380 ac
2788 2327 2963 2380 futura
3016 2335 3264 2395 tanquam
3304 2325 3584 2394 praesentia

1999 2419 2376 2488 prOSpiciebat,
2407 2418 2758 2488 Christusque
2788 2420 2885 2487 ipsi
2920 2434 3097 2473 rerum
3130 2419 3367 2471 omnium
3418 2419 3585 2471 instar

1999 2520 2134 2574 erat,
2173 2511 2443 2566 Christum
2491 2513 2798 2581 expetebat,
2850 2512 3115 2568 Christum
3167 2526 3269 2566 non
3323 2525 3477 2566 secus
3523 2524 3586 2565 ac

2001 2617 2320 2677 praesentem
2367 2606 2662 2675 cernebat,
2707 2607 2901 2662 Christi
2952 2605 3399 2676 pulchritudinem
3447 2620 3586 2658 ιιωιο-

2000 2718 2156 2772 quam
2189 2717 2294 2756 non
2330 2701 2653 2765 intuebatur,
2694 2701 2843 2769 juxta
2893 2701 3020 2755 illud
3053 2700 3336 2770 Propheta:
3361 2716 3374 2753 :
3404 2698 3587 2752 Provi-

2001 2795 2192 2850 debam
2217 2795 2498 2849 Dominum
2530 2795 2580 2848 in
2608 2804 2898 2865 conspectu
2925 2809 3044 2849 mea
3075 2808 3307 2860 semper,
3337 2791 3586 2861 quoniam

2001 2907 2029 2944 a
2064 2891 2263 2943 dextris
2312 2900 2393 2944 est
2442 2889 2596 2954 mihi,
2648 2904 2715 2944 ne
2758 2903 3097 2943 commoveor
3128 2885 3303 2956 (Psal.
3337 2886 3457 2956 xv).
3513 2889 3589 2941 Ac

2001 2999 2211 3038 rursum
2249 3001 2261 3035 :
2295 2981 2533 3037 Adhaesit
2571 2982 2746 3036 anima
2797 2997 2914 3036 mea
2951 2991 3067 3051 post
3117 2989 3186 3043 te,
3231 2995 3314 3033 me
3358 2982 3594 3050 suscepit

2003 3076 2228 3130 dextera
2284 3085 2368 3129 tua
2426 3075 2604 3144 (Psal.
2645 3077 2814 3144 xxvr).
2871 3076 3076 3129 Etenim
3134 3090 3191 3127 re
3243 3089 3367 3128 vera
3424 3075 3593 3142 ipsius

2001 3261 2266 3330 Copulata.
2330 3260 2512 3330 Neque
2566 3262 2707 3316 enim
2735 3264 2802 3315 ab
2826 3261 3141 3316 admiranda
3171 3263 3258 3316 illa
3286 3262 3594 3332 Operatione

2002 3352 2250 3417 descivit,
2303 3367 2400 3407 nec
2442 3352 2704 3423 religiosa:
2751 3367 2862 3407 sua:
2910 3353 3306 3407 exercitationis
3353 3353 3590 3423 regulam

2004 3448 2324 3503 immutavit.
2359 3445 2495 3514 Quin
2525 3446 2700 3516 potius
2728 3446 2794 3500 ab
2826 3447 2976 3501 initio
3005 3447 3069 3499 ad
3103 3447 3261 3500 ﬁnem
3293 3461 3482 3515 usque,
3515 3455 3594 3500 at-

2005 3553 2108 3608 que
2140 3539 2206 3592 ab
2236 3538 2452 3592 ineunte
2482 3546 2639 3593 relate
2683 3552 2853 3606 usque
2897 3538 2962 3592 ad
2996 3547 3100 3591 tam
3128 3549 3433 3607 provectam
3464 3547 3594 3592 mta-

2006 3642 2111 3687 tcm
2147 3632 2385 3686 eamdem
2419 3629 2582 3684 animi
2612 3631 2939 3685 alacritatem
2974 3630 3193 3686 retinuit
3226 3631 3427 3701 :338
3458 3631 3588 3696 imo,

2006 3738 2064 3781 ut
2094 3726 2288 3780 rectius
2325 3725 2533 3795 loquar,
2578 3724 2643 3779 ad
2675 3725 3040 3780 sublimiorem
3073 3725 3312 3794 quotidie
3342 3728 3591 3779 virtutem

2008 3821 2289 3890 processit,
2314 3833 2374 3871 ac
2400 3819 2668 3888 puriorem
2697 3819 2876 3872 divino
2899 3818 3160 3873 beneﬁcio
3187 3817 3595 3888 contemplatio-

2007 3929 2128 3970 nem
2157 3918 2476 3968 consecutus
2505 3921 2602 3967 est.

2079 4009 2317 4078 Denique
2347 4023 2467 4061 cum
2517 4006 2580 4060 ad
2610 4005 2753 4062 hunc
2798 4005 3013 4061 modum
3048 4005 3292 4068 vixisset,
3326 4014 3380 4061 et
3426 4021 3596 4076 usque

2007 4102 2143 4158 adeo
2175 4101 2386 4171 dignam
2419 4099 2699 4155 vocatione
2730 4114 2821 4152 sua
2853 4113 3067 4167 operam
3097 4101 3144 4152 ei
3178 4114 3207 4152 a
3239 4113 3343 4169 quo
3375 4107 3595 4152 vo-atus

2009 4195 2182 4249 fuerat
2210 4192 2554 4258 reddidisset,
2586 4190 2948 4260 mundumque
2991 4191 3092 4244 sibi
3122 4189 3221 4260 ipsi
3266 4205 3329 4244 ac
3356 4192 3592 4259 seipsum

2011 4290 2210 4348 mundo
2239 4289 2622 4352 crucilixisset,
2657 4285 2721 4339 ad
2751 4285 2915 4341 Deum
2949 4286 3092 4356 pacis
3143 4285 3192 4337 in
3225 4300 3350 4352 pace
3384 4285 3595 4353 migrat,

2011 4393 2169 4454 atque
2214 4381 2278 4434 ad
2319 4379 2640 4442 Dominum,
2683 4379 2835 4446 cujus
2867 4387 3122 4446 perpetua
3162 4377 3422 4445 cupiditas
3473 4391 3592 4429 eum

2012 4484 2275 4541 tenuerat,
2302 4472 2674 4543 proﬁciscitur,
2701 4471 2976 4539 vultnique
3000 4469 3208 4524 Domini
3239 4484 3368 4538 pure
3395 4485 3456 4523 ac
3479 4469 3594 4524 sine

2007 4568 2168 4622 ullius
2197 4567 2273 4621 rei
2303 4564 2618 4632 interpositu
2650 4571 2890 4631 apparet,
2920 4575 3087 4629 caque
3115 4561 3221 4628 jam
3254 4560 3352 4628 ipsi
3385 4575 3591 4628 prmpao

2008 4670 2118 4714 rata
2152 4655 2333 4728 gloria:
2362 4669 2557 4710 corona
2590 4661 2900 4719 exornatur,
2938 4653 3097 4722 idque
3123 4652 3376 4707 divinitus
3407 4667 3597 4708 conse-

2009 4751 2209 4820 quitur,
2239 4759 2295 4802 ut
2325 4747 2596 4802 Christum
2627 4753 2832 4811 cernat,
2877 4761 2998 4799 cum
3020 4743 3237 4800 Christo
3282 4747 3369 4812 sit,
3401 4744 3596 4800 Christi

2013 4841 2406 4917 pulchritudine
2455 4847 2714 4911 perpetuo
2765 4840 3038 4906 exsultet,
3099 4841 3150 4894 in
3200 4838 3353 4909 cujus
3409 4853 3596 4892 manus

2011 4937 2382 4992 commendata
2431 4933 2629 5002 anima,
2662 4932 2727 4988 ad
2757 4934 3000 4989 vivorum
3050 4933 3319 5004 regionem
3366 4931 3594 4997 transiit,

2011 5031 2100 5086 uhi
2143 5028 2475 5099 epulantium
2516 5041 2717 5092 sonus,
2760 5026 2846 5080 ubi
2889 5026 3180 5081 laetantium
3223 5024 3477 5080 habitatio
3516 5030 3598 5076 est

2013 5122 2183 5194 (Psnl.
2221 5123 2351 5192 xu).

2085 5214 2405 5268 Praeclarum
2433 5221 2610 5267 autem
2644 5210 2811 5282 ipsius
2840 5209 3084 5278 corporis
3115 5207 3194 5262 vir
3220 5206 3436 5278 quidam
3468 5220 3594 5258 san-

2010 5317 2148 5371 ctus,
2181 5307 2270 5376 qui
2299 5321 2402 5360 non
2431 5305 2585 5375 longe
2613 5304 2678 5360 ab
2709 5319 2773 5357 eo
2805 5303 3099 5366 habitabat,
3130 5299 3323 5369 quique
3355 5299 3454 5352 iter
3498 5298 3596 5364 ipsi

2011 5401 2077 5456 ad
2110 5399 2444 5453 Barlaamum
2475 5397 2624 5467 prius
2654 5401 3120 5455 commonstrarat,
3155 5390 3336 5444 divino
3364 5388 3593 5457 quodam

2011 5491 2308 5557 admonitu,
2353 5506 2413 5544 ea
2463 5489 2576 5558 ipsa
2605 5489 2756 5553 hora,
2781 5500 2883 5556 qua
2914 5491 3086 5539 morte
3132 5481 3342 5536 functus
3369 5491 3473 5550 est,
3503 5479 3599 5535 ad-

2011 5581 2132 5649 fuit,
2168 5598 2232 5636 eo
2263 5579 2617 5637 sacrosanctis
2643 5578 2886 5632 cantibus
2915 5583 3125 5639 ornato,
3149 5571 3483 5645 profusisqne
3514 5575 3595 5628 la-

2010 5675 2232 5745 crymis,
2265 5689 2382 5742 quae
2413 5673 2576 5741 ipsius
2602 5684 2726 5737 erga
2753 5667 3007 5736 Josaphat
3035 5666 3232 5720 amoris
3275 5663 3482 5719 indices
3509 5677 3598 5716 es-

2011 5776 2156 5825 sent.
2186 5765 2409 5828 aliisque
2447 5762 2696 5818 omnibus
2738 5761 2896 5816 rebus
2935 5775 3055 5831 quae
3094 5758 3231 5830 apud
3260 5756 3597 5814 Christianos
