4158 6354
550 265 663 335 θοις

1588 266 1678 323 DE
1720 263 1894 322 VITIS
1932 259 2216 321 PATRUII
2256 261 2463 320 LIBER
2503 262 2778 321 PRIMUS.

3729 271 3836 327 604

556 389 610 447 in
641 399 795 445 more
831 393 993 458 atque
1032 384 1277 442 instituto
1315 381 1486 454 posita
1525 392 1650 438 sunt
1687 379 1946 437 confectts
1985 389 2144 450 atque
2173 379 2226 440 Α
2252 375 2574 433 Luculeuter
2602 387 2777 433 autem
2816 377 2974 434 simul
3014 391 3077 436 ae
3108 381 3392 452 magniﬁce
3428 385 3484 440 in
3516 399 3578 441 ea
3611 386 3842 444 ecclesia

561 481 847 549 absolutis,
880 482 930 534 in
956 481 1122 549 patris
1144 477 1406 533 Barlaami
1436 483 1785 532 monumento
1815 490 1936 530 eunt
1960 474 2147 530 condi-

554 575 657 632 dit.
697 573 800 629 Par
827 572 1091 644 siquidem
1131 580 1248 626 erat
1285 579 1343 625 ut
1371 563 1595 640 quorum
1637 568 1829 623 animae
1863 567 1915 622 in
1948 581 2142 638 perpe-

558 675 707 724 tuum
738 668 894 721 simul
927 663 1117 721 futurae
1142 661 1316 731 erant,
1350 679 1533 720 eorum
1561 665 1722 720 etiam
1754 677 1977 734 corpora
2009 677 2142 716 cott-

553 759 928 830 juttgerentur.

631 850 915 921 Cuiusdam
942 859 1120 905 autem
1150 848 1470 904 l'ormidandi
1500 847 1626 916 viri,
1655 847 1743 916 qui
1777 845 1827 900 id
1860 847 1911 899 itt
1941 844 2147 902 somnis

558 944 703 1000 serio
743 943 1068 1011 imperabat,
1122 941 1418 997 monachus
1459 941 1550 996 ille
1589 940 1676 1010 qui
1739 940 1910 1010 ipsum
1961 937 2149 993 funere

560 1035 827 1093 extulerat
855 1025 1254 1103 obtemperans,
1299 1035 1349 1087 ia
1381 1033 1542 1087 India:
1583 1046 1802 1101 regnum
1836 1045 1893 1085 se
1919 1029 2145 1096 confert,

557 1131 848 1201 regemque
879 1129 1190 1184 Barachiam
1240 1128 1584 1193 conveniens,
1615 1127 1682 1181 de
1715 1125 1961 1179 omnibus
1991 1123 2147 1179 .losa-

555 1223 706 1292 pltati
737 1223 896 1278 rebus
927 1223 1212 1278 certiorem
1255 1222 1427 1290 ipsum
1470 1219 1617 1274 facit.
1662 1218 1754 1272 llle
1793 1227 1969 1273 autem
2002 1217 2147 1272 nulla

558 1316 872 1386 interposita
904 1334 1049 1372 mura
1081 1332 1201 1371 eum
1235 1316 1433 1386 ingenti
1467 1312 1643 1383 pepuli
1678 1312 2018 1366 multitudine
2049 1312 2151 1365 iter

560 1409 682 1476 ittit,
711 1421 873 1478 atque
900 1409 965 1463 ad
1004 1410 1312 1480 Speluncam
1348 1408 1559 1462 tandem
1592 1405 1855 1476 pervenit,
1885 1421 1948 1460 ac
1976 1406 2150 1474 sepul-

559 1518 709 1559 crum
751 1503 1006 1568 intuetur,
1051 1502 1264 1572 illicque
1303 1501 1682 1556 calentissimis
1724 1498 1976 1570 laerytnis
2018 1497 2149 1554 fusis

557 1597 980 1669 integumentum
1025 1598 1182 1666 tollit,
1224 1599 1503 1668 cernitqtte
1537 1597 1875 1651 Barlattntum
1917 1603 1970 1650 ct
1999 1595 2151 1650 .losao

555 1692 687 1760 pltat
727 1691 970 1744 membra
1011 1691 1310 1760 composito
1351 1691 1532 1745 habitu
1572 1692 1670 1745 sita
1706 1689 1984 1754 habentes,
2027 1701 2153 1742 cor-

2249 481 2370 538 quce
2400 469 2465 523 ab
2489 468 2615 538 ipsis
2639 470 2999 525 fundamentis
3023 483 3052 523 a
3075 470 3329 542 Josaphat
3351 481 3624 530 exatructa
3651 478 3842 547 luerat,

2249 569 2438 619 eorum
2471 559 2698 633 corpora
2733 558 2948 617 condita
2980 573 3126 619 sunt.
3175 565 3333 621 Multa
3368 573 3528 636 porro
3556 571 3835 638 miracula,

2250 657 2667 726 morborumque
2707 655 3071 725 depulsioues,
3105 666 3213 712 tum
3245 659 3301 714 in
3333 673 3620 730 corporum
3661 672 3841 719 trans-

2250 750 2513 814 vectione,
2563 759 2677 804 tum
2724 751 2777 804 in
2820 764 3007 805 eorum
3060 751 3451 821 inhumatione,
3511 755 3625 813 tum
3675 760 3839 815 etiam

2251 846 2482 918 posteris
2508 845 2870 910 temporibus,
2901 846 3156 901 Dominus
3189 862 3282 917 per
3309 850 3426 919 pius
3462 849 3691 907 famulos
3719 866 3844 908 suus

2250 937 2446 994 effecit.
2470 937 2716 1008 Viditque
2738 953 2832 994 rex
2857 954 2919 994 ac
2941 935 3131 1008 vulgus
3157 953 3344 997 omnes
3367 939 3588 1000 viriutes'
3614 958 3708 1000 eas
3731 962 3849 1015 qua:

2253 1045 2347 1099 per
2377 1030 2521 1099 ipsos
2550 1030 2865 1087 edebantur.
2897 1034 2974 1087 Ac
2997 1033 3234 1103 plerique
3275 1050 3306 1090 e
3335 1034 3581 1092 linitlmis
3613 1037 3846 1092 nationi.

2251 1123 2348 1179 bus
2383 1124 2706 1180 inﬁdelitatis
2737 1137 2800 1180 ac
2828 1125 3181 1196 ignorationis
3209 1126 3302 1183 Dei
3325 1130 3516 1184 morbo
3538 1129 3851 1187 laborantes

2252 1235 2349 1291 per
2377 1235 2438 1274 ea
2481 1222 2632 1289 signa
2665 1235 2785 1290 qua:
2833 1219 2885 1274 in
2936 1231 3286 1278 monumento
3340 1224 3537 1279 llebant
3586 1225 3654 1280 ad
3688 1227 3846 1282 tidem

2253 1324 2618 1370 accesserunt.
2663 1317 2839 1384 Atque
2865 1330 3054 1371 omnes
3079 1317 3168 1387 qui
3210 1318 3373 1388 ipsius
3399 1317 3660 1388 Josapnat
3685 1329 3847 1375 mam

2253 1407 2320 1462 ad
2351 1408 2659 1478 angelorum
2696 1407 3047 1464 imitationem
3079 1423 3410 1479 expressam,
3444 1420 3604 1481 atque
3634 1427 3664 1465 a
3695 1421 3851 1467 tene-

2256 1501 2332 1555 ris
2382 1500 2645 1570 unguibtts
2687 1501 2965 1555 ardentem
3015 1503 3184 1573 ipsius
3231 1519 3356 1573 erga
3392 1505 3556 1559 Deum
3608 1521 3851 1562 amorem

2253 1601 2540 1648 cernentes
2581 1605 2738 1664 atque
2766 1593 3063 1658 audientes,
3096 1594 3453 1650 admiratione
3482 1596 3853 1665 corripieban-

2255 1695 2362 1754 tur,
2393 1686 2558 1741 Deum
2593 1687 2644 1743 in
2673 1688 2924 1742 euntibus
2954 1687 3308 1757 celebrantes,
3340 1690 3429 1760 qui
3457 1705 3516 1745 se
3545 1690 3854 1746 amantibus

555 1794 793 1854 peraque
821 1782 952 1836 nihil
995 1798 1021 1835 a
1059 1783 1286 1851 pristino
1313 1784 1498 1838 colore
1528 1782 1825 1847 immutata,
1855 1797 2038 1834 verum
2068 1773 2147 1834 in-
2181 1757 2229 1850 ὴ
2255 1795 2410 1848 Opem
2463 1790 2517 1836 et
2565 1781 2818 1836 auxilium
2872 1797 3145 1852 nunquam
3195 1785 3338 1839 ferre
3379 1784 3598 1850 desinit,
3653 1802 3856 1858 eosque

556 1883 705 1943 tegra
743 1885 796 1929 et
837 1889 1054 1944 prorsus
1103 1875 1409 1941 incolumia,
1464 1891 1567 1929 una
1619 1891 1737 1928 cum
1800 1874 2143 1929 indumentis.

555 1966 682 2025 llaec
723 1967 882 2038 igitur
926 1977 1384 2024 saerosanctarttm
1428 1969 1728 2023 animarum
1777 1968 2145 2033 tabernacula,

553 2062 932 2117 anavissimutn
963 2063 1180 2116 odorem
1211 2061 1531 2126 emitteutia,
1565 2077 1663 2117 nec
1696 2061 1823 2116 foedi
1856 2045 2147 2131 quidquam

551 2152 881 2221 exhibentia,
909 2155 1181 2225 prmclaris
1207 2155 1396 2212 loculis
1426 2155 1696 2225 imposita,
1722 2161 1815 2210 rex
1846 2154 1897 2208 in
1924 2155 2148 2225 patriam

549 2258 702 2304 Suam
735 2249 1013 2304 transfert.

630 2339 698 2394 Ut
735 2349 912 2394 autem
955 2355 1015 2395 ea
1058 2355 1144 2396 res
1183 2340 1247 2395 ad
1289 2341 1458 2408 plebis
1500 2357 1659 2397 aures
1704 2344 1964 2410 pervenit,
2000 2344 2156 2399 innu-

551 2434 821 2490 merabiiis
851 2435 1134 2489 multitudo
1163 2450 1227 2490 ex
1269 2436 1518 2491 omnibus
1549 2437 1769 2492 urbibus
1812 2449 1874 2492 ac
1908 2432 2148 2495 ﬁnitimis

552 2524 685 2580 locis
729 2527 794 2580 ad
829 2527 1102 2583 beatorum
1146 2529 1357 2584 illorttm
1398 2535 1684 2601 corporum
1719 2537 2061 2602 conspectum
2095 2543 2147 2588 et

552 2617 918 2674 adorationcm
944 2621 1214 2677 conﬂuxit.
1245 2621 1346 2678 Ubi
1370 2625 1532 2678 etiam
1561 2625 1916 2679 sacrosanctis
1938 2625 2149 2698 hymnis

553 2723 737 2766 eorum
771 2727 928 2766 causa
955 2713 1275 2780 decantatis,
1310 2716 1654 2788 copiosisqne
1692 2718 2027 2787 lampadibus
2060 2735 2148 2775 ac-

554 2802 752 2868 censis,
789 2813 912 2872 apte
940 2805 1047 2860 illic
1077 2807 1338 2876 quiSpiam
1370 2813 1434 2862 ac
1466 2823 1718 2879 perquam
1745 2807 2151 2869 accommodate

558 2889 810 2962 dixisset,
866 2890 1087 2951 Lttmina
1139 2899 1281 2954 circa
1336 2899 1551 2956 luminis
1599 2901 1734 2957 liliOs
1786 2913 1840 2959 et
1886 2903 2149 2960 ha'redes.

2261 1875 2610 1944 amplissimis
2642 1875 2916 1932 beneﬁciis
2945 1888 3343 1932 remuneratur.

2332 1968 2428 2023 llic
2468 1971 2749 2039 praesentis
2777 1970 2896 2024 libri
2943 1969 3065 2024 linis
3097 1982 3201 2037 est,
3233 1985 3392 2041 quem
3419 1985 3518 2042 pro
3567 1986 3685 2026 mea
3709 1971 3857 2028 virili

2259 2064 2579 2132 conscripsi,
2611 2062 3059 2132 quemadmodum
3088 2077 3116 2116 a
3151 2063 3420 2132 pratelaris
3448 2063 3571 2117 viris
3602 2063 3692 2133 qui
3719 2063 3856 2118 mihi

2261 2155 2374 2209 haec
2405 2154 2542 2208 haud
2580 2154 2716 2208 falso
2766 2153 3100 2208 tradiderunt
3146 2153 3348 2222 accepi.
3405 2153 3617 2208 Utinam
3668 2165 3856 2208 autem

2263 2262 2378 2311 vos,
2409 2246 2498 2318 qui
2530 2247 2670 2302 hanc
2704 2245 2897 2300 animis
2942 2245 3124 2301 utilem
3156 2244 3433 2299 hiStoriatn
3483 2245 3658 2316 legitis
3687 2255 3861 2315 atque

2257 2341 2472 2405 auditis,
2501 2343 2567 2396 ad
2601 2357 2786 2396 eorum
2818 2350 3023 2410 partem
3065 2338 3426 2410 asciseamiui,
3462 2343 3552 2411 qui
3585 2343 3693 2398 Deo
3723 2343 3860 2400 vita:

2257 2449 2367 2490 suae
2395 2436 2633 2490 rationes
2675 2433 3052 2502 probaverunt,
3086 2448 3183 2504 per
3210 2439 3479 2491 orationes
3507 2441 3562 2488 et
3591 2434 3861 2491 interces-

2257 2528 2440 2583 siones
2483 2527 2764 2582 beatorum
2809 2526 3043 2580 virorum
3078 2525 3320 2580 Barlaam
3371 2539 3423 2581 et
3458 2526 3736 2596 Josaphat,
3784 2529 3864 2582 de

2256 2623 2448 2692 quibus
2489 2621 2602 2676 htee
2634 2622 2854 2676 historia
2885 2629 3137 2676 contexta
3163 2632 3244 2677 est
3271 2623 3321 2676 itt
3353 2622 3566 2677 Christo
3593 2623 3717 2677 .lcsu
3744 2624 3865 2678 Do-

2257 2720 2404 2772 tniuo
2431 2727 2637 2784 nostro,
2667 2732 2826 2787 quem
2858 2716 3016 2771 decet
3039 2715 3226 2781 honor,
3258 2715 3564 2787 imperium,
3592 2718 3866 2788 maiestas

2260 2805 2317 2866 el
2359 2811 2775 2881 magniﬁcentia,
2808 2825 2928 2865 cum
2955 2810 3111 2865 Patre
3150 2820 3205 2864 et
3231 2810 3430 2881 Spiritu
3475 2821 3672 2878 saneto,
3707 2827 3868 2867 nunc

2259 2913 2312 2958 et
2345 2918 2477 2972 sem,
2499 2917 2558 2958 er
2589 2903 2641 2958 iu
2674 2901 2870 2957 secula
2901 2901 3243 2957 saeculorum.
3277 2905 3465 2958 Amen.

1836 3066 2206 3125 ROSWl'IYDl
2247 3070 2568 3126 ΝΟΤΑΤΙΟ.

627 3157 791 3230 339
811 3157 892 3228 (ι)
921 3157 1086 3230 Vita.]
1117 3159 1191 3214 De
1222 3159 1447 3214 historia
1475 3159 1574 3214 hac
1597 3161 1770 3229 placet
1799 3161 2144 3218 illustrissimi
2175 3167 2222 3229 (Ξ

557 3231 842 3304 cardinals
872 3231 1178 3304 liellarmini
1217 3232 1499 3302 judicium,
1534 3236 1652 3304 qui,
1680 3233 1816 3288 lihro
1853 3235 1920 3288 de
1947 3236 2142 3304 Script.

556 3299 873 3376 Ecclesqin
904 3301 1110 3376 Joanne
1143 3293 1494 3376 Dainasceno,
1528 3293 1595 3357 ila
1621 3293 1903 3376 tlistptirit:
1935 3293 2150 3369 Dubiia-

564 3375 638 3427 tio
660 3374 838 3427 existit
861 3389 926 3427 an
960 3373 1075 3428 hmc
1101 3376 1332 3428 narratio
1354 3373 1423 3430 sit
1455 3391 1578 3429 vera
1605 3373 1845 3442 ltlSltil‘l:t,
1877 3393 1941 3432 an
1977 3375 2150 3444 potius

557 3445 780 3518 conficta
813 3447 876 3498 ad
921 3447 1242 3518 erudiemlos
1285 3447 1489 3500 nobiles
1545 3449 1940 3512 adulescentes,
1973 3453 2146 3518 qualis

560 3524 648 3587 est
675 3514 792 3568 V'ita
839 3518 958 3585 Cyri
1005 3519 1144 3586 apud
1175 3516 1606 3587 Xenophontem.
1651 3519 1916 3574 Caeterum
1964 3514 2147 3576 verant

559 3585 839 3658 historiam
870 3603 988 3658 esse
1033 3585 1242 3658 constat
1293 3585 1356 3643 ei;
1389 3605 1452 3643 eo
1481 3591 1619 3658 quod
1667 3603 1882 3644 sanctus
1912 3592 2148 3649 Joannes

558 3657 918 3713 Datnasconus
945 3657 995 3712 itt
1030 3657 1133 3713 line
1166 3659 1399 3713 historim
1426 3657 1627 3714 invocat
1653 3664 1868 3715 sanctus
1898 3661 2143 3720 Barlaaut

562 3738 616 3784 et
643 3729 919 3792 Jnsaphat,
949 3745 1171 3799 quorum
1205 3746 1289 3784 res
1330 3743 1510 3800 gestas
1535 3733 1850 3800 scripserat,
1878 3745 1932 3788 et
1965 3734 2151 3789 Eccle-

560 3803 640 3875 sia
679 3801 945 3875 catholica
996 3801 1050 3875 in
1095 3801 1476 3875 Martyrologio
1532 3805 1832 3869 (leS('l‘lpIOS
1868 3820 2151 3863 veneratur

557 3872 643 3998 dile
670 3872 736 3926 Ἦ
769 3872 1082 3929 Novembris
1110 3877 1328 3930 eosdem
1361 3872 1577 3932 sanctos
1617 3877 1858 3932 Barlaam
1909 3887 1963 3932 et
1989 3878 2145 3934 Josa-

559 3959 594 3998 ι)
617 3955 706 3998 tat.

559 3955 706 4014 pltat.

637 4016 820 4090 Billitts
859 4017 1127 4086 interpres
1157 4019 1227 4074 ita
1256 4016 1604 4073 ratiocinator
1635 4037 1646 4070 :
1691 4019 1842 4087 Quod
1874 4021 1938 4074 ad
1973 4021 2144 4090 ipsum

561 4085 799 4162 ltistorite
831 4085 1109 4162 veritatem
1144 4091 1357 4154 attinet,
1389 4091 1460 4144 ob
1488 4085 1747 4160 quasdam
1775 4085 2149 4162 causasfquas

560 4159 696 4214 nihil
728 4163 828 4215 hoc
861 4161 977 4215 loco
1002 4176 1425 4216 cetntucmorare
1472 4159 1682 4228 attinet,
1713 4162 1879 4216 videri
1925 4159 2150 4230 fortasse

560 4231 829 4285 nonnullis
858 4233 1138 4301 potuisset,
1183 4233 1284 4286 hoc
1307 4247 1440 4298 Opus
1473 4250 1576 4286 tton
1620 4243 1728 4288 tant
1759 4249 1937 4287 veram
1974 4235 2150 4290 histoé-

559 4300 692 4356 riam
718 4300 868 4367 esse,
895 4319 1052 4371 quam
1103 4302 1205 4359 sub
1254 4301 1488 4357 historia:
1528 4305 1710 4373 specie
1763 4303 1972 4358 tacitam
2027 4307 2149 4362 vitae

557 4375 873 4431 monasticae
888 4385 1046 4443 atque
1067 4377 1130 4428 ad
1156 4375 1510 4430 Christianam
1541 4375 1917 4439 perfectionem
1947 4389 2150 4433 exactte

558 4445 1032 4513 collaudationem,
1064 4448 1161 4502 nisi
1189 4456 1376 4503 auctor
1401 4449 1502 4506 sub
1531 4449 1691 4504 linem
1722 4462 1840 4504 eam
1871 4465 1930 4508 se
1954 4453 2023 4506 ab
2050 4451 2148 4506 ho-

559 4515 792 4572 minibus
822 4535 850 4572 a
882 4521 1146 4575 mendacii
1189 4521 1414 4574 crimine
1443 4519 1630 4574 alienis
1660 4523 1932 4588 acccpis<e
1980 4532 2146 4578 testa-

558 4590 847 4662 returaEi
899 4606 1047 4661 ergo,
1110 4591 1407 4662 praesertint
1462 4591 1815 4656 asseveranti,
1872 4592 2146 4660 dillitlere,

559 4657 793 4732 hominis
830 4677 950 4717 esse
966 4657 1125 4718 'tnihi'
1145 4660 1418 4718 videretur
1452 4667 1567 4732 plus
1602 4663 1714 4718 suis
1758 4657 2148 4732 suspicionibus

558 4731 1067 4857 IquamlAChristiaua:
1111 4736 1378 4800 charitati,
1430 4731 1550 4803 qum
1591 4735 1773 4790 omnia
1819 4737 2012 4804 ert-dit,
2057 4737 2149 4792 tri-

601 4817 699 4857 uen
731 4817 792 4856 IS.
1685 4846 1695 4849 Ἴ

601 4812 792 4857 uetitis.
1685 4846 1695 4849 -

635 4873 746 4942 Ego
772 4873 854 4950 v_i.\'
888 4875 1073 4950 tytbito
1101 4878 1227 4946 quin
1273 4875 1435 4950 totius
1480 4877 1714 4933 ltistorim
1743 4876 2146 4935 fundamentum

558 4958 744 5022 verum
773 4947 865 5022 sit.
901 4946 1482 5022 Fortedisputationes
1519 4949 1763 5022 quazdatn
1813 4952 1880 5006 de
1924 4954 2145 5022 quihus-

562 5019 684 5072 dam
716 5018 838 5074 lidei
872 5019 1139 5090 mysteriis
1168 5021 1237 5075 ab
1262 5029 1482 5076 auctore
1508 5023 1589 5075 vel
1631 5021 1846 5086 addita},
1896 5018 1976 5078 vel
2015 5024 2148 5077 dila-

560 5097 704 5144 tata).
739 5090 868 5145 Nam
899 5091 988 5160 qui
1031 5092 1201 5160 potttit
1225 5092 1498 5160 Josaphat,
1527 5109 1716 5148 recens
1743 5094 1808 5148 ad
1837 5094 1993 5150 tidem
2017 5111 2152 5151 cou-

563 5174 771 5228 versus,
809 5172 880 5237 tot
909 5163 1200 5237 Sciiptura:
1227 5163 1361 5219 locis
1388 5178 1446 5218 se
1489 5163 1847 5232 communire,
1888 5168 1976 5237 qui
2016 5185 2156 5222 nun-

558 5247 716 5305 quam
749 5248 809 5289 ea
841 5234 1076 5305 legerat?

630 5304 807 5378 Habes
839 5304 1004 5361 totam
1055 5305 1190 5362 hanc
1220 5306 1396 5364 Vitam
1446 5315 1501 5362 et
1545 5307 1823 5364 historiam
1852 5309 1993 5378 apud
2028 5308 2151 5363 Vin-

565 5375 822 5455 centium,
856 5378 906 5432 in
932 5379 1089 5455 Spec.
1132 5378 1322 5455 histor.
1381 5379 1623 5455 ltb._xv,
1658 5396 1751 5450 per
1802 5375 1978 5450 capita
2033 5395 2155 5436 utv

563 5445 893 5527 distinetam,
943 5445 1032 5519 qui
1062 5451 1333 5521 antiquam
1367 5445 1672 5507 versionem
1722 5445 1993 5521 paululuttt
2025 5468 2154 5508 cou-

561 5524 742 5572 traxit.

637 5587 1104 5668 Μιιιςὶερριιιςξξίι
1135 5594 1320 5652 Petrus
1350 5594 1400 5648 in
1432 5596 1677 5668 catalogo
1703 5603 2008 5650 sanctorum
2055 5595 2149 5650 lib.

565 5673 628 5740 δ’,
654 5672 771 5740 cap:
803 5662 928 5740 tu.
960 5663 1134 5740 Habes
1165 5669 1423 5740 integram
1463 5682 1532 5722 ex
1578 5662 1794 5740 antiqua
1823 5669 2070 5724 versione
2099 5668 2152 5727 in

566 5728 703 5784 Vitis
733 5729 948 5812 Patrum
987 5749 1056 5812 ett
1087 5728 1393 5796 Culeuiéusi
1442 5728 1787 5812 editionefet
1815 5743 1954 5812 apud
1986 5740 2152 5811 Lipo-

561 5814 806 5870 manum,
836 5809 964 5860 tom.
995 5803 1063 5866 V.

2332 3165 2410 3234 (‘2)
2456 3162 2725 3230 [iur/(tam,
2759 3163 2890 3233 etc.]
2933 3161 3366 3234 Martyrologium
3410 3161 3738 3234 Romanum,
3790 3166 3873 3224 27

2256 3235 2572 3292 Novembris
2609 3255 2622 3289 :
2659 3253 2676 3284 ι
2717 3234 2867 3300 Apud
2915 3235 3073 3288 Indos
3106 3235 3281 3290 Persis
3331 3233 3601 3298 finitimos,
3634 3248 3876 3303 sanle-

2258 3326 2372 3364 l‘lllll
2407 3307 2647 3361 liarlaattt
2680 3316 2732 3360 et
2771 3306 3047 3374 Josaphat,
3104 3321 3331 3377 quorum
3381 3318 3527 3360 actus
3576 3307 3876 3368 mirando:

2255 3390 2473 3436 sant-tus
2513 3379 2746 3433 Joannes
2798 3379 3161 3433 Datttasccntts
3212 3379 3549 3447 conscripsit.
3591 3399 3608 3432 ι
3660 3379 3877 3437 Flora-

2255 3454 2391 3507 riunt
2425 3461 2732 3518 sanctorum
2783 3465 2910 3511 tus.,
2965 3453 3033 3504 :2.”
3075 3451 3452 3516 Septembris:
3515 3469 3533 3501 ε
3590 3450 3876 3521 .losaplnl.

2255 3525 2396 3593 regis
2430 3531 2483 3578 et
2527 3523 2872 3576 eunl'vssuris.
2911 3540 2927 3571 ι
2982 3522 3045 3575 Et
3091 3523 3161 3576 27
3192 3521 3484 3593 Decerne:
3525 3541 3543 3573 t
3594 3522 3877 3588 Jnsaphat

2255 3591 2393 3666 regis
2435 3604 2487 3646 et
2517 3595 2767 3666 ercmitte
2795 3602 2934 3645 anno
2965 3594 3152 3646 salutis
3191 3591 3329 3666 .383.
3358 3611 3375 3644 ι
3419 3593 3584 3659 Quam
3631 3604 3872 3653 aetatem

2253 3664 2397 3720 itit—(lc
2430 3665 2724 3718 Florarititn
2759 3665 3012 3728 hauserit,
3059 3664 3257 3717 nescio.
3290 3664 3484 3716 Illenma
3515 3679 3728 3734 quoque
3763 3685 3877 3722 so-

2255 3737 2357 3791 lius
2411 3736 2671 3801 .losapltat
2727 3737 3060 3804 meminere,
3115 3738 3184 3790 ‘26
3241 3735 3465 3805 Augusti
3506 3754 3518 3788 :
3559 3744 3657 3792 Τοῦ
3705 3737 3875 3796 ὁσίου

2255 3807 2468 3884 ἰωάσαφ
2489 3810 2603 3864 υἱοῦ
2627 3808 2835 3885 ’Δϐενήρ
2858 3814 2947 3864 τοῦ
2982 3809 3252 3880 βασιλέως.

2321 3901 2400 3972 (³5)
2465 3900 2669 3956 Joanne
2729 3900 3094 3971 I)amasccno.|
3147 3902 3407 3957 Joannem
3461 3900 3870 3961 Damascenutn

2262 3968 2391 4027 Viue
2420 3975 2575 4041 hujus
2615 3989 2708 4028 seu
2739 3971 2975 4027 historia:
3006 3968 3274 4027 anetoretn
3305 3989 3445 4038 esse,
3498 3972 3579 4028 his
3630 3976 3876 4032 rationi-

2257 4041 2355 4099 bus
2389 4054 2563 4100 tuetur
2606 4045 2829 4099 liillius:

2328 4138 2528 4206 Primo,
2561 4139 2680 4207 quia
2713 4137 3101 4206 Trapezttutius
3136 4135 3215 4189 vir
3259 4135 3477 4192 natione
3507 4135 3752 4202 Grazcus,
3803 4150 3872 4195 et

2256 4211 2432 4280 magni
2465 4227 2570 4263 non
2601 4215 2738 4264 inter
2759 4224 2886 4264 suos
2908 4217 3134 4272 tantum,
3163 4208 3254 4262 sed
3277 4210 3440 4262 etiam
3475 4211 3612 4262 inter
3634 4219 3872 4266 nostros

2257 4282 2509 4346 neminis,
2545 4297 2649 4336 non
2677 4281 2836 4336 alium
2867 4297 3023 4350 quant
3073 4280 3461 4336 Datuascenum
3515 4281 3628 4350 ejus
3657 4293 3870 4339 aucto-

2257 4369 2367 4408 rem
2398 4355 2638 4424 protulit.

2319 4449 2622 4522 Secundo,‘
2662 4449 2789 4522 ipsa,
2831 4449 3062 4519 phrasis,
3115 4445 3334 4520 reliquis
3384 4449 3548 4518 ipsius
3596 4448 3873 4522 Operibus

2191 4542 2220 4550 -·
2256 4527 2413 4590 quam
2442 4519 2739 4584 simillima,
2773 4521 3156 4574 Dautasccnttnt
3185 4519 3459 4575 auctorem
3493 4519 3738 4576 testatur.

2177 4561 2232 4632 Ὠ
2329 4593 2514 4632 'I‘nrlin
2580 4592 2644 4632 nil
2691 4608 2809 4632 nam
2867 4592 3175 4632 nnininlmrn
3242 4593 3661 4632 rnnﬂrmandmn
3722 4592 3738 4632 ἰ

2329 4593 2538 4661 Tertio,
2580 4592 2645 4645 ad
2691 4608 2809 4646 eam
2867 4592 3176 4662 opiuiOncm
3242 4593 3661 4647 coalirmaudatn
3722 4592 3870 4650 illud

2255 4664 2384 4722 mlhi
2413 4662 2588 4733 magni
2627 4665 2880 4719 momenti
2911 4674 3012 4729 est,
3041 4664 3183 4733 quod
3215 4674 3268 4718 ut
3298 4665 3349 4718 in
3385 4666 3531 4718 libris
3565 4667 3636 4718 tle
3659 4667 3872 4719 ortho-

2258 4735 2396 4789 doxa
2433 4735 2583 4808 Fide,
2634 4751 2696 4790 ac
2751 4737 2969 4806 reliquis
3010 4752 3146 4808 pene
3183 4737 3467 4808 omnibus.
3496 4737 3872 4808 Dantasccuns

2255 4808 2420 4861 multa
2449 4823 2480 4864 c
2517 4807 2733 4874 Basilio,
2777 4807 3036 4875 Gregorio
3069 4806 3425 4876 Nazianzeno,
3451 4807 3675 4874 aliisque
3706 4806 3865 4876 ejus-

2252 4876 2374 4932 dem
2409 4889 2546 4934 noue
2576 4879 2843 4940 l’atribus,
2871 4881 3098 4934 libenter
3124 4885 3390 4945 eorrogat,
3421 4885 3582 4944 atque
3607 4881 3861 4946 integros

2252 4963 2395 5020 srepe
2424 4967 2632 5012 versus.
2663 4950 2772 5006 ittto
2799 4952 2961 5008 etiam
2993 4960 3129 5008 totas
3162 4951 3405 5019 periudas
3453 4949 3521 5006 ab
3571 4950 3701 5018 ipsis
3735 4967 3858 5006 mu-

2255 5021 2677 5088 tuatur;eodetn
2721 5022 2879 5076 modo
2911 5023 2961 5076 in
2996 5022 3095 5076 hac
3145 5037 3355 5094 quoque
3397 5021 3639 5094 historia,
3682 5025 3864 5084 multa

2261 5107 2322 5145 ex
2355 5094 2544 5149 iisdem
2568 5095 2891 5158 auctoribus,
2915 5091 3202 5163 suppresso
3229 5091 3437 5147 interim
3465 5093 3698 5158 nemine,
3733 5111 3864 5161 pro-

2261 5163 2379 5218 duci
2413 5165 2786 5228 auitnadverti,
2841 5179 2901 5220 ac
2933 5164 3227 5232 praesertim
3280 5171 3343 5218 ett
3396 5165 3758 5232 Nazianzeuo,
3806 5177 3867 5220 ut

2260 5250 2311 5361 :3.
2342 5238 2394 5318 ἶ,
2421 5239 2477 5303 8,
2510 5237 2598 5306 10,
2653 5236 2739 5305 11,
2781 5236 2869 5304 15,
2929 5238 3014 5304 l7,
3045 5235 3137 5303 20,
3184 5236 3274 5304 24,
3309 5250 3372 5290 at:
3418 5237 3690 5306 plerisque
3739 5239 3866 5292 aliis

2283 5322 2412 5361 oets.

2283 5322 2412 5364 OCIS.

2332 5381 2555 5447 Quarto,
2585 5394 2688 5435 non
2723 5378 2894 5434 Solum
2927 5379 2993 5434 ab
3021 5379 3126 5434 illis
3171 5379 3413 5434 lubenter
3452 5389 3635 5433 mutuo
3665 5381 3861 5446 sumit,

2259 5451 2351 5506 sed
2391 5454 2554 5506 etiam
2584 5452 2744 5506 multa
2774 5463 2986 5520 quoque
3032 5449 3186 5505 affert
3227 5465 3291 5505 ex
3341 5450 3490 5506 libris
3544 5449 3622 5505 De
3667 5452 3862 5505 ortho-

2261 5524 2398 5580 doxa
2437 5523 2542 5578 lide
2587 5524 2652 5578 ad
2705 5528 2922 5577 verbum
2953 5524 3292 5590 transcripta,
3348 5531 3485 5577 utea
3515 5523 3690 5576 omnia
3727 5536 3857 5592 qua:

2261 5612 2378 5665 cap.
2410 5595 2474 5669 l5
2501 5597 2567 5651 de
2593 5595 2800 5650 arbitrii
2834 5595 3076 5669 libertate
3104 5594 3557 5669 diaputat._~Quod
3605 5594 3856 5664 quidem,

2266 5664 2556 5736 ul'0pinor,
2587 5683 2690 5720 non
2729 5677 2832 5720 tant
2875 5664 3056 5734 aperte
3083 5669 3300 5733 laceret,
3334 5664 3434 5721 nisi
3467 5677 3718 5737 tanquam
3753 5683 3856 5721 suo

2258 5739 2378 5810 jure
2409 5738 2492 5799 iis,
2526 5747 2584 5792 ut
2611 5737 2743 5803 suis,
2771 5745 3025 5792 uteretur.

2335 5810 2553 5878 Quinto,
2576 5826 2695 5881 cap.
2733 5811 2821 5879 t9,
2853 5809 3141 5882 dtSputatio
3167 5824 3230 5866 ea
3258 5809 3324 5866 de
3355 5810 3697 5880 imaginibus,
3731 5823 3858 5878 qua:
