4158 6354
606 322 712 383 607

1656 324 1744 380 DE
1785 322 1962 381 VITIS
2002 315 2293 376 PATRUM
2336 318 2537 375 LIBER
2580 318 2847 377 PRIMUS.

3796 327 3900 385 608

604 442 706 499 etis
733 442 948 514 quidem
981 442 1237 513 magicam
1270 442 1635 519 curiositatem
1674 442 2005 501 sectantibus
2028 437 2191 496 linem
2222 434 2269 497 Î‘
2298 434 2402 492 Sed
2433 435 2520 492 hic
2549 435 2833 507 episcOpus
2858 437 3024 493 variis
3052 437 3251 494 dicitur
3280 440 3540 496 Ecclesiic
3569 454 3681 495 suae
3740 460 3903 502 occu-

604 536 879 608 imposuit,
926 538 1140 593 Judreos
1166 552 1293 592 vero
1323 554 1424 595 nec
1463 541 1911 611 nuncupationem
1961 541 2194 597 nominis

604 630 805 688 habere
836 631 1097 701 permisit,
1141 629 1476 687 Christianos
1505 642 1681 688 autem
1741 634 1928 701 procul
1971 633 2037 688 ab
2066 634 2193 689 Ale-

607 723 831 779 xandria
885 732 1090 801 tantum
1135 724 1332 781 debere
1374 740 1496 782 esse
1545 727 1843 784 constituit.
1902 728 2018 799 Ipse
2064 743 2193 785 vero

602 815 721 886 plus
748 816 871 872 licet
911 817 1356 888 pliileSOphorum
1388 821 1591 876 amicus
1611 837 1768 892 quam
1819 822 1996 878 fautor
2022 823 2192 895 idolo-

600 925 742 975 rum,
771 909 1026 967 Romanis
1059 919 1233 968 tamen
1258 913 1753 983 superSIitionibus,
1794 931 1856 972 ac
1874 917 1927 971 si
1966 917 2192 987 religio-

598 1017 691 1059 sus
720 1004 913 1073 cultor,
945 1005 1198 1075 instabat,
1230 1021 1335 1063 non
1368 1008 1591 1076 rationi,
1623 1011 1717 1066 sed
1767 1011 2039 1067 traditioni
2066 996 2189 1068 con?

596 1098 846 1153 cordans.

666 1186 794 1245 Car.
826 1189 891 1246 ll.
912 1222 981 1233 -
1011 1192 1299 1265 Eugeniam
1333 1194 1490 1264 igitur
1532 1194 1693 1252 filiam
1728 1212 1877 1253 suam
1902 1199 2027 1253 dum
2058 1200 2189 1254 litte-

593 1280 668 1334 ris
694 1280 999 1337 liberalibus
1028 1286 1416 1352 perfectissime
1441 1288 1735 1356 docuisset,
1777 1299 1832 1345 et
1856 1299 1963 1345 tam
1996 1289 2185 1346 Latino

590 1387 707 1429 eam
733 1388 891 1445 quam
927 1375 1115 1433 Graeco
1142 1378 1353 1449 eloquio
1400 1381 1762 1448 instruxisset,
1807 1384 1969 1438 etiam
2014 1384 2186 1452 philo-

590 1468 838 1540 SOphiam
864 1471 1043 1529 doceri
1069 1475 1331 1543 permisit.
1369 1475 1496 1531 Erat
1519 1477 1662 1531 enim
1708 1479 1845 1532 acris
1878 1478 2098 1548 ingenii,
2130 1487 2185 1533 et

587 1572 693 1618 tam
742 1566 1014 1621 memoriae
1062 1582 1258 1637 capax,
1289 1578 1342 1622 ut
1390 1570 1649 1640 quidquid
1700 1571 1966 1626 audiendo
2014 1570 2182 1627 semel

585 1658 669 1713 vel
693 1659 916 1730 legendo
961 1662 1217 1729 potuisset
1270 1662 1531 1732 arripere,
1590 1672 1848 1733 perpetuo
1899 1662 2177 1719 retineret.

586 1752 717 1809 Erat
744 1763 920 1809 autem
952 1756 1183 1827 Eugenio
1210 1756 1425 1825 pulchra
1451 1756 1585 1811 faeie
1602 1764 1654 1811 et
1673 1756 1902 1827 eleganti
1924 1772 2175 1827 corpore,

2300 531 2606 599 patiunibtts
2636 518 2885 587 detineri.
2918 533 3010 588 llis
3044 544 3221 590 autem
3254 536 3344 605 qui
3391 536 3443 590 in
3494 537 3691 593 divinis
3721 538 3895 598 laudi-

2298 622 2397 678 bus
2428 636 2639 691 vacant,
2664 625 3009 681 Theodorum
3040 628 3328 697 quemdam
3361 630 3737 701 presbyterum
3762 622 3898 691 con-

2296 719 2489 784 stituit,
2506 718 2660 789 cujus
2681 729 2826 776 tanta
2845 721 3100 776 miracula
3119 730 3428 787 narrantur,
3458 732 3515 777 ut
3535 724 3697 779 etiam
3723 741 3897 783 cmcos

2296 814 2413 870 suis
2459 815 2790 871 orationibus
2838 815 3138 881 illuminct,
3172 825 3227 872 et
3254 817 3528 874 daemones
3572 819 3809 890 cll'uget,
3843 832 3899 878 et

2292 904 2690 961 infirmantibus
2716 908 2906 963 afferat
2928 908 3218 964 sanitatem
3247 927 3260 964 :
3287 923 3417 967 sane
3438 910 3507 965 ad
3532 912 3897 970 diversorium

2296 997 2454 1071 hujus
2482 1000 2940 1070 congregationis,
2988 1001 3042 1055 in
3097 1017 3203 1071 quo
3253 1003 3362 1057 Deo
3403 1004 3636 1069 canitur,
3692 1005 3895 1062 nullam

2294 1093 2495 1163 patitur
2538 1095 2719 1150 venire
2770 1095 3117 1151 feminarum.
3159 1096 3273 1152 Hoc
3323 1112 3452 1168 ergo
3502 1098 3893 1166 considerans,

2292 1185 2517 1241 tondere
2547 1202 2635 1243 me
2664 1186 2920 1255 arbitror,
2975 1197 3033 1243 nt
3073 1190 3306 1243 crastina
3337 1198 3603 1245 nocturna
3632 1192 3895 1257 profectio

2290 1276 2533 1330 ordinata
2564 1293 2660 1345 per
2691 1278 2839 1347 ipsos
2886 1278 3040 1333 nobis
3092 1279 3377 1334 transitum
3429 1281 3689 1349 praebeat.
3725 1282 3895 1339 Vobis

2288 1367 2469 1439 itaque
2498 1370 2705 1425 duobus
2732 1372 2882 1441 juxta
2913 1372 3224 1427 basternam
3259 1371 3342 1442 (li)
3374 1374 3777 1430 ambulantibus
3798 1422 3813 1446 ,
3841 1388 3895 1432 ct

2289 1464 2498 1520 caiteris
2528 1465 2956 1533 praecedentibus
2986 1466 3053 1521 ad
3077 1466 3253 1521 locum
3278 1467 3521 1536 deponar
3549 1486 3579 1525 a
3607 1469 3797 1535 vobis;
3835 1480 3893 1527 et

2287 1571 2453 1613 vacua
2506 1567 2914 1626 pertranseunte
2967 1558 3239 1627 basterna,
3293 1574 3393 1615 nos
3442 1569 3554 1616 tres
3598 1562 3682 1633 (7)
3726 1562 3891 1619 herili

2286 1649 2469 1705 habitu
2510 1651 2667 1705 simul
2716 1650 2782 1706 ad
2822 1650 2918 1706 Dei
2972 1651 3221 1705 homines
3260 1665 3635 1722 properemus.
3681 1652 3892 1709 Placuit

2284 1743 2525 1812 utrisque
2554 1745 2871 1811 consilium;
2896 1754 2952 1799 et
2981 1744 3228 1815 sequenti
3263 1754 3424 1801 nocte
3443 1785 3456 1810 ,
3487 1745 3634 1801 sicut
3661 1748 3879 1802 ordina-

583 1847 677 1903 sed
714 1848 983 1917 pulchrior
1036 1858 1235 1914 mente,
1285 1858 1337 1904 et
1384 1850 1666 1905 formosior
1697 1851 1964 1906 castitate.
2014 1851 2157 1919 lgitm

2284 1844 2458 1901 verat,
2493 1836 2841 1905 adimpletur.

582 1952 702 1993 cum
756 1938 1155 2009 quintodecimo
1207 1941 1379 1993 relatis
1438 1955 1549 1994 sua!
1602 1954 1746 1995 anno
1811 1942 1879 1995 ab
1938 1942 2171 2009 Aquilio,

581 2033 778 2104 Aquilii
811 2033 892 2106 (5)
923 2034 1160 2090 consulis
1185 2034 1296 2089 lilio
1320 2043 1596 2104 peteretur
1623 2050 1840 2104 Sponsa,
1874 2034 2171 2106 interroga-

580 2134 716 2184 tnra
744 2135 898 2198 patre
950 2136 1126 2181 utrum
1190 2128 1389 2196 petenti
1433 2129 1617 2197 juveni
1649 2127 2022 2184 illustrissimis
2052 2140 2171 2185 orto

576 2221 842 2279 natalibus
872 2222 1234 2276 consentiret?
1269 2223 1359 2277 llla
1388 2225 1666 2292 respondit
1697 2241 1709 2276 :
1745 2224 1968 2278 Maritus
2006 2224 2171 2278 mori-

575 2315 693 2380 bus,
722 2329 827 2370 non
859 2315 1122 2369 natalibus
1153 2316 1429 2385 eligendus
1461 2327 1541 2372 est
1564 2335 1577 2383 ;
1602 2318 1720 2387 ipso
1750 2318 1915 2382 enim,
1950 2332 2057 2372 non
2089 2332 2169 2388 pa-

573 2408 816 2467 rentibus
862 2408 978 2477 ejus
1027 2408 1283 2464 utendum
1340 2419 1441 2466 cst.
1492 2409 1654 2480 Igitur
1691 2425 1810 2465 cum
1846 2411 1962 2465 aliis
2010 2423 2170 2482 atque

571 2504 692 2557 aliis
723 2503 1067 2572 poscentibus
1117 2502 1298 2557 animo
1327 2503 1588 2559 castitatis
1634 2504 1796 2576 35.1
1854 2504 2163 2575 obsisteret,

571 2600 814 2675 pervenit
863 2600 927 2654 ad
993 2616 1182 2657 manus
1232 2602 1349 2671 ejus
1396 2601 1687 2657 beatissimi
1740 2601 1889 2658 Pauli
1938 2604 2165 2673 apostoli

569 2689 921 2759 doctrina;et
951 2693 1072 2749 licet
1120 2692 1224 2749 sub
1268 2694 1645 2764 paganissimis
1698 2696 2007 2763 parentibus
2039 2711 2160 2766 age-

572 2793 676 2848 ret,
700 2799 820 2840 esse
853 2794 1029 2840 tamen
1063 2786 1224 2855 cmpit
1256 2786 1435 2840 animo
1466 2786 1785 2841 Christiana.

637 2878 764 2932 CAP.
799 2877 883 2931 lli.
907 2910 977 2918 -â€”
998 2879 1065 2933 Et
1092 2879 1343 2950 quoniam
1365 2880 1501 2949 jnssi
1535 2880 1742 2934 fuerant
1772 2879 2064 2936 Christiani
2090 2882 2159 2935 ab

570 2967 891 3025 Alexandria
921 2971 1051 3027 urbe
1087 2971 1365 3027 discedere
1392 3014 1406 3040 ,
1443 2980 1594 3041 rogat
1625 2983 1878 3043 parentes
1924 2982 1982 3027 ut
2030 2988 2156 3040 spe-

568 3064 745 3119 ctandi
774 3064 942 3131 gratia
976 3066 1377 3133 permitteretur
1405 3066 1603 3138 praedia
1633 3081 1730 3121 sua
1758 3066 1811 3120 in
1849 3066 2156 3122 suburbano

571 3156 914 3214 Alexandriae
955 3159 1125 3228 posita
1176 3158 1425 3216 circuire.
1475 3160 1716 3231 Cumque
1747 3160 1924 3214 Statim
1966 3168 2023 3213 nt
2062 3174 2158 3229 po-

2350 1926 2479 1981 Car.
2515 1926 2603 1980 IV.
2631 1958 2700 1966 â€”
2724 1930 2949 1985 Tantam
2979 1939 3159 1986 autem
3207 1930 3552 1987 credentibus
3582 1930 3687 1986 sibi
3720 1933 3880 1989 Chri-

2274 2028 2390 2075 stus
2417 2018 2642 2089 gratiam
2677 2021 2937 2078 exhibere
2966 2023 3213 2094 dignatus
3259 2033 3363 2088 est,
3418 2033 3473 2078 ut
3520 2024 3710 2080 eadem
3743 2026 3879 2082 hora

2273 2126 2376 2182 qua
2421 2112 2486 2166 ad
2534 2115 2920 2169 monasterium
2964 2128 3349 2186 pervenerunt,
3393 2129 3609 2175 sanctus
3640 2119 3879 2176 Helenus

2273 2205 2643 2273 superveniret
2671 2207 2975 2276 episcopus.
3013 2209 3075 2263 Et
3102 2210 3228 2279 quia
3260 2225 3376 2265 mos
3403 2220 3486 2267 est
3528 2214 3668 2281 apud
3698 2214 3873 2284 Egy-

2276 2309 2446 2369 ptum,
2477 2300 2690 2369 quando
2717 2302 3057 2356 circumeunt
3081 2305 3408 2359 monasteria
3436 2305 3699 2375 episc0pi,
3736 2308 3880 2375 psal-

2274 2392 2495 2450 lentium
2545 2407 2640 2448 eos
2684 2403 2945 2464 sequatur
2993 2396 3303 2461 exercitus;
3367 2400 3684 2467 supervenit
3736 2399 3880 2455 idem

2273 2489 2507 2545 Helenus
2557 2490 2848 2560 Heliopolis
2896 2492 3224 2560 episcopus,
3274 2499 3329 2547 et
3382 2508 3502 2547 cum
3542 2509 3608 2548 eo
3648 2493 3880 2565 amplius

2270 2598 2428 2652 quam
2455 2582 2642 2639 decem
2676 2583 2839 2637 millia
2872 2584 3110 2638 virorum
3134 2625 3147 2648 ,
3195 2584 3542 2654 psallentium
3588 2601 3651 2641 ac
3684 2587 3874 2643 dicen-

2270 2674 2399 2727 tium
2427 2692 2438 2727 :
2464 2674 2560 2728 Via
2584 2674 2850 2743 justorum
2878 2684 3023 2731 recta
3047 2676 3184 2732 facta
3220 2686 3322 2741 est,
3351 2688 3407 2732 et
3432 2679 3534 2732 iter
3555 2689 3873 2736 sanctorum

2270 2774 2647 2833 pricparatum.
2688 2765 2931 2821 Audiens
2960 2768 3071 2823 haec
3099 2769 3360 2840 Eugenia,
3386 2769 3522 2825 dixit
3549 2771 3617 2825 ad
3645 2774 3866 2828 socios:

2266 2852 2617 2912 Considerate
2646 2856 2753 2911 vim
2785 2862 3107 2930 carminum,
3134 2870 3189 2915 et
3219 2862 3413 2917 videtis
3443 2863 3509 2917 ad
3544 2879 3642 2918 nos
3694 2868 3873 2934 Ï„ÏÎµÎ¹á½¶á½¶-

2266 2965 2390 3008 cere
2416 2952 2678 3023 quidquid
2721 2954 3011 3010 modulatis
3053 2956 3271 3010 vocibus
3320 2959 3576 3028 psallunt.
3619 2959 3870 3032 Denique

2263 3058 2385 3099 cum
2434 3043 2502 3100 de
2551 3046 2657 3100 Deo
2705 3061 2835 3101 vero
2886 3057 3071 3102 noster
3115 3050 3476 3115 traetatusin
3514 3051 3875 3121 dispositione

2263 3139 2433 3194 mutui
2461 3142 2728 3201 sermonis
2762 3141 3071 3211 haberetur,
3110 3145 3413 3200 audivimus
3455 3146 3557 3201 hoc
3597 3158 3867 3203 cantare:

565 3263 813 3323 poscent
842 3255 1218 3326 impetrasset,
1247 3266 1301 3312 et
1327 3257 1395 3311 ab
1423 3256 1559 3312 urbe
1586 3264 1901 3327 properare:
1944 3255 2010 3311 ad
2048 3256 2153 3311 Î½Î·,
2263 3233 2525 3303 Quoniam
2554 3250 2743 3290 omnes
2771 3235 2845 3291 dii
2873 3238 3109 3308 gentium
3155 3239 3419 3294 daemonia
3441 3283 3455 3305 ,
3494 3239 3637 3295 Deus
3684 3252 3873 3297 autem

564 3346 697 3416 lam,
742 3349 888 3404 audit
926 3349 1262 3407 Christianos
1312 3351 1603 3421 psallentes
1655 3361 1819 3424 atque
1870 3354 2152 3409 dicentes:

564 3440 759 3498 Omnes
782 3443 854 3498 dii
880 3447 1116 3514 gentium
1145 3446 1431 3513 daemonia,
1458 3448 1599 3504 Dens
1622 3458 1801 3504 autem
1832 3457 2018 3506 noster
2040 3463 2153 3505 cae-

561 3534 645 3591 los
682 3536 806 3590 fecit
846 3536 1016 3606 (Psal.
1063 3538 1213 3609 xcv).
1254 3538 1379 3595 Haec
1412 3541 1481 3596 ita
1511 3541 1737 3598 audiens
1778 3543 2070 3612 suspiravit
2099 3551 2154 3597 et

562 3629 725 3695 flevit,
753 3634 805 3688 et
834 3631 964 3688 dicit
993 3632 1057 3687 ad
1090 3634 1364 3689 eunuchos
1389 3650 1584 3704 pueros
1612 3636 1830 3693 nomine
1856 3638 2075 3693 Protum
2100 3646 2154 3695 et

560 3723 959 3796 Hyacinthum:
989 3728 1115 3785 Scio
1158 3743 1253 3783 vos
1296 3745 1504 3785 mecum
1550 3732 1742 3787 litteris
1786 3730 2034 3788 eruditos
2100 3742 2156 3787 et

559 3821 719 3895 digna
752 3824 910 3879 simul
934 3835 987 3881 et
1011 3826 1222 3897 indigna
1255 3825 1531 3884 hominum
1561 3827 1790 3898 legimus
1816 3839 1989 3901 geSta,
2024 3829 2151 3898 plli-

557 3911 901 3986 losnphorum
926 3934 1136 3989 quoque
1168 3920 1508 3991 syllogismos
1530 3934 1666 3977 vano
1694 3920 1874 3977 labore
1899 3931 2151 3976 constru-

555 4017 672 4064 ctos
689 4009 863 4065 studio
886 4011 1352 4079 scrupulosissime
1381 4015 1737 4083 transegimus
1763 4032 1776 4070 :
1804 4013 2147 4071 Aristotelica

556 4113 868 4173 argumenta
917 4113 972 4159 et
1017 4106 1252 4161 Platonis
1303 4107 1479 4173 ideas,
1513 4119 1567 4164 et
1606 4110 1826 4179 Epicuri
1854 4117 2064 4170 sectas.
2095 4116 2150 4166 et

554 4195 792 4253 Socratis
819 4198 1017 4253 monita
1048 4208 1102 4254 et
1128 4200 1464 4267 Stoicorum;
1499 4209 1554 4257 et
1582 4212 1637 4257 ut
1670 4202 1906 4258 breviter
1950 4211 2147 4260 cuncta

555 4287 901 4358 complectar,
936 4289 1190 4360 quidquid
1222 4301 1402 4348 cantat
1448 4302 1599 4364 poeta
1624 4335 1639 4357 ,
1673 4293 1928 4366 quidquid
1965 4309 2149 4353 orator

555 4380 777 4448 invenit,
809 4380 1066 4452 quidquid
1097 4382 1446 4454 philosophus
1472 4386 1693 4457 cogitat,
1726 4404 1830 4443 una
1870 4389 1970 4444 hac
2020 4404 2146 4445 sen-

552 4473 718 4529 tentia
774 4474 1179 4543 excluduntur,
1237 4492 1338 4547 qua
1393 4477 1751 4548 tripudiantes
1805 4479 2141 4537 Christianos

552 4566 801 4623 audimus
851 4568 1127 4638 psallere:
1170 4571 1369 4627 Omnes
1419 4572 1489 4627 dii
1541 4574 1782 4643 gentium
1837 4574 2138 4644 daemonia,

551 4658 694 4713 Deus
714 4664 890 4714 autem
922 4669 1107 4715 noster
1130 4660 1297 4717 caelos
1331 4661 1473 4719 fecit.
1511 4662 1793 4721 Confessio
1818 4674 1871 4721 ct
1900 4666 2139 4733 pulchri-

552 4752 680 4806 tudo
706 4753 758 4805 in
785 4764 1076 4822 conspectu
1104 4755 1253 4824 ejus,
1282 4757 1538 4812 sanctitas
1561 4766 1616 4813 et
1642 4760 2041 4828 magniï¬centia
2080 4761 2133 4816 in

551 4844 834 4914 majestate
862 4844 999 4915 ejus.
1042 4846 1205 4918 Igitur
1241 4848 1390 4918 jubet
1429 4851 1679 4905 conferre
1710 4866 2015 4923 sermonem
2041 4870 2052 4907 :
2082 4862 2137 4910 et

550 4934 837 5005 Apostolus
869 4930 1093 5006 legitur,
1112 4948 1166 4992 et
1200 4940 1468 5009 Propheta
1497 4942 1778 5009 laudatur;
1810 4945 1868 4998 lit
1908 4960 2140 5001 concor-

549 5030 634 5086 dia
668 5031 811 5099 fidei,
836 5040 889 5086 et
919 5046 1019 5101 qua
1050 5041 1167 5087 arte
1187 5033 1252 5087 ad
1287 5037 1577 5104 penetralia
1622 5037 1899 5106 sapientia:
1942 5038 2138 5094 divinae

547 5126 749 5197 absque
780 5127 861 5182 sui
892 5126 1231 5198 separatione
1270 5131 1619 5196 perveniant,
1651 5132 1877 5187 consilio
1923 5133 2135 5190 ardenti

547 5216 815 5274 delinitur.
850 5218 1133 5276 Dominam
1178 5235 1299 5291 me,
1335 5221 1528 5294 inquit,
1555 5225 1707 5279 vobis
1736 5236 1989 5292 usurpata
2040 5243 2134 5296 po-

472 5388 477 5391 ,
549 5321 712 5368 testas
742 5313 1014 5379 attribuit,
1046 5314 1140 5371 sed
1182 5330 1427 5371 sororem
1461 5316 1723 5385 sapientia
1767 5318 1913 5374 fecit.
1950 5318 2134 5375 Simus

546 5421 676 5476 ergo
709 5406 915 5475 fratres,
952 5409 1090 5464 sicut
1136 5409 1319 5466 divina
1366 5411 1629 5481 sapientia
1681 5412 1984 5481 ordinavit,
2028 5430 2135 5472 non

545 5501 688 5555 sicut
715 5514 775 5555 se
807 5499 975 5571 jactat
1004 5505 1238 5561 humana
1270 5505 1564 5561 temeritas.
1611 5506 1901 5578 Pergamus
1933 5509 2133 5577 pariter

542 5593 611 5649 ad
641 5592 998 5662 Christianus,
1026 5608 1080 5653 et
1103 5600 1244 5655 sicut
1266 5600 1609 5666 ordinavero,
1640 5615 2009 5672 properemus.
2039 5603 2137 5659 He-

545 5687 723 5742 lenum
754 5688 911 5743 audio
939 5689 1039 5745 dici
1067 5692 1378 5763 episcopum
1404 5737 1418 5760 ,
1453 5694 1607 5765 cujus
1638 5702 1720 5752 est
1750 5695 2010 5751 habitatio
2042 5697 2128 5752 illa

544 5782 595 5836 in
628 5795 729 5851 qua
760 5781 845 5838 die
873 5792 1140 5856 noctuque
1161 5786 1456 5844 audiuntur
1476 5790 1587 5846 Deo
1610 5804 1711 5846 suo
1728 5798 1967 5859 cantare,
1991 5807 2129 5864 quos

539 5876 701 5936 etiam
737 5894 833 5936 nos
856 5919 873 5949 ,
903 5878 1112 5949 quoties
1145 5882 1464 5951 transimus,
1515 5884 1803 5952 psallentes
1850 5886 2120 5948 audimus.

2260 3337 2446 3383 noster
2471 3328 2639 3383 caelos
2670 3330 2819 3384 fecit.
2849 3330 2915 3384 Et
2943 3345 3071 3386 ecce
3102 3347 3244 3386 nunc
3286 3332 3669 3403 arripientihus
3702 3336 3867 3392 nobis

2260 3423 2381 3487 iter,
2415 3438 2521 3493 quo
2548 3423 2805 3480 recedere
2836 3426 3081 3493 cupimus
3126 3441 3156 3481 a
3197 3427 3426 3480 culturis
3473 3427 3782 3496 idolorum,
3815 3439 3872 3486 et

2269 3527 2329 3572 ut
2354 3518 2419 3572 ad
2450 3516 2812 3573 Christianam
2872 3518 3137 3574 culturam
3187 3520 3593 3588 perveniamus,
3635 3523 3869 3592 gratiam

2260 3610 2587 3679 promereri,
2619 3625 2747 3665 ecce
2789 3611 2958 3667 millia
3006 3611 3287 3667 hominum
3330 3614 3486 3668 nobis
3534 3626 3864 3681 occurrunt,

2260 3718 2364 3758 una
2394 3718 2528 3758 vore
2567 3703 2913 3759 clamantium
2961 3714 3016 3759 et
3064 3704 3403 3761 dicentium:
3440 3706 3534 3761 Via
3583 3706 3865 3776 justorum

2259 3806 2404 3853 recta
2432 3796 2573 3852 facta
2605 3804 2708 3862 est,
2740 3806 2796 3853 et
2826 3798 2930 3853 iter
2958 3808 3266 3853 sanctorum
3292 3809 3676 3870 praeparatum.
3700 3802 3865 3858 Intel-

2258 3885 2482 3958 ligamus
2506 3901 2635 3957 ergo
2662 3902 2768 3956 quo
2808 3897 2997 3957 pergat
3027 3887 3114 3943 hic
3154 3888 3415 3959 populus;
3447 3899 3502 3945 et
3549 3891 3596 3945 si
3648 3893 3715 3947 ad
3759 3892 3864 3950 hoc

2257 3979 2620 4035 habitaculum
2651 3980 2856 4036 vadunt
2884 3996 2991 4052 quo
3018 3996 3119 4038 nos
3148 3980 3228 4037 ire
3248 3983 3640 4053 disposuimus,
3664 3984 3861 4056 junga-

2256 4087 2377 4127 mur
2406 4071 2720 4128 canentibus
2744 4073 2946 4140 turbis,
2973 4084 3027 4129 et
3056 4074 3465 4131 advenientibus
3509 4078 3811 4147 computati
3831 4119 3852 4145 ,

2253 4165 2620 4239 ingrediantur
2636 4176 2694 4224 ut
2720 4168 2873 4236 socii,
2899 4181 3179 4243 quousque
3200 4169 3414 4228 notitias
3436 4170 3778 4244 colligamus.

2325 4287 2452 4343 Car.
2487 4286 2553 4343 V.
2578 4314 2648 4329 â€”
2676 4286 2841 4358 Igitur
2868 4302 2991 4343 cum
3018 4300 3079 4343 se
3108 4287 3416 4358 junxissent
3443 4288 3807 4357 psallentibus
3830 4332 3848 4351 ,

2251 4382 2525 4455 inquirunt
2552 4382 2673 4453 quis
2702 4390 2849 4438 esset
2875 4382 3083 4450 senior,
3113 4382 3201 4454 qui
3234 4383 3383 4439 solus
3412 4384 3667 4439 vehiculo
3697 4386 3852 4442 aselli

2250 4486 2491 4532 uteretur
2521 4476 2574 4531 in
2607 4476 2785 4532 medio
2830 4476 3012 4547 populi
3043 4476 3319 4546 sequentis
3362 4484 3417 4531 et
3466 4480 3859 4546 praecedentis;

2250 4570 2472 4625 audiunt
2492 4570 2634 4641 quod
2658 4569 2744 4625 hic
2764 4579 2906 4625 esset
2936 4568 3171 4624 Helenus
3194 4568 3496 4639 episcopus,
3524 4570 3593 4625 ab
3622 4569 3859 4627 infantia

2164 4634 2221 4698 Î¸
2246 4664 2577 4720 Christianus
2600 4683 2613 4719 :
2640 4664 2730 4736 qui
2760 4663 2886 4717 dum
2929 4658 3226 4717 infantulus
3266 4659 3320 4715 in
3365 4662 3701 4717 monasterio
3734 4678 3858 4720 crc-

2245 4766 2457 4823 sceret,
2506 4766 2670 4812 tantae
2706 4754 3008 4812 sanctitatis
3038 4752 3323 4810 virtutibus
3363 4753 3684 4826 augebatur,
3721 4769 3777 4810 ut
3808 4757 3856 4811 si

2244 4855 2456 4926 quando
2485 4855 2679 4909 missus
2706 4851 2894 4909 fuisset
2923 4852 3099 4921 ignem
3130 4848 3209 4921 (5)
3241 4863 3273 4905 e
3300 4848 3480 4904 vicino
3509 4857 3721 4918 petere,
3758 4866 3852 4905 ar-

2244 4949 2434 5005 dentes
2464 4962 2665 5016 prunas
2702 4946 3027 5002 vestimento
3076 4942 3315 4999 deferret
3364 4940 3555 5019 illaeso.
3605 4941 3855 5013 Denique

2244 5051 2368 5097 ante
2390 5082 2404 5107 ,
2437 5040 2643 5110 inquit,
2676 5051 2876 5109 paucos
2907 5036 3024 5091 dies
3052 5035 3202 5091 venit
3246 5026 3471 5104 quidam
3496 5047 3720 5102 magus,
3756 5033 3852 5104 qui

2246 5134 2528 5189 verborum
2559 5131 2889 5203 argumentis
2919 5130 3178 5201 populum
3200 5127 3298 5183 Dei
3344 5126 3649 5183 conabatur
3681 5143 3850 5182 ever-

2245 5233 2376 5287 tere.
2401 5223 2583 5278 dicens
2612 5223 2802 5277 falsum
2832 5222 2990 5275 istum
3012 5233 3134 5275 esse
3155 5218 3490 5288 episcopum,
3520 5232 3580 5275 se
3613 5218 3852 5273 missum

2241 5331 2362 5373 esse
2390 5332 2421 5371 a
2448 5315 2664 5371 Christo
2691 5314 2758 5368 ad
2786 5312 3107 5370 docendum.
3140 5310 3238 5367 Hic
3267 5321 3447 5366 autem
3491 5320 3607 5366 erat
3657 5328 3852 5366 versu-

2244 5408 2501 5475 tissimus,
2529 5416 2583 5463 et
2611 5407 2679 5463 de
2698 5405 2991 5476 Scripturis
3011 5402 3210 5460 divinis
3235 5402 3490 5472 populum
3514 5401 3846 5459 seducebat.

2241 5502 2481 5572 Denique
2502 5500 2678 5558 omnis
2701 5497 2856 5553 turba
2876 5494 3306 5552 Christianorum
3326 5493 3554 5551 accessit
3574 5494 3641 5549 ad
3668 5494 3843 5565 hunc,

2238 5612 2397 5670 quem
2432 5595 2642 5661 videtis,
2676 5594 2887 5650 Patrem
2922 5598 3164 5647 nostrum
3192 5633 3208 5661 ,
3243 5599 3297 5645 et
3326 5588 3460 5645 dicit
3487 5588 3534 5644 ei
3563 5606 3575 5642 :
3612 5589 3848 5645 Audiviâ€”

2239 5707 2358 5747 mus
2386 5690 2630 5754 Zareain,
2663 5686 2805 5761 quod
2835 5686 2950 5757 ipse
2979 5684 3046 5740 sit
3070 5683 3263 5739 missus
3291 5696 3319 5736 a
3344 5682 3559 5738 Christo
3584 5698 3598 5737 :
3629 5680 3848 5736 consti-

2240 5795 2328 5842 tue
2363 5785 2506 5841 diem
2539 5783 2592 5839 in
2624 5797 2728 5852 quo
2757 5795 2878 5836 eum
2902 5786 2993 5835 aut
3016 5777 3245 5847 recipias
3266 5776 3362 5831 tibi
3392 5776 3619 5840 socium,
3647 5784 3758 5837 aut,
3788 5772 3843 5829 si

2235 5890 2389 5949 potes
2412 5921 2428 5949 ,
2462 5880 2752 5941 convincas
2781 5875 2913 5935 falsa
2945 5875 3240 5934 dicentem.
3271 5871 3435 5947 igitur
3484 5870 3843 5929 constituitur
