4158 6354
282 352 393 411 (509

1047 353 1202 415 VI'I‘A
1247 351 1542 419 SANCTAE
1579 348 1932 420 EllGENIE,
1978 348 2277 415 VIRGINIS
2316 356 2406 415 AC
2442 352 2816 415 MARTYRIS.

3462 356 3572 419 6w

276 466 398 529 dies
427 479 483 528 et
504 465 658 526 locus
689 470 738 523 in
770 466 946 527 medio
971 471 1262 547 Heliopolis
1305 477 1517 535 civitate
1545 498 1557 533 :
1595 478 1737 533 venit
1762 474 1865 529 Za-
1896 471 1945 534 A
1976 471 2250 546 Cognosce
2281 485 2334 534 te
2360 486 2662 534 creaturam
2690 476 2785 533 Dei
2810 490 2955 544 esse,
2984 484 3037 532 et
3064 473 3353 544 descende,
3378 487 3432 534 et
3454 478 3570 539 nuli

276 585 402 625 reas
434 583 623 641 magus
650 584 773 625 cum
801 570 1010 625 artibus
1039 571 1171 637 suis,
1201 571 1366 644 342
1393 574 1538 630 venit
1558 583 1610 628 et
1637 571 1875 627 Ilelenus

278 666 569 737 episcopus
609 680 732 721 cum
780 665 1115 721 orationibus
1164 674 1293 721 suis.
1339 667 1579 739 Cumque
1625 665 1875 737 populum

276 759 596 825 salutasset,
644 759 718 813 ait
746 777 759 813 :
790 758 942 814 Nunc
974 758 1267 829 probabitis
1314 760 1529 829 spiritus
1567 760 1658 831 qui
1691 765 1818 813 sunt
1848 772 1878 810 a

277 854 394 909 Deo
436 850 491 925 (I
512 851 670 907 Joan.
722 851 820 923 iv).
874 853 938 907 Et
991 867 1288 908 conversus
1317 854 1382 907 ad
1413 854 1675 933 Zaream,
1718 850 1881 923 Cthit

278 948 568 1002 verborum
597 947 785 1017 ingens
807 946 1001 1001 habere
1028 948 1297 1003 luetamen
1321 964 1334 1015 ;
1355 950 1446 1003 sed
1476 949 1597 1017 quia
1629 956 1877 1003 versutus

281 1049 400 1095 erat
429 1038 613 1106 nimis,
637 1047 693 1095 et
710 1040 1031 1096 concludere
1057 1057 1177 1097 eum
1203 1056 1511 1097 sermonum
1542 1043 1750 1097 ratione
1775 1056 1879 1097 non

281 1133 479 1204 potuit,
510 1132 804 1203 respiciens
833 1135 1085 1204 populum
1118 1134 1327 1191 fortiter
1358 1134 1499 1202 laedi,
1522 1136 1663 1207 quod
1685 1136 1882 1190 Zareas

280 1224 531 1297 superior
566 1225 882 1281 abscederet
926 1227 979 1281 in
1023 1227 1206 1283 verbis
1234 1271 1249 1294 ,
1293 1227 1563 1283 modicum
1612 1228 1882 1283 silentium

282 1322 607 1394 postulavit,
640 1330 697 1378 et
721 1322 795 1377 ait
827 1321 895 1377 ad
926 1324 1174 1394 populum
1211 1342 1222 1375 :
1258 1322 1408 1378 Pauli
1449 1323 1674 1394 apostoli
1701 1322 1755 1377 in
1785 1321 1887 1376 hac

282 1424 436 1485 parte
486 1415 688 1470 monita
736 1416 960 1471 omnino
991 1416 1219 1472 tenenda
1252 1425 1413 1482 sunt;
1443 1415 1577 1471 dicit
1624 1416 1766 1470 enim
1794 1413 1885 1469 Tio

282 1508 506 1563 motheo
548 1508 811 1577 discipulo
858 1523 998 1565 suo:
1034 1509 1152 1565 Noli
1184 1511 1363 1566 verbis
1411 1509 1776 1575 contendere;
1818 1506 1884 1563 ad

283 1600 419 1658 nihil
452 1602 594 1657 enim
635 1601 766 1658 utile
793 1610 907 1668 est,
950 1602 1058 1658 nisi
1107 1602 1174 1657 ad
1215 1604 1623 1659 subversionem
1655 1602 1884 1657 audien-

282 1696 419 1751 tium
448 1693 537 1769 (II
564 1694 696 1752 Tim.
728 1696 813 1767 ιι).
846 1696 956 1752 Sed
990 1713 1057 1752 ne
1082 1699 1184 1754 hoc
1210 1698 1577 1754 testimonium
1605 1713 1710 1752 non
1732 1698 1884 1767 quasi

285 1790 453 1857 eauti,
487 1789 581 1844 sed
610 1788 761 1858 quasi
794 1789 964 1844 timidi
996 1790 1351 1861 proferamus,
1384 1790 1714 1845 accendatur
1746 1788 1885 1859 ignis

1984 582 2037 629 te
2068 574 2373 643 permittere
2403 572 2638 628 adorari.
2666 572 2735 627 At
2759 571 2869 637 illa,
2902 569 2987 625 his
3015 569 3234 637 auditis,
3267 570 3571 642 descendit,

1983 678 2039 724 et
2066 677 2249 727 secuta
2279 678 2358 725 est
2383 684 2487 735 me,
2521 668 2744 724 dicens:
2778 666 2894 722 Non
2920 677 2971 722 te
2996 665 3267 733 deseram,
3289 682 3571 739 quousque

1986 777 2073 817 me
2097 771 2324 818 creatori
2351 779 2471 820 meo
2512 764 2767 819 restituas
2815 771 2870 817 et
2914 762 3200 817 conditori.
3246 761 3413 834 Igitur
3449 775 3575 818 cum

1984 853 2087 911 ista
2118 854 2169 909 in
2197 856 2375 910 animo
2404 856 2645 926 episcopi
2690 856 3055 921 volverentur,
3086 856 3317 911 accessit
3357 854 3423 909 ad
3449 869 3575 911 eum

1989 947 2297 1018 Eutropius,
2335 964 2455 1003 cum
2502 963 2610 1019 quo
2642 949 2819 1005 locuta
2849 948 3023 1004 fuerat
3054 948 3290 1018 Eugenia
3315 987 3330 1013 ,
3362 955 3417 1003 et
3447 945 3580 1003 dixit

1987 1041 2077 1096 ei:
2112 1042 2245 1098 Tres
2278 1043 2428 1112 pueri
2458 1043 2650 1098 fratres
2680 1042 3005 1097 unanimiter
3049 1043 3315 1097 culturam
3356 1039 3579 1095 simula-

1988 1149 2203 1191 crorum
2236 1136 2627 1206 relinquentes,
2655 1136 2873 1191 Christo
2900 1136 3248 1191 servientium
3273 1149 3498 1190 numero
3526 1133 3579 1188 in

1989 1226 2094 1282 isto
2125 1231 2451 1284 monasterio
2474 1244 2533 1284 se
2562 1228 2757 1284 sociari
2789 1228 3180 1295 desiderantes,
3210 1236 3263 1283 et
3292 1227 3450 1283 hodie
3481 1240 3578 1282 ve-

1991 1321 2149 1391 stigia
2180 1328 2264 1376 tua
2296 1331 2717 1393 prosequentes,
2750 1321 2855 1377 huc
2894 1322 3121 1391 ingressi
3155 1328 3322 1376 sunt:
3355 1334 3583 1391 poscen-

1992 1421 2179 1483 tesque
2202 1430 2307 1480 me,
2329 1430 2450 1470 cum
2475 1416 2725 1487 laerymis
2752 1416 3174 1484 postulaverunt,
3202 1424 3258 1471 ut
3279 1423 3586 1472 mereantur

1994 1507 2198 1562 notitiae
2230 1518 2333 1563 tua:
2361 1509 2685 1565 beatissimus
2733 1511 2979 1567 revelari.
3011 1510 3161 1566 Tunc
3195 1511 3382 1566 beatus
3422 1509 3585 1565 I'lele-

1994 1616 2097 1656 nus
2125 1601 2293 1657 dixit:
2330 1602 2542 1658 Gratias
2593 1604 2706 1671 tibi,
2759 1604 2886 1661 Jesu
2935 1606 3096 1674 bone,
3144 1604 3345 1671 refero,
3379 1604 3469 1674 qui
3500 1618 3586 1660 mc

1993 1695 2291 1762 praevenire
2325 1694 2496 1750 fecisti
2527 1696 2684 1766 hujus
2717 1697 2796 1751 rei
2831 1696 3093 1751 uetitiam.
3124 1696 3273 1751 Tunc
3298 1694 3584 1751 convocari

1994 1786 2062 1841 ad
2092 1802 2151 1841 se
2181 1788 2436 1857 prmcepit
2462 1804 2695 1858 pueros;
2721 1798 2775 1845 et
2796 1788 3206 1859 apprehendens
3236 1804 3452 1845 manum
3474 1787 3585 1844 Eu-

284 1884 342 1938 in
369 1882 542 1939 media
572 1882 805 1946 civitate,
835 1892 891 1938 et
920 1883 1283 1953 ingrediamur
1307 1866 1503 1951 pariter
1525 1880 1799 1935 flammas:
1833 1886 1887 1934 ct
1918 1874 1967 1935 B
1994 1883 2186 1950 genia),
2221 1881 2355 1936 fudit
2384 1882 2709 1938 orationem.
2737 1885 2907 1951 Quam
2938 1900 3061 1939 cum
3088 1884 3435 1953 complesset,
3469 1882 3589 1939 tulit

285 1976 379 2046 qui
413 1985 562 2031 ustus
612 1991 716 2030 non
764 1975 961 2041 fuerit,
1014 1974 1300 2030 credamus
1330 1974 1469 2045 quod
1504 1973 1645 2030 hunc
1677 1971 1886 2027 miserit

284 2068 557 2125 Christus.
602 2069 753 2125 Tunc
799 2068 1051 2124 omnibus
1100 2067 1365 2123 sententia
1420 2067 1640 2137 placuit.
1690 2064 1887 2120 Statim

285 2163 519 2233 denique
566 2164 700 2232 ignis
749 2164 997 2235 copiosus
1050 2176 1312 2217 accensus
1359 2169 1463 2217 est.
1496 2160 1647 2215 Tunc
1694 2158 1889 2213 beatus

290 2257 531 2311 llelenus
575 2256 728 2327 jubet
770 2256 991 2312 Zaream
1022 2257 1246 2312 introire
1276 2256 1540 2311 flammas.
1566 2255 1663 2309 Cui
1691 2253 1891 2309 Zareas

283 2349 503 2420 inquit:
537 2349 820 2422 Ingredere
869 2362 925 2405 tu
974 2351 1213 2420 primus,
1256 2351 1345 2421 qui
1394 2350 1495 2405 hoc
1539 2349 1888 2420 ριόνοευίειί.

282 2440 626 2513 Consiguans
656 2458 715 2499 se
745 2443 906 2512 igitur
935 2443 1284 2498 beatissimus
1314 2450 1468 2513 pater
1500 2442 1731 2497 Ilelenns
1752 2484 1765 2508 ,
1796 2456 1891 2498 ex-

284 2536 473 2603 pansis
503 2535 750 2589 manibus
776 2537 1020 2605 ingentes
1052 2534 1296 2589 ﬂammas
1319 2535 1479 2588 intrat
1507 2532 1624 2605 (9);
1657 2543 1709 2588 et
1737 2545 1891 2589 Stans

288 2624 403 2679 illic
435 2623 653 2679 dimidia
695 2626 808 2681 fere
840 2625 969 2681 hora
991 2666 1005 2692 ,
1041 2640 1214 2693 neque
1244 2622 1492 2693 capillis,
1527 2638 1700 2692 neque
1729 2623 1894 2678 vesti-

286 2718 487 2774 mentis
512 2734 579 2774 ex
608 2718 781 2790 aliqua
813 2729 962 2789 parte
989 2718 1219 2783 violatis,
1252 2728 1310 2771 ut
1340 2716 1539 2771 Zareas
1566 2731 1781 2787 quoque
1814 2716 1893 2769 in-

287 2811 722 2866 traretsimiliter
748 2809 1183 2881 imperabat.Sed
1206 2808 1404 2863 Zareas
1429 2807 1699 2862 reluctare
1728 2807 1896 2875 ctepit

287 2913 347 2959 et
379 2901 584 2974 fugere.
613 2906 683 2957 At
713 2902 799 2957 ubi
829 2902 1053 2956 invitmn
1103 2901 1251 2955 illum
1305 2900 1531 2970 populus
1578 2899 1632 2952 in
1676 2898 1895 2967 ignibus

289 2994 545 3063 tradidit,
576 2995 758 3050 statim
808 3009 933 3049 eum
976 2995 1322 3049 circumdatis
1356 2993 1568 3047 flamma
1606 2993 1770 3062 C(Bpit
1799 3008 1897 3047 ex-

289 3102 469 3143 urere.
498 3087 564 3142 Et
594 3086 887 3143 immittens
915 3101 975 3143 se
1006 3096 1225 3142 sanctus
1257 3087 1515 3153 Helenus,
1551 3085 1669 3140 licet
1695 3084 1898 3141 seruiu-

291 3191 475 3251 stum,
515 3183 690 3239 vivutn
743 3194 917 3240 tamen
972 3184 1201 3254 eripuit,
1247 3200 1403 3254 quem
1454 3200 1573 3239 cum
1623 3182 1894 3238 dedecore

286 3274 592 3330 eliminavit
619 3276 843 3346 populus
876 3276 945 3332 de
976 3275 1175 3331 finibus
1205 3276 1440 3345 regionis
1480 3275 1658 3344 hujus.
1700 3274 1889 3336 llune,
1922 3262 1972 3328 C

288 3367 436 3423 sicut
457 3368 679 3433 videtis,
712 3368 949 3439 quotidie
992 3382 1313 3438 quocunque
1342 3367 1642 3436 perrexerit
1663 3407 1679 3431 ,
1712 3364 1764 3419 in
1799 3364 1894 3419 Dei

288 3462 544 3519 laudibus
577 3463 805 3533 populus
831 3463 1141 3518 comitatur.

334 3594 335 3597 η
362 3556 495 3612 Car.
529 3555 616 3610 V'I.
645 3583 713 3597 —-
739 3554 977 3609 Audiens
999 3552 1114 3608 Ιιιιξε
1141 3553 1291 3608 beata
1322 3552 1584 3623 Eugenia,
1612 3549 1895 3617 ingemuit,

292 3660 350 3707 et
378 3650 613 3721 procidit
639 3651 706 3704 ad
736 3649 899 3719 pedes
930 3649 1083 3719 ejus,
1113 3649 1203 3718 qui
1237 3648 1339 3703 s‘bi
1386 3647 1643 3702 retulerat
1674 3646 1806 3713 ista,
1841 3657 1898 3701 et

238 3734 247 3739 ’
292 3744 372 3800 ait
400 3760 417 3801 :
449 3742 690 3798 Obsecro
712 3750 766 3798 te
793 3750 854 3795 ut
880 3756 966 3796 me
998 3739 1076 3795 illi
1109 3755 1213 3795 una
1237 3754 1359 3794 cum
1392 3739 1510 3793 istis
1535 3737 1745 3793 duobus
1790 3736 1902 3791 fra-

295 3837 475 3893 tribus
508 3836 644 3892 meis
672 3835 935 3902 insinues,
963 3816 1029 3888 ex
1060 3833 1222 3889 idolis
1260 3833 1403 3888 enim
1452 3831 1691 3887 converti
1744 3831 1901 3886 Volu-

294 3949 423 3990 tuus
452 3931 521 3988 ad
545 3929 840 3987 Christum.
868 3930 935 3984 Et
965 3929 1087 4000 quia
1118 3928 1278 3983 simul
1313 3927 1417 3983 hoc
1446 3925 1814 3991 definivitnus,
1845 3936 1902 3982 et

294 4028 495 4085 fratres
520 4040 705 4081 sumus
728 4066 743 4090 ,
778 4021 939 4079 etiam
972 4021 1074 4077 hoc
1099 4021 1166 4077 ab
1188 4020 1381 4076 eodem
1428 4020 1718 4089 impetrare
1747 4017 1903 4072 volu-

295 4137 423 4177 mus
445 4161 459 4185 ,
501 4128 559 4176 ut
586 4132 855 4189 nunquam
884 4130 984 4171 nos
1009 4114 1238 4185 patiatur
1270 4112 1334 4170 ab
1368 4113 1597 4169 invicem
1631 4111 1896 4183 separari.

296 4215 371 4272 Et
405 4214 494 4271 ille
522 4232 535 4267 :
566 4214 736 4279 Nunc,
761 4210 953 4282 inquit,
980 4210 1158 4281 silete,
1182 4223 1463 4280 quousque
1492 4210 1762 4278 ingressus
1787 4223 1902 4263 mo—

300 4308 600 4368 nasterium
641 4307 708 4362 ad
754 4305 897 4378 quod
943 4305 1114 4375 pergit
1159 4303 1427 4373 paululum
1482 4304 1818 4372 requiescat,
1848 4310 1908 4356 et

300 4420 427 4461 cum
452 4412 810 4473 Opportunum
834 4399 1012 4465 fuerit,
1032 4396 1290 4453 intimabo
1319 4396 1369 4451 ei
1395 4394 1575 4451 omnia
1596 4394 1899 4450 secundum

299 4499 531 4555 verbum
562 4503 731 4552 tuum.
763 4494 970 4549 Interea
999 4491 1126 4547 dum
1171 4490 1660 4560 appropinquasset
1707 4502 1902 4543 mona-

298 4591 475 4649 sterio
505 4590 571 4646 ad
593 4588 735 4659 quod
764 4586 1039 4659 pergebat,
1071 4598 1200 4641 ecce
1226 4592 1281 4638 et
1315 4581 1391 4636 illi
1425 4580 1778 4652 egrediuntur
1800 4579 1901 4636 ob-

1994 1975 2370 2043 sequestratim
2398 1990 2513 2039 eos,
2541 1986 2594 2031 et
2618 1977 2945 2047 gravissimo
2974 1978 3123 2032 vultu
3154 1977 3408 2047 quidnam
3439 1975 3588 2032 dice-

1994 2074 2182 2119 rentur
2212 2064 2537 2138 interrogat,
2570 2070 2651 2124 vel
2688 2069 2843 2140 cujus
2866 2071 3101 2126 nationis
3130 2080 3317 2126 essent
3352 2067 3587 2125 credidit

1996 2160 2395 2231 inquirendum.
2428 2164 2508 2220 Ad
2538 2164 2654 2220 haec
2685 2165 2920 2236 Eugenia
2948 2166 3262 2235 respondit,
3287 2164 3477 2221 Cives:
3510 2165 3591 2219 in-

1996 2256 2143 2327 quit,
2178 2257 2401 2312 Romani
2430 2274 2616 2312 sumus
2642 2276 2656 2313 :
2682 2276 2819 2314 unus
2846 2274 2910 2315 ex
2944 2259 3027 2314 his
3074 2259 3286 2315 duobus
3334 2258 3588 2314 fratribus

1996 2351 2133 2407 meis
2163 2351 2353 2407 Protus
2383 2352 2596 2417 dicitur,
2625 2354 2762 2409 alius
2794 2352 3129 2423 Ilyacinthus
3153 2394 3168 2419 ,
3199 2368 3301 2424 ego
3326 2367 3455 2409 vero
3482 2352 3589 2407 Eu-

1996 2445 2189 2515 gcnius
2218 2460 2517 2515 nuncupor.
2553 2444 2651 2501 Cui
2699 2446 2886 2502 beatus
2930 2446 3165 2502 Ilelenus
3214 2445 3347 2499 dixit
3380 2462 3393 2498 :
3427 2445 3593 2499 Recte

1996 2546 2053 2594 te
2085 2538 2380 2608 Eugenium
2420 2554 2615 2605 vocas;
2641 2540 2871 2595 viriliter
2904 2539 3046 2595 enim
3071 2540 3206 2609 agis,
3234 2548 3288 2594 et
3317 2538 3592 2593 conforte-

1995 2638 2087 2686 tur
2132 2647 2224 2687 cor
2273 2640 2418 2686 tuum
2467 2648 2562 2703 pro
2610 2632 2715 2688 fide
2757 2632 2979 2688 Christi.
3029 2633 3168 2702 Ergo
3208 2642 3357 2688 reete
3384 2630 3593 2686 vocaris

2000 2724 2290 2795 Eugenius.
2326 2724 2456 2780 Nam
2481 2734 2536 2780 ct
2562 2726 2663 2781 hoc
2694 2726 2855 2790 scias,
2889 2724 3011 2796 quia
3041 2724 3242 2793 Spiritu
3273 2733 3463 2778 sancto
3490 2736 3591 2778 nos

2000 2826 2054 2874 ct
2084 2826 2136 2873 te
2161 2817 2455 2889 Eugeniam
2485 2832 2713 2887 corpore
2737 2827 2865 2873 ante
2898 2818 3270 2886 praevidimus,
3292 2826 3347 2873 et
3367 2815 3595 2887 qualiter

2000 2908 2105 2965 huc
2132 2910 2366 2975 veneris,
2394 2919 2448 2964 et
2475 2910 2615 2980 quod
2645 2909 2729 2966 isti
2762 2912 2834 2965 tui
2860 2911 2988 2975 sint,
3016 2926 3120 2966 non
3151 2906 3244 2966 me
3297 2922 3485 2978 passus
3513 2911 3596 2963 est

2001 3001 2298 3071 prmterirc.
2325 3003 2431 3057 Sed
2464 3004 2564 3060 hoc
2591 3003 2721 3059 tnihi
2772 3004 3035 3059 Dominus
3068 3004 3312 3059 revelare
3342 3002 3592 3070 dignatus

2002 3105 2109 3165 est,
2138 3096 2279 3165 quod
2310 3096 2675 3167 gratissimum
2703 3098 2752 3151 ei
2782 3096 3145 3150 habitaculum
3179 3096 3229 3150 in
3260 3107 3482 3164 corpore
3507 3101 3598 3148 tuo

2006 3190 2368 3259 praeparasti,
2417 3187 2770 3244 custodiendo
2820 3186 3136 3256 virginitatis
3187 3185 3498 3255 prmtnium,
3539 3189 3599 3239 et

2005 3280 2285 3349 praesentis
2321 3280 2577 3350 temporis
2616 3278 2977 3335 blandimenta
3021 3278 3226 3333 fallacia
3273 3276 3594 3345 reSpuendo.

2006 3373 2153 3429 Scito
2180 3381 2365 3445 autem.
2398 3381 2449 3426 te
2487 3386 2584 3442 pro
2637 3371 2883 3427 castitate
2934 3370 3097 3425 multa
3147 3383 3453 3439 passuram;
3503 3367 3599 3424 sed

2005 3480 2113 3521 non
2147 3472 2199 3519 te
2239 3462 2453 3520 deseret
2502 3463 2595 3519 ille
2637 3462 2725 3518 cui
2758 3470 2808 3519 te
2847 3478 2911 3518 ex
2946 3462 3154 3532 integro
3200 3460 3487 3517 tradidisti.
3520 3458 3600 3517 Ad

2006 3554 2230 3612 Protum
2280 3564 2459 3612 autem
2510 3565 2564 3611 et
2609 3555 2969 3627 Hyacinthum
3025 3569 3349 3618 conversus,
3402 3551 3601 3611 aitzltt

2006 3661 2233 3718 corpore
2260 3646 2537 3702 servitutis
2572 3646 2753 3716 positi,
2782 3646 3065 3718 ingenuam
3096 3646 3412 3717 dignitatem
3437 3643 3601 3699 animi

2009 3740 2265 3795 tenuistis
2299 3739 2521 3795 fortiter
2550 3747 2605 3794 ct
2637 3740 2855 3794 tenetis.
2887 3739 3041 3795 Unde
3070 3739 3343 3806 vobis,me
3374 3746 3602 3805 tacente,

2007 3830 2257 3888 Christus
2288 3831 2542 3887 Dominus
2588 3832 2842 3902 loquitur,
2894 3830 3084 3887 dicens
3117 3849 3131 3887 :
3162 3836 3369 3899 Amen,
3412 3845 3572 3886 amen
3606 3840 3609 3841 '

2008 3924 2130 3980 dico
2160 3923 2345 3990 vobis,
2387 3923 2497 3994 jam
2538 3938 2645 3979 non
2694 3924 2869 3979 dicam
2904 3936 2998 3980 vos
3024 3937 3244 3992 servos,
3277 3924 3371 3979 sed
3404 3923 3605 3979 amicos

2008 4016 2190 4085 (Joan.
2218 4016 2326 4089 xv).
2362 4017 2514 4073 Unde
2539 4026 2592 4072 et
2620 4031 2716 4072 vos
2758 4016 2943 4073 beatos
2988 4018 3286 4081 annuntio,
3321 4016 3443 4088 quia
3483 4029 3606 4072 con-

2010 4110 2275 4168 cordastis
2302 4110 2523 4181 Spiritui
2543 4121 2752 4178 sancto,
2784 4112 2906 4181 quia
2939 4109 3100 4182 35,3
3132 4110 3457 4165 unanimiter
3482 4123 3605 4166 con-

2011 4204 2256 4260 sensistis
2288 4203 2508 4258 monitis
2552 4203 2877 4271 Salvatoris,
2911 4203 3071 4258 simul
3113 4202 3179 4258 ad
3224 4202 3447 4274 gloriam
3480 4216 3600 4273 per-

2012 4296 2273 4354 venientis
2326 4297 2469 4351 illam
2518 4295 2847 4367 percepturi.
2900 4295 3024 4352 I‘Izec
3079 4297 3268 4351 beatus
3318 4295 3597 4363 IIeIenus,

2012 4393 2163 4447 nullo
2191 4392 2297 4447 alio
2334 4401 2473 4447 teste
2506 4402 2703 4461 praeter
2728 4390 2892 4445 Deum
2920 4430 2934 4454 ,
2976 4391 3187 4444 locutus
3210 4398 3293 4444 est
3315 4390 3367 4443 in
3399 4388 3609 4455 medio,

2014 4495 2069 4541 et
2093 4483 2252 4554 jussit
2278 4498 2395 4539 eam
2424 4484 2503 4537 sic
2533 4484 2585 4537 in
2615 4482 2753 4537 virili
2794 4481 2977 4535 habitu
3018 4495 3378 4550 permanere;
3410 4489 3464 4535 et
3500 4494 3607 4535 non

2015 4593 2137 4635 eum
2183 4578 2559 4641 deseruerunt,
2593 4588 2871 4643 quousque
2912 4572 3252 4643 baptismatis
3297 4570 3605 4629 sanctificao

298 4687 449 4741 Viam
488 4656 663 4755 Patri,
709 4656 966 4750 hvmuum
1026 4677 1135 4733 Deo
1182 4674 1476 4729 dicentes:
1512 4672 1901 4742 Suscepimus,
1932 4656 1995 4719 Ῐ)
2022 4673 2166 4730 tione
2212 4670 2492 4736 instructi,
2544 4664 2874 4723 monasterio
2919 4666 2983 4721 ad
3029 4665 3173 4736 quod
3219 4664 3611 4723 festinaverunt

302 4780 477 4847 Deus,
500 4774 924 4832 miscricordiam
949 4782 1093 4827 tuam
1117 4771 1168 4824 in
1192 4767 1370 4824 medio
1402 4766 1589 4837 templi
1624 4766 1697 4821 tui
1730 4764 1909 4836 (Psal.

303 4869 500 4939 ιινιι).
536 4865 963 4939 Ingredientibus
994 4864 1250 4934 episcopo
1286 4870 1340 4916 et
1367 4860 1595 4931 populo,
1624 4858 1791 4913 etiam
1826 4858 1911 4911 in-

304 4953 551 5042 greditur
580 4964 838 5036 Eugenia,
870 4975 994 5018 cum
1025 4957 1328 5030 lliacyntho
1352 4964 1407 5012 et
1434 4956 1593 5010 Proto
1617 4953 1909 5025 comitibus

304 5064 446 5128 suis,
479 5068 682 5116 tantum
705 5057 755 5114 ei
777 5063 903 5111 nota
935 5067 1056 5109 cum
1079 5067 1187 5123 quo
1210 5064 1517 5107 sermonem
1550 5047 1831 5105 habuerat.

380 5156 515 5213 CAP.
549 5143 662 5209 \‘Il.
690 5183 758 5194 —
780 5148 1047 5221 Perfectis
1085 5146 1248 5218 igitur
1292 5145 1569 5201 matutinis
1615 5143 1867 5199 laudibus
1890 5184 1908 5210 ,

307 5254 589 5330 paululum
616 5249 883 5323 requievit
911 5247 1216 5318 episcOpus,
1255 5256 1309 5301 et
1346 5244 1509 5316 jussit
1545 5242 1649 5300 sibi
1690 5243 1757 5299 ad
1788 5257 1908 5298 sex-

307 5362 421 5408 tam
454 5345 767 5420 praeparari,
789 5351 845 5399 ut
865 5342 1040 5397 divina
1066 5338 1321 5413 mysteria
1353 5340 1675 5404 celebraret,
1703 5347 1760 5393 ut
1785 5336 1913 5391 dum

306 5456 524 5506 sextam
561 5442 848 5514 coepisset,
882 5452 1022 5492 nona
1068 5435 1136 5490 ad
1179 5434 1531 5490 refectionem
1557 5431 1915 5503 jejunantium

306 5552 618 5617 opportune
649 5534 975 5609 perveniret.
1007 5529 1370 5601 Requiescens
1392 5539 1570 5583 autem
1599 5526 1911 5597 episcopus,

308 5639 588 5698 somnium
618 5633 775 5695 vidit,
811 5630 863 5686 in
891 5642 998 5698 quo
1030 5625 1094 5682 ad
1126 5625 1469 5681 simulacrum
1496 5621 1709 5681 feminae
1739 5624 1914 5678 duce-

309 5740 496 5801 batur,
520 5741 579 5790 ut
600 5731 674 5788 illi
700 5726 1051 5785 sacrificaret.
1078 5720 1230 5778 Tunc
1252 5720 1381 5787 dixi,
1402 5718 1595 5791 inquit,
1619 5720 1673 5775 in
1702 5718 1917 5775 somnio

311 5832 405 5887 bis
434 5828 526 5902 qui
559 5840 646 5883 me
685 5822 976 5880 tenebant:
1020 5816 1324 5873 Permittite
1352 5831 1437 5871 me
1468 5825 1525 5870 ut
1552 5815 1743 5886 loquar
1789 5826 1913 5867 cum

312 5926 428 5987 dea
448 5932 651 5987 reatra.
684 5919 751 5978 Et
778 5930 901 5976 cum
932 5927 1020 5974 me
1046 5911 1415 5985 permisissent
1447 5910 1587 5980 IOqui
1613 5953 1629 5980 ,
1658 5910 1794 5968 dixit
1819 5909 1873 5964 ei
1906 5978 1909 5979 ν

2021 4768 2378 4824 sociarentur.

2093 4869 2223 4923 CAP.
2257 4864 2395 4921 VIII.
2419 4891 2490 4903 —
2520 4862 2820 4919 Redeamus
2868 4871 3045 4919 autem
3078 4863 3145 4918 ad
3183 4861 3313 4919 illud
3366 4873 3573 4931 tempus
3594 4899 3610 4926 ,

2021 4977 2131 5035 quo
2148 4962 2340 5017 Protus
2369 4968 2422 5015 et
2452 4954 2782 5029 Hyacinthus
2798 4956 3103 5012 auferentes
3126 4956 3437 5025 Eugeniam,
3468 4952 3612 5008 abic-

2021 5065 2168 5114 runt.
2202 5055 2460 5117 Basterna
2489 5050 2670 5121 igitur,
2698 5049 2958 5120 jumentis
2984 5047 3380 5104 ambulantibus
3407 5054 3460 5101 ct
3485 5060 3615 5114 pue-

2024 5151 2103 5207 ris
2125 5149 2213 5220 qui
2244 5146 2523 5217 prreibant,
2541 5158 2707 5200 vacua
2735 5141 2976 5212 pervenit
2995 5140 3061 5196 ad
3088 5148 3335 5195 matrem.
3361 5136 3616 5192 Videntes

2026 5259 2205 5301 autem
2234 5241 2444 5299 eminus
2476 5246 2826 5311 properantes
2856 5250 3080 5306 pueros,
3109 5243 3164 5289 et
3186 5233 3490 5287 basternam
3517 5244 3617 5288 νεα

2028 5340 2286 5403 nientem,
2310 5340 2661 5391 occurrerunt
2694 5345 2814 5385 cum
2844 5327 3038 5400 gaudio
3070 5324 3337 5391 universi;
3383 5334 3441 5381 et
3469 5325 3616 5380 inve-

2028 5435 2242 5491 nientes
2291 5430 2583 5487 vectoriqu
2628 5439 2897 5490 vacuum,
2945 5436 3135 5477 omnes
3164 5417 3325 5475 simul
3354 5420 3615 5492 mugitum

2028 5526 2417 5595 reddiderunt,
2453 5524 2507 5578 fit
2544 5534 2755 5593 quoque
2782 5526 3001 5588 repente
3030 5516 3189 5572 totius
3213 5512 3443 5571 civitatis
3470 5523 3617 5571 stre-

2028 5613 2192 5692 pitus.
2242 5618 2373 5685 Quis
2421 5613 2565 5670 enim
2616 5609 2804 5665 audire
2844 5615 3053 5679 paterat
3095 5605 3405 5679 praefectum
3447 5604 3616 5661 ﬁliam

2029 5710 2401 5773 charissimam
2451 5702 2785 5778 perdidisse?
2832 5701 2958 5757 Erat
2999 5701 3177 5773 itaque
3205 5701 3451 5772 planctus
3486 5697 3625 5752 ina:-

2030 5786 2349 5870 stimabilis',
2384 5801 2540 5857 ﬂetus
2574 5798 2904 5853 immensus:
2940 5795 3190 5866 lugebant
3220 5791 3456 5850 universi
3484 5804 3619 5847 con-

2029 5898 2174 5961 fusi:
2209 5904 2457 5971 parentes
2500 5892 2688 5963 filiam,
2710 5906 2951 5951 sororem
2985 5891 3178 5949 fratres
3206 5931 3220 5959 ,
3266 5886 3407 5946 servi
3443 5880 3621 5942 donti-
