4158 6354
613 420 708 482 6H
1657 430 1744 490 DE
1789 435 1960 494 VlTlS
1999 435 2282 523 PATRUM
2321 439 2521 530 LIBER
2562 446 2834 531 Ριιιιιιιε.
3791 464 3892 531 (ΗΞ

605 531 763 610 nam;
805 548 857 597 et
882 540 1098 598 tenebat
1131 539 1413 598 universos
1446 555 1647 601 maeror
1669 587 1683 612 ,
1713 557 1767 603 et
1795 548 2000 604 infinita
2033 551 2193 638 animi
2227 553 2275 612 Α
2301 555 2445 632 quod
2487 559 2668 616 intima
2718 564 2927 646 solebat
2965 581 3222 627 exercere
3259 585 3485 642 persona
3514 575 3783 646 suscepit;
3832 580 3885 637 in

605 631 905 688 tribulatio.
954 632 1141 704 Fitqtte
1187 649 1283 703 per
1321 644 1485 690 totam
1519 639 1850 708 provinciam
1891 633 2193 712 inquisitio,

609 724 1004 795 interrogantur
1031 727 1324 796 aruspices,
1361 727 1702 798 inquiruntur
1725 731 2000 799 pithones;
2033 735 2197 788 sacri;

606 814 745 869 ficiis
783 828 996 886 quoque
1032 825 1085 872 et
1108 818 1385 874 sceleratis
1421 818 1898 889 superstitionibus
1923 815 2188 888 daemonia

603 906 1007 978 interrogantur
1031 954 1045 978 ,
1080 922 1136 965 ut
1174 927 1280 980 quo
1311 915 1542 968 venisset
1591 915 1823 986 Eugenia
1873 918 2190 976 indicarent.

605 998 717 1056 Hoc
770 1001 941 1056 solum
992 1017 1177 1060 omnes
1231 1005 1511 1073 dicebant,
1546 1010 1687 1078 quod
1715 1025 1833 1064 eam
1865 1011 1936 1066 dii
1961 1013 2028 1068 de
2050 1014 2187 1069 etelo

603 1095 926 1163 rapuissent.
956 1098 1196 1154 Credidit
1224 1099 1418 1155 factum
1459 1112 1639 1171 paler;
1677 1115 1728 1159 ct
1756 1106 1936 1161 fletum
1965 1110 2029 1162 ad
2061 1126 2190 1163 con-

602 1186 918 1243 solationem
953 1205 1231 1257 revocans,
1261 1194 1352 1247 dat
1380 1181 1510 1250 festa
1535 1201 1842 1268 responsis,
1876 1209 1930 1255 et
1964 1203 2184 1288 deorum

598 1276 743 1333 illam
795 1295 1020 1336 numero
1072 1298 1430 1352 consecratis,
1463 1305 1526 1342 ex
1571 1305 1701 1344 auro
1742 1308 1872 1359 puro
1901 1294 2017 1363 ejus
2061 1276 2188 1352 fecit

598 1369 711 1425 fleri
742 1372 1126 1431 simulacrum:
1154 1379 1295 1448 quod
1330 1380 1399 1435 ita
1429 1384 1595 1451 erepit
1626 1386 1832 1449 excoli,
1863 1396 1923 1441 ut
1957 1404 2060 1442 non
2087 1377 2187 1445 nii-

595 1476 782 1518 norem
809 1465 1066 1522 honorem
1096 1484 1252 1538 quam
1279 1472 1380 1526 diis
1403 1475 1516 1528 suis
1544 1475 1882 1532 exhiberem.
1919 1481 2085 1536 Mater
2109 1492 2186 1536 ta-

595 1570 717 1609 men
741 1555 858 1626 ejus
880 1558 1122 1627 Claudia,
1147 1573 1196 1616 et
1231 1563 1424 1619 fratres
1458 1567 1647 1621 Avitus
1679 1581 1729 1623 et
1757 1569 2006 1640 Sergius,
2039 1575 2179 1630 nulla

594 1656 843 1716 pOterant
897 1653 1106 1708 ratione
1135 1655 1556 1714 consolationem
1589 1662 1832 1730 accipere
1860 1704 1872 1729 ,
1905 1665 1997 1720 sed
2029 1678 2182 1724 erant

590 1737 998 1798 intolerabiliter
1027 1745 1270 1814 lugentes
1298 1764 1417 1803 eam

665 1832 794 1890 CAP.
829 1835 920 1889 IX.
943 1838 1192 1893 --Beata
1237 1854 1414 1896 autem
1457 1844 1691 1914 Engenia
1741 1850 1876 1904 γει-ιιι
1913 1851 2092 1906 habitu
2125 1864 2180 1909 et

2303 649 2551 703 omnibus
2575 669 2764 723 aquam
2793 643 3005 726 portare
3026 701 3041 724 ,
3075 662 3213 734 ligna
3245 667 3561 736 concidere,
3596 671 3886 730 Itttlttditias

2300 739 2573 798 adhibere.
2601 744 2653 822 lu
2683 763 2747 801 eo
2776 749 3008 820 denique
3037 752 3156 809 loco
3189 756 3546 827 habitaculum
3573 761 3674 826 sibi
3699 763 3884 832 elegit,

2299 832 2389 916 ubi
2414 817 2661 894 ostiarius
2704 825 3010 898 monasterii
3046 849 3316 920 manebat,
3347 867 3413 906 ne
3443 858 3523 907 ve!
3557 855 3674 922 ipSu
3705 872 3763 909 se
3790 873 3883 912 su-

3348 899 3411 906 -.-
3453 899 3522 907 .-.
3558 899 3671 922 Ὺ--.
3706 899 3762 909 ...
3790 899 3851 912 υ..

2299 899 2562 996 perierem
2591 934 2920 990 ostenderet.
2947 936 3088 993 Sane
3131 941 3478 1016 refecdmiem
3516 945 3741 1002 fratrum
3773 949 3886 1006 sol-

2296 1017 2445 1078 licite
2474 1028 2718 1096 curabat,
2747 1039 2800 1085 et
2831 1032 3106 1100 psallendo
3132 1035 3243 1092 Deo
3262 1037 3503 1095 ordinem
3533 1040 3742 1097 fortiter
3761 1060 3883 1101 cus-

2293 1097 2564 1184 todiebat;
2616 1133 2669 1176 et
2718 1125 2925 1190 tertitn,
2959 1138 3157 1196 sext-.n,
3191 1146 3346 1185 noua:
3370 1173 3385 1195 ,
3431 1132 3752 1202 vcs.ertiuis
3795 1135 3882 1196 vel

2293 1197 2566 1286 noeturnis
2611 1225 2771 1287 atque
2823 1221 3095 1292 matutinis
3140 1223 3286 1290 horis
3323 1234 3428 1279 tam
3457 1229 3768 1293 cautiSsime
3799 1229 3880 1284 iu-

2290 1281 2550 1369 sistebat,
2585 1316 2640 1360 ut
2666 1308 2938 1364 videretur
2972 1289 3081 1380 jam
3129 1316 3330 1394 perisse
3362 1317 3506 1390 Deo,
3543 1320 3586 1372 si
3621 1321 3877 1391 horarum

2292 1395 2372 1450 vel
2420 1395 2691 1466 quidpiam
2731 1402 2887 1469 spatii
2935 1404 3137 1474 absque
3179 1407 3374 1462 divinis
3407 1410 3654 1480 laudibus
3695 1413 3873 1482 aliqua

2290 1489 2658 1558 prmteriisset.
2705 1487 2779 1560 lta
2807 1495 3035 1571 denique
3058 1499 3108 1552 in
3141 1499 3242 1554 hoc
3272 1517 3435 1576 opere
3464 1519 3582 1572 esse
3611 1505 3721 1570 Deo
3749 1507 3880 1572 cha-

2295 1565 2406 1658 rior
2435 1585 2618 1652 coepit,
2663 1597 2716 1660 ut
2745 1587 3017 1646 da—mones
3047 1608 3110 1662 ex
3143 1595 3378 1669 obsessis
3415 1600 3731 1673 corporibus
3765 1603 3878 1670 pel-

2288 1656 2454 1739 teret,
2491 1683 2546 1728 ct
2585 1691 2852 1760 cmcorum
2883 1683 3065 1752 oculos
3108 1688 3358 1760 aperiret.
3404 1688 3509 1766 Sed
3557 1693 3676 1762 quia
3711 1699 3876 1752 inuTta

2282 1767 2587 1838 singulatim
2640 1755 2862 1829 narrare
2911 1776 3129 1848 interula
3177 1797 3272 1850 per
3305 1783 3582 1858 ordinem,
3613 1801 3871 1859 quantum

2289 1861 2550 1928 permittit
2575 1862 2826 1928 brevitas,
2852 1872 3190 1952 accedamus.

591 1927 793 1991 animo,
819 1929 870 1983 in
889 1931 1149 1999 pt-mdicto
1173 1936 1412 1990 virormn
1445 1943 1770 1997 monasterio
1798 1948 2174 2012 permanebat:
2210 1959 2258 2021 Β
2356 1953 2482 2008 ΟΜ».
2517 1955 2608 2011 Xl.
2634 1989 2704 1997 ——
2730 1960 2969 2044 Matrona
2993 1967 3234 2034 qumdam
3258 1969 3634 2042 Alexandrina,
3663 1981 3875 2037 caeteris

591 2028 751 2044 an-..“
784 2019 851 2044 ξι..
904 2019 952 2044 ζ-.
1000 2022 1187 2044 Δε--ε..ξ-
1332 2028 1414 2044 νι·-ο
1500 2030 1530 2044 -ι
1761 2033 1780 2044 η
1847 2035 1856 2044 .
2043 2039 2052 2044 -

590 2028 753 2086 atque
783 2019 854 2073 ita
903 2019 954 2074 in
995 2022 1191 2079 divinis
1224 2028 1615 2087 eruditionibus
1659 2033 1911 2101 profecit,
1947 2046 2003 2091 ut
2042 2039 2180 2094 intra

592 2109 890 2164 secundum
923 2127 1120 2168 annum
1163 2131 1355 2172 oman
1401 2121 1693 2190 scripturas
1730 2123 1770 2176 Ι)
1810 2123 2028 2180 minicas
2069 2145 2180 2186 me-

591 2199 762 2255 moria
793 2201 1066 2259 retineret.
1098 2207 1264 2262 Tanta
1300 2213 1350 2263 in
1382 2227 1444 2264 ea
1474 2221 1590 2266 erat
1617 2215 1778 2270 auitni
1802 2220 2174 2289 tranquillitas,

588 2298 646 2354 ut
698 2307 854 2347 ttnam
888 2295 1028 2350 illam
1063 2313 1250 2355 omnes
1289 2301 1535 2358 dicereut
1561 2320 1629 2360 ex
1672 2322 1896 2363 munero
1925 2326 2046 2368 esse
2083 2319 2178 2369 an-

585 2381 845 2450 gelorum.
872 2386 1002 2454 Quis
1033 2390 1175 2445 enim
1207 2392 1632 2463 deprehenderet
1667 2401 1808 2470 quod
1842 2415 1988 2458 esset
2009 2403 2175 2462 fetui-

585 2484 674 2539 ua,
699 2491 859 2544 quam
887 2488 1054 2534 Virtus
1075 2478 1271 2538 Christi
1301 2498 1354 2540 et
1379 2487 1652 2559 virginitas
1677 2493 2018 2552 immaculata
2052 2515 2175 2568 pto-

587 2565 818 2633 tegebat,
855 2577 912 2623 ut
934 2571 1194 2629 mirabilis
1223 2586 1367 2632 esset
1396 2590 1451 2633 et
1475 2584 1638 2635 viris?
1664 2584 1855 2639 Sermo
1885 2593 2027 2644 enim
2052 2565 2176 2660 ejus

585 2667 701 2722 erat
732 2659 946 2716 bum-lis
978 2665 1028 2719 iu
1053 2666 1339 2736 charitate,
1374 2673 1548 2727 clarus
1577 2675 1629 2729 in
1663 2679 2064 2750 mediocritate,
2096 2687 2176 2739 vi-

588 2749 677 2804 tiis
705 2766 914 2818 carens,
941 2764 994 2810 et
1015 2757 1312 2816 facundiam
1343 2763 1570 2834 fugiens,
1595 2783 1782 2825 omnes
1802 2774 1852 2826 in
1878 2776 2175 2834 humilitate

589 2847 898 2910 superabat.
923 2846 1109 2903 Nullus
1134 2851 1219 2905 illa
1247 2853 1313 2907 ad
1345 2858 1640 2913 orationem
1677 2862 2048 2922 inveniebatur
2078 2886 2174 2925 an-

594 2935 779 3001 terior,
810 2937 1144 2998 efficiebatur
1188 2958 1363 3006 autem
1415 2953 1662 3010 omnibus
1702 2960 1878 3014 omnia
1914 2979 1926 3014 :
1966 2964 2172 3022 tristem

589 3027 983 3098 consulabatur,
1017 3033 1138 3090 laeto
1163 3042 1551 3111 congaudebat,
1584 3046 1904 3107 irascentem
1940 3072 2044 3110 uno
2062 3075 2174 3114 ser-

585 3131 745 3184 mone
791 3137 891 3202 suo
931 3125 1232 3197 mitigabat;
1264 3137 1660 3202 superbientem
1699 3143 1770 3197 ita
1801 3161 1897 3201 suo
1944 3150 2176 3207 nidifica-

586 3207 675 3278 hat
699 3218 962 3285 exemplo,
989 3232 1043 3274 ut
1072 3239 1224 3279 ovem
1257 3227 1434 3283 subito
1454 3247 1485 3286 e
1510 3232 1632 3302 lupo
1655 3234 1845 3294 factum
1865 3256 1924 3296 se
1950 3245 2172 3302 credere

587 3302 965 3370 delectaretur.
994 3311 1216 3371 Tantam
1244 3332 1274 3371 a
1309 3321 1416 3376 Deo
1435 3336 1487 3379 et
1516 3329 1737 3395 gratiam
1769 3347 2054 3393 consecuta
2073 3382 2088 3406 ,
2116 3349 2173 3396 ut
2201 3341 2249 3408 C
2349 3349 2478 3404 ΟΑΡ.

585 3409 974 3468 quemcumque
1002 3406 1054 3460 in
1082 3409 1268 3468 dolore
1289 3416 1516 3483 positum
1549 3421 1836 3495 visitasset,
1865 3431 2040 3486 omnis
2061 3446 2170 3491 sta-

585 3485 678 3541 tim
709 3489 864 3548 dolor
892 3499 1206 3569 recederet,
1245 3515 1299 3560 et
1324 3512 1498 3566 omnis
1545 3516 1832 3577 salubritas
1863 3524 2167 3585 adveniret.

583 3577 815 3642 Comites
847 3595 1025 3644 autem
1056 3593 1171 3661 ejus
1193 3596 1519 3668 Hyacinthus
1549 3617 1602 3662 et
1623 3609 1814 3668 Protus
1835 3621 2167 3679 comitaban-

583 3680 666 3728 tur
695 3690 832 3742 eam,
857 3688 911 3734 et
931 3695 1082 3738 erant
1108 3688 1158 3741 in
1190 3692 1438 3750 omnibus
1470 3697 1901 3772 obtemperantes
1930 3712 2002 3766 ei.

599 3837 602 3842 _
649 3769 777 3825 Cap.
811 3772 1170 3838 X.—Tertio
1217 3786 1376 3856 igitur
1421 3807 1562 3848 anno
1603 3803 1972 3859 conversionis
2014 3809 2155 3879 eius,

577 3860 743 3920 abbas
773 3871 862 3937 qui
896 3883 1122 3938 praeerat
1157 3877 1408 3936 fratribus
1440 3885 1491 3938 in
1527 3895 1854 3949 monasterio
1875 3938 1890 3962 ,
1916 3899 2165 3971 migravit

575 3953 644 4017 ad
671 3955 977 4018 Dominum.
1007 3965 1132 4020 Post
1161 3971 1316 4040 cujus
1355 3976 1663 4036 abscessum
1709 3989 1959 4047 omnibus
1991 3995 2161 4052 visum

573 4055 660 4103 est
687 4057 742 4102 ut
771 4050 869 4105 sibi
899 4054 1106 4113 beatam
1133 4061 1425 4130 Eugenium
1454 4070 1711 4140 eligerent
1735 4080 2160 4144 abbatem.’l‘unc

581 4136 741 4198 beata
773 4141 1008 4213 Eugenia
1041 4163 1284 4210 metuens
1312 4173 1372 4212 se
1410 4159 1660 4220 feminam
1693 4181 1878 4227 contra
1921 4180 2157 4246 regulam

579 4230 707 4294 viris
734 4239 1000 4306 praponi;
1032 4242 1154 4297 item
1191 4246 1383 4305 timens
1412 4268 1480 4307 ne
1508 4269 1695 4313 omnes
1726 4267 2047 4324 unanimiter
2068 4274 2163 4328 de-

570 4337 855 4398 precantes
910 4346 1217 4405 sperneret,
1245 4341 1348 4416 'ait
1395 4343 1462 4398 ad
1505 4361 1599 4402 eos
1629 4366 1643 4402 :
1671 4351 1909 4411 Obsecro
1955 4375 2049 4416 vos
2103 4376 2158 4422 ut

575 4416 924 4494 Evangelium
945 4427 1002 4481 in
1028 4435 1275 4498 prmsenti
1298 4436 1612 4497 adhibeatis.
1642 4446 1790 4512 Quod
1821 4466 1941 4508 cum
1966 4416 2155 4518 fuisset

578 4508 820 4579 allatum,
851 4515 982 4572 dixit
1002 4537 1016 4574 :
1034 4521 1484 4600 Quotiescumque
1505 4508 1818 4596 Christianis
1835 4545 2030 4616 aliquid
2054 4553 2154 4607 eli-

573 4601 804 4670 gendum
836 4617 918 4662 est
942 4651 956 4672 ,
983 4610 1225 4670 Christus
1253 4627 1337 4673 est
1374 4631 1498 4678 ante
1537 4630 1715 4685 omnia
1745 4637 2144 4700 attseultaiidus.

1856 4689 2144 4700 μαψ-υ-.
2260 4689 2504 4715 rem.-.“

571 4689 852 4752 Videamus
873 4714 1001 4770 ergo
1026 4703 1077 4758 in
1107 4705 1205 4762 hac
1229 4711 1496 4772 electione
1524 4730 1696 4777 vestra
1714 4729 1839 4796 quid
1867 4733 1979 4802 ipse
2007 4741 2143 4803 βιαιο
2173 4730 2228 4791 D
2253 4743 2504 4812 exagitat,

562 4783 753 4854 cipiat,
786 4799 842 4843 ut
871 4799 927 4845 et
956 4798 1144 4853 vestris
1170 4800 1350 4870 iussis,
1377 4818 1431 4862 et
1459 4809 1626 4880 ipsius
1655 4783 1870 4875 monitis
1887 4783 2145 4885 rintebda-

559 4891 702 4954 mus.
735 4880 802 4937 Et
832 4886 1110 4944 revolvens
1133 4891 1418 4968 Codicem,
1445 4907 1589 4961 venit
1615 4911 1680 4964 ad
1715 4911 1927 4984 locum,
1959 4929 2014 4976 et
2035 4939 2146 4980 cm-

557 4972 642 5074 pit-
666 4975 1076 5074 legere,‘dicens
1109 5003 1122 5040 :
1159 4987 1300 5045 Dixit
1320 4992 1476 5052 Jesus
1497 4999 1776 5074 discipulis
1807 4972 1926 5067 suis
1945 4972 2145 5074 τ’ἑέιῆε

554 5066 679 5169 quia
709 5069 978 5142 principes
1006 5080 1244 5147 gentium
1275 5088 1508 5158 majores
1541 5066 1666 5152 sunt
1707 5100 1790 5157 his
1821 5108 2015 5175 quibus
2046 5112 2144 5167 do-

553 5156 845 5231 minantur,
879 5175 935 5220 et
959 5169 1314 5242 principatum
1335 5156 1521 5240 eorum
1547 5203 1741 5258 gerunt
1769 5156 1984 5268 (Δίαιιιι.
2016 5206 2134 5277 xx).

558 5249 701 5277 μω,
747 5275 758 5277 ᾼ
788 5275 828 5277 η
965 5273 974 5277 ,

547 5249 702 5329 Apud
745 5275 840 5318 vos
888 5273 1067 5323 autem
1115 5285 1220 5328 nou
1267 5287 1351 5332 est
1379 5279 1457 5337 sic
1483 5301 1496 5348 ι
1527 5285 1622 5340 sed
1653 5289 1698 5343 si
1729 5249 1850 5361 quis
1881 5298 1932 5350 in
1983 5249 2136 5358 vobis

548 5351 663 5405 vult
694 5355 896 5421 primus
923 5376 1066 5429 esse,
1095 5369 1166 5422 sit
1191 5379 1370 5434 vester
1397 5375 1614 5434 ultimus
1641 5399 1654 5448 ;
1687 5351 1814 5441 et'si
1844 5390 1962 5458 quis
1993 5392 2133 5450 inter

544 5454 644 5496 vos
686 5449 919 5560 \voluerit
963 5471 1083 5516 esse
1107 5460 1355 5523 dominus
1379 5511 1395 5537 ,
1428 5475 1497 5526 sit
1528 5483 1703 5550 vester
1727 5495 1914 5538 servus
1942 5487 2132 5560 (Luca:

542 5536 720 5641 sunt).
755 5540 818 5641 tit
851 5543 931 5599 his
962 5547 1139 5618 dictis,
1173 5556 1368 5628 adjecit
1394 5579 1406 5614 :
1437 5536 1603 5633 Ecce:
1626 5569 1831 5641 inquit,
1859 5588 1912 5632 et
1935 5536 2128 5641 veswis

1127 5617 1131 5618 ν
1239 5617 1255 5628 _
1626 5617 1795 5641 -..νη
1817 5617 1831 5640 ,
1861 5617 1912 5632 ν.
1942 5617 2125 5641 ww”;

533 5617 702 5738 jpssis
730 5628 1106 5700 obtemperans
1131 5683 1144 5709 ,
1178 5646 1390 5705 decrevi
1420 5651 1703 5722 primatum
1734 5667 2037 5738 suscipere,
2071 5683 2125 5729 et

1421 5711 1434 5722 _
1735 5711 2037 5738 ----.,,ν.υ,
2071 5711 2121 5729 υ.

534 5711 746 5775 Domini
790 5723 1124 5794 jussionibus
1179 5739 1441 5812 obedire,
1495 5749 1738 5809 ultimum
1791 5776 1875 5814 me
1931 5775 2121 5823 vestra:

533 5807 780 5870 charitati
804 5821 1092 5882 constituo.
1115 5828 1464 5894 Exhilaratur
1483 5845 1719 5902 omnium
1745 5863 1903 5908 causa
1921 5855 1972 5910 in
1989 5873 2120 5913 con-

533 5911 692 5958 sensu
720 5909 836 5976 ejus
868 5927 883 5966 :
912 5914 1020 5983 ipsa
1055 5929 1227 5979 tamen
1263 5939 1384 5984 ante
1428 5948 1616 5993 omnes
1647 5953 1780 6010 opus
1808 5951 2114 6008 monasterii

2287 2051 2548 2104 matronis
2601 2056 2963 2128 prrcstantinr,
3014 2062 3232 2116 nomine
3272 2063 3598 2134 Melanthia,
3647 2071 3875 2128 audiens

2285 2142 2590 2209 opinionem
2619 2144 2756 2215 ejus,
2790 2151 2934 2203 venit
2963 2152 3026 2206 ad
3057 2168 3173 2207 eam
3198 2197 3212 2221 ,
3239 2158 3359 2227 quia
3381 2171 3639 2230 quartana
3663 2169 3874 2234 gravis-

2281 2233 2416 2287 sime
2447 2244 2499 2288 et
2542 2236 2651 2306 jam
2706 2227 2799 2307 per
2845 2255 3042 2324 annum
3089 2253 3143 2304 et
3191 2262 3255 2302 eo
3285 2252 3510 2325 amplius
3555 2258 3874 2314 vexabatur.

2281 2323 2450 2394 Quam
2480 2344 2598 2383 cum
2634 2329 2784 2386 beata
2822 2334 3058 2406 Eugenia
3099 2340 3218 2396 oleo
3249 2329 3628 2413 perunxisset',
3653 2366 3874 2410 onmem

2283 2420 2537 2475 continuo
2566 2421 2727 2495 344
2755 2427 3063 2484 violentiam
3098 2431 3237 2488 fellis
3265 2437 3524 2494 evomuit.
3558 2441 3620 2496 Et
3648 2445 3875 2502 sanissi-

2282 2527 2365 2586 ma
2397 2514 2601 2572 reddita
2632 2562 2646 2585 ,
2683 2519 2903 2587 pedibus
2931 2523 2997 2578 ad
3039 2541 3195 2582 suum
3226 2528 3578 2602 diversorium
3614 2553 3875 2607 propera-

2280 2604 2542 2675 vit,quod
2578 2609 2629 2663 in
2675 2611 2848 2666 vicino
2898 2621 3209 2674 monasterii
3267 2626 3594 2693 possidebat.
3643 2632 3873 2693 Ordiuat

2281 2685 2481 2753 interea
2514 2717 2756 2770 munera,
2816 2709 3046 2780 scyphos
3075 2725 3358 2783 argenteos
3392 2727 3499 2774 tres
3527 2722 3710 2793 implet
3735 2729 3873 2783 soli-

2279 2787 2380 2853 dis,
2414 2799 2467 2844 et
2514 2792 2610 2846 hos
2639 2798 2932 2852 sanationis
2976 2816 3086 2874 suze
3135 2810 3301 2876 gratia
3354 2810 3516 2866 mittit
3554 2787 3618 2870 ad
3652 2818 3871 2877 beatam

2281 2881 2596 2952 Eugeniam.
2626 2887 2720 2943 Cui
2741 2903 3010 2959 gratanter
3035 2899 3311 2956 remittens
3333 2921 3451 2975 qua:
3478 2908 3721 2979 miserat,
3751 2915 3826 2968 ait
3850 2931 3872 2970 :

2278 2973 2653 3045 Ahuudamns,
2711 2993 2764 3036 et
2828 2973 3618 3056 superabitndamusomnibus
3686 3005 3872 3062 bonis.

2281 3067 2433 3124 Unde
2467 3082 2537 3136 te,
2572 3091 2765 3142 parens
2794 3081 3107 3140 charissima
3137 3088 3450 3159 Mclalltltia,
3483 3104 3538 3152 ιιι
3570 3097 3668 3152 ista
3699 3115 3872 3168 egen-

2280 3160 2418 3215 tibus
2450 3167 2616 3244 magis
2647 3182 2710 3221 ac
2733 3174 3108 3231 necessitatem
3134 3181 3457 3253 patieut'bus
3480 3186 3710 3254 ditidas,
3739 3191 3871 3246 lior-

2279 3263 2364 3310 tnr
2393 3265 2445 3311 et
2476 3251 2691 3316 maneo.

2512 3350 2624 3408 XII.
2662 3384 2729 3395 —
2761 3355 2997 3413 Audiens
3031 3362 3341 3438 Melanthia,
3375 3375 3714 3432 constristata
3747 3391 3868 3450 est;

2275 3452 2330 3499 ct
2359 3447 2600 3513 veniens,
2636 3452 2798 3519 erepit
2831 3469 3016 3522 rogare
3046 3466 3100 3511 et
3126 3463 3382 3531 ampliora
3419 3471 3750 3536 promittere.
3785 3478 3869 3538 Fit

2273 3536 2487 3592 assidua
2519 3541 2657 3595 circa
2710 3543 2914 3600 beatam
2961 3549 3248 3620 Eugeniam
3272 3598 3285 3620 ,
3318 3566 3373 3612 et
3401 3560 3449 3613 in
3480 3563 3626 3620 nullo
3667 3568 3868 3637 depre-

2270 3621 2510 3684 henden’s
2552 3617 2693 3702 quod
2726 3647 2870 3692 esset
2917 3617 3109 3696 femina
3138 3685 3153 3709 ,
3193 3617 3454 3724 elegantia
3486 3617 3756 3726 decipitur:
3776 3661 3868 3734 juc

2273 3724 2525 3780 ventutis.
2568 3725 2762 3812 Videtis
2804 3746 2958 3800 eam,
2986 3734 3235 3804 juvenem
3267 3759 3362 3812 per
3393 3724 3670 3809 veritatem
3708 3724 3867 3821 [uia-

2272 3811 2363 3896 hat
2413 3831 2532 3872 esse
2580 3804 2881 3896 terrenum;
2931 3843 2988 3883 se
3037 3842 3352 3903 autemnon
3390 3845 3678 3904 sanctitate
3703 3850 3864 3924 ejus,

2273 3907 2367 3960 sed
2398 3909 2575 3979 aliqua
2617 3925 2732 3994 arte
2760 3919 3077 3978 existimans
3117 3924 3280 3984 fuisse
3310 3934 3564 3996 salvatam
3587 3984 3600 4008 ,
3637 3941 3691 3996 in
3721 3961 3863 4004 con-

2270 3998 2597 4070 cupiscentia
2629 4005 2744 4075 ejus
2779 4009 3048 4082 elabitur;
3081 4027 3133 4073 et
3159 4035 3355 4091 putans
3385 4031 3662 4099 amplioris
3697 4055 3862 4107 pecu-

2270 4091 2372 4146 niae
2403 4096 2732 4166 cupidiorem
2758 4144 2773 4168 ,
2805 4105 2968 4175 erepit
2999 4107 3204 4186 infinita
3250 4091 3488 4190 offerre
3510 4135 3562 4180 et
3590 4091 3858 4200 ampliora

2267 4184 2602 4254 promittere.
2646 4190 2886 4276 Cumque
2934 4184 3130 4283 stepius
3181 4207 3367 4270 eadem
3413 4230 3755 4286 precaretur.
3805 4237 3860 4283 et

2262 4284 2413 4345 grato
2453 4280 2632 4336 animo
2657 4273 2848 4356 oblata
2879 4291 2976 4345 sibi
3008 4294 3076 4370 ab
3118 4275 3352 4370 Eugeuia
3387 4320 3634 4374 cerneret
3668 4316 3858 4384 reddi,

2263 4366 2492 4423 declinat
2524 4372 2590 4426 ad
2640 4376 2896 4450 majorem
2941 4366 3218 4456 interitum
3241 4432 3255 4456 ,
3279 4371 3650 4468 aggritudinctzi
3682 4366 3857 4464 simu:

2263 4458 2398 4514 laus.
2423 4463 2590 4548 Quam
2612 4459 2730 4521 cum
2766 4469 2916 4526 beata
2950 4475 3181 4561 Eugenia
3227 4463 3406 4560 rogata
3449 4492 3687 4564 visitaret
3709 4541 3723 4565 ,
3759 4516 3856 4557 se-

2579 4545 2584 4548 .
3037 4545 3049 4547 -
3171 4545 3176 4561 1
3276 4545 3331 4560 ὶν⁷
3487 4545 3723 4565 “ἱήῖί’”“’
3759 4545 3818 4557 vv

2260 4552 2406 4608 denti
2432 4568 2558 4613 ante
2585 4559 2778 4617 lectum
2806 4580 2958 4622 suum
2987 4585 3186 4630 sancta:
3233 4579 3482 4652 Eugeniae
3519 4588 3641 4670 talia
3681 4599 3854 4666 coepit

2260 4648 2548 4670 -_.._l.---_s_
2620 4652 2632 4670 9
2680 4664 2690 4670 .
2735 4655 2746 4670 I
2850 4659 2860 4670 ι
2909 4661 2939 4670 ι.
3044 4666 3052 4670 .

2259 4648 2590 4722 producere:
2618 4652 2969 4742 intolerabilis
3007 4666 3146 4744 circa
3181 4677 3231 4723 te
3265 4648 3417 4744 amur
3445 4655 3628 4749 pectus
3660 4648 3848 4746 metim

2541 4729 2644 4801 nec
2681 4749 2843 4820 ullum
2877 4758 3172 4838 remedium
3204 4762 3495 4842 fatigationi
3525 4789 3664 4831 mete
3692 4795 3852 4850 repe-

3167 4831 3169 4838 .
3207 4835 3212 4842 .
3285 4831 3340 4841 .v.
3373 4831 3376 4834 -
3692 4831 3703 4833 ν
3728 4831 3822 4850 ’τ’

2249 4832 2354 4887 rire
2378 4831 2545 4904 potui,
2579 4839 2679 4894 nisi
2709 4851 2766 4895 tit
2804 4853 2855 4899 te
2887 4850 3123 4926 omnium
3171 4871 3350 4914 rerum
3380 4878 3617 4936 mearum
3661 4871 3838 4938 domi-

2248 4921 2372 4978 nutn
2399 4927 2694 4986 instituam.
2726 4923 2862 5014 Quid
2890 4921 3116 5018 teipsum
3143 4951 3291 5030 vanis
3313 4933 3366 5008 et
3393 4931 3638 5029 inanibus
3668 4935 3846 5023 absti-

2247 5023 2444 5077 nentiis
2476 5013 2717 5084 crucias?
2751 5013 2890 5088 Ecce
2935 5017 3332 5124 possessionum
3377 5031 3724 5124 locupletatio
3757 5063 3840 5120 in-

2248 5112 2423 5181 finita,
2457 5127 2508 5172 et
2557 5133 2684 5178 ecce
2735 5127 2849 5190 auri
2899 5123 3112 5220 pondus
3161 5112 3513 5220 {immensarum
3544 5159 3600 5223 et
3627 5159 3840 5226 argenti

2245 5207 2601 5266 ministerium
2655 5207 2931 5285 copiosum
2955 5263 2972 5289 ,
3025 5213 3078 5310 et
3111 5211 3597 5314 faniilim‘intinitns
3625 5207 3720 5304 es:
3737 5267 3841 5307 utt-

2241 5313 2464 5357 merus:
2496 5305 2728 5390 dignitas
2776 5299 3158 5396 generositatis
3211 5336 3293 5380 est
3341 5305 3510 5404 mihi;
3547 5335 3647 5409 hoc
3689 5357 3839 5400 anno

2240 5394 2440 5467 absque
2473 5399 2594 5455 filiis
2623 5391 2839 5498 viduata
2865 5391 3002 5479 sum,
3029 5419 3256 5474 succede
3285 5437 3379 5492 pro
3405 5398 3484 5482 eis
3516 5429 3566 5484 in
3597 5407 3838 5506 faculta-

2242 5487 2383 5544 tibus
2426 5492 2588 5563 meis,
2620 5485 2800 5554 etnon
2825 5485 3000 5560 solum
3033 5525 3210 5592 rerum
3246 5532 3506 5596 mearum,
3541 5501 3635 5582 sed
3677 5546 3832 5587 meus

2238 5583 2477 5652 θδιυὶθπι
2502 5586 2774 5648 dominus.
2797 5585 3037 5699 C‘utuque
3064 5583 3180 5686 haec
3214 5618 3266 5660 et
3299 5610 3380 5686 his
3413 5589 3606 5672 similia
3638 5618 3831 5690 loque-

2238 5685 2376 5699 ω..-
2437 5678 2562 5699 ..εμη
2608 5697 2614 5699 λ
2650 5684 2662 5699 .
3021 5694 3033 5699 -
3135 5695 3165 5699 μ
3465 5683 3472 5699 ,
3663 5693 3666 5699 .

2229 5685 2394 5744 retur,
2429 5678 2566 5735 dixit
2597 5684 2662 5736 ad
2689 5700 2804 5741 eam
2837 5673 3106 5774 Eugeniae
3133 5695 3300 5756 Recte
3329 5683 3521 5763 ιιοιιιὲιι
3553 5693 3697 5794 tuum
3738 5717 3832 5771 ni-

2229 5768 2462 5794 nnn.l:.-:-
2496 5787 2608 5794 .--μ
2635 5789 2665 5794 ,ι
2846 5781 2938 5794 ιι...
3003 5775 3006 5778 ’
3217 5775 3224 5780 ⁴
3272 5767 3292 5791 οι
3350 5771 3409 5794 ’.ι
3579 5771 3584 5788 ι
3634 5791 3636 5794 .

2224 5768 2465 5838 gredinis
2495 5787 2720 5831 testatur
2746 5768 3052 5854 perfidiam;
3084 5768 3501 5880 magnum‘enini
3527 5769 3823 5864 teudiaboio

2227 5858 2366 5880 .--κει
2383 5878 2393 5880 -
2415 5877 2430 5880 ρ
2479 5864 2490 5880 ι
2934 5877 2944 5880 ⁸
3367 5877 3372 5880 ’

2225 5858 2582 5920 habitaculum
2635 5877 2946 5942 praeparasd
2986 5858 3244 5962 :diseede
3292 5904 3320 5941 a
3367 5865 3546 5974 sei-iliis
3581 5899 3692 5974 Dei,
3718 5881 3820 5957 de-

2221 5955 2838 6025 ceutrixetillecebrosa
2871 5969 3160 6035 Melantbia
3179 5959 3322 6046 ;l'nos'
3354 5955 3816 6051 enimaliter’mi-
