4158 6354
244 442 352 502 (315

1020 442 1178 502 Vl'l'A
1216 396 1516 503 SAINCTE
1560 440 1914 511 EUGENIJ‘J,
1964 442 2260 515 YIRGINIS
2298 442 2386 500 AC
2427 442 2790 503 MARTYRIS.

3421 440 3525 498 614

239 561 479 617 litamus.
513 560 753 629 Habeant
785 576 914 631 opes
946 570 1048 623 tua:
1078 564 1149 617 ιιιί
1180 561 1383 618 similes
1412 562 1659 631 dominos
1681 602 1697 628 ,
1730 576 1830 618 nos
1858 562 1910 624 Α
1937 577 2042 616 non
2083 562 2133 615 in
2184 576 2301 631 eam
2335 562 2502 633 ipsam
2548 560 2905 632 retorqueatis
2949 556 3293 621 sententiam,
3325 565 3379 617 et
3409 556 3525 627 hinc

238 657 478 712 delectat
518 654 822 709 mendicare
852 669 971 708 cum
1018 654 1255 712 Christo.
1286 654 1498 709 Aﬂ‘atim
1531 656 1678 721 dives
1706 663 1787 711 est
1810 699 1826 725 ,

237 752 326 818 qui
361 765 483 805 cum
517 748 734 813 Christo
773 764 977 818 pauper
1018 759 1121 805 est.
1155 747 1383 820 Fugiunt
1420 765 1449 815 a
1491 758 1541 803 te
1571 750 1830 818 imagines

238 844 721 912 t-micnpiscentiaa,
752 858 855 908 non
883 843 1123 907 estenim
1155 843 1347 897 salutis
1373 852 1477 897 tote
1507 846 1605 897 ista
1635 858 1754 913 qua:
1779 853 1830 896 te

239 937 443 994 invasit
479 937 713 999 insania.
747 936 1005 1003 Draconis
1058 938 1422 994 habitaculum
1465 938 1628 1004 facta,
1668 952 1830 993 vene-

236 1048 365 1091 num
399 1031 665 1097 effundis;
700 1030 793 1095 sed
825 1046 949 1098 nos,
973 1032 1168 1087 Christi
1200 1033 1448 1091 invocato
1475 1035 1713 1099 nomine,
1742 1050 1831 1107 ve-

236 1142 501 1185 lzenoruttt
546 1132 756 1185 tuorum
789 1125 936 1181 virus
967 1126 1242 1182 evadimus
1270 1168 1284 1196 ,
1317 1136 1371 1183 et
1401 1128 1827 1184 misericordiam

235 1217 455 1270 Domini
483 1215 800 1277 invenimus.

270 1372 273 1377 η
312 1308 440 1362 (λιι),
477 1306 610 1362 XIII.
640 1336 712 1347 ——
740 1308 890 1369 Tunc
927 1306 1014 1362 illa
1047 1306 1376 1377 deceptionis
1414 1323 1526 1364 suae
1572 1308 1827 1378 pudorem

239 1415 349 1455 non
384 1399 584 1463 ferens,
613 1414 835 1469 sperans
866 1414 925 1453 se
950 1401 1144 1469 detegi,
1177 1401 1446 1471 nisiprior
1472 1403 1585 1469 ipsa
1611 1403 1830 1473 detege-

232 1501 349 1560 ret,
383 1509 596 1553 reversa
630 1492 1010 1549 Alexandriam
1033 1534 1050 1560 ,
1082 1493 1232 1549 adire
1272 1494 1581 1563 prmfectmn
1612 1496 1825 1561 statuit,

237 1586 343 1640 hoc
369 1585 560 1643 ordine
589 1584 785 1647 dicens
815 1584 1154 1647 :Scelestum
1178 1584 1456 1655 juvenem.
1481 1583 1826 1641 simulantem

234 1678 597 1733 Christianam
655 1678 972 1749 religionem
1025 1680 1262 1745 incurri;
1304 1688 1361 1735 et
1404 1680 1531 1736 dum
1581 1680 1827 1737 medendi

236 1772 434 1844 gratia,
460 1786 565 1843 qua
594 1771 791 1837 dicitur
820 1786 977 1841 posse
1015 1771 1419 1828 infirmitatibus
1449 1774 1734 1843 prodesse,
1758 1775 1827 1830 ad

233 1880 325 1923 me
353 1866 538 1923 venire
566 1866 953 1933 permitterem,
987 1881 1147 1923 unam
1179 1881 1265 1922 me
1290 1882 1356 1922 ex
1381 1867 1485 1923 illis
1513 1869 1827 1926 existimans

232 1959 304 2015 de
329 1974 554 2029 quantm
600 1960 806 2030 pudore
845 1959 1159 2025 bacchatur,
1185 1976 1348 2017 ausus
1378 1972 1461 2017 est
1489 1962 1829 2032 impudenter
1859 1959 1909 2020 B

230 2051 439 2121 alloqui
461 2090 477 2115 ,
515 2060 571 2119 et
599 2051 778 2111 verbis
809 2052 1119 2121 procacibus
1149 2054 1216 2108 ad
1255 2054 1460 2110 crimen
1504 2055 1740 2121 hortari;
1772 2063 1827 2110 et

230 2146 342 2202 nisi
387 2146 657 2201 dedissem
706 2162 891 2205 vocem
946 2147 1000 2202 in
1049 2147 1345 2217 prmsenti,
1380 2147 1667 2203 etancilla:
1690 2163 1827 2203 mea:

230 2237 458 2299 fuissem
488 2238 711 2303 liberata
744 2238 973 2305 eiulatio,
1005 2255 1158 2297 more
1188 2239 1474 2295 barbarico
1510 2254 1620 2295 suae
1651 2256 1735 2295 me
1765 2240 1829 2294 Ii-

228 2330 405 2391 bidini
432 2332 779 2401 captivasset.
811 2332 1049 2395 Audiens
1076 2332 1191 2388 haec
1216 2331 1497 2401 praaieetus
1515 2372 1533 2398 ,
1558 2332 1726 2387 nimio
1751 2335 1830 2387 lu-

228 2440 362 2481 rore
402 2425 790 2491 inflammatur,
822 2434 877 2480 et
901 2425 1055 2495 jubet
1085 2426 1150 2479 ad
1177 2426 1291 2481 loca
1325 2425 1635 2486 monasterii
1666 2425 1830 2482 desti-

228 2521 352 2579 nari
381 2518 517 2587 ,qui
548 2531 669 2572 eum
704 2517 938 2579 vinctum
970 2518 1112 2572 ferro
1143 2532 1266 2572 cum
1296 2516 1545 2587 omnibus
1582 2531 1827 2572 commo-

230 2609 489 2671 rantibus
538 2610 896 2678 deponerent.
947 2610 1300 2681 Deponuntur
1345 2610 1523 2679 itaque
1554 2624 1743 2665 omnes
1779 2612 1830 2665 in

230 2703 504 2769 vinculis;
535 2712 591 2758 et
616 2704 734 2772 quia
766 2703 923 2759 unius
952 2704 1184 2759 carceris
1203 2717 1416 2758 eosnon
1441 2702 1829 2769 ferebatlocus,

230 2809 332 2864 per
358 2794 600 2855 diversas
634 2795 905 2855 custodias
934 2795 1260 2853 dividuntur.
1289 2796 1414 2851 Post
1437 2796 1551 2851 haec
1580 2797 1832 2859 statuitur

230 2886 353 2943 dies
368 2887 592 2954 funeris,
607 2886 778 2958 inquo
794 2887 883 2943 alii
899 2890 963 2943 ad
980 2890 1196 2952 bestias,
1214 2889 1303 2944 alii
1323 2904 1449 2945 vero
1466 2890 1531 2944 ad
1551 2890 1722 2961 ignes,
1739 2891 1833 2946 alii

230 2980 305 3035 ad
330 2979 542 3035 diversa
575 2981 833 3050 supplicia
859 2981 1261 3036 damnarentur.
1288 2981 1374 3037 Fit
1396 2997 1579 3036 rumor
1608 2983 1836 3037 immen-

237 3086 335 3153 sus
360 3113 375 3137 ,
407 3071 690 3141 impudens
718 3089 931 3144 quoque
978 3072 1119 3130 fama
1156 3086 1403 3131 cunctam
1435 3074 1657 3147 [Egypli
1680 3093 1835 3145 pera~

234 3174 360 3233 grat
386 3164 743 3232 provinciam.
770 3166 970 3233 Omnes
990 3168 1831 3236 credunt,omnescondemnant,

234 3265 294 3311 et
322 3256 575 3311 omnibus
614 3258 904 3315 verisimile
931 3260 1141 3315 videtur
1176 3260 1523 3316 Melanthiam
1566 3261 1832 3317 illustrem

1933 651 2093 708 fallax
2145 655 2294 710 teatis
2338 654 2471 721 nihil
2525 655 2757 724 patiatur
2805 651 2953 718 mali,
2988 666 3131 725 nunc
3175 648 3520 719 probabimus

1934 746 2137 802 crimen
2168 747 2307 818 quod
2336 747 2492 801 nobis
2522 746 2727 817 objicit,
2756 744 3059 800 redundare
3089 742 3143 796 in
3169 757 3310 797 eam.

2006 884 2073 935 At
2102 883 2187 935 ubi
2227 890 2447 937 testatus
2488 890 2567 935 est
2610 895 2702 952 per
2735 880 3030 949 principum
3063 878 3288 957 salutem
3324 876 3513 945 pracfe—

1932 983 2070 1039 ctus,
2108 973 2421 1042 promittens
2449 973 2513 1026 ad
2545 971 2722 1025 omnia
2760 986 2877 1041 quae
2902 970 3199 1045 postulabat
3246 968 3518 1033 effectum,

1932 1070 2067 1127 dixit
2091 1070 2326 1141 Eugenio
2358 1086 2371 1122 :
2398 1068 2440 1123 Ο
2472 1068 2753 1129 Melanthio
2788 1065 3078 1135 nigredinis
3111 1079 3329 1128 nomen,
3359 1072 3413 1118 et
3438 1072 3518 1116 te-

1934 1164 2165 1219 nebrosa
2191 1163 2496 1230 Melanthio,
2522 1162 2773 1232 applicari
2808 1160 2978 1225 fecisti
3001 1159 3236 1223 aculeos,
3262 1155 3520 1226 suspendi

1934 1254 2182 1325 principis
2242 1255 2598 1323 Christianos.
2658 1255 2899 1318 Datum],
2960 1260 3200 1323 percute,
3260 1249 3522 1315 incende,

1934 1346 2073 1419 bene
2120 1362 2216 1402 rios
2258 1361 2305 1415 ιιι
2324 1346 2491 1414 cipis;
2552 1362 2655 1399 non
2698 1356 2872 1409 tamen
2924 1344 3053 1405 tales
3101 1342 3257 1397 habet
3303 1340 3529 1409 famulos

1932 1437 2198 1503 Christus,
2229 1440 2418 1509 quales
2458 1450 2510 1493 tu
2556 1439 2788 1505 testaris.
2821 1437 3021 1492 'I'amcn
3055 1434 3249 1489 adduci
3301 1433 3527 1502 pt‘.t:t:ipc
3564 1494 3567 1497 ν

1934 1535 2205 1598 ancillam,
2236 1549 2391 1604 quam
2420 1543 2607 1589 testem
2635 1533 2801 1595 nostri
2832 1531 3072 1586 criminis
3093 1545 3213 1585 esse
3239 1528 3435 1601 dedsti,
3465 1535 3521 1580 ut

1933 1640 1998 1693 et;
2022 1641 2116 1699 ore
2147 1626 2263 1696 ejus
2289 1626 2457 1696 possit
2477 1625 2734 1681 denudari
2774 1622 3131 1687 mendacium.
3168 1621 3403 1688 Cumque
3430 1632 3526 1685 ap-

1931 1721 2122 1790 plicata
2171 1720 2361 1775 fuisset
2408 1720 2459 1783 in
2489 1728 2778 1788 conspectu
2834 1716 3054 1787 jutlicis,
3091 1715 3251 1782 coepit
3303 1713 3525 1779 dicere:

1932 1810 2100 1865 Istum
2138 1811 2391 1881 juvenem
2425 1808 2926 1880 impudicissimum,
2979 1806 3284 1873 frequenter
3312 1801 3527 1869 quidem

1934 1905 2077 1959 circa
2109 1904 2236 1958 viles
2267 1918 2520 1973 personas
2551 1902 2820 1956 detectum
2862 1899 2915 1952 in
2949 1896 3243 1958 adulteriis,
3288 1892 3400 1961 ipsa
3430 1892 3530 1959 ἱιιιέ

1937 1995 2151 2067 punitas
2180 1996 2245 2050 ad
2278 1995 2379 2051 hoc
2404 2010 2524 2050 eum
2557 1994 2823 2064 perduxit,
2866 2000 2922 2045 ut
2950 1990 3107 2044 etiam
3133 1987 3363 2042 domina:
3396 1997 3530 2039 meae

1932 2090 2076 2145 circa
2112 2089 2336 2158 primam
2380 2088 2567 2142 horam
2601 2086 2705 2141 diei
2734 2083 3036 2147 cubiculum
3070 2078 3409 2149 impudenter
3448 2078 3529 2131 in-

1932 2197 2169 2253 gressus,
2195 2166 2365 2250 primo
2392 2179 2609 2250 quidem
2642 2193 2892 2233 sermone
2914 2175 3065 2248 quasi
3102 2189 3195 2241 pro
3217 2174 3388 2225 salute
3415 2169 3531 2238 ejus

1936 2276 2146 2329 veniret
2197 2274 2492 2337 indicaret;
2536 2272 2771 2326 secundo
2813 2286 2906 2340 pro
2937 2284 3029 2333 sua
3061 2261 3526 2333 concupiscentia;

1935 2374 1991 2421 et
2013 2366 2169 2420 tertio
2199 2366 2357 2421 etiam
2388 2364 2455 2418 ad
2488 2362 2819 2429 violentiam,
2847 2360 2890 2413 si
2933 2358 3131 2425 cursim
3163 2370 3259 2424 ego
3292 2356 3529 2423 ingressa

1937 2459 2193 2513 familiam
2223 2474 2329 2513 non
2370 2470 2671 2525 vocassent,
2727 2469 2843 2523 qua:
2891 2450 3048 2505 hodie
3091 2446 3245 2518 hujus
3293 2443 3530 2499 criminis

1936 2540 2087 2609 testis
2117 2546 2221 2619 es't.
2249 2551 2397 2609 Tunc
2426 2551 2705 2621 przciectus
2736 2563 2798 2603 ex
2824 2546 3020 2605 familia
3042 2542 3231 2609 adesse
3259 2541 3409 2608 jubet
3433 2539 3531 2594 ali-

1936 2663 2091 2717 quos,
2116 2650 2203 2717 qui
2228 2648 2297 2701 ita
2321 2656 2531 2721 gestum
2550 2660 2671 2701 esse
2687 2659 2786 2707 suo
2806 2640 3113 2703 testimonio
3129 2636 3529 2693 confirmarent.

1936 2740 2179 2810 Cmnque
2200 2720 2597 2809 applicarentur
2624 2737 2823 2808 singuli
2854 2736 2924 2797 ita
2967 2748 3087 2789 esse
3118 2740 3177 2787 ut
3206 2730 3293 2787 illa
3325 2729 3531 2787 dixerat

1937 2833 2303 2900 testabantur.
2334 2833 2484 2893 'I‘unc
2506 2830 2670 2900 judex
2695 2830 3039 2899 vehementer
3069 2833 3390 2889 commotus,
3423 2820 3532 2875 ait:

1937 2928 2073 2993 Quid
2116 2926 2181 2979 ad
2210 2926 2344 2991 haec,
2380 2924 2627 2991 infausta,
2663 2923 3018 2987 dicturuses,
3059 2934 3217 2988 quem
3251 2927 3326 2975 tot
3348 2919 3530 2973 revin-

1892 3028 1899 3034 '
1936 3030 2062 3074 eunt
2091 3027 2274 3083 testes,
2311 3025 2559 3087 tantaque
2588 3014 2785 3070 indicia
2817 3012 3203 3073 manifestam?

2007 3157 2134 3210 Car.
2176 3154 2294 3209 XV.
2336 3172 2407 3194 ἀ-
2431 3153 2508 3207 Ad
2537 3150 2653 3206 haec
2684 3150 2835 3205 beata
2870 3148 3107 3216 Eugenia
3146 3145 3221 3197 ait
3252 3160 3265 3195 :
3294 3142 3533 3209 Tempus

1938 3254 2189 3323 loquendi
2222 3260 2325 3319 est,
2350 3250 2471 3320 quia
2505 3258 2715 3317 tempus
2735 3244 2944 3300 tacendi
2976 3238 3181 3297 tran~iit
3208 3237 3398 3309 (Eccli.
3426 3232 3531 3303 tn).

232 3346 494 3427 feminam
525 3350 736 3423 mentiri
770 3367 874 3406 non
904 3366 1081 3422 posse.
1113 3351 1250 3419 Quid
1286 3353 1495 3407 multa?
1529 3352 1687 3409 Venit
1716 3352 1833 3408 dies
1860 3361 1909 3426 ο
1940 3349 2260 3418 Optaveram
2294 3338 2510 3413 quidem
2540 3342 2742 3395 crimen
2766 3337 3034 3406 objectum
3060 3337 3108 3386 in
3138 3331 3312 3427 futuro
3330 3328 3459 3400 judic
3482 3325 3535 3381 io

233 3440 491 3497 funermn
528 3453 872 3517 constitutus,
904 3454 957 3499 et
988 3446 1040 3500 in
1070 3461 1172 3516 qua
1204 3447 1472 3501 universa:
1501 3447 1746 3501 civitates
1778 3447 1831 3502 in

236 3536 426 3605 vicino
470 3539 658 3613 positae
687 3538 1041 3605 conveniunt,
1070 3548 1126 3592 ut
1157 3539 1401 3594 viderent
1428 3538 1661 3595 ferarum
1696 3539 1833 3594 tradi

232 3628 515 3683 morsibus
544 3641 891 3705 corruptores
917 3648 932 3697 ;
968 3632 1380 3699 introducuntur
1424 3633 1477 3687 in
1507 3633 1711 3688 catenis
1733 3674 1746 3697 ,
1780 3640 1837 3686 et

233 3737 266 3776 a
322 3721 614 3801 collaribus
660 3721 850 3797 ferreis
900 3738 1020 3777 cum
1070 3724 1225 3781 beata
1277 3724 1546 3795 Eugenia;
1580 3733 1636 3780 et
1684 3725 1834 3781 nullo

241 3826 580 3891 agnoscente
605 3816 750 3888 quod
773 3824 919 3873 esset
946 3817 1147 3873 femina
1174 3858 1188 3882 ,
1220 3817 1423 3871 clamor
1453 3818 1634 3887 populi
1659 3818 1836 3874 diver-

234 3907 316 3963 sis
347 3892 628 3964 sententiis
651 3910 948 3980 ingruebat.
985 3910 1133 3965 Tunc
1158 3908 1378 3978 iubetur
1404 3909 1596 3964 adduci
1623 3910 1836 3979 propin-

233 4002 421 4075 quius,
448 4013 507 4056 ut
527 4018 630 4069 non
655 4017 748 4075 per
773 4005 1130 4058 internuntios
1152 4017 1268 4058 eam
1296 4003 1581 4073 praefectus
1602 4004 1832 4070 audiret,

236 4095 337 4173 sed
356 4109 428 4151 ex
449 4108 542 4149 ore
561 4095 677 4164 ejus
698 4095 1313 4152 addisceretveritatem.
1340 4101 1601 4165 Aptantnr
1621 4096 1835 4167 equulei

238 4198 300 4239 et
332 4202 580 4253 veri-era,
607 4186 836 4261 flamma:
861 4229 879 4255 ,
906 4197 1138 4249 tortores
1164 4230 1179 4255 ,
1211 4198 1264 4245 et
1294 4199 1485 4244 caetera
1518 4205 1637 4259 qua:
1662 4190 1837 4249 solent

238 4278 562 4335 abscondita
589 4282 768 4336 cnrdis
787 4282 1132 4352 exsculpere,
1157 4293 1545 4353 praeparantur.

315 4396 447 4451 Car.
482 4395 618 4451 XIV.
642 4426 710 4438 ——
730 4397 881 4453 .Tunc
905 4398 1187 4468 praefectus
1215 4400 1489 4470 Philippus
1512 4400 1646 4454 dixit
1670 4416 1685 4453 :
1716 4401 1828 4465 Dic,

238 4490 661 4549 sceleratissime
708 4492 1135 4549 Christianorum
1163 4536 1177 4559 ,
1228 4495 1330 4548 hoc
1385 4493 1542 4548 vobis
1590 4493 1835 4547 Christus

245 4594 436 4639 vester
465 4583 679 4639 tradidit
709 4584 762 4638 in
794 4585 1057 4639 mandatis
1085 4626 1097 4645 ,
1132 4597 1189 4639 ut
1215 4600 1432 4654 cperam
1474 4584 1837 4651 corruptioni-

237 4677 342 4732 hus
372 4678 544 4747 detis.
576 4688 631 4733 et
656 4678 928 4744 pudorem
960 4686 1122 4747 atque
1147 4678 1526 4733 verecundiam
1566 4685 1837 4730 matrona-

247 4772 359 4828 lem
396 4774 730 4827 fraudulenta
758 4773 950 4828 astutia
981 4771 1241 4841 capiatis?
1262 4771 1357 4827 Dic
1388 4785 1560 4834 nunc,
1593 4770 1835 4838 furcifer,

240 4882 363 4931 qua:
404 4877 457 4920 te
491 4874 764 4922 temeritas
807 4865 1009 4935 coegit,
1047 4874 1104 4919 ut
1137 4863 1399 4918 illustrem
1446 4860 1697 4916 feminam
1728 4861 1838 4917 Mc-

240 4959 507 5017 lantbiam
537 4969 840 5031 appeteres,
872 4970 926 5014 et
951 4962 1225 5029 ingressus
1255 4957 1363 5014 sub
1393 4956 1573 5025 specie
1604 4956 1834 5024 medici,

242 5052 553 5108 castitatem
599 5051 1069 5121 generosissimam
1115 5050 1182 5105 ad
1224 5049 1559 5119 lupanariam
1604 5049 1836 5119 ignomi-

243 5147 390 5209 niam
424 5146 780 5215 provocares?
816 5146 1053 5201 Audiens
1086 5147 1206 5201 haec
1244 5144 1401 5201 beata
1436 5144 1675 5215 Eugenio
1701 5184 1716 5210 ,
1750 5159 1838 5198 ca-

246 5243 357 5310 pite
376 5239 732 5307 demisso,.ne
749 5238 917 5308 possit
936 5238 1179 5308 agnosci,
1207 5237 1386 5292 taliter
1408 5236 1553 5292 dedit
1584 5235 1840 5306 praefecto

245 5345 568 5399 responsum
596 5346 617 5389 :i
644 5329 904 5389 Dominus
931 5344 1083 5385 meus
1119 5328 1276 5385 Jesus
1301 5329 1550 5384 Christus
1576 5367 1592 5394 ,
1624 5328 1711 5383 cui
1740 5343 1843 5398 ego

246 5425 430 5481 servio
456 5467 471 5493 ,
503 5424 805 5487 castitatem
852 5423 1067 5489 docuit,
1096 5430 1165 5483 et,
1192 5423 1556 5493 integritatem
1598 5422 1842 5491 corporis

246 5518 687 5577 cnstodientibus
703 5516 865 5577 vitam
896 5518 1158 5587 promittit
1185 5529 1465 5573 aaternam.
1492 5516 1640 5572 Hanc
1662 5524 1843 5572 autem

247 5609 599 5666 Melanthiam
630 5610 816 5667 falsam
843 5620 1037 5667 testem
1060 5625 1207 5665 nunc
1234 5623 1521 5679 possumus
1548 5609 1845 5673 declarare,

251 5707 350 5767 sed
374 5708 570 5763 tuelius
590 5715 674 5762 est
704 5715 760 5761 ut
784 5720 888 5775 nos
915 5705 1181 5773 patiamur
1212 5704 1348 5760 mala
1382 5719 1545 5774 quam
1570 5703 1682 5773 illa,
1716 5702 1845 5757 dum

246 5801 505 5856 convicta
535 5799 735 5865 fuerit,
780 5799 980 5869 aliquid
1015 5798 1251 5869 patiatur
1272 5839 1288 5864 ,
1324 5813 1390 5853 ne
1423 5807 1478 5853 et
1514 5795 1721 5852 fructus
1754 5811 1848 5867 pa-

245 5895 460 5951 tientize
493 5904 691 5949 nostrai:
739 5894 1025 5964 depereat;
1078 5893 1173 5947 sed
1225 5899 1403 5948 tamen
1426 5934 1439 5958 ,
1468 5892 1513 5946 si
1556 5907 1651 5963 per
1680 5892 1850 5946 victo-

248 5988 394 6045 riam
415 5987 719 6061 principum
745 5995 1170 6061 teeteturivestra
1187 5985 1493 6044 sublimitas
1522 5984 1663 6055 quod
1686 5983 1847 6053 3&5

1940 3440 2220 3505 denudari,
2253 3448 2300 3493 et
2334 3436 2634 3491 castitatem
2666 3448 2838 3487 meam
2872 3429 2944 3485 illi
2976 3427 3075 3484 soli
3106 3423 3410 3488 ostendere,
3435 3435 3535 3476 cu-

1935 3537 2026 3608 jus
2057 3550 2246 3589 amore
2266 3532 2527 3588 servanda
2552 3539 2654 3586 est.
2679 3530 2881 3584 Tamen
2906 3544 2971 3581 ne
2993 3524 3249 3596 glorietur
3274 3521 3325 3576 in
3349 3531 3534 3575 servos

1939 3614 2143 3685 Chrisii
2177 3627 2335 3682 fallax
2364 3623 2610 3689 audacia,
2641 3633 2692 3678 et
2726 3622 2907 3692 paucis
2937 3619 3160 3690 pandam
3192 3614 3369 3670 verbis
3397 3611 3510 3667 veri

1942 3733 2128 3789 latent,
2160 3737 2267 3776 non
2294 3719 2685 3790 adjactantiam
2718 3698 2962 3769 humanae
2986 3706 3409 3772 declamationis,
3441 3701 3535 3757 sed

1940 3822 2005 3874 ad
2045 3819 2270 3889 gloriam
2314 3813 2548 3869 nominis
2589 3810 2812 3866 Christi.
2858 3808 3029 3864 Tanta
3071 3804 3215 3859 enim
3254 3807 3336 3854 est
3364 3799 3535 3853 virtus

1942 3912 2179 3967 nominis
2208 3908 2346 3979 ejus,
2377 3914 2436 3961 ut
2458 3905 2619 3962 etiam
2650 3903 2863 3959 femina:
2895 3903 2947 3956 in
2981 3901 3173 3953 timore
3201 3892 3316 3963 ejus
3347 3890 3537 3962 posita:

1940 4004 2147 4059 virilem
2175 3992 2451 4058 obtineant
2499 3998 2845 4068 dignitatem;
2877 4003 2931 4049 et
2969 4004 3139 4059 neque
3165 3991 3212 4044 ei
3244 4000 3405 4043 sexus
3455 3981 3537 4036 di—

1938 4098 2165 4155 versitas
2207 4096 2311 4153 fide
2352 4103 2530 4169 potest
2574 4089 2802 4149 invenri
2852 4086 3125 4158 superior,
3178 4096 3298 4137 cum
3348 4078 3537 4133 beatus

1941 4194 2138 4249 Paulus
2180 4193 2476 4262 apostolus,
2531 4188 2782 4258 magister
2828 4182 3065 4239 omnium
3089 4176 3534 4262 Christianorum,

1941 4290 2084 4344 dicat
2115 4260 2253 4356 quod
2287 4284 2427 4354 apud
2461 4282 2743 4337 Dominum
2787 4293 2892 4333 non
2922 4276 2989 4330 sit
3018 4271 3271 4328 discretio
3312 4260 3536 4324 masculi

1940 4392 1996 4437 et
2032 4380 2272 4443 femina),
2327 4390 2516 4431 omnes
2568 4374 2711 4429 enim
2762 4371 2815 4425 in
2871 4366 3088 4423 Christo
3139 4376 3304 4416 unum
3352 4369 3538 4414 sumus

1943 4474 2145 4544 (Calai.
2175 4472 2276 4542 ιιι).
2312 4470 2480 4539 llujus
2511 4482 2640 4538 ergo
2672 4478 2911 4519 normam
2944 4460 3125 4514 animo
3153 4454 3393 4509 fervente
3412 4464 3537 4544 sust

1940 4540 2083 4636 cepi,
2113 4577 2166 4619 et
2202 4540 2270 4618 ex
2298 4562 2621 4619 confidentia
2654 4572 2812 4627 quam
2846 4556 2897 4608 in
2929 4550 3143 4607 Christo
3177 4546 3360 4610 habui,
3388 4540 3538 4599 nolui

1941 4678 2062 4720 esse
2093 4661 2311 4720 femina.
2353 4658 2448 4713 sed
2476 4656 2836 4725 virginitatem
2866 4646 3259 4704 immaculatam
3291 4654 3397 4699 tota
3422 4641 3539 4696 aui-

1870 4755 1920 4816 D
1948 4759 2018 4813 mi
2048 4754 2343 4810 intentione
2369 4762 2717 4813 conservans,
2750 4746 2922 4799 virum
2958 4741 3102 4813 gessi
3142 4745 3452 4794 constanter
3484 4735 3539 4791 in

1948 4848 2186 4904 Christo.
2217 4844 2331 4900 Non
2364 4844 2508 4900 enim
2540 4838 2852 4897 infrunitam
2897 4832 3195 4890 honestatis
3246 4827 3540 4884 simulatio-

1950 4968 2070 5007 nem
2112 4948 2479 5017 assumpsi,ut
2508 4946 2588 4999 vir
2618 4943 2869 4998 feminam
2918 4934 3267 4997 simularem;
3318 4927 3412 4983 sed
3459 4924 3539 4979 fe-

1950 5044 2094 5099 mina
2113 5040 2338 5096 viriliter
2365 5038 2597 5108 agendo,
2630 5038 2804 5090 virum
2832 5029 3000 5101 gessi,
3032 5023 3390 5095 virginitatem
3423 5030 3540 5084 quin

1950 5142 2003 5195 in
2033 5136 2248 5192 Christo
2288 5145 2369 5189 est
2399 5133 2606 5188 fortiter
2636 5124 3029 5199 amp'ectendo.
3065 5121 3129 5176 Et
3168 5118 3285 5172 hinc
3330 5114 3536 5173 dicens,

1950 5232 2111 5288 scidit
2137 5246 2167 5286 a
2196 5230 2370 5298 capite
2398 5227 2657 5291 tunicam,
2687 5238 2790 5294 qua
2827 5230 2943 5277 erat
2972 5217 3176 5282 induta,
3202 5221 3257 5267 et
3295 5208 3542 5280 apparuit

1950 5326 2165 5383 femina.
2201 5325 2264 5380 Et
2287 5324 2464 5378 statim
2482 5323 2559 5375 ad
2590 5318 2898 5391 prefectum
2924 5315 2998 5369 ait
3022 5331 3035 5367 :
3061 5311 3141 5365 'I‘u
3170 5304 3299 5363 mihi
3325 5301 3539 5374 quidem

1951 5421 2243 5477 secundum
2268 5432 2483 5474 carnem
2517 5420 2689 5486 pater,
2713 5410 2935 5467 Claudia
2962 5416 3134 5461 mater
3150 5412 3253 5468 est,
3278 5408 3331 5454 et
3353 5399 3543 5451 fratres

1951 5516 2004 5572 hi
2036 5516 2144 5572 duo
2169 5515 2259 5587 qui
2286 5525 2461 5571 tecum
2491 5510 2703 5578 sedent,
2741 5505 2923 5561 Avitus
2950 5512 3004 5557 et
3029 5500 3269 5571 Sergius.
3307 5498 3416 5566 Ego
3442 5509 3539 5547 au-

1953 5619 2061 5665 tem
2085 5609 2320 5678 Eugenia
2344 5606 2447 5661 tilia
2472 5614 2582 5671 tua,
2607 5606 2725 5673 qua:
2748 5612 2845 5669 pro
2860 5609 3043 5650 amore
3061 5590 3261 5648 Christi
3286 5588 3540 5643 mundum

1954 5720 2169 5760 omnem
2220 5716 2340 5756 cum
2392 5697 2595 5754 deliciis
2633 5695 2744 5750 suis
2790 5690 2967 5760 respui
3022 5697 3271 5755 tanquam
3313 5692 3538 5736 stercus.

1955 5800 2095 5855 Ecce
2114 5797 2308 5851 Protus
2338 5802 2391 5847 et
2428 5787 2756 5862 Hyacinthus
2785 5784 3012 5839 cunttchi
3041 5782 3166 5847 mei,
3198 5792 3317 5834 cum
3345 5774 3543 5846 quibus

1955 5888 2194 5944 scholam
2236 5882 2434 5940 Christi
2477 5881 2717 5951 ingressa
2749 5890 2867 5931 sum
2902 5892 2913 5928 :
2947 5872 3195 5928 Christus
3221 5876 3398 5922 autem
3434 5876 3543 5918 tam

1956 5983 2180 6041 idoneus
2203 5981 2272 6038 ibi
2301 5980 2527 6048 exstitit,
2553 5984 2611 6032 ut
2630 5969 2902 6030 victricem
2929 5964 3208 6024 libidinum
3229 5958 3404 6016 omnis
3430 5955 3544 6028 pol-
