4158 6354
555 430 660 501 MS

1596 422 1686 484 DE
1725 422 1903 483 VITIS
1942 410 2229 479 PATRUM
2269 406 2475 471 LIBER
2514 404 2773 469 PRIMUS

3731 391 3836 456 Old

555 552 769 611 Iutionis
819 560 906 605 me
958 544 1162 602 faceret
1208 558 1303 615 per
1356 538 1778 598 misericordiam
1828 551 2003 601 suam,
2059 532 2145 589 cui
2173 537 2221 595 Α
2249 527 2536 593 exhibeas,
2569 525 2676 590 vel,
2707 518 2950 593 deposita
2975 516 3254 588 dignitate,
3302 509 3470 571 etiam
3499 512 3734 584 propriis
3766 516 3843 570 ta-

553 645 718 702 credo
746 655 912 712 usque
942 640 995 695 in
1026 639 1181 694 linem
1214 652 1301 692 tne
1327 634 1525 706 jugiter
1550 644 1974 703 permansuram.

628 780 757 836 Car.
802 777 940 834 XVI.
966 808 1035 817 ——
1063 777 1428 847 Agnoscentes
1475 772 1651 841 itaque
1681 777 1830 839 pater
1859 766 2041 831 tiliam,
2091 772 2146 820 et

558 888 800 929 sororem
834 870 1049 937 fratres,
1091 868 1229 925 servi
1279 866 1570 930 dominam,
1607 870 1827 918 currunt
1866 859 2044 914 statim
2079 857 2145 911 ad

555 980 709 1029 eam;
748 958 812 1018 et
854 962 1189 1018 ettundentes
1232 961 1495 1030 lacrymas
1536 956 1589 1010 in
1618 961 1907 1022 conspectu
1941 949 2144 1019 populi,

555 1053 891 1122 amplexibus
920 1052 1038 1122 ejus
1060 1049 1396 1105 incumbunt.
1432 1043 1718 1100 Nuntiatur
1766 1043 1961 1097 factum
1993 1040 2150 1095 Clau-

563 1148 664 1202 dia:
708 1145 888 1213 matri,
946 1155 1000 1201 et
1046 1145 1225 1199 statim
1255 1158 1415 1199 cursu
1456 1138 1663 1197 concito
1690 1138 1755 1191 ad
1786 1136 2149 1207 spectaculum

560 1243 729 1297 venit.
763 1241 1084 1296 Deferuntur
1110 1241 1425 1295 vestimenta
1455 1253 1585 1290 auro
1619 1242 1780 1299 texta,
1814 1241 1869 1286 et
1906 1231 2028 1286 licet
2071 1231 2154 1285 in-

558 1332 687 1400 vita,
738 1330 994 1395 induitur,
1041 1337 1201 1399 atque
1253 1329 1303 1383 in
1349 1325 1562 1383 excelso
1593 1322 1840 1378 tribunali
1872 1321 2065 1392 posita,
2098 1320 2153 1376 in

559 1423 789 1480 sublime
819 1422 1098 1490 attollitur,
1131 1429 1184 1477 et
1205 1422 1271 1477 ab
1291 1421 1438 1476 omni
1467 1421 1666 1491 pepulo
1689 1416 1984 1471 clamatur:
2005 1417 2156 1473 Unus

563 1513 1002 1583 Christus,'unus
1031 1523 1083 1570 et
1112 1529 1271 1570 verus
1323 1515 1462 1571 Deus
1510 1516 1960 1571 Christianorum.
2013 1512 2155 1567 Sane

568 1609 880 1665 sacerdotes
929 1619 982 1663 et
1013 1608 1271 1677 episcOpi,
1306 1610 1394 1678 qui
1426 1624 1544 1663 cum
1578 1610 1744 1663 multo
1777 1605 1972 1676 populo
1998 1601 2157 1659 Chri-

566 1702 741 1756 stiano
766 1710 887 1755 ante
915 1698 1365 1769 amphitheatrum
1398 1708 1569 1762 erant,
1599 1707 1653 1753 et
1678 1700 1801 1752 dum
1829 1696 2054 1751 fuissent
2080 1695 2158 1747 in-

570 1790 781 1847 terfecti
813 1790 865 1845 hi
897 1791 986 1860 qui
1015 1790 1422 1856 accusabantur,
1453 1790 1519 1843 ah
1541 1790 1745 1843 eisdem
1780 1786 2157 1856 sepelirentur,

570 1880 966 1951 ingrediuntur,
1002 1881 1112 1934 Deo
1154 1878 1410 1949 hynmum
1462 1879 1721 1943 dicentes,
1773 1887 1929 1945 atque
1972 1888 2159 1929 omnes

567 1989 672 2030 una
702 1988 833 2028 voce
860 1973 1151 2026 clamantes
1197 1985 1219 2047 :_
1247 1971 1472 2025 Dextera
1514 1970 1723 2025 Domini
1765 1968 2060 2038 glorificata
2081 1974 2163 2019 est

571 2067 624 2123 in
669 2067 889 2132 virtute,
938 2065 1157 2119 dextera
1209 2078 1398 2118 manus
1446 2074 1555 2130 tua,
1614 2062 1860 2127 Domine,
1904 2058 2166 2128 confregit

573 2159 840 2216 inimicos.
868 2158 1095 2213 Tollitur
1134 2171 1262 2225 ergo
1304 2157 1355 2209 in
1411 2153 1682 2224 triumpho
1710 2152 1982 2224 Eugenia;
2014 2160 2069 2205 et
2098 2164 2168 2204 ne

578 2260 727 2306 tanto
755 2250 951 2320 gaudio
980 2248 1157 2319 populi
1188 2247 1303 2317 ejus
1334 2247 1591 2303 defuisset
1617 2246 1859 2317 probatio
1882 2244 2165 2307 castitatis,

583 2344 730 2398 visus
757 2353 841 2397 est
868 2344 1003 2415 ignis
1025 2341 1090 2396 de
1113 2342 1251 2397 coelo
1282 2341 1639 2407 descendens,
1688 2342 1777 2409 qui
1827 2340 1898 2394 ita
1942 2340 2172 2393 circum-

572 2435 721 2492 dedit
769 2436 985 2490 domum
1019 2434 1346 2500 Melanthiw,
1394 2443 1452 2487 ut
1489 2450 1589 2489 nec
1618 2432 1897 2503 vestigium
1948 2431 2171 2507 alicujus

574 2528 650 2584 rei
692 2543 811 2598 qua:
842 2527 909 2581 ad
938 2541 1055 2583 eam
1090 2526 1392 2597 pertinebat
1422 2525 1757 2580 remanserit.
1812 2525 1897 2579 Fit
1917 2524 2169 2593 gaudium

577 2621 760 2692 populi
793 2635 913 2675 curn
948 2619 1141 2674 timore
1166 2618 1292 2684 Dei;
1325 2618 1554 2673 ecclesia
1584 2632 1703 2688 quae
1739 2616 1873 2688 jam,
1916 2616 2065 2686 quasi
2092 2615 2173 2671 vi-

577 2715 764 2783 duata,
797 2722 989 2768 octavo
1014 2727 1155 2767 anno
1195 2713 1378 2766 clausa
1418 2711 1613 2776 fuerat,
1648 2721 1940 2765 reseratur.
1986 2709 2169 2764 Revo-

580 2815 734 2861 cattn'
755 2806 1181 2859 Christianorum
1212 2804 1458 2873 populus,
1490 2803 1786 2873 baptizatur
1818 2802 2098 2873 praefectus
2120 2802 2174 2856 in

579 2898 812 2956 fascibus
839 2898 1183 2961 constitutus,
1216 2898 1552 2965 baptizantur
1583 2897 1678 2952 lilii
1702 2898 1841 2966 ejus,
1877 2898 2177 2966 baptizatur

586 3001 761 3049 mater
791 2991 909 3060 ejus
935 2987 1177 3046 Claudia.
1231 2989 1482 3044 Restituit
1531 2989 1805 3059 privilegia
1834 2985 2175 3054 Christianis,

583 3096 639 3142 et
682 3086 845 3142 mittit
896 3085 1215 3142 relationem
1267 3084 1333 3139 ad
1384 3083 1643 3140 Severum
1686 3083 2064 3154 imperatorem
2109 3083 2178 3139 de

582 3178 925 3244 Christianis,
958 3185 1015 3234 et
1045 3186 1307 3234 memorat
1334 3177 1462 3232 satis
1504 3177 1812 3247 reipublicae
1840 3177 2179 3232 Christianos

584 3274 863 3344 prodesse,
889 3272 1009 3329 ideo
1035 3272 1233 3328 debere
1263 3286 1356 3328 eos
1380 3272 1582 3342 absque
1608 3272 1978 3341 persecutione
2000 3270 2179 3339 aliqua

585 3365 639 3423 in
662 3365 885 3421 urbibus
903 3362 1163 3420 habitare.
1188 3363 1468 3419 Consentit
1491 3363 1844 3418 relationibus
1866 3362 2179 3431 imperator,

591 3470 645 3515 et
676 3459 734 3513 fit
784 3466 892 3512 tota
932 3455 1295 3511 Alexandrina
1339 3453 1528 3509 civitas
1578 3453 1728 3524 quasi
1778 3469 1882 3508 una
1932 3453 2180 3509 ecclesia.

592 3552 827 3622 Eratque
872 3551 1120 3605 omnibus
1172 3548 1480 3604 civitatibus
1523 3547 1799 3618 gaudium,
1843 3557 1897 3604 et
1952 3546 2185 3618 dignitas

589 3642 876 3701 Christiani
900 3641 1136 3701 noininis
1165 3641 1502 3697 ﬂorescebat.

661 3778 792 3835 Car.
833 3776 998 3834 XVII.
1024 3805 1094 3817 --
1122 3775 1227 3832 Sed
1258 3775 1378 3834 auia
1409 3788 1621 3842 semper
1641 3774 1977 3830 sanctitatem
2011 3786 2183 3828 temu-

594 3874 722 3930 latio
766 3874 1007 3944 sequitur
1045 3873 1264 3936 inimici,
1311 3881 1366 3926 et
1404 3878 1593 3926 contra
1646 3872 1942 3926 bonitatem
1990 3876 2191 3938 pugnat

596 3969 798 4025 malitia
827 3985 839 4020 :
873 3965 1102 4022 consilio
1141 3966 1339 4020 diaboli
1371 3965 1531 4035 aliqui
1556 3979 1622 4020 ex
1653 3963 1928 4019 honoratis
1952 3965 2186 4020 Alexan-

596 4060 1016 4125 driae/cultores
1044 4057 1329 4123 idolorum,
1356 4059 1684 4127 accipientes
1704 4056 1867 4128 3&6
1884 4070 2027 4127 aegre
2047 4056 2190 4126 quod

599 4151 924 4208 Christianis
956 4152 1229 4221 privilegia
1269 4151 1563 4219 tribuisset,
1587 4149 1864 4207 venientes
1883 4150 1948 4206 ad
1981 4165 2186 4220 regem,

601 4244 855 4300 dixerunt
880 4252 1077 4300 statum
1108 4244 1413 4314 reipublicae
1444 4243 1820 4299 conturbatum
1853 4259 1882 4296 a
1920 4242 2186 4313 Philippo,

599 4340 690 4409 qui
744 4353 865 4393 cum
913 4353 1052 4392 nono
1102 4351 1243 4390 anno
1288 4336 1341 4390 in
1384 4334 1619 4390 fascibus
1651 4335 2193 4403 irrepreheusihiliter

601 4430 1075 4498 administraverit,
1108 4444 1250 4484 nunc
1276 4428 1485 4484 decium
1510 4443 1650 4483 anno
1675 4428 1789 4500 (10)
1824 4428 2051 4498 perdidit
2079 4442 2198 4483 om-

605 4524 715 4580 nia.
768 4524 1008 4595 Deniqne
1052 4522 1276 4578 deorum
1323 4522 1703 4577 immortalium
1749 4520 1984 4577 deseruit
2031 4536 2196 4577 caere-

603 4616 835 4682 monias,
870 4625 923 4671 et
948 4631 1161 4671 omnem
1206 4614 1476 4671 civitatem
1506 4614 1573 4671 ad
1613 4614 1878 4669 culturam
1918 4613 2193 4685 cujusdam

2173 623 2176 632 '
2246 621 2532 679 cultatibus
2559 618 2740 675 cedas.
2782 633 2802 668 ι

2320 714 2449 769 Car.
2493 708 2682 766 XVIII.
2716 736 2784 749 --
2813 708 3045 773 Accepta
3076 701 3234 773 igitur
3272 700 3375 756 hac
3411 698 3637 770 Augusti
3666 708 3849 754 aucto-

2249 808 2429 871 ritate,
2464 802 2681 858 simulat
2710 797 3103 869 :egritudinem,
3136 808 3416 863 quousque
3444 790 3695 846 universa
3736 790 3846 845 dis-

2254 900 2514 964 traheret,
2544 906 2600 953 et
2626 898 2851 951 donaret
2878 902 2979 963 per
3002 902 3216 945 omnem
3248 883 3582 958 provinciam
3607 883 3851 938 ecclesiis

2252 1002 2305 1047 et
2332 990 2672 1061 pauperibus.
2701 986 2819 1057 Ipse
2842 992 3022 1039 autem
3046 979 3335 1051 praefectus
3367 979 3422 1034 in
3452 978 3648 1033 timore
3677 974 3775 1030 Dei
3800 983 3852 1029 et

2256 1082 2309 1137 in
2350 1083 2560 1138 cultura
2589 1079 2785 1135 Christi
2819 1077 2978 1132 etiam
3008 1074 3144 1129 alios
3171 1070 3505 1127 confortabat
3527 1069 3579 1124 in
3607 1068 3854 1124 Christo.

2256 1175 2462 1232 Interea
2508 1174 2681 1231 onmis
2728 1168 3047 1227 Alexandria
3091 1165 3370 1235 conspirat
3396 1164 3449 1217 in
3478 1162 3858 1230 episcopatum

2263 1269 2380 1339 ejus
2411 1252 2550 1339 (I3),
2568 1275 2620 1322 et
2637 1265 2801 1334 ccepit
2825 1277 2945 1318 eum
2972 1257 3275 1329 respublica
3296 1253 3495 1310 habere
3521 1250 3858 1321 praefectum,

2260 1360 2384 1432 quia
2415 1374 2693 1416 successor
2725 1357 2774 1413 ei
2800 1354 3035 1411 nondum
3059 1358 3296 1411 venerat,
3322 1357 3377 1403 et
3396 1344 3631 1403 ecclesia
3661 1343 3862 1398 habere

2262 1452 2598 1521 episcopum,
2632 1450 2750 1518 quia
2781 1447 2976 1502 merito
3002 1442 3121 1497 fidei
3144 1441 3244 1496 sibi
3268 1454 3391 1496 eum
3419 1438 3659 1505 elegerat
3680 1448 3865 1491 sacer-

2264 1544 2471 1599 dotem.
2506 1542 2724 1597 Duravit
2754 1548 2929 1594 autem
2960 1537 3012 1592 in
3044 1535 3356 1605 episcopatu
3385 1543 3552 1586 unum
3577 1541 3781 1584 annum
3811 1535 3866 1582 et

2264 1650 2478 1691 menses
2509 1643 2637 1689 "'68.

2346 1730 2477 1784 Cn.
2523 1725 2665 1781 XIX.
2708 1753 2777 1763 -—
2808 1722 2933 1776 Post
2982 1720 3096 1774 haec
3124 1724 3302 1772 autem
3334 1712 3506 1786 spatia
3538 1721 3868 1782 temporum,

2269 1822 2491 1878 veniens
2523 1816 2819 1873 Perennius
2850 1814 3130 1883 praefectus
3169 1808 3309 1880 (14),
3358 1807 3483 1864 dum
3526 1804 3872 1861 Alexandriae

2195 1931 2240 1990 Β
2266 1921 2532 1986 quareret
2561 1920 2841 1983 percutere
2869 1926 3009 1974 eum,
3065 1917 3115 1963 et
3148 1922 3253 1962 non
3284 1912 3487 1975 posset,
3521 1902 3649 1973 quia
3691 1903 3873 1956 omnis

2271 2008 2458 2063 civitas
2498 2005 2550 2059 in
2581 2018 2767 2057 amore
2793 2003 2911 2071 ejus
2941 1999 3190 2062 durabat,
3222 1993 3444 2051 immisit
3473 1991 3523 2048 ei
3555 1991 3645 2062 qui
3675 2005 3737 2046 se
3767 1991 3874 2043 Iin-

2271 2109 2459 2173 gerent
2513 2097 2885 2161 Christianus,
2926 2102 2981 2150 et
3028 2090 3426 2162 ingredientes,
3489 2092 3876 2157 percusserunt

2272 2209 2395 2250 eum
2426 2192 2539 2264 (15)
2586 2191 2638 2245 in
2690 2190 2935 2245 oratione
2980 2187 3259 2242 Dominica
3315 2182 3688 2238 constitutum.
3749 2178 3878 2233 Post

2273 2288 2559 2344 traduntur
2584 2299 2927 2354 percussores
2951 2284 3204 2353 praefecto
3234 2281 3521 2336 Perennio.
3572 2274 3668 2331 Ille
3694 2283 3879 2327 autent

2273 2380 2537 2437 conscius
2551 2379 2810 2448 jussionis
2840 2392 2951 2432 suae
2991 2384 3042 2429 ct
3084 2373 3237 2444 quasi
3278 2369 3570 2426 audiendos
3614 2364 3882 2422 custodis

2276 2473 2623 2542 mancipavit,
2677 2478 2797 2540 post
2829 2481 3028 2538 paucos
3060 2476 3236 2521 autem
3277 2463 3392 2519 dies
3441 2460 3747 2532 principum
3797 2457 3883 2512 in-

2276 2564 2544 2635 dulgentia
2577 2564 2845 2618 relaxatos
2876 2558 3097 2615 dimisit.
3134 2555 3480 2612 Beatissimus
3519 2561 3701 2607 autem
3751 2548 3885 2605 Phi-

2278 2656 2452 2726 lippus
2478 2665 2594 2725 post
2616 2667 2998 2724 percussuram
3022 2651 3192 2705 tribus
3214 2648 3400 2704 diebus
3426 2645 3480 2700 in
3502 2656 3733 2713 corpore
3757 2654 3887 2697 esse

2280 2748 2570 2821 permissus
2619 2757 2731 2811 est,
2778 2760 2887 2800 non
2941 2743 3007 2798 ad
3052 2741 3219 2808 aliud,
3265 2740 3366 2796 nisi
3407 2739 3474 2795 ad
3507 2738 3672 2794 corda
3720 2736 3887 2791 dubia

2279 2842 2675 2905 confirmanda;
2701 2854 2822 2893 nam
2848 2847 2905 2894 ut
2928 2839 3184 2907 migraret
3207 2835 3272 2897 ad
3300 2834 3612 2898 Dominum,
3636 2829 3889 2902 martyrii

2280 2951 2341 2991 se
2370 2935 2540 2989 noluit
2578 2947 2772 2988 corona
2806 2930 3061 2995 fraudari,
3108 2937 3162 2983 et
3206 2929 3318 2997 ipse
3362 2928 3501 2981 hanc
3530 2934 3587 2981 ut
3614 2921 3892 2993 reciperet

2284 3028 2480 3084 Oravit.
2512 3026 2641 3080 Nam
2672 3024 2760 3096 qui
2790 3026 2843 3079 in
2874 3037 3097 3093 corpore
3118 3023 3320 3091 positus
3347 3017 3611 3074 daemonia
3645 3016 3891 3087 fugabat,

2292 3136 2349 3182 et
2374 3123 2713 3180 illuminabat
2743 3124 2983 3179 oratione
3008 3136 3203 3187 caecos,
3234 3131 3432 3191 quanto
3462 3119 3633 3191 magis
3679 3132 3741 3172 se
3789 3130 3894 3171 no-

2288 3219 2479 3274 luisset
2510 3216 2682 3287 palma
2724 3215 2970 3286 privari?
3030 3215 3243 3270 Poterat
3286 3214 3468 3282 utique
3495 3210 3636 3282 quod
3672 3208 3919 3265 volebat

2212 3319 2258 3384 C
2289 3314 2578 3382 impetiare
2608 3314 2726 3366 sine
2756 3309 2948 3377 dubio;
2997 3318 3052 3365 et
3082 3310 3153 3364 ita
3176 3309 3377 3379 recepit
3407 3316 3465 3362 ut
3493 3305 3767 3377 particeps
3790 3320 3896 3359 no-

2290 3406 2451 3463 minis
2478 3404 2734 3475 Philippi,
2770 3411 2911 3458 esset
2936 3403 3202 3473 particeps
3230 3411 3284 3457 et
3312 3415 3563 3465 coronae;
3610 3409 3667 3454 et
3713 3398 3897 3454 susci-

2291 3510 2488 3572 perent
2525 3508 2788 3569 martyres
2814 3498 3095 3568 collegam,
3120 3511 3277 3567 quem
3302 3498 3493 3552 merito
3512 3495 3754 3552 Ecclesia
3775 3508 3898 3549 sus-

2295 3603 2515 3662 ceperat
2569 3592 2929 3647 sacerdotem.
2982 3590 3139 3646 Juxta
3178 3590 3313 3645 atria
3352 3588 3533 3659 itaque
3583 3587 3658 3643 ibi
3705 3595 3899 3643 sancta

2290 3686 2527 3757 Eugenia
2579 3685 2688 3739 filia
2741 3685 2856 3755 ejus
2912 3685 3295 3741 monasterium
3340 3682 3541 3742 Christi
3593 3682 3923 3755 virginibus

2289 3780 2675 3845 collocaverat,
2707 3778 2812 3833 illic
2842 3794 2997 3834 suum
3017 3778 3177 3849 jussit
3205 3778 3456 3833 collocari
3488 3778 3914 3848 corpusculum,

2292 3874 2344 3928 in
2376 3888 2481 3943 quo
2510 3873 2629 3926 loco
2654 3870 2962 3926 beatissima
2992 3871 3214 3926 Claudia
3246 3869 3641 3927 xenoilochium
3673 3862 3921 3928 fabrica?

2292 3964 2406 4031 bat,
2434 3973 2488 4019 et
2515 3964 2787 4019 constituit
2823 3962 3020 4033 prmdia
3050 3980 3165 4033 qua:
3189 3964 3625 4033 susceptionihus
3650 3964 3923 4035 peregri-1

2293 4055 2535 4111 nantium
2566 4054 2937 4133 deservirem;
2962 4055 3075 4125 ipsa
3104 4068 3281 4111 autem
3308 4071 3429 4112 cum
3454 4057 3610 4112 Avito
3629 4066 3685 4112 et
3706 4056 3902 4129 Sergio

2296 4149 2442 4217 ﬁliis,
2472 4157 2525 4204 et
2552 4163 2672 4203 cum
2705 4149 2859 4203 beata
2889 4147 3127 4217 Eugenia
3153 4162 3395 4219 regressa
3425 4156 3509 4204 est
3536 4147 3792 4204 Romam.
3916 4142 3919 4151 ’

2367 4242 2497 4297 Car.
2541 4241 2661 4296 xx.
2686 4270 2759 4282 —
2778 4240 2939 4311 Igitur
2961 4240 3097 4296 Iilios
3122 4241 3353 4313 Philippi
3383 4256 3506 4297 cum
3530 4242 3678 4297 omni
3700 4226 3900 4312 gaudio

2295 4344 2513 4389 senatus
2547 4334 2765 4402 recepit
2795 4332 3178 4399 Romanorum,
3227 4343 3283 4388 et
3313 4347 3477 4388 unum
3510 4336 3897 4404 proconsulem

2296 4426 2700 4498 Carthaginem,
2753 4427 2916 4482 alium
2972 4426 3227 4483 vicarium
3267 4427 3463 4482 Africa:
3491 4427 3754 4498 dirigunt.
3819 4427 3900 4485 Ad

2297 4520 2512 4577 beatam
2546 4528 2725 4575 autem
2759 4519 3050 4590 Eugeniam
3079 4535 3205 4576 cunt
3236 4520 3420 4575 multae
3468 4529 3731 4576 matronae
3768 4535 3899 4576 con-

2300 4615 2569 4681 venirent,
2612 4622 2668 4670 et
2700 4628 2841 4685 pene
2879 4628 3068 4670 omnes
3114 4612 3369 4682 virgines,
3417 4628 3766 4685 quascunque
3812 4631 3901 4686 ρος

608 4707 843 4763 hominis
874 4724 1029 4778 quem
1061 4708 1229 4763 Judaei
1261 4707 1571 4763 occiderunt
1597 4707 1882 4762 convertit.
1941 4706 2059 4761 Non
2115 4717 2194 4762 est
2228 4707 2278 4767 D
2304 4711 2515 4779 tuisset,
2554 4720 2711 4766 notas
2752 4718 2844 4765 aut
2867 4712 3086 4775 amicas,
3120 4709 3319 4765 faceret
3345 4710 3507 4766 etiam
3536 4710 3755 4766 Christo
3787 4724 3900 4767 ere.

626 4799 819 4870 egibus
835 4799 1028 4855 vestris
1052 4799 1157 4854 ulla
1182 4799 1497 4855 reverentia.
1537 4798 1741 4854 Passim
1772 4798 1997 4868 quisque
2023 4806 2080 4852 ut
2101 4812 2193 4852 vo-

606 4892 776 4949 luerit
807 4892 1000 4962 templa
1032 4892 1332 4947 reverenda
1361 4890 1680 4962 ingreditur,
1732 4904 1840 4945 non
1887 4898 1944 4943 ut
1984 4888 2196 4944 colendi

610 4987 1046 5045 benevolentiam
1079 4988 1397 5056 pratendat,
1444 4997 1497 5041 et
1534 5000 1639 5040 non
1670 4994 1728 5040 ut
1752 4983 1883 5039 deos
1913 4997 2035 5039 esse
2064 4997 2198 5053 quos

609 5081 838 5138 colimus
863 5080 1079 5146 credat;
1123 5079 1217 5136 sed
1260 5087 1317 5134 ut
1353 5080 1497 5134 dicat
1541 5079 1774 5134 inﬁnitas
1817 5076 2199 5145 blaSpltemias,

606 5189 732 5230 saxa
761 5184 853 5231 aut
878 5174 1091 5230 metalla
1122 5174 1296 5244 potius
1334 5189 1496 5242 quam
1545 5172 1712 5229 divini
1756 5171 1991 5227 nominis
2027 5186 2198 5242 signa.

610 5267 735 5324 ιιωυ
760 5276 814 5324 et
843 5266 1039 5323 similia
1069 5268 1237 5322 multa
1267 5265 1410 5323 dicta
1446 5276 1577 5322 sunt
1610 5267 1812 5323 Severo
1841 5278 1895 5324 et
1932 5269 2203 5325 Antonino
2228 5269 2243 5278 '

609 5359 880 5429 Augustis.
912 5359 1012 5427 Qui
1052 5360 1306 5415 commoti
1340 5359 1477 5430 (II),
1512 5359 1826 5415 direxerunt
1854 5360 1919 5415 ad
1947 5377 2069 5417 eum
2100 5362 2202 5418 hu-

607 5450 908 5523 juscemodi
937 5451 1153 5508 decreta
1190 5470 1203 5505 :
1239 5470 1255 5503 ι
1287 5450 1453 5507 Divus
1484 5466 1674 5521 parens
1715 5461 1920 5521 noster,
1949 5452 2203 5510 Commo-

612 5544 714 5600 dus
754 5544 1023 5614 quondam
1072 5549 1366 5616 Augustus,
1411 5560 1518 5601 non
1548 5554 1607 5600 ut
1634 5545 1968 5617 praefectum,
2010 5547 2104 5603 sed
2147 5559 2206 5606 ut

612 5650 794 5708 regem
822 5636 939 5707 (I2)
965 5646 1014 5693 te
1039 5638 1379 5694 Alexandriae
1405 5630 1672 5694 ordinavit
1709 5646 1872 5709 atque
1907 5640 2201 5710 constituit,

612 5743 675 5789 ut
700 5731 827 5788 dum
860 5731 913 5786 in
941 5733 1045 5789 vita
1094 5748 1363 5801 maneres,
1395 5748 1762 5790 successorem
1803 5736 2005 5792 nullum
2036 5737 2204 5793 susci-

615 5841 794 5898 peres.
821 5825 971 5884 Unde
996 5828 1077 5885 bis
1098 5828 1374 5887 beneficiis
1392 5829 1508 5898 ejus
1531 5828 1893 5897 superaddere
1909 5831 2203 5900 cupientes,

619 5921 903 5979 statuimus
934 5930 990 5980 ut
1028 5922 1131 5981 diis
1177 5920 1636 5991 omnipotentibus
1685 5920 1896 5979 solitam
1945 5924 2202 5982 culturatr

2300 4805 2448 4871 dere,
2473 4814 2528 4860 et
2554 4804 2607 4860 in
2644 4802 2955 4874 virginitate
2975 4802 3242 4857 dominica
3267 4817 3584 4873 permanere
3610 4819 3624 4868 ;
3653 4804 3901 4873 quzedam

2302 4912 2371 4952 ex
2399 4896 2548 4968 regio
2570 4910 2770 4967 genere
2802 4895 2973 4967 virgo,
3003 4894 3197 4950 Basilla
3220 4895 3459 4965 nomine,
3497 4894 3752 4965 cupiebat
3783 4911 3901 4951 eam

2303 4988 2588 5059 attingere.
2618 4987 2725 5043 Sed
2754 4985 2875 5057 quia
2897 5001 3058 5043 causa
3090 4986 3326 5043 nominis
3355 4985 3651 5044 Christiani
3680 4988 3750 5043 ad
3781 5003 3900 5045 eam

2306 5082 2385 5138 ire
2416 5096 2523 5137 non
2556 5089 2792 5151 poterat,
2832 5080 3055 5150 rogabat
3084 5096 3182 5151 per
3221 5079 3612 5136 internuntium
3664 5080 3898 5147 ﬁdelem,

2308 5184 2369 5230 ut
2385 5191 2502 5231 eam
2526 5175 2595 5232 de
2617 5175 2881 5246 religione
2898 5176 3207 5231 Christiana
3228 5176 3542 5233 instrueret.
3571 5175 3724 5234 Tunc
3746 5177 3899 5233 beata

2305 5270 2541 5341 Eugenia
2583 5278 2845 5327 convocat
2880 5269 2948 5325 ad
2976 5284 3038 5326 se
3094 5270 3436 5328 beatissimus
3487 5270 3717 5327 comites
3771 5285 3897 5329 suos

2305 5363 2525 5419 Protmn
2554 5371 2610 5419 et
2647 5362 3043 5433 Hyacinthum,
3075 5373 3131 5420 et
3177 5364 3312 5420 dicit
3338 5364 3419 5421 eis
3466 5382 3479 5419 :
3533 5363 3898 5437 Accingimini

2308 5455 2498 5511 militia
2526 5454 2593 5509 ad
2621 5470 2781 5524 quam
2806 5470 2902 5511 vos
2927 5466 3190 5511 convocat
3217 5457 3465 5514 Christus
3492 5475 3506 5525 ;
3537 5473 3646 5530 quo
3676 5474 3774 5515 vos
3808 5460 3901 5514 Ba-

2306 5548 2443 5605 sillte
2469 5547 2691 5604 offeram
2714 5548 2815 5603 sub
2840 5549 3020 5617 specie
3041 5552 3298 5618 muneris,
3327 5562 3384 5607 ut
3412 5566 3507 5607 vos
3531 5534 3649 5607 eam
3674 5552 3727 5606 in
3748 5551 3897 5607 Chrio

2308 5652 2391 5697 sto
2414 5640 2621 5696 faciatis
2642 5640 2911 5695 ancillam.
2936 5640 3022 5697 Fit
3049 5642 3230 5713 itaque
3250 5643 3409 5715 hujus
3436 5644 3674 5700 muneris
3690 5643 3858 5713 gratia
3882 5659 3896 5710 ;

2308 5743 2363 5788 et
2392 5732 2615 5801 suscipit
2646 5731 2841 5787 Basilla
2888 5733 3041 5803 quasi
3063 5733 3314 5803 famulos,
3344 5736 3442 5793 sed
3463 5751 3557 5792 eos
3584 5738 3740 5806 quasi
3774 5750 3900 5804 apo-

2310 5825 2480 5880 stolos
2507 5824 2820 5880 honorabat.
2851 5824 3081 5881 Vacabat
3112 5837 3289 5884 autem
3314 5845 3435 5885 cum
3464 5830 3540 5885 eis
3560 5831 3709 5885 omni
3738 5830 3898 5897 hora;

2313 5926 2363 5975 et
2392 5916 2544 5989 quasi
2573 5914 2850 5975 eunuchos
2894 5916 3115 5997 servitio
3159 5919 3388 6003 habens,
3412 5935 3519 5981 non
3548 5921 3762 5997 diebus,
3792 5935 3895 5986 non
