4208 6352
328 438 423 497 Iit?

1090 437 1247 496 VITA
1289 439 1584 498 SANCTE
1626 438 1963 498 EUGENIJE
2001 432 2303 500 VIRGINIS
2341 438 2432 500 AC
2476 438 2850 501 MAHTYRIS.

3505 448 3611 504 6I8

331 560 582 615 noctibus
607 573 639 612 a
666 558 942 628 colloquiis
971 559 1060 614 Dei
1083 569 1137 615 et
1163 561 1496 616 orationibus
1525 560 1785 616 cessabat.
1819 558 1916 628 Igi-
1945 561 1996 618 A
2026 557 2163 612 tivos
2187 557 2368 624 ﬂores,
2397 568 2452 614 ut
2479 559 2824 614 marcidiores
2852 558 3254 627 perseverantes
3280 557 3566 618 advectent
3592 584 3601 616 :

330 665 415 709 tur
435 653 718 708 Cornelius
746 669 866 708 cum
889 662 1032 708 esset
1055 655 1107 708 itt
1137 655 1264 711 urbe
1282 654 1448 710 Roma
1475 670 1641 710 sacrae.
1668 653 1798 724 legis
1820 668 1917 706 an-

326 749 498 812 tistes,
537 747 776 815 pervenit
803 747 867 800 ad
897 761 1014 801 eam
1061 748 1306 813 latenter,
1351 758 1403 801 tt
1447 747 1735 814 baptizavit
1773 761 1916 802 eam.

319 838 651 894 Continuata
697 849 871 894 autem
915 840 1070 894 beata
1114 839 1305 895 Dasilla
1334 841 1385 894 itt
1414 841 1607 896 timore
1639 839 1752 904 Dei,
1787 855 1914 908 pro-

328 944 550 988 curante
582 933 944 989 misericordia
977 935 1198 999 Christi,
1235 950 1370 1004 pene
1397 935 1642 989 omnibus
1673 935 1916 989 noctibus

332 1027 530 1082 mutuis
576 1042 635 1082 se
682 1026 990 1082 fruebantur
1034 1027 1334 1097 aspectibus
1371 1029 1482 1098 ipsa
1527 1037 1580 1082 et
1626 1027 1779 1082 beata
1811 1026 1915 1080 Eu-

327 1118 500 1188 genia.

401 1211 529 1265 er.
569 1207 714 1264 XXI.
750 1239 819 1248 —
865 1209 1125 1264 Omnibus
1168 1210 1345 1280 itaque
1387 1209 1561 1264 viduis
1599 1209 1916 1267 Christianis

332 1310 623 1358 conventus
651 1310 766 1356 erat
793 1301 859 1355 ad
890 1302 1098 1356 beatam
1130 1301 1426 1370 Claudiam,
1451 1313 1502 1358 et
1537 1305 1782 1359 omnibus
1807 1306 1917 1358 vir-

331 1396 543 1466 ginibus
575 1404 868 1449 conventus
891 1405 1004 1449 erat
1024 1395 1088 1448 ad
1119 1395 1326 1450 beatam
1354 1396 1664 1464 Eogeuiam.
1690 1397 1917 1452 Sanctus

330 1498 508 1544 autem
535 1487 813 1543 Cornelius
854 1503 985 1557 papa
1033 1488 1179 1542 urbis
1223 1486 1409 1542 Romae
1437 1529 1452 1553 ,
1503 1482 1647 1540 omni
1693 1499 1918 1554 vespere

330 1584 550 1641 Sahbati
583 1600 703 1652 qua:
737 1582 958 1637 lucescit
987 1583 1038 1636 in
1066 1582 1344 1636 Dominico
1391 1581 1494 1646 die,
1521 1580 1680 1634 dabat
1707 1580 1787 1635 eis
1820 1595 1916 1635 uo-

329 1686 471 1733 clem
507 1675 719 1746 hymnis
751 1675 1078 1745 pervigilem,
1113 1684 1163 1729 et
1197 1674 1458 1742 pullornnt
1505 1674 1796 1728 cauorihus
1824 1689 1918 1726 llo-

328 1773 428 1827 ctis
470 1774 650 1840 quiete
676 1770 866 1841 agebat
893 1770 1009 1840 ejus
1039 1779 1380 1824 sacrosancta
1424 1770 1698 1838 mysteria,
1749 1779 1802 1824 et
1849 1770 1920 1824 ita

327 1864 683 1920 confirmabat
713 1878 804 1918 eas
831 1863 1074 1916 sabbato.
1112 1861 1346 1931 Eugeuia
1378 1872 1554 1918 autem
1599 1873 1652 1917 et
1700 1863 1916 1927 Basilla,

1967 711 1971 714 _
2020 653 2358 707 mentiuntur
2382 655 2724 709 securitatem
2749 655 3072 710 transeuntis
3100 659 3374 727 temporis,
3403 668 3461 713 ut
3487 673 3610 727 per-

2019 748 2162 816 peIui
2197 748 2377 803 szcculi
2400 749 2724 803 cruciatibus
2756 749 2984 805 tradant.
3022 751 3247 821 Ideoque
3275 753 3605 807 charissima:

2022 841 2283 907 virgines,
2318 857 2436 907 qua:
2471 857 2677 896 mecum
2707 843 2758 896 itt
2789 858 2956 913 agone
2991 845 3304 913 virginitatis
3337 863 3476 902 nunc
3517 866 3606 902 us-

2021 944 2123 997 que
2153 931 2484 998 accurri~tis,
2518 944 2826 1001 permanete
2869 935 2921 989 in
2967 951 3148 990 amore
3180 937 3414 1002 Domini,
3448 955 3606 1008 quem

2019 1023 2274 1092 ccepistis.
2321 1023 2555 1095 Tempus
2601 1027 2762 1082 ﬂendi
2815 1029 3193 1098 temporaliter,
3241 1028 3355 1084 sine
3397 1030 3609 1085 fasddio

2019 1128 2072 1173 et
2103 1118 2323 1174 horrore
2373 1121 2613 1186 sufferte,
2649 1131 2706 1175 ut
2755 1132 2992 1191 tempora
3037 1124 3213 1191 εωάίἱ
3261 1122 3445 1176 aeterni
3485 1140 3606 1177 cum

2021 1209 2164 1262 omni
2217 1210 2431 1278 possitis
2473 1210 2757 1266 dilectione
2787 1214 3081 1281 suscipere.
3135 1212 3245 1283 Ego
3286 1213 3429 1267 enim
3463 1230 3609 1268 com-

2022 1302 2269 1356 mendavi
2301 1319 2394 1356 vos
2425 1302 2644 1372 Spiritui
2677 1315 2884 1372 sancto,
2909 1315 2962 1361 et
2989 1306 3152 1359 credo
3176 1305 3317 1375 quod
3351 1322 3444 1359 vos
3477 1307 3609 1360 mihi

2024 1394 2260 1462 integras
2293 1409 2479 1449 omnes
2512 1396 2848 1465 imbutasque
2876 1397 3187 1452 constituat.
3221 1397 3396 1452 Nolite
3429 1399 3609 1467 itaque

2024 1485 2213 1540 faciem
2265 1501 2437 1539 meam
2488 1503 2552 1541 ex
2619 1487 2717 1541 hoc
2785 1489 3137 1556 corporaliter
3187 1503 3458 1556 querere,
3515 1489 3610 1543 sed

2023 1588 2170 1646 gesta
2204 1588 2256 1632 et
2299 1590 2448 1633 actus
2487 1595 2580 1648 per
2627 1581 2870 1649 spiritum
2912 1581 3368 1650 contemplamini.
3420 1582 3486 1634 Et
3530 1580 3610 1634 his

2024 1668 2203 1735 dictis,
2235 1670 2474 1723 osculata
2522 1679 2604 1724 cst
2645 1671 2942 1736 universas,
2975 1682 3030 1726 et
3074 1671 3265 1726 Iletttes
3315 1671 3611 1725 fortissimo

2027 1760 2205 1814 animo
2235 1762 2634 1815 consolabatur.
2687 1762 2993 1817 Diceittibus
3036 1773 3214 1819 autem
3246 1765 3344 1817 sibi
3375 1764 3492 1817 vale
3535 1763 3618 1816 in-

2026 1853 2196 1908 vicem
2258 1854 2451 1908 Dasilla
2507 1863 2560 1909 et
2618 1856 2886 1926 Eugenia,
2940 1857 3181 1913 oratione
3240 1859 3375 1912 facta
3435 1858 3612 1913 disce-

329 1967 389 2011 ttt
412 1957 727 2023 memoravi,
757 1957 1004 2010 omnibus
1028 1971 1086 2010 se
1111 1971 1244 2024 pene
1265 1956 1510 2010 noctibus
1535 1955 1844 2011 fruebantur
1867 1957 1917 2010 in
1951 1961 2001 2022 Β
2028 1945 2179 2001 tium-

331 2048 566 2111 Christo,
597 2060 649 2105 et
678 2048 886 2104 alterno
915 2063 975 2103 se
1002 2048 1217 2118 eloquio
1248 2048 1596 2102 reuovabaut.
1625 2048 1669 2102 Ο
1691 2058 1916 2117 quantas

328 2155 423 2211 per
457 2141 748 2209 Lugeuiam
773 2141 1010 2210 virgines
1029 2139 1272 2194 Salvator
1304 2139 1533 2193 invenit!
1567 2140 1726 2209 347
1749 2155 1918 2210 quan-

330 2243 410 2289 tas
435 2235 599 2289 etiam
654 2250 748 2303 per
797 2235 1046 2288 Basillam
1099 2233 1341 2286 Christus
1390 2246 1614 2300 sponsas
1653 2233 1916 2288 obtinuit!

325 2338 540 2397 quantae
585 2343 681 2397 per
715 2327 989 2382 Claudiam
1021 2323 1330 2380 viduitatem
1378 2336 1619 2395 prompta
1653 2326 1922 2382 voluntate

330 2429 640 2482 servarunt!
676 2427 858 2496 quanti
878 2427 1103 2492 juvenes
1130 2443 1222 2485 per
1246 2427 1465 2482 Protum
1489 2437 1542 2482 et
1563 2424 1919 2498 Hyacinthum

331 2518 544 2574 Christo
566 2520 796 2574 Domtno
819 2519 1161 2574 crediderunt
1185 2521 1197 2572 !

398 2612 529 2668 Car.
554 2612 716 2668 XXII.
741 2642 810 2654 —
841 2613 1119 2668 Valeriano
1149 2614 1325 2681 itaque
1368 2623 1422 2669 et
1462 2615 1705 2670 Gallieno
1747 2613 1917 2680 impe-

329 2705 592 2769 rantibus,
621 2715 735 2759 orta
757 2705 931 2760 sedito
959 2704 1026 2760 de
1055 2706 1370 2760 Christianis
1399 2716 1479 2760 est
1499 2747 1512 2771 ,
1549 2721 1612 2760 eo
1644 2704 1786 2773 quod
1815 2702 1921 2774 Cy-

329 2800 550 2870 prianus
569 2799 945 2869 Carthaginem
969 2809 1266 2866 everteret,
1291 2809 1344 2855 et
1365 2799 1644 2854 Cornelius
1668 2798 1918 2852 Romam.

327 2889 462 2947 Data
483 2901 567 2947 est
587 2907 716 2963 ergo
732 2894 1016 2948 auctoritas
1034 2893 1099 2948 ad
1124 2893 1408 2949 Paternum
1438 2892 1835 2962 proconsulem,
1862 2901 1920 2946 ut

326 2984 657 3056 Cyprianum
688 2986 974 3041 occideret.
1000 2986 1282 3042 Cornelius
1315 2995 1492 3041 autem
1525 2986 1646 3056 quia
1679 3001 1708 3039 a
1739 2983 1919 3040 multis

327 3077 587 3134 Romanis
617 3079 779 3134 etiam
808 3081 1102 3136 illustribus
1139 3079 1436 3146 fovebatur,
1468 3087 1585 3132 erat
1614 3079 1668 3132 in
1701 3076 1914 3132 abditis.

328 3169 476 3227 Tunc
502 3172 655 3227 beata
685 3172 921 3242 Eugenia
950 3173 1136 3228 videns
1165 3171 1410 3226 Basillam
1431 3209 1444 3236 ,
1468 3172 1580 3225 ait:
1608 3171 1917 3226 Revelatutu

327 3274 408 3321 est
438 3266 566 3320 mihi
592 3281 622 3320 a
653 3266 878 3322 Domino
915 3266 1053 3336 quod
1089 3281 1185 3335 pro
1214 3265 1524 3336 virginitate
1558 3278 1786 3332 passura
1818 3263 1912 3316 sis.

2095 2041 2224 2098 Cap.
2253 2041 2536 2096 XXIV.-—
2564 2043 2701 2098 Ecce
2750 2043 2939 2098 eodem
2987 2045 3074 2099 die
3118 2044 3352 2112 perrexit
3398 2059 3498 2098 una
3549 2061 3616 2098 ex

2024 2135 2236 2190 ancillis
2262 2135 2327 2188 ad
2358 2136 2664 2205 Pompeium
2689 2151 2943 2202 Sponsum
2974 2137 3204 2201 Basillaz,
3228 2152 3345 2207 qua:
3369 2147 3422 2192 et
3447 2137 3576 2190 dixit
3603 2156 3612 2188 :

2025 2228 2157 2292 Quia
2189 2238 2239 2282 te
2271 2229 2538 2282 dominam
2585 2237 2820 2284 nostram
2855 2230 3102 2283 Basillam
3135 2227 3380 2284 novimus
3419 2229 3485 2282 ab
3516 2229 3616 2282 im-

2025 2329 2272 2386 peratore
2302 2320 2582 2384 meruisse,
2616 2330 2798 2375 sextus
2847 2332 2903 2376 et
2943 2336 3008 2376 eo
3054 2321 3283 2390 amplius
3314 2330 3395 2377 est
3443 2335 3613 2374 annus

2024 2426 2183 2478 quam
2232 2423 2286 2465 tu
2320 2414 2369 2467 in
2404 2423 2587 2469 tenero
2629 2414 2803 2469 astatis
2830 2429 2970 2468 anno
3001 2421 3055 2466 ut
3102 2423 3288 2482 postea
3337 2414 3611 2483 acciperes

2026 2503 2314 2568 distulisti;
2359 2505 2454 2559 sed
2501 2503 2792 2572 patruelem
2836 2503 2951 2573 ejus
2999 2503 3255 2559 Helenum
3309 2506 3446 2559 scias
3496 2519 3614 2559 esse

2023 2594 2414 2662 Christianum,
2447 2606 2500 2650 et
2527 2596 2660 2650 hanc
2689 2596 2758 2650 ita
2789 2596 2980 2650 factam
3002 2597 3393 2663 Christianam,
3429 2609 3482 2650 ut
3513 2598 3606 2651 tibi

2023 2688 2244 2744 omnino
2275 2705 2376 2744 non
2429 2691 2614 2744 nubat.
2647 2689 2776 2743 Nam
2806 2699 2860 2744 et
2907 2689 3043 2744 duos
3073 2691 3346 2744 eunuchos
3387 2689 3612 2760 ‘Protntu

2023 2794 2077 2838 et
2110 2783 2464 2854 Hyacinthum
2496 2783 2766 2838 simulavit
2794 2798 2854 2838 se
2885 2783 2958 2837 illi
2989 2782 3187 2837 donum
3217 2783 3412 2839 oIIerre
3443 2785 3615 2854 Euge-

2024 2874 2134 2940 nia,
2163 2889 2297 2944 quos
2327 2876 2414 2929 illa
2458 2877 2612 2946 quasi
2637 2875 2882 2931 dominos
2913 2876 3140 2941 excolit,
3173 2887 3228 2933 et
3266 2878 3501 2948 quotidie
3529 2892 3618 2948 pe-

2026 2967 2122 3022 des
2145 2983 2329 3023 eorum
2352 2983 2414 3022 ac
2436 2968 2482 3022 si
2511 2969 2737 3023 deorum
2762 2967 3142 3024 immortalium
3170 2970 3462 3037 osculatur,
3491 2971 3615 3041 quia

2026 3058 2126 3128 ipsi
2175 3068 2422 3114 auctores
2469 3069 2592 3114 sunt
2649 3060 2780 3116 artis
2828 3061 3069 3131 magicae,
3118 3077 3275 3129 quam
3325 3061 3617 3115 Christiani

2027 3149 2392 3205 committunt.
2430 3151 2526 3205 llis
2569 3151 2784 3217 auditis,
2834 3151 3122 3222 Pompeius
3163 3153 3344 3207 statim
3384 3155 3620 3207 cucurrit

2027 3241 2092 3295 ad
2123 3241 2385 3296 Helenum
2417 3241 2712 3310 patruelem
2741 3241 2882 3311 ejus,
2905 3244 2994 3311 qui
3027 3253 3081 3298 et
3111 3245 3341 3300 nutritor
3367 3246 3482 3314 ejus
3505 3256 3620 3301 erat

327 3359 397 3414 Et
431 3359 618 3416 BasiHa
651 3359 715 3416 ad
747 3334 1039 3430 Eugeniam
1070 3334 1384 3430 respondit:
1420 3358 1485 3413 Et
1515 3359 1646 3412 mihi
1669 3399 1682 3422 ν
1718 3357 1920 3426 inquit,
1950 3353 1998 3418 ο
2027 3345 2275 3430 etrtutor,
2303 3334 2514 3430 etdicit
2544 3335 2594 3389 ei
2623 3353 2635 3388 :
2669 3334 2814 3389 Intra
2847 3335 2946 3390 hoc
2977 3335 3210 3390 triduum
3233 3338 3448 3406 nuptias
3473 3351 3620 3392 meas

325 3449 571 3521 dignatus
624 3460 705 3506 est
752 3450 1010 3506 Dominus
1059 3452 1437 3506 demonstrare
1483 3449 1624 3520 quod
1675 3447 1918 3518 martyrii

326 3560 578 3602 coronam
599 3547 868 3616 duplicem
893 3547 1071 3616 capias
1095 3564 1108 3601 ε
1136 3560 1296 3600 uuam
1313 3585 1329 3612 ,
1353 3559 1511 3615 quam
1535 3544 1674 3613 apud
1698 3544 1924 3599 Alexan-

326 3639 500 3695 driam
523 3654 619 3711 pro
641 3638 801 3711 justis
827 3639 1102 3696 laboribus
1123 3639 1429 3708 acquisisti;
1459 3647 1514 3692 et
1536 3637 1730 3705 aliam,
1760 3652 1920 3707 quam

326 3732 381 3789 In
408 3733 668 3789 effusione
695 3734 769 3788 tui
796 3734 1068 3805 sanguinis
1097 3744 1450 3788 consecutura
1482 3747 1560 3786 es.
1590 3732 1738 3787 Tunc
1767 3731 1921 3787 beata

327 3823 567 3896 Eugenia
593 3825 902 3896 expandens
930 3841 1117 3881 manus
1143 3839 1288 3890 suas,
1317 3825 1450 3879 dixit
1475 3841 1488 3879 :
1521 3825 1741 3879 Domine
1767 3823 1915 3890 Iesu,

327 3917 591 3974 Altissimi
624 3917 808 3986 Filius,
837 3920 927 3988 qui
967 3918 1035 3973 ad
1067 3918 1299 3973 salutem
1330 3925 1567 3973 nostram
1604 3917 1795 3971 venisti
1828 3933 1922 3986 per

329 4011 686 4082 virginitatem
719 4012 929 4076 matris,
956 4021 1009 4065 tu
1042 4027 1134 4080 per
1163 4009 1480 4080 virginitatis
1508 4010 1785 4080 praemium
1813 4024 1922 4064 om-

332 4118 428 4160 nes
469 4119 602 4174 quas
645 4101 776 4159 mihi
817 4102 1096 4160 credidisti
1122 4101 1323 4173 perduc
1363 4100 1431 4155 ad
1470 4116 1692 4172 regnum
1738 4101 1922 4172 gloriae

333 4205 459 4254 ture.

384 4283 536 4344 τη.
567 4288 752 4344 XXIII.
776 4318 846 4329 —
873 4289 1248 4345 Residentibus
1286 4297 1461 4345 autem
1511 4288 1710 4343 sanctis
1762 4287 1922 4358 virgi-

335 4384 494 4441 nibus
534 4383 762 4452 Christi,
799 4400 918 4456 quae
954 4394 1107 4441 erant
1152 4399 1271 4439 cum
1321 4383 1554 4454 Eugenia
1599 4392 1654 4437 et
1702 4382 1921 4446 Basilla,

333 4477 474 4532 dixit
497 4479 744 4534 omnibus
781 4478 936 4534 beata
984 4477 1218 4548 Eugenia
1247 4494 1259 4529 :
1293 4476 1436 4532 Ecce
1466 4473 1747 4530 vindemiae
1789 4483 1925 4528 tem-

336 4588 436 4643 pus
467 4583 583 4640 est,
615 4574 664 4628 in
697 4589 802 4644 quo
831 4573 1176 4629 succidantur
1225 4572 1360 4626 botri
1381 4613 1396 4635 ,
1433 4583 1489 4627 et
1531 4571 1753 4639 pedibus
1795 4585 1924 4624 cun-

337 4664 643 4733 culcantur,
687 4666 782 4722 sed
843 4675 966 4736 post
1023 4667 1138 4719 haec
1197 4663 1462 4734 regalibus
1519 4662 1779 4718 conviviis
1827 4677 1924 4730 ap-

2029 3429 2306 3483 celehrare
2337 3427 2612 3499 disposui,
2647 3445 2746 3500 pro
2778 3446 2879 3500 qua
2912 3443 2971 3485 re
3008 3431 3086 3485 Iac
3117 3446 3202 3485 me
3235 3431 3420 3486 videre
3459 3445 3621 3500 spon-

2029 3537 2143 3576 sam
2195 3536 2407 3588 meam,
2440 3539 2597 3593 quam
2639 3523 2768 3578 mihi
2812 3523 3016 3579 domini
3059 3540 3235 3580 rerum
3284 3526 3622 3581 invictissimi

2027 3612 2302 3683 principes
2333 3613 2448 3668 fieri
2479 3613 2758 3685 conjugem
2795 3627 3184 3686 praeceperunt.
3215 3617 3328 3684 Ille,
3358 3619 3438 3673 his
3467 3619 3620 3673 audi-

2031 3707 2122 3772 tis,
2152 3709 2368 3778 agnovit
2395 3708 2662 3777 proditqu
2691 3711 2960 3778 negotium
2983 3751 2996 3775 ,
3026 3712 3102 3764 ait
3128 3710 3195 3765 ad
3221 3726 3341 3766 eum
3369 3729 3382 3764 :
3413 3712 3623 3779 Quous-

2026 3813 2132 3870 que
2161 3800 2285 3854 anui
2319 3801 2612 3854 transirent
2661 3799 2898 3856 infantia:
2938 3801 3075 3870 ejus,
3110 3816 3281 3856 meam
3313 3803 3453 3857 circa
3496 3818 3616 3858 eam

2029 3896 2246 3950 tutelam
2278 3910 2373 3965 pro
2409 3895 2760 3965 germanitate
2794 3897 2958 3965 patris
2983 3898 3120 3964 ejus,
3147 3906 3201 3952 et
3233 3911 3331 3966 pro
3361 3897 3477 3964 ipso
3509 3913 3610 3952 nu-

2028 3990 2275 4045 trimento
2303 3991 2546 4055 exercui;
2578 4003 2718 4045 nunc
2748 4005 2874 4045 vero
2911 3991 3034 4060 quia
3060 3991 3223 4058 ccepit
3250 3991 3331 4045 sui
3374 4005 3494 4046 esse
3523 4007 3616 4046 ar-

2029 4081 2197 4151 bitrii,
2229 4082 2281 4138 in
2307 4097 2400 4138 sua
2426 4083 2538 4138 vult
2557 4097 2678 4138 esse
2701 4091 2990 4153 potestate.
3020 4083 3169 4140 Unde
3193 4085 3239 4139 si
3268 4083 3415 4140 illam
3439 4085 3622 4142 videre

2028 4177 2330 4241 desideras,
2361 4177 2478 4248 ejus
2499 4179 2603 4232 erit
2623 4177 2860 4244 arbitrii,
2891 4193 2995 4232 non
3030 4180 3133 4232 mei
3164 4179 3390 4248 imperii.

2099 4267 2230 4324 CAP.
2260 4268 2360 4323 XX
2373 4268 2430 4324 ν.
2453 4299 2523 4309 —
2553 4269 2792 4325 Audiens
2823 4271 2938 4324 haec
2984 4269 3292 4338 Pompeius,
3329 4272 3620 4328 vehemen-

2030 4365 2136 4418 tius
2163 4363 2330 4433 caspit
2358 4363 2580 4427 ardere;
2606 4373 2661 4418 et
2691 4378 2917 4434 pergens
2945 4364 3010 4416 ad
3041 4364 3247 4418 Basillae
3278 4365 3534 4428 domum,
3566 4378 3626 4420 ut

2031 4458 2370 4512 nuntiaretur
2412 4458 2733 4526 ianitoribus
2773 4459 3088 4527 imperabat.
3131 4458 3227 4512 Cui
3274 4458 3371 4512 ista
3422 4469 3546 4513 sunt
3590 4474 3618 4511 a

2031 4549 2223 4605 Basilla
2255 4549 2503 4604 mandata
2531 4567 2542 4602 :
2575 4548 2802 4604 Causam
2836 4561 2886 4604 te
2916 4549 3128 4604 videndi
3170 4549 3380 4619 penitus
3411 4551 3616 4606 nullam

2032 4656 2118 4696 me
2146 4641 2342 4696 habere
2385 4655 2699 4709 cognoscas,
2737 4656 2908 4710 neque
2939 4640 3222 4706 audiendi,
3256 4657 3428 4712 neque
3473 4643 3620 4697 salu.

337 4768 630 4825 ροιιυηιυτ,
681 4756 898 4827 Absque
942 4771 1128 4812 eorum
1179 4757 1437 4826 sanguine
1487 4754 1631 4809 "una
1691 4761 1928 4823 potestas
1957 4753 2013 4815 ι)
2036 4740 2204 4794 tandi.
2237 4739 2328 4793 His
2355 4738 2575 4805 auditis,
2606 4739 2845 4792 turbatus
2870 4745 2954 4794 est
2978 4737 3374 4804 vehementius;
3404 4751 3457 4794 et
3480 4740 3628 4793 omni

337 4844 585 4916 imperii,
628 4850 772 4905 nulla
823 4850 1043 4906 illustris
1093 4849 1322 4920 dignitas
1371 4850 1694 4906 decoratur:
1729 4857 1784 4904 et
1833 4863 1929 4903 vos

339 4939 591 5010 palmites
621 4945 755 5010 mei,
789 4954 842 4999 et
867 4956 1108 4998 meorum
1137 4944 1402 4999 viscerum
1435 4943 1604 5008 botri,
1637 4950 1810 4997 estote
1837 4955 1934 5010 pa-

340 5031 441 5086 rati
481 5033 534 5088 itt
581 5035 827 5090 Domino.
861 5036 1146 5107 V’irgiuitas
1175 5037 1319 5091 enim
1365 5045 1447 5090 est
1491 5035 1674 5088 prima:
1721 5034 1932 5088 virtutis

341 5123 594 5183 indicium
617 5130 728 5186 Deo
751 5133 1050 5200 proximum
1068 5169 1084 5198 ,
1111 5129 1302 5185 similis
1323 5129 1547 5198 angelis,
1573 5143 1763 5198 parens
1786 5131 1928 5194 vita,

340 5220 509 5275 amica
560 5223 878 5286 sanctitatis,
925 5224 1009 5278 via
1065 5222 1392 5287 securitatis,
1441 5219 1655 5276 domina
1712 5219 1934 5290 gaudii,

342 5311 451 5368 dux
481 5315 713 5382 virtutis,
741 5316 1038 5372 fomentum
1067 5327 1120 5372 et
1144 5330 1342 5372 corona
1367 5316 1487 5371 Ildei
1506 5358 1520 5380 ,
1551 5314 1932 5369 adminiculum

341 5418 397 5462 et
426 5407 720 5465 subsidium
749 5411 1047 5467 charitatis.
1077 5409 1219 5466 Nihil
1251 5411 1320 5465 ita
1352 5410 1506 5465 nobis
1534 5409 1885 5464 laborandum
1908 5449 1924 5475 ,

343 5500 475 5556 nihil
508 5500 579 5555 ita
627 5513 710 5558 est
753 5503 1100 5573 enitendum,
1132 5507 1234 5561 uisi
1274 5521 1396 5562 cum
1446 5505 1751 5574 virginitate
1781 5505 1929 5558 vivae

347 5607 489 5658 mus,
525 5601 616 5646 aut
645 5595 787 5664 quod
826 5602 907 5649 est
951 5596 1253 5664 gloriosius,
1290 5613 1388 5666 pro
1427 5597 1728 5666 virginitate
1766 5597 1928 5654 etiam

348 5688 666 5744 moriamur.
691 5689 820 5756 Quae
845 5699 970 5746 sunt
997 5691 1151 5759 hujus
1177 5693 1361 5747 mundi
1392 5694 1754 5749 blandimenta
1781 5694 1932 5750 falla-

345 5783 584 5854 cissitna,
621 5796 677 5843 et
718 5800 839 5842 cum
870 5786 1062 5858 gaudio
1104 5789 1380 5856 temporali
1427 5789 1673 5857 veniunt,
1713 5798 1767 5844 et
1810 5804 1929 5844 cum

342 5888 608 5949 perpetuo
652 5878 834 5935 dolore
881 5878 1202 5934 discedunt:
1249 5877 1449 5934 faciunt
1499 5890 1932 5936 momentaneum

348 5971 515 6030 risum
539 6014 555 6044 ,
595 5981 655 6031 ut
693 5983 952 6036 aiternum
982 5971 1164 6029 fletum
1207 5973 1477 6048 inﬂigunt;
1509 5975 1748 6032 tribuunt
1793 5974 1935 6046 fugi~

625 6069 895 6134 Panos.
943 6067 1230 6132 LXXIII.

2038 4847 2176 4902 pene
2202 4840 2515 4887 senatorum
2543 4829 2723 4886 favore
2750 4846 2898 4897 usus,
2932 4833 3214 4899 prostravit
3241 4847 3299 4888 se
3325 4847 3504 4888 coram
3531 4833 3630 4886 im-

2037 4933 2311 4994 peratore,
2343 4923 2529 4978 dicens
2556 4941 2567 4976 :
2596 4921 2889 4977 Subvenite
2921 4923 3175 4977 Romanis
3201 4924 3414 4989 vestris,
3453 4937 3632 4978 sacra-

2038 5015 2231 5071 tissimi
2261 5015 2553 5085 principes,
2579 5024 2631 5069 ct
2661 5014 2788 5069 deos
2817 5029 2983 5070 novos
3012 5031 3146 5086 quos
3176 5015 3411 5085 Eugenia
3444 5029 3628 5070 secum

2038 5108 2260 5164 adduxit
2288 5108 2355 5162 ab
2383 5107 2616 5177 Egypto
2645 5109 2886 5177 veniens,
2915 5109 2984 5163 ab
3032 5107 3133 5162 hac
3181 5108 3312 5162 urbe
3359 5117 3626 5177 separate.

2037 5203 2138 5258 Diu
2160 5211 2243 5259 est
2271 5201 2414 5257 enim
2445 5200 2585 5273 quod
2618 5202 2668 5256 hi
2700 5203 2787 5271 qui
2831 5200 3123 5256 Christiani
3156 5200 3406 5254 dicuntur
3448 5201 3630 5270 reipu-

2035 5295 2189 5352 blicae
2219 5303 2450 5351 nocent:
2479 5293 2570 5364 qui
2619 5293 2842 5349 irrident
2873 5292 3050 5363 legum
3097 5301 3402 5346 nostrarum
3447 5306 3628 5347 sacro-

2041 5400 2226 5445 sancta
2255 5387 2605 5452 caeretnonia,
2630 5395 2685 5442 et
2712 5386 3106 5456 omnipotentes
3139 5385 3270 5440 deos
3300 5397 3532 5451 nostros,
3565 5401 3628 5442 ac

2039 5483 2086 5537 si
2116 5498 2249 5536 vana
2301 5475 2606 5548 simulacra,
2652 5480 2970 5549 deSpiciunt.
3021 5479 3146 5533 Iura
3199 5493 3410 5548 quoque
3457 5479 3626 5548 ipsius

2042 5585 2248 5630 natura:
2303 5583 2648 5644 pervertunt,
2698 5582 2947 5642 separant
3009 5570 3347 5640 conjugittm,
3403 5571 3630 5640 gratiam

2043 5681 2362 5736 sponsarum
2395 5667 2494 5719 sibi
2525 5664 2823 5729 associattt;
2856 5674 2908 5718 ct
2934 5664 3116 5718 dicunt
3144 5666 3381 5733 iniquum
3415 5681 3554 5730 esse,
3587 5667 3635 5719 si

2043 5773 2300 5829 sponsum
2337 5771 2492 5811 suum
2521 5772 2714 5825 sponsa
2743 5758 2990 5826 accipiat.
3020 5757 3156 5826 Quid
3187 5757 3464 5824 faciemus,
3502 5761 3656 5828 piis-'

2041 5859 2160 5913 simi
2193 5855 2581 5925 imperatores?
2610 5853 3009 5926 lnvcnti_3ﬁ.8
3054 5864 3177 5910 sunt
3207 5852 3280 5910 dii
3325 5852 3413 5924 qui
3461 5854 3636 5908 homi-

2044 5968 2141 6010 nes
2171 5950 2520 6022 probibeant,
2551 5956 2606 6006 et
2633 5948 2824 6020 quibus
2861 5950 2964 6006 ista
2992 5948 3274 6016 videbunt,
3307 5950 3352 6005 si
3385 5945 3492 6003 uati
3523 5959 3630 6001 non

3158 6063 3228 6126 20
