4158 6354
558 418 662 479 619

1630 419 1719 475 DE
1762 417 1936 476 VITIS
1974 412 2259 474 PATBUM
2297 411 2500 474 LIBER
2541 414 2810 475 PRIMUS.

3743 415 3855 482 620

569 532 774 590 fuerint
800 531 996 600 quibus
1023 527 1201 585 valeat
1227 527 1518 598 imperari?
1549 528 1647 586 Ubi
1677 532 1945 598 reparatio
1974 531 2160 586 Roma-
2186 528 2396 592 Attihil
2427 529 2574 585 aliud
2603 528 2957 595 remanserit,
3003 527 3105 584 insi
3133 527 3248 584 suis
3282 533 3400 598 δὴ,
3428 531 3556 602 quae
3583 531 3702 588 init.
3721 537 3856 594 ante.

561 641 751 681 narum
781 623 1008 680 virium?
1042 622 1128 677 ubi
1162 622 1387 676 ltnmani
1415 624 1686 678 exercitus
1716 623 1955 680 rediviva
1984 633 2146 677 certa~

562 717 746 774 mina?
776 717 880 770 Pro
920 715 1114 785 quibus
1157 715 1406 771 victrices
1449 717 1651 770 dextra:
1683 727 1876 771 vestrae
1919 717 2152 771 hostium

559 824 798 866 cethces
847 807 1206 873 incltnabunt,
1247 807 1292 861 si
1332 807 1442 877 jam
1494 821 1689 864 uxores
1735 809 1992 864 habendae
2041 823 2150 864 non

560 912 746 966 erunt,
775 903 818 954 si
847 914 1070 969 sponsas
1091 899 1408 964 amittimus,
1440 912 1494 954 et
1519 899 1794 956 tacemus?

630 996 758 1048 Car.
789 992 974 1047 χχιιι.
998 1021 1070 1031 -
1097 992 1224 1048 llaec
1249 1005 1299 1048 et
1331 993 1412 1047 his
1431 995 1622 1049 similia
1648 994 1774 1049 dum
1803 1007 2156 1065 prosequere-

565 1099 672 1152 tur,
701 1096 756 1140 et
786 1089 962 1141 omnis
984 1096 1201 1142 senatus
1230 1103 1290 1142 ea
1323 1087 1484 1143 ﬂebili
1517 1089 1733 1158 querela
1776 1089 2152 1156 depromeret,

565 1182 801 1234 decrevit
840 1177 1116 1234 Gallienus
1155 1180 1428 1251 Augustus
1473 1180 1612 1250 (l6),
1657 1190 1713 1235 ut
1760 1190 1852 1235 aut
1900 1195 2154 1251 sponsum

563 1287 718 1326 suum
769 1271 959 1326 llasilla
995 1271 1292 1339 acciperet,
1328 1281 1420 1328 aut
1463 1272 1641 1342 gladio
1672 1272 1947 1340 interiret;
1986 1274 2158 1343 Euge~

563 1363 706 1419 niam
731 1379 858 1418 vero
883 1373 977 1417 aut
1001 1363 1303 1420 sacrificate
1326 1365 1448 1431 diis,
1472 1376 1560 1419 aut
1582 1366 1868 1420 crudeliter
1895 1366 2153 1433 interire;

564 1465 619 1511 et
641 1455 788 1510 dedit
815 1455 1082 1511 licentim
1109 1467 1168 1510 ut
1191 1457 1494 1526 quicunque
1516 1457 1877 1511 Christianum
1910 1472 2071 1525 penes
2097 1471 2159 1513 se

565 1547 921 1602 absconderet
953 1549 1247 1616 puniretur.
1293 1548 1622 1603 Convenitur
1653 1548 1868 1609 Basilla.
1904 1558 1959 1602 ut
1989 1563 2157 1617 spon-

561 1655 680 1696 sum
705 1641 946 1710 recipiat.
975 1641 1109 1695 Dicit
1133 1651 1193 1696 se
1220 1641 1309 1695 illa
1335 1642 1532 1711 liegem
1558 1657 1742 1712 regum
1775 1641 1973 1696 habere
1999 1657 2156 1709 Spon-

562 1749 680 1789 sum
701 1776 716 1800 ,
742 1734 836 1803 qui
866 1745 946 1789 est
974 1732 1220 1789 Christus
1254 1733 1416 1789 Filius
1451 1734 1563 1788 Dei.
1599 1734 1666 1788 Et
1695 1749 1817 1788 cum
1851 1735 1963 1788 hinc
1993 1733 2161 1788 dixis-

563 1831 860 1899 set,gladio
885 1820 1174 1885 iransfossa
1198 1840 1302 1884 est.
1328 1829 1484 1884 Τοπιιί
1513 1828 1690 1883 statim
1722 1829 1912 1884 Protus
1938 1837 1990 1882 et
2021 1829 2158 1899 llya-

2255 623 2473 693 januam
2511 621 2726 691 templi,
2751 622 2820 678 ad
2849 633 3010 692 quam
3037 623 3209 677 stabat
3239 622 3392 679 beata
3426 624 3688 694 Eugeniat
3706 625 3852 685 ﬂes

2260 715 2521 772 ininsula
2575 714 2840 786 Lycaonia
2887 725 3036 785 gesta
3072 725 3200 770 sunt
3241 730 3425 770 coram
3475 717 3847 788 omnibusqui

2258 810 2622 879 sequebantur
2647 823 2874 879 agonem
2907 807 3176 878 Eugeniae.
3213 805 3302 863 Fit
3338 821 3630 863 conuersus
3663 809 3848 879 populi

2262 903 2525 969 Romani,
2569 913 2624 958 et
2663 884 2806 959 varia
2835 902 3168 958 acclamatio.
3208 902 3313 957 Alii
3359 902 3545 958 dicunt
3590 903 3855 958 innocen-

2260 1001 2392 1060 tem,
2421 993 2514 1048 alii
2537 1009 2767 1064 magam.
2797 995 3120 1049 Nuntiantur
3143 993 3241 1048 ista
3273 993 3546 1061 preteeti),
3571 994 3856 1064 praefectus

2265 1087 2585 1156 imperatori
2634 1085 2962 1140 manifestat.
3006 1085 3301 1155 Imperator
3342 1100 3460 1140 eam
3503 1084 3659 1154 jubet
3700 1085 3856 1155 ligari
3897 1111 3905 1148 ῖ

2262 1193 2419 1242 saxo,
2449 1189 2504 1232 et
2547 1177 2867 1248 pracipitari
2899 1177 2953 1232 in
2985 1176 3253 1243 Tiberim;
3296 1177 3390 1232 sed
3437 1176 3616 1232 statim
3662 1191 3854 1232 saxum

2261 1271 2562 1340 disruptum
2590 1279 2696 1324 est.
2730 1272 2890 1325 Beata
2918 1283 3045 1325 vero
3078 1271 3312 1342 Eugenia
3344 1272 3410 1324 ita
3439 1271 3661 1336 sedens,
3691 1285 3862 1341 super

2262 1359 2464 1417 ﬂuviali
2491 1373 2628 1431 aqua
2655 1361 3003 1428 elierebatur,
3038 1373 3096 1416 ut
3123 1363 3374 1419 omnibus
3411 1363 3734 1418 Christianis
3763 1378 3862 1434 apo

2264 1463 2484 1524 pareret
2511 1454 2659 1508 illum
2690 1454 2856 1510 fuisse
2880 1465 3000 1509 cum
3033 1453 3272 1534 Eugenia
3298 1454 3353 1509 in
3381 1453 3624 1522 ﬂumine,
3657 1470 3729 1510 ne
3755 1456 3856 1510 ab-

2263 1549 2578 1603 sorberetur
2605 1548 2699 1616 qui
2738 1547 2913 1604 fuerat
2933 1563 3058 1602 cum
3088 1547 3248 1604 Petro
3273 1549 3328 1604 in
3353 1546 3523 1616 mari,
3551 1563 3622 1603 ne
3647 1561 3863 1618 merge-
3897 1595 3904 1602 .

2266 1649 2435 1694 retur.

2335 1732 2465 1786 Car.
2492 1728 2688 1786 XXIX;
2712 1757 2784 1777 -ρ
2808 1730 2936 1787 Item
2989 1730 3112 1786 inde
3147 1731 3381 1809 sublata,
3425 1732 3482 1788 ita
3527 1731 3864 1790 thermarum
3905 1771 3909 1776 ς

2265 1822 2676 1881 Severianarnm
2725 1821 3035 1880 fornacibus
3076 1823 3308 1880 mittitur
3340 1842 3356 1881 :
3393 1839 3515 1894 quia
3557 1825 3637 1880 sic
3678 1828 3868 1880 statim

564 1921 804 1989 ciuilius,
839 1922 1119 1976 trahuntur
1158 1921 1226 1975 ad
1260 1923 1550 1990 templum;
1595 1921 1690 1976 sed
1721 1923 2016 1975 orationem
2052 1920 2160 1976 illis
2193 1940 2239 2002 Β
2261 1917 2543 1971 exstincta:
2573 1925 2732 1981 sum,
2763 1926 2820 1971 ut
2869 1920 3196 1972 thermarum
3248 1915 3398 1971 calor
3443 1915 3863 1986 refrigescet-et,

564 2013 903 2082 facientibus,
937 2016 1283 2069 simulacrum
1334 2013 1483 2070 Jovis
1521 2013 1586 2068 ad
1638 2013 1779 2084 quod
1825 2013 2156 2068 ducebantur

568 2106 895 2175 sacrificare,
929 2106 1123 2162 cecidit
1152 2108 1218 2162 ad
1272 2108 1434 2177 pedes
1480 2123 1698 2174 eorum;
1742 2117 1794 2161 et
1835 2109 1903 2162 ita
1931 2108 2158 2162 commi-

566 2209 755 2253 nutum
786 2209 895 2265 est,
925 2209 982 2254 ut
1019 2201 1110 2255 ubi
1153 2200 1341 2265 fuerit,
1377 2217 1482 2255 non
1534 2210 1760 2270 pareret.
1813 2200 1926 2258 Non
1976 2202 2160 2260 virtuti

570 2290 788 2355 divinae,
819 2290 914 2345 sed
946 2308 1162 2361 magna
1185 2292 1286 2346 arti
1321 2293 1421 2348 hoc
1451 2294 1741 2365 iutputans,
1764 2295 1918 2366 jubet
1945 2311 2038 2351 eos
2064 2295 2162 2351 de-

565 2385 752 2439 collari
782 2383 1014 2442 Nieetius
1036 2385 1184 2442 ttrbis
1211 2387 1514 2458 praefectus.

633 2472 763 2532 Car.
797 2477 1008 2533 XXVII.
1041 2508 1108 2518 —
1137 2483 1235 2546 Qui
1267 2480 1429 2534 etiam
1457 2483 1770 2535 accersitam
1803 2480 1869 2533 ad
1899 2495 1958 2535 se
1989 2479 2163 2549 Euge-

568 2569 711 2624 niam
741 2572 904 2642 cmpit
927 2573 995 2627 de
1025 2573 1244 2644 magicis
1267 2573 1471 2628 artibus
1499 2573 1568 2627 ab
1593 2591 1650 2626 ea
1685 2573 1924 2642 ﬂagitare
1948 2587 2164 2628 sermo-

567 2677 712 2718 nent.
756 2665 825 2719 At
873 2665 957 2718 illa
1005 2676 1313 2721 constanter
1362 2679 1425 2720 os
1468 2681 1626 2719 suum
1671 2667 1940 2734 aperiens,
1979 2663 2153 2721 dixit:
2203 2688 2206 2694 ·

577 2753 840 2810 Polliceor
863 2757 956 2811 tibi
982 2757 1121 2826 quod
1144 2771 1234 2811 ars
1259 2767 1439 2812 nostra
1463 2758 1834 2812 vehementior
1859 2758 2025 2827 magis
2045 2769 2161 2825 est;
2201 2783 2208 2804 .~

579 2863 702 2903 nam
734 2849 983 2919 magister
1011 2858 1196 2904 noster
1227 2850 1388 2904 habet
1416 2849 1628 2904 Patrem
1659 2851 1777 2904 sine
1809 2850 1915 2904 ulla
1963 2859 2162 2915 matre,
2202 2868 2205 2870 ‘

569 2954 626 2998 ct
654 2953 878 2997 matrem
919 2943 1120 3014 absque
1168 2953 1339 3016 patre.
1394 2945 1633 3014 Denique
1676 2945 1757 3001 sic
1807 2960 1930 3000 eum
1978 2946 2165 3015 genuit

570 3035 748 3102 Pater,
783 3045 841 3089 ut
868 3037 1086 3090 omnino
1118 3037 1370 3092 feminam
1407 3053 1676 3106 nunquam
1705 3037 1901 3104 sciret;
1933 3037 2010 3091 sic
2038 3052 2163 3092 eum

568 3128 752 3200 genuit
783 3138 973 3192 mater,
1010 3137 1068 3182 ut
1105 3131 1399 3184 masculum
1432 3130 1654 3184 omnino
1682 3143 1788 3184 non
1823 3138 2043 3183 nosset:
2077 3127 2164 3183 hic
2202 3155 2204 3158 ν

570 3223 684 3292 ipse
713 3223 874 3276 habet
896 3235 1121 3278 uxorem
1149 3221 1404 3291 virginem
1425 3264 1440 3290 ,
1471 3239 1590 3292 qua:
1621 3223 1700 3277 illi
1747 3223 1993 3292 quotidie
2025 3223 2165 3278 ﬂlios

2265 2019 2326 2064 et
2349 2008 2529 2063 omnia
2575 2008 2825 2067 incendia
2868 2007 3131 2081 lignorum
3171 2009 3240 2068 ad
3265 2009 3492 2068 nihilum
3521 2010 3864 2068 devenireut.

2268 2103 2359 2164 Sic
2386 2102 2618 2176 denique
2641 2106 2808 2162 chaos
2838 2106 3120 2177 fecerunt,
3149 2117 3208 2163 ut
3235 2108 3458 2163 ulterius
3479 2106 3724 2163 exhiberi
3755 2123 3868 2163 non

2268 2207 2508 2271 pussent.
2538 2201 2767 2257 Mittitur
2792 2211 2913 2270 post
2940 2201 3056 2256 htee
3079 2203 3131 2255 in
3161 2201 3461 2257 custodiam
3491 2199 3868 2264 tenebrarum,

2268 2302 2324 2348 et
2353 2308 2449 2362 per
2478 2293 2664 2349 decem
2687 2293 2805 2349 dies
2828 2293 3048 2366 jubetur
3077 2294 3284 2350 nullum
3309 2295 3488 2350 cibum
3511 2293 3783 2364 accipere,
3811 2302 3912 2348 et»

2271 2386 2452 2441 lumen
2485 2386 2695 2454 penitus
2723 2402 2829 2440 non
2859 2385 3058 2441 videre.
3095 2386 3173 2441 lbi
3209 2395 3389 2441 autem
3419 2395 3598 2441 tantus
3625 2383 3873 2455 q.totidie
3903 2421 3912 2448 ι

2270 2477 2562 2532 abundavit
2593 2477 2865 2546 splendor,
2897 2485 2953 2532 ut
2981 2478 3108 2534 dum
3139 2478 3483 2547 egrederetur
3505 2478 3660 2534 beata
3688 2477 3872 2546 Euge~

2273 2572 2381 2634 nia,
2426 2571 2576 2639 quasi
2623 2570 2802 2626 lumen
2848 2569 3068 2642 aliquod
3109 2572 3364 2627 radiaret.
3395 2573 3656 2642 Apparuit
3682 2583 3872 2626 autem

2272 2663 2350 2719 illi
2378 2663 2648 2730 SaIVator,
2675 2659 2857 2720 ferens
2886 2663 2938 2718 in
2969 2680 3129 2720 mattu
3160 2679 3349 2733 partem
3375 2665 3512 2719 nivei
3538 2663 3790 2736 candoris
3811 2671 3878 2720 et
3902 2693 3912 2708 ι

2274 2760 2551 2814 immensae
2591 2758 2869 2815 suavitatis
2908 2769 2966 2815 et
2990 2762 3199 2830 gratiae,
3221 2771 3278 2814 et
3314 2759 3450 2814 dixit
3475 2762 3565 2814 ei:
3603 2757 3911 2828 Eugenia,-

2271 2850 2456 2920 accipe
2483 2847 2659 2904 tabum
2691 2849 2759 2905 de
2784 2865 2945 2906 manu
2977 2864 3126 2915 mea;
3157 2866 3258 2920 ego
3286 2867 3403 2905 sum
3437 2851 3690 2907 Salvator
3720 2860 3877 2918 tuus,

2271 2958 2429 3011 quem
2475 2951 2584 2996 tota
2631 2942 2829 2998 mentis
2858 2944 3130 3013 animique
3174 2943 3468 3001 intentione
3508 2942 3783 3006 dilexisti,
3813 2951 3880 2996 et

2273 3036 2474 3105 diligis.
2501 3035 2702 3090 Eodem
2723 3037 2813 3092 die
2843 3047 2894 3092 te
2924 3037 2976 3092 in
3007 3038 3162 3093 ctelis
3191 3037 3478 3106 recipiam,
3509 3051 3616 3106 quo
3642 3050 3744 3105 ego
3775 3034 3884 3090 de-

2271 3129 2456 3186 scendi
2486 3129 2556 3186 ad
2587 3139 2806 3186 terram.
2834 3129 2902 3185 Et
2928 3131 3041 3186 hinc
3063 3130 3272 3196 dicens,
3301 3131 3584 3186 abscessit.
3615 3131 3737 3198 Ipso
3769 3145 3882 3184 au-
3913 3147 3916 3158 “

2278 3231 2384 3277 tem
2409 3223 2501 3278 die
2528 3223 2735 3278 Natalis
2762 3223 2971 3280 Domini
3002 3225 3196 3279 missus
3216 3233 3298 3280 est
3321 3223 3603 3294 gladiator,
3627 3223 3718 3293 qui
3748 3237 3883 3278 eam
3912 3259 3918 3270 ι

570 3326 744 3386 creat,
773 3319 936 3372 etiam
988 3317 1408 3373 innumerabiles
1437 3317 1487 3372 ei
1529 3317 1669 3372 lllios
1718 3317 1890 3386 parit,
1921 3319 2164 3388 quotidie
2192 3335 2245 3404 α
2273 3317 2327 3369 in
2350 3317 2588 3372 custodia
2615 3317 2856 3387 positam:
2874 3317 3165 3386 percussit;
3188 3325 3244 3374 et
3268 3319 3531 3373 sublatum
3556 3329 3641 3373 est
3665 3331 3883 3385 corpus

573 3421 722 3460 suam
755 3422 970 3463 carnem
1020 3411 1135 3476 ejus
1183 3409 1436 3463 carnibus
1475 3410 1770 3480 conjungit.
1800 3410 1996 3465 Oscula
2048 3409 2167 3480 ejus

574 3504 716 3559 circa
742 3519 860 3559 eam
882 3504 997 3559 sine
1027 3504 1426 3562 intermissione
1451 3509 1743 3573 sociantur,
1776 3508 1827 3561 in
1853 3522 2037 3562 amore
2066 3522 2167 3562 suo

576 3596 806 3651 invicem
839 3601 1060 3654 omnino
1089 3599 1405 3668 perdurant,
1430 3611 1485 3655 et
1521 3610 1665 3654 tanta
1698 3601 2004 3671 integritate
2036 3602 2169 3656 sub-

579 3688 804 3755 sistunt,
839 3699 895 3745 ut
936 3693 1111 3746 omnis
1157 3693 1454 3762 virginitas,
1495 3703 1550 3748 et
1595 3701 1771 3749 omnis
1815 3695 2072 3760 charttas,
2112 3703 2167 3749 et

580 3787 756 3841 omnis
785 3787 1060 3857 integritas
1081 3802 1149 3843 ex
1175 3800 1360 3845 eorum
1387 3789 1637 3863 conjttgio
1660 3791 1964 3849 dirimatur.

642 3878 775 3933 Car.
807 3878 1044 3934 XXVIII.
1067 3899 1139 3922 ε-
1167 3877 1401 3936 Audiens
1430 3882 1546 3938 hac
1576 3882 1830 3948 Nicetius,
1860 3885 2164 3952 obstupuit;

575 3978 630 4023 et
655 3984 722 4023 ne
753 3971 817 4022 ad
846 3968 1229 4039 imperatorem
1269 3974 1572 4042 perveniret
1601 3978 1740 4044 quod
1771 3989 1889 4029 eam
1934 3976 2166 4030 libenter

574 4063 810 4126 audiret,
849 4065 1010 4130 jussit
1049 4078 1167 4117 eam
1195 4064 1260 4117 ad
1295 4065 1554 4134 templum
1587 4065 1708 4119 duci
1758 4065 1974 4130 Diana»;
2009 4076 2063 4122 et
2091 4067 2165 4123 ita

575 4153 868 4222 spiculator
899 4153 1204 4220 imminens,
1235 4155 1371 4208 dixit
1401 4156 1448 4209 ei
1475 4173 1488 4207 :
1525 4154 1747 4209 Redime
1789 4165 1950 4209 vitam
1981 4165 2124 4210 tuam
2144 4201 2161 4226 ,
2200 4179 2205 4194 =

577 4245 954 4314 patrimonium
977 4255 1159 4311 tuum,
1191 4246 1446 4315 Eugenia,
1473 4257 1528 4301 et
1549 4248 1787 4302 sacrilica
1813 4247 1930 4302 dea:
1957 4243 2163 4304 Diana.

573 4336 725 4393 Tunc
756 4337 913 4394 beata
961 4338 1196 4410 Eugenia
1234 4339 1545 4409 expandens
1589 4355 1780 4397 manus
1824 4356 1974 4409 suas,
2001 4352 2168 4411 caput
2199 4353 2201 4368 ³

573 4445 729 4486 orate
754 4447 818 4486 ac
845 4431 1063 4488 dicere:
1098 4433 1259 4498 Deus,
1287 4434 1376 4503 qui
1405 4434 1581 4488 cordis
1609 4435 1714 4490 mei
1743 4450 1938 4490 arcana
1967 4452 2168 4509 cognoo

573 4523 702 4584 scis,
734 4523 824 4590 qui
866 4523 1225 4592 virginitatem
1260 4539 1432 4579 meam
1477 4529 1742 4581 sinceram
1773 4529 1826 4582 in
1859 4541 1951 4584 tuo
1979 4544 2167 4586 amore

572 4613 798 4668 servasti
819 4656 833 4678 ,
865 4615 955 4684 qui
983 4632 1067 4670 me
1095 4615 1230 4673 Filio
1261 4625 1350 4673 tuo
1378 4619 1602 4674 Domino
1631 4636 1753 4677 meo
1783 4621 1909 4676 Iesu
1941 4623 2164 4679 Christo
2197 4637 2202 4656 τ

2275 3409 2345 3464 ab
2370 3410 2620 3465 amnibus
2644 3411 2983 3474 Christianis.
3013 3422 3066 3466 et
3097 3415 3332 3482 positum
3358 3422 3442 3469 est
3467 3425 3574 3469 non
3615 3411 3777 3481 longe
3803 3409 3914 3474 ab.

2275 3503 2405 3558 urbe
2425 3507 2507 3556 via
2534 3503 2724 3557 Latina
2749 3505 2801 3558 in
2829 3503 3031 3572 praedio
3051 3505 3171 3572 ejus
3196 3509 3433 3575 proprio,
3455 3504 3546 3561 ubi
3570 3505 3886 3590 multarunt
3913 3543 3920 3562 t

2271 3608 2582 3663 sanctorum
2613 3595 2728 3666 ipsa
2755 3595 3040 3665 sepelierat
3066 3597 3328 3655 membra.

2316 3707 2474 3764 Car.
2503 3706 2670 3763 XXX.
2692 3726 2764 3753 ε-
2789 3708 3005 3765 Claudia
3047 3721 3226 3767 autem
3263 3719 3437 3766 mater
3471 3711 3615 3782 ejus.
3645 3715 3774 3768 eum
3801 3713 3880 3767 ad
3911 3710 3914 3712 ⁷

2197 3795 2204 3802 ’
2274 3800 2392 3869 ejus
2419 3801 2724 3870 sepulcrum
2751 3801 2946 3868 ﬂeret,
2976 3803 3221 3872 apparuit
3252 3804 3302 3858 ei
3333 3802 3576 3873 vigilanti
3601 3803 3657 3859 in
3688 3805 3880 3862 medio
3908 3803 3914 3810 ’

2277 3893 2452 3948 noctis
2476 3893 2712 3958 silentio,
2735 3908 2870 3949 auro
2899 3904 3043 3950 texta
3067 3894 3287 3966 cyclade
3312 3896 3516 3960 induta,
3544 3905 3669 3950 eum
3696 3895 3880 3950 inulto
3905 3923 3918 3944 -.

2274 3986 2472 4056 papqu
2504 3987 2804 4057 virginum,
2828 3995 2884 4043 et
2909 3987 3054 4044 dixit
3079 3989 3166 4043 ei:
3200 3987 3386 4042 Gaude
3415 3998 3472 4042 et
3499 3988 3707 4051 laetare.
3739 3987 3879 4057 quia
3911 4002 3920 4008 '

2271 4091 2325 4135 et
2348 4078 2433 4134 me
2452 4080 2746 4136 introduxit
2761 4077 3008 4136 Christus
3022 4079 3076 4135 in
3095 4079 3508 4138 exsultationem
3527 4075 3874 4148 sanctorum;
3905 4095 3914 4129 :

2272 4181 2328 4228 et
2349 4183 2556 4243 patrem
2577 4189 2752 4229 meum
2777 4176 2828 4228 in
2855 4175 3274 4244 patriarcharum
3297 4189 3601 4229 numerum.
3621 4173 3766 4228 Ecce
3779 4172 3880 4228 dis
3903 4181 3918 4224 Τ

2278 4263 2558 4319 Dominico
2583 4275 2637 4319 et
2675 4273 2728 4320 te
2756 4263 3012 4332 suscipiet
3059 4265 3111 4320 in
3157 4264 3413 4336 gaudium
3453 4263 3876 4332 sempiternam.

2271 4352 2599 4412 Commeuda
2621 4355 2744 4412 ﬂliis
2767 4359 2868 4412 tuis
2897 4357 3149 4413 fratribus
3171 4357 3306 4413 meis
3321 4358 3598 4412 custodire
3619 4357 3878 4428 signasti.
3903 4403 3913 4410 .

2273 4449 2382 4502 lum
2409 4449 2606 4516 erucis,
2637 4458 2693 4504 et
2722 4448 3023 4505 efﬁciantur
3051 4452 3219 4506 nostri
3252 4448 3562 4520 participes.
3592 4449 3758 4514 Ecce,
3787 4449 3879 4505 Io-

2271 4551 2467 4610 quente
2493 4557 2578 4608 ea,
2604 4540 2738 4597 facta
2759 4553 2842 4599 est
2866 4543 3104 4609 claritas,
3128 4543 3292 4615 349
3314 4559 3475 4613 quam
3501 4544 3696 4598 oculus
3725 4542 3883 4599 fam
3903 4563 3913 4612 ς

2273 4647 2378 4688 non
2413 4643 2652 4703 poterat;
2673 4645 2727 4689 et
2753 4633 2928 4705 angeli
2949 4645 3309 4704 transeuntes,
3336 4635 3606 4709 hymnum
3618 4633 3914 4690 dicebant:

573 4704 784 4762 sociare
811 4705 1059 4777 dignatus
1085 4723 1166 4775 es,
1199 4711 1287 4778 qui
1335 4709 1592 4780 Spiritum
1637 4725 1884 4789 sanctum
1927 4719 2074 4769 tuum
2107 4717 2161 4770 in

2279 4728 2386 4781 Deo
2413 4704 2865 4782 inenarrabilibus
2896 4728 3140 4784 vocibus.
3168 4730 3278 4784 lioc
3313 4704 3485 4783 soium
3523 4726 3884 4796 httelligeba-

575 4812 662 4853 me
689 4812 916 4868 regnare
941 4798 1152 4865 fecisti,
1184 4801 1372 4858 adesto
1403 4805 1533 4860 mihi
1564 4821 1706 4861 nunc
1735 4808 1788 4862 in
1817 4808 2164 4864 confessione

573 4891 808 4947 nominis
837 4892 932 4955 tui,
962 4901 1021 4951 ut
1043 4893 1444 4950 confundantur
1466 4913 1657 4954 omnes
1683 4901 1775 4970 qui
1803 4901 2028 4955 adurant
2056 4901 2160 4958 hoc

581 4984 783 5040 idolum
803 5025 820 5052 ,
851 4993 914 5042 et
937 4988 1028 5056 qui
1059 4986 1352 5056 gloriantur
1378 4989 1432 5043 iu
1465 4990 1764 5047 simulacris
1789 4993 1921 5049 suis.
1951 4994 2016 5048 Et
2037 4995 2166 5050 dum

579 5087 789 5146 oraret,
820 5078 881 5135 tit
916 5088 1257 5136 terminatus
1283 5081 1336 5136 in
1374 5085 1566 5140 eodem
1608 5085 1759 5153 loco;
1788 5093 1843 5142 et
1871 5088 1942 5142 ita
1981 5087 2196 5159 templi

575 5177 748 5245 ipsius
792 5175 1143 5234 fundamenta
1186 5192 1364 5235 mersa
1402 5188 1532 5236 sunt
1574 5189 1696 5237 cum
1736 5181 1855 5252 ipso
1901 5181 2067 5250 idolo,
2111 5189 2173 5238 ut

2276 4828 2380 4885 tur,
2397 4819 2540 4887 quod
2564 4835 2760 4876 nomen
2783 4819 2908 4876 Jesu
2930 4820 3130 4877 Christi
3149 4830 3204 4876 et
3220 4821 3448 4891 Spiritus
3467 4823 3640 4877 sancti
3660 4822 3724 4875 in
3745 4821 3883 4890 ipsis
3902 4819 3911 4825 ’

2275 4913 2523 4970 laudibus
2553 4914 2896 4971 resonabant.
2925 4915 3104 4970 Gloria
3135 4924 3193 4971 et
3222 4915 3393 4970 honor
3423 4914 3602 4982 Patri,
3623 4925 3681 4971 et
3712 4913 3904 4978 Filio;

2275 5015 2331 5061 et
2368 5005 2591 5072 Spiritui
2632 5016 2842 5074 sancto,
2865 5015 2924 5063 et
2948 5021 3112 5076 nunc,
3137 5015 3195 5064 et
3221 5019 3461 5078 semper,
3486 5014 3549 5064 et
3567 5007 3628 5063 in
3671 5006 3878 5063 sucula
3903 5023 3908 5030 ε

2278 5099 2620 5154 saeculorum.
2645 5100 2839 5156 Aman.
3905 5117 3908 5120 ’

1865 5307 2234 5376 ROSWEYDI
2271 5311 2592 5375 NOTATIO.

648 5409 729 5496 (1)
780 5407 1072 5496 [ingeniun]
1111 5413 1541 5496 Martyrologium
1593 5426 1893 5483 Romanum
1941 5429 2011 5483 25
2063 5431 2164 5486 De-

578 5491 808 5564 retulifts
839 5491 907 5546 τ’(
945 5491 1128 5548 unum
1169 5499 1223 5550 in
1251 5491 1576 5552 'cmtn'eterio
1623 5498 1910 5564 Aproniani
1963 5502 2194 5557 sanctae

582 5562 1101 5639 Eugenim‘virginis.
1131 5579 1252 5635 qua:
1282 5577 1522 5637 tempore
1566 5562 1791 5624 Gallieni
1825 5573 2164 5639 iulperatoris

580 5645 699 5712 post
723 5635 944 5712 plurima
976 5635 1224 5692 virtutum
1256 5635 1505 5707 insignia,
1539 5657 1656 5709 post
1684 5658 1866 5697 saeros
1899 5635 2193 5712 virginum.

578 5706 778 5785 chortis
807 5703 1019 5785 Christo
1066 5703 1396 5785 aggregatos,
1430 5703 1766 5785 suhiNicetio
1799 5715 1944 5770 urbis
1972 5703 2191 5785 ὄπυιε-τ

577 5787 665 5858 ctu
696 5776 783 5858 diu
830 5776 1150 5858 aglitzizans,
1187 5782 1475 5858 novissime
1519 5779 1691 5858 gladio
1728 5776 2098 5858 jugulata'est.
2135 5807 2155 5841 ι
2189 5781 2193 5786 ’

579 5846 842 5927 Μιθιιξξιοές.
892 5845 1201 5903 Gmcttrum
1246 5845 1626 5927 2t_Decenib.,
1676 5845 1820 5910 Act;
1853 5861 1968 5927 ejus
2009 5869 2157 5913 coin-

577 5919 838 5985 pendlose
889 5926 1142 5974 retexens
1185 5935 1203 5974 :

1260 5939 1283 5976 ι
1311 5921 1602 5984 Certamen
1651 5939 1854 5986 senui.
1882 5921 2161 6002 'Ettgenia

2275 5425 2926 5514 ntartyri‘suetusuciorum.
2962 5435 3088 5514 Haec
3121 5425 3215 5514 [uit
3244 5427 3670 5514 sttb‘Commodo
3697 5443 3906 5514 impos

2276 5503 2452 5584 t'alnre
2482 5505 2588 5584 lilia
2621 5503 2845 5584 'I'rtiltltli
2873 5508 2926 5562 in
2949 5507 3094 5584 urbe
3127 5509 3313 5567 Roma.
3345 5505 3537 5568 Missits
3567 5519 3748 5570 autem
3897 5509 3908 5528 ⁸

2277 5587 2355 5629 ter
2380 5578 2449 5631 ab
2481 5579 2804 5643 imperatore
2833 5579 2884 5633 in
2912 5581 3182 5636 civitatein
3215 5585 3576 5650 Alexandria,
3609 5595 3668 5640 ut
3697 5578 3908 5642 tribu“

2275 5659 2429 5721 natus
2459 5653 2827 5719 magistratum
2857 5661 3093 5721 gereret.
3124 5668 3309 5710 secum
3358 5657 3508 5712 vexit
3536 5673 3771 5715 uxorem
3811 5665 3902 5714 el:

2274 5718 2432 5804 lituos,
2473 5718 2701 5804 quorum
2731 5738 2833 5776 uua
2863 5718 2964 5804 luit
2997 5727 3147 5804 beata
3185 5728 3418 5804 [ingenia
3451 5745 3464 5781 :
3493 5744 3616 5797 qua:
3649 5746 3772 5804 rum
3794 5731 3914 5804 ιίει,

2274 5797 2417 5844 teras
2448 5793 2736 5853 edisceret.
2791 5801 2846 5848 et
2889 5795 2941 5847 iit
2991 5793 3286 5851 multorum
3329 5793 3583 5855 librorum
3639 5799 3886 5858 lectiohﬁ

2271 5873 2596 5938 versaretur,
2624 5864 2812 5938 incidit
2826 5863 2880 5920 ia
2893 5863 3153 5936 epistolas
3172 5863 3584 5938 sanctlapnstoli
3606 5868 3775 5938 Pauli,
3799 5871 3908 5928 et"

2269 5933 2464 6004 quibus
2717 5937 2881 6014 ﬁdere
2911 5932 3120 5998 adicit.
3149 5939 3338 6014 Itaque
3365 5932 3572 6014 patrias
3597 5932 3910 6010 “malum

3087 6073 3163 6086 ,μ
3211 6083 3238 6102 ~
