4162 6352
294 354 410 410 (125

1268 349 1429 406 VlTA
1468 345 1761 404 SANCTIE
1809 340 2252 410 EUPHRASIIE,
2298 345 2618 405 VIRGINIS.

3467 340 3584 406 ωδ

285 469 413 537 ’τὶἱε,
449 465 730 522 mundanis
761 463 1174 536 cegitationibus
1205 463 1421 533 Obligati
1451 480 1464 529 ;
1497 472 1551 517 et
1591 463 1643 516 in
1688 461 1893 516 fallacia
1922 458 1972 517 A
2003 459 2259 515 mulieres
2288 471 2559 517 matronas
2584 461 2849 531 persuasit
2878 463 3135 532 Augustae
3165 470 3217 520 ut
3249 466 3365 522 sine
3398 470 3584 525 notitia

295 558 464 630 positi
495 557 864 626 temporalium
906 557 1234 622 divitiarum,
1271 555 1386 610 dies
1425 562 1639 609 nostros
1689 557 1889 607 frustra

299 653 690 715 consumimus,
727 649 856 704 nihil
901 649 1179 703 animabus
1227 649 1427 702 nostris
1469 648 1670 702 utiliter
1711 646 1894 717 acqui-

298 754 502 802 rentes.
538 742 773 798 Audiens
814 753 990 796 autem
1030 743 1144 796 haec
1194 741 1497 811 Euphraxia
1521 782 1536 805 ,
1572 740 1709 794 dixit
1743 740 1893 793 Anti-

296 852 446 909 gono
478 837 592 890 viro
620 850 718 890 suo
745 852 758 887 :
788 835 853 889 Et
884 834 1007 904 quid
1029 835 1208 904 jubes,
1242 835 1460 889 domine
1491 835 1592 899 mi,
1625 842 1682 887 ut
1733 833 1891 888 facia-

299 929 465 984 mus?
492 927 585 982 Cui
632 927 767 982 dixit
807 928 1141 994 Antigonus:
1169 926 1340 983 Unam
1390 928 1548 982 filiam
1601 942 1694 996 per
1724 927 1892 982 Deum

296 1019 703 1090 acquisivimus,
738 1033 855 1088 qua:
885 1019 1084 1074 suflicit
1109 1019 1281 1086 nobis,
1307 1027 1362 1074 et
1387 1034 1721 1088 nequaquam
1751 1019 1888 1071 ultra

297 1113 689 1169 conveniamus
721 1111 1013 1166 infelicitati
1046 1126 1106 1165 ac
1145 1127 1381 1166 miseriae
1411 1112 1615 1165 smculi.
1652 1110 1890 1166 Audiens

298 1212 422 1265 hmc
455 1207 786 1278 Euphraxia,
818 1221 1146 1277 consurgens
1190 1207 1429 1262 extendit
1461 1221 1652 1261 manus
1681 1206 1746 1260 ad
1779 1220 1894 1261 caa-

297 1305 441 1370 ‘lum,
475 1314 528 1359 et
555 1303 909 1373 ingemiscens
936 1302 1068 1356 dixit
1099 1303 1214 1356 viro
1260 1315 1358 1356 suo
1384 1299 1652 1370 Antigono
1678 1316 1692 1354 :
1720 1299 1893 1381 B‘ene-

299 1399 484 1454 dictus
519 1397 656 1451 Deus
679 1436 694 1461 ,
727 1395 819 1464 qui
860 1395 1080 1464 dignum
1113 1403 1165 1449 te
1212 1393 1337 1448 fecit
1369 1395 1562 1447 timore
1591 1408 1711 1461 suo,
1744 1401 1796 1446 et
1827 1392 1894 1446 ad

297 1490 665 1560 cognitionem
696 1486 936 1541 veritatis
966 1486 1212 1540 adduxit.
1244 1484 1401 1552 Vere,
1432 1485 1668 1551 domine,
1702 1486 1896 1552 saepius

297 1581 601 1650 supplicavi
629 1580 760 1643 Deo,
795 1589 851 1632 ut
880 1593 972 1633 cor
1006 1586 1153 1632 tuum
1193 1577 1538 1643 illuminaret,
1576 1586 1630 1632 et
1659 1586 1894 1632 mentem

295 1685 450 1731 tuam
486 1690 580 1743 pro
613 1673 712 1728 hac
741 1687 900 1727 causa
933 1672 1135 1727 faceret
1164 1672 1491 1739 elucesccre,
1528 1672 1623 1726 sed
1671 1671 1772 1726 hoc
1803 1671 1896 1725 tibi

300 1772 544 1842 pandere
575 1785 678 1824 non
708 1769 1058 1840 praesumpsi,
1091 1770 1213 1838 quia
1246 1782 1372 1822 vero
1404 1769 1519 1834 ipse
1551 1765 1721 1822 fecisti
1753 1766 1897 1834 prin-

1999 554 2254 624 principis
2282 555 2540 620 mitteret,
2569 564 2623 609 et
2646 555 2968 623 Euphraxite
2998 558 3227 629 conjugii
3261 562 3423 615 verba
3453 577 3588 615 nun-

1999 646 2174 699 tiaret.
2206 646 2335 712 Quae
2362 662 2484 702 cum
2514 648 2776 713 audisset,
2804 664 2988 705 amare
3029 651 3192 715 flevit,
3226 660 3280 706 et
3308 652 3443 706 dixit
3475 670 3593 707 tnu-

2000 741 2223 797 lieribus
2253 758 2372 811 quae
2403 743 2618 798 fuerant
2646 744 2929 798 destinatae
2956 763 2967 797 :
2997 745 3087 799 Va:
3130 746 3282 800 vobis
3313 746 3362 799 in
3413 746 3592 802 futuro

2002 836 2231 901 saeculo,
2261 851 2378 906 qum
2410 837 2538 890 mihi
2573 838 2694 892 talia
2723 839 3079 907 persuadetis,
3113 849 3167 893 et
3194 840 3261 894 ad
3310 841 3432 894 talia
3463 856 3595 894 con-

1999 928 2216 982 curritis
2246 937 2433 983 contra
2467 930 2749 984 mulierem
2775 976 2788 999 ,
2821 946 2939 1001 qua:
2983 932 3276 986 secundum
3311 932 3477 988 Deum
3513 934 3591 986 vi-

1999 1034 2126 1074 vere
2177 1019 2414 1075 festinat.
2472 1022 2728 1077 ltecedite
2763 1038 2791 1076 a
2825 1039 2928 1089 me,
2983 1025 3233 1092 quoniam
3280 1035 3591 1080 extraneatn

2000 1114 2473 1181 congregationem
2506 1122 2743 1168 vestram
2787 1129 2927 1170 nunc
2968 1116 3174 1184 egistis.
3206 1117 3315 1171 illa:
3343 1132 3471 1172 vero
3499 1118 3596 1174 de-

1998 1199 2240 1256 formatur.
2288 1204 2658 1272 discedentes,
2711 1208 3088 1262 nuntiaverunt
3146 1211 3399 1279 Augustae
3471 1228 3589 1281 quae

1998 1306 2146 1366 gesta
2169 1307 2310 1351 sunt.
2336 1298 2679 1367 Cognosccns
2705 1308 2881 1354 autem
2910 1301 3202 1370 imperator
3225 1304 3367 1371 quod
3392 1302 3589 1357 factum

2001 1391 2198 1461 fuerat,
2236 1393 2469 1465 graviter
2518 1395 2761 1450 invectus
2804 1407 2886 1451 est
2928 1397 2981 1449 in
3013 1396 3342 1465 Augustam;
3376 1405 3429 1450 et
3459 1398 3597 1452 indi-

2006 1496 2199 1558 gnatus
2243 1488 2505 1542 adversus
2552 1492 2847 1559 Augustam
2876 1531 2889 1554 ,
2923 1490 3095 1543 dixit:
3125 1489 3282 1557 Vere,
3338 1491 3594 1560 Augusta,

2003 1591 2314 1636 extraneam
2375 1597 2486 1636 rem
2528 1583 2596 1635 ab
2646 1583 2744 1637 hac
2792 1584 3200 1638 conversatione
3232 1584 3422 1638 fecisti.
3475 1585 3599 1640 llaec

2001 1682 2131 1725 sunt
2170 1687 2332 1740 opera
2364 1673 2682 1728 Christianae
2713 1675 2999 1745 Augustae?
3029 1675 3118 1730 Sic
3158 1678 3446 1743 promisisti
3486 1677 3598 1732 Deo

2002 1762 2090 1831 pie
2119 1765 2378 1832 regnare?
2405 1766 2482 1817 sic
2511 1765 2812 1820 recordaris
2843 1768 3120 1837 Antigoni,
3155 1771 3245 1838 qui
3273 1770 3428 1824 nobis
3454 1785 3598 1825 sem-

299 1867 528 1935 cipium,
558 1863 684 1933 jnbe
713 1879 798 1918 me
823 1871 880 1916 ut
912 1863 1114 1930 loquar.
1141 1859 1236 1916 Cui
1261 1860 1390 1915 dixit
1417 1860 1752 1929 Antigonus:
1781 1859 1892 1923 Dic,
1932 1853 1979 1910 B
2007 1869 2100 1923 per
2131 1854 2276 1907 utilis
2329 1856 2660 1922 permansit?
2691 1857 2936 1912 Alienam
2985 1874 3096 1913 rem
3141 1868 3330 1913 nostro
3369 1859 3594 1927 imperio

299 1973 462 2014 soror
484 1971 620 2022 mea,
645 1955 785 2025 quod
811 1956 910 2008 vis.
940 1952 1229 2021 Respondit
1250 1971 1260 2004 :
1278 1952 1427 2006 Nosti
1445 1995 1458 2016 ,
1484 1951 1700 2005 domine
1724 1965 1896 2016 meus,

298 2049 432 2120 quia
463 2057 585 2102 ante
618 2047 810 2101 multas
839 2045 1215 2116 generationes
1245 2044 1534 2113 Apostolus
1568 2052 1814 2110 testatur,
1848 2052 1902 2097 et

299 2143 442 2198 dixit
469 2159 480 2194 :
506 2141 742 2207 Tempus
775 2141 938 2196 breve
968 2148 1051 2194 est
1082 2158 1092 2192 :
1121 2139 1386 2206 reliquum
1420 2145 1498 2191 est
1527 2177 1542 2203 ,
1575 2145 1632 2190 ut
1679 2137 1770 2205 qui
1806 2136 1902 2188 ha-

301 2235 438 2290 bent
467 2247 681 2295 uxores,
714 2240 961 2300 tanquam
996 2245 1098 2283 non
1125 2229 1385 2283 habentes
1415 2228 1520 2283 sint
1552 2223 1604 2296 (Ι
1636 2224 1754 2279 Cor.
1782 2227 1900 2295 vn).

301 2326 502 2382 Deficit
528 2324 667 2379 enim
702 2323 864 2393 hujus
893 2321 1071 2376 saeculi
1118 2318 1406 2390 cupiditas.
1440 2318 1517 2372 Ad
1562 2331 1717 2385 quam
1759 2316 1901 2368 enim

302 2418 599 2473 utilitatem
648 2425 806 2470 erunt
855 2415 953 2468 ista
1005 2413 1228 2482 pecunia
1279 2420 1334 2465 et.
1383 2417 1525 2464 tanta
1575 2406 1902 2461 abundantia

305 2509 755 2579 possessionum?
782 2506 922 2562 Nihil
951 2520 1138 2561 eorum
1171 2513 1254 2560 est
1280 2504 1418 2574 quod
1447 2505 1722 2560 nobiscum
1756 2509 1905 2570 pote-

304 2605 384 2658 rit
417 2601 748 2656 descendere
776 2600 827 2654 in
860 2597 1150 2654 infernum.
1180 2598 1312 2652 Cum
1343 2599 1484 2652 bono
1515 2614 1641 2668 ergo
1678 2599 1905 2653 consilio

305 2707 409 2750 tuo
440 2694 632 2749 festina
665 2693 827 2746 multa
857 2691 985 2746 dare
1011 2691 1364 2759 pauperibus,
1391 2701 1447 2745 ut
1481 2705 1586 2745 non
1620 2690 1746 2745 illud
1777 2705 1905 2745 con-

303 2788 495 2843 silium
525 2787 665 2858 quod
707 2785 945 2841 tractasti
989 2784 1293 2839 inveniatur
1331 2784 1745 2838 infructuosum.
1782 2785 1897 2839 Au-

291 2875 472 2936 diens
499 2889 676 2933 autem
707 2878 1028 2948 Antigonus,
1060 2875 1375 2947 glorificavit
1403 2876 1590 2930 Deum.

387 2973 517 3030 Car.
551 2973 850 3029 lll.—Cum
880 2972 1044 3043 igitur
1072 2971 1302 3040 adeptus
1327 2981 1471 3025 esset
1500 2971 1750 3039 optimam
1777 2986 1905 3024 con-

305 3069 701 3132 versationem,
736 3075 786 3120 et
818 3067 981 3120 multa
1014 3065 1337 3136 pauperibus
1373 3074 1650 3135 erogasset
1681 3063 1906 3132 Antigo-

305 3177 438 3229 nus,
469 3176 632 3216 unum
655 3157 990 3214 solummodo
1010 3172 1207 3213 annum
1235 3157 1446 3222 vivens,
1482 3168 1765 3226 poSanam
1795 3171 1906 3211 suae

2006 1948 2164 2017 egisti
2188 1989 2201 2013 ,
2235 1946 2376 2017 quod
2408 1948 2690 2003 mulierem
2718 1951 2770 2003 in
2799 1950 3024 2017 puellari
3053 1959 3208 2006 aetate
3228 1953 3603 2022 constitutam,

2005 2057 2127 2110 qua:
2160 2056 2293 2109 pene
2339 2041 2680 2096 solummodo
2731 2059 2834 2097 uno
2865 2059 3007 2098 anno
3053 2060 3173 2099 cum
3213 2046 3329 2098 viro
3355 2047 3516 2116 vixit,
3550 2055 3606 2103 et

1995 2150 2135 2188 mox
2182 2150 2247 2188 ex
2299 2134 2592 2189 constituto
2639 2145 2857 2205 propter
2902 2137 3120 2191 caeleste
3171 2154 3392 2208 regnum
3435 2154 3493 2194 se
3533 2140 3601 2195 ab

2009 2226 2254 2295 utrisque
2282 2236 2689 2294 separaverunt,
2720 2237 2770 2281 tu
2803 2244 3016 2282 rursum
3047 2229 3112 2282 ad
3142 2231 3394 2285 mundum
3426 2231 3607 2288 redire

2009 2317 2325 2386 compellis?
2355 2328 2405 2373 et
2437 2334 2608 2388 neque
2634 2319 2859 2376 timuisti
2883 2318 3073 2384 Deum,
3100 2322 3235 2376 hanc
3263 2323 3604 2393 iniquitatem

2016 2409 2203 2463 volens
2230 2409 2443 2464 facere?
2471 2411 2601 2476 Quis
2631 2412 2931 2467 satisfaciet
2976 2413 3280 2468 hominibus
3299 2457 3312 2479 ,
3345 2418 3465 2486 quia
3495 2433 3606 2473 non

2011 2515 2110 2568 per
2141 2515 2225 2555 tne
2256 2500 2452 2558 factum
2485 2512 2566 2556 est
2613 2503 2751 2558 hoc?
2779 2503 3116 2560 indecentem
3154 2514 3208 2561 et
3252 2506 3606 2578 incongruam

2011 2589 2194 2647 fecisti
2225 2608 2361 2662 rem,
2390 2596 2533 2664 quod
2579 2612 2677 2651 nec
2707 2597 2941 2665 eportuit
2967 2607 3022 2652 ut
3051 2614 3228 2654 meum
3268 2601 3474 2657 audiret
3504 2604 3605 2657 im-

2013 2689 2248 2756 perium,
2289 2698 2506 2758 propter
2552 2690 2978 2746 sincerissimum
3010 2707 3187 2748 meum
3227 2693 3454 2749 amicum
3491 2710 3606 2750 ma-

2010 2778 2156 2834 xime
2186 2781 2527 2851 Antigonum.

2008 2912 2042 2929 ..
2084 2872 2215 2928 CAP.
2250 2873 2311 2927 V.
2337 2875 2656 2931 —Audiens
2684 2876 2798 2931 baac
2827 2879 3081 2949 Augusta,
3111 2887 3165 2933 et
3192 2879 3397 2934 vultum
3426 2881 3607 2937 nimia:

2015 2964 2347 3020 confusionis
2371 2977 2605 3035 mutans,
2638 2967 2778 3023 sicut
2820 2971 2954 3038 lapis
2999 2970 3112 3026 fere
3154 2986 3248 3040 per
3289 2972 3419 3027 duas
3448 2975 3610 3029 horas

2014 3058 2133 3113 sine
2162 3074 2291 3114 voce
2322 3060 2632 3128 permansit.
2665 3061 2729 3114 Et
2754 3062 2890 3116 facta
2921 3073 3005 3117 est
3033 3079 3224 3133 magna
3256 3066 3472 3120 tristitia
3519 3068 3600 3121 in-

2014 3165 2100 3208 ter
2129 3155 2506 3222 imperatorem
2549 3164 2605 3210 et
2631 3156 2922 3224 Augustam
2943 3197 2958 3221 ,
2992 3167 3210 3226 propter
3235 3158 3599 3226 Euphraxiam

306 3255 640 3314 renuntiavit
671 3253 861 3319 uxori,
893 3255 1057 3308 vitam
1095 3267 1242 3307 suam
1279 3253 1362 3320 pie
1393 3251 1716 3319 disponens,
1750 3265 1902 3306 com-
1935 3244 1985 3307 C
2017 3249 2269 3318 Antigoni
2299 3249 2603 3319 conjugem.
2636 3248 2786 3304 Tunc
2817 3251 3123 3320 Euphraxia
3150 3265 3445 3321 agnoscens
3476 3254 3602 3321 quia

306 3349 463 3419 pleto
508 3360 647 3401 anno
675 3346 953 3400 defunctus
982 3354 1084 3406 est,
1120 3353 1172 3398 et
1204 3342 1446 3412 sepultus
1490 3343 1540 3395 in
1576 3357 1723 3411 pace.
1755 3342 1908 3397 Tunc

309 3445 612 3512 imperator
634 3441 832 3512 pariter
853 3449 905 3495 et
936 3443 1172 3509 Augusta
1198 3439 1457 3492 ﬂeverunt
1481 3452 1626 3502 eum,
1653 3446 1906 3506 tanquam

308 3554 380 3594 ex
416 3552 600 3592 eorum
627 3551 822 3606 genere
849 3533 1290 3596 descendentem,
1320 3530 1490 3584 virum
1520 3531 1722 3599 justum
1747 3539 1802 3586 et
1822 3542 1909 3583 re-

307 3631 589 3701 ligiosum.
626 3627 1093 3698 Compatiebantur
1121 3625 1260 3680 enim
1305 3634 1360 3679 et
1407 3624 1759 3692 Euphraxice,
1798 3639 1905 3679 non

308 3723 493 3778 solum
543 3731 791 3790 tanquam
840 3720 1073 3787 propriae
1117 3716 1564 3785 consanguinea),
1621 3715 1716 3769 sed
1744 3715 1904 3769 etiam

311 3815 441 3884 quia
474 3823 590 3867 erat
615 3811 921 3883 juvencula.
955 3809 1171 3864 Duobus
1202 3823 1432 3877 namque
1455 3805 1607 3860 annis
1640 3813 1696 3861 et
1729 3808 1900 3861 tribus

313 3907 596 3966 mensibus
615 3905 748 3959 vixit
776 3919 896 3960 cum
931 3904 1046 3957 viro
1075 3917 1204 3967 suo;
1236 3916 1357 3956 nam
1390 3916 1495 3953 uno
1518 3915 1659 3954 anno
1689 3914 1755 3953 ex
1783 3914 1914 3954 con-

313 3999 510 4055 stituto
554 3998 621 4050 ab
669 3996 925 4050 alterutro
974 3994 1322 4057 abstinentes,
1358 3993 1496 4046 sicut
1537 3991 1731 4046 fratres
1763 3993 1910 4048 vixe-

292 4100 467 4147 runt.
501 4089 667 4159 Igitur
692 4087 903 4156 sepulto
932 4087 1220 4156 Antigono,
1252 4085 1320 4138 ab
1351 4085 1674 4151 imperatore
1705 4095 1758 4139 et
1798 4087 1911 4139 An-

315 4194 474 4258 gusta
528 4183 749 4238 multum
795 4181 1172 4236 consolabatur
1224 4179 1382 4250 352
1433 4180 1761 4245 Enphraxra.
1821 4178 1912 4232 Illa

314 4292 453 4332 vero
493 4290 710 4330 sumens
758 4274 1028 4344 propriam
1077 4287 1225 4326 suam
1279 4272 1466 4335 filiam,
1517 4271 1662 4325 dedit
1709 4285 1827 4325 eam
1860 4271 1913 4323 in

318 4387 517 4428 manus
545 4369 879 4439 imperatoris
909 4377 962 4422 et
990 4367 1274 4434 Augusta;
1309 4375 1362 4418 et
1407 4373 1672 4432 prostrata
1724 4365 1788 4416 ad
1821 4378 1916 4432 pe-

321 4463 423 4518 des
450 4477 659 4524 corum,
694 4475 812 4514 cum
851 4459 1083 4514 clamore
1108 4466 1162 4512 et
1192 4471 1385 4525 magno
1415 4456 1616 4523 gemitu
1658 4454 1792 4508 dixit
1819 4472 1832 4506 :
1865 4453 1919 4506 In

320 4567 519 4610 manus
565 4551 655 4605 Del
703 4559 757 4604 et
803 4559 1012 4603 vestras
1063 4547 1197 4600 hanc
1247 4545 1540 4614 orphanam
1595 4559 1734 4597 nunc
1774 4559 1923 4597 com-

2019 3359 2209 3415 magna
2265 3343 2479 3399 tristitia
2523 3351 2741 3414 propter
2781 3358 2898 3399 eam
2946 3346 3084 3400 inter
3129 3345 3508 3414 imperatorem
3552 3356 3609 3411 et

2008 3439 2315 3509 Augustam
2365 3438 2551 3493 fuisset
2599 3437 2823 3504 effecta,
2873 3439 3022 3494 vultu
3067 3439 3285 3494 omnino
3336 3440 3608 3506 demisso,

2006 3556 2011 3561 -
2035 3531 2209 3586 tristis
2237 3531 2374 3586 facta
2404 3538 2488 3586 est
2513 3545 2684 3602 usque
2715 3531 2780 3585 ad
2809 3541 3063 3600 mortem,
3100 3542 3153 3588 et
3183 3534 3248 3588 de
3275 3533 3488 3588 civitate
3515 3549 3610 3590 vo-

2026 3627 2169 3682 lebat
2194 3625 2489 3680 discedere.
2525 3625 2676 3681 Tunc
2705 3626 2840 3680 llens
2869 3627 3086 3692 acriter,
3121 3627 3255 3681 dixit
3285 3626 3610 3696 Euphraxiae

2021 3719 2150 3773 filia:
2175 3734 2285 3774 suae
2315 3738 2326 3774 :
2354 3720 2484 3775 Filia
2516 3735 2658 3786 mea,
2696 3720 2954 3776 habemus
2994 3721 3046 3774 in
3075 3720 3308 3792 Egypto
3336 3721 3610 3791 copiosam

2019 3826 2381 3882 magnamque
2409 3811 2766 3866 substantiam
2793 3832 2803 3864 :
2829 3814 2984 3877 veni,
3016 3827 3202 3867 eamus
3226 3813 3372 3880 illuc,
3399 3827 3451 3870 et
3482 3816 3610 3871 visi-

2023 3914 2196 3959 temus
2219 3903 2383 3972 patris
2407 3905 2481 3957 tui
2507 3904 2906 3972 possessiones:
2936 3914 2988 3959 et
3015 3919 3130 3959 mea
3152 3905 3331 3959 omnia
3353 3915 3440 3959 tua
3463 3916 3612 3971 sunt,

2026 3996 2135 4051 filia
2170 4012 2308 4051 mea.
2338 3997 2490 4052 Tunc
2513 4011 2640 4068 ergo
2661 4012 2781 4054 cum
2826 3997 2931 4051 filia
2969 4012 3064 4053 sua
3095 3997 3397 4069 Euphraxia
3430 4002 3497 4055 de
3523 4015 3612 4056 re-

2023 4093 2111 4163 gia
2144 4093 2364 4147 civitate
2396 4091 2666 4157 discessit,
2697 4091 2936 4160 principe
2961 4091 3256 4156 nesciente,
3288 4101 3342 4146 et
3372 4095 3518 4147 venit
3557 4094 3612 4148 in

2026 4186 2351 4256 Egyptum;
2397 4187 2506 4241 illic
2550 4201 2763 4256 quoque
2809 4186 3137 4250 morabatur,
3171 4195 3224 4241 et
3267 4201 3360 4241 sua
3411 4186 3608 4255 praedia

2029 4281 2223 4333 crebro
2253 4278 2518 4332 visitabat.
2550 4278 2616 4332 Et
2646 4279 2881 4346 profecta
2907 4289 2989 4333 est
3031 4279 3084 4332 in
3122 4279 3430 4333 interiorem
3468 4280 3610 4333 The-

1977 4400 1993 4413 -
2029 4370 2238 4425 baidem
2286 4384 2406 4423 cum
2463 4370 2894 4438 procuratoribus
2939 4372 3048 4423 suis
3107 4379 3264 4437 atque
3309 4370 3608 4434 ministris,

2033 4460 2354 4515 habentibus
2398 4475 2579 4514 curam
2626 4475 2840 4514 suarum
2893 4476 3091 4514 rerum.
3136 4461 3267 4527 Qua:
3294 4463 3452 4516 etiam
3499 4463 3610 4519 illic

2033 4566 2230 4605 vacans
2259 4552 2312 4604 in
2337 4551 2676 4617 sanctuariis,
2707 4562 2759 4605 et
2789 4551 2982 4605 multas
3015 4553 3316 4608 oblationes
3345 4554 3454 4610 illic
3477 4555 3612 4611 offe-

323 4643 546 4700 mendo.
583 4641 892 4696 Memoriam
926 4654 1054 4708 ergo
1086 4637 1344 4691 habentes
1372 4635 1654 4704 Antigoni,
1703 4636 1790 4704 qui
1824 4635 1907 4688 fui:

2038 4661 2163 4701 rens
2194 4661 2287 4714 per
2332 4645 2657 4699 monasteria
2696 4643 2930 4698 virorum
2974 4659 3035 4698 ac
3067 4646 3344 4701 mulierum
3372 4688 3385 4713 ,
3419 4651 3614 4705 multas

321 4748 531 4799 vester,
563 4735 816 4803 suscipite
846 4746 962 4786 eam
993 4740 1152 4798 atque
1182 4729 1439 4794 tuemini,
1472 4736 1526 4781 et
1569 4734 1742 4781 estote
1780 4727 1829 4781 ei
1871 4727 1923 4780 in

325 4831 451 4885 loco
483 4827 650 4897 patris
675 4835 727 4880 et
756 4824 963 4880 matris.
1003 4823 1150 4877 Multi
1179 4830 1355 4876 autem
1402 4820 1618 4874 llntnina
1666 4821 1927 4890 lacryma-

327 4939 450 4980 rum
505 4932 559 4978 et
603 4935 761 4976 voces
810 4920 1104 4974 emiserunt
1151 4915 1507 4978 audientium,
1563 4915 1634 4967 ita
1679 4922 1737 4967 ut
1765 4913 1926 4967 etiam

326 5016 604 5087 principes
631 5013 896 5082 lugerent.

401 5110 537 5164 Cir.
578 5107 664 5163 IV.
691 5136 759 5147 —
785 5107 910 5161 Post
939 5117 1162 5174 pancum
1195 5117 1322 5157 vero
1354 5110 1563 5169 tempus
1588 5116 1618 5154 a
1648 5101 1794 5155 luctu
1831 5100 1928 5154 ali-

329 5209 537 5272 quanto
559 5198 922 5269 quiescentem
952 5195 1203 5267 Antigoni
1229 5238 1244 5262 ,
1273 5195 1444 5249 suasit
1473 5195 1766 5262 imperator
1797 5193 1843 5247 ei
1872 5200 1929 5246 ut

336 5294 502 5348 filiam
548 5305 697 5345 suam
740 5289 1098 5359 Euphraxiam
1131 5286 1344 5340 cuidam
1386 5284 1619 5339 senatori
1663 5282 1931 5337 ditissimo

337 5384 494 5438 daret
541 5394 785 5434 uxorem.
821 5379 887 5432 Et
916 5376 1112 5431 factum
1164 5386 1246 5430 est
1287 5384 1345 5430 ut
1391 5375 1580 5430 arrhas
1626 5373 1928 5441 Euphraxia

340 5477 633 5547 acciperet.
673 5473 948 5543 Susceptis
979 5470 1172 5535 arrhis,
1205 5470 1395 5540 puellm
1426 5480 1553 5522 tetas
1584 5467 1930 5537 exspectaba—

345 5578 454 5622 tur.
491 5567 618 5621 Erat
645 5564 786 5620 enim
820 5563 979 5617 nimis
1011 5562 1293 5627 infantula,
1319 5561 1533 5631 quando
1561 5559 1796 5627 suscepit
1838 5575 1923 5611 ar-

343 5661 510 5726 rbas,
563 5660 715 5728 quasi
762 5670 1022 5712 annorum
1067 5655 1324 5725 quinque.
1371 5653 1497 5706 Post
1543 5650 1931 5721 aliquantulum

347 5769 478 5809 vero
506 5763 720 5823 tempus
748 5751 1007 5823 cogitavit
1034 5750 1149 5819 ipse
1175 5757 1411 5814 senator,
1445 5755 1503 5801 ut
1532 5761 1753 5803 uxorem
1783 5746 1934 5801 Anti-

313 5848 472 5919 -goni
503 5844 608 5901 sibi
657 5843 908 5902 crederet
955 5840 1228 5912 copulari;
1259 5851 1314 5896 et
1351 5853 1447 5910 per
1487 5851 1672 5910 preces
1709 5846 1800 5892 aut
1844 5852 1936 5907 per

2038 4737 2292 4807 pecunias
2312 4736 2586 4805 erogabat.

2108 4829 2237 4882 Car.
2273 4827 2356 4881 Vl.
2380 4858 2448 4867 —
2474 4827 2602 4880 Erat
2626 4836 2804 4882 autem
2833 4831 3217 4884 monasterium
3249 4830 3528 4885 mulierum
3561 4832 3616 4888 in

2039 4936 2142 4976 una
2171 4921 2407 4985 civitate,
2440 4919 2639 4975 habens
2663 4921 2913 4976 architria
2941 4922 3020 4993 (5)
3044 4932 3257 4977 centum
3288 4924 3521 4992 triginta,
3547 4923 3617 4978 de

2015 5043 2018 5047 -
2045 5014 2238 5082 quibus
2263 5028 2482 5082 magnas
2509 5023 2563 5067 et
2585 5014 2856 5069 mirabiles
2881 5015 3105 5070 virtutes
3133 5015 3376 5070 homines
3418 5015 3617 5083 praedi-

2036 5109 2252 5162 cabant.
2283 5108 2338 5161 in
2385 5108 2478 5162 illo
2530 5123 2758 5177 namque
2806 5110 3133 5164 monasterio
3175 5124 3333 5163 nemo
3374 5109 3620 5178 gustabat

2036 5201 2235 5266 vinum,
2282 5200 2426 5255 nulla
2476 5200 2685 5255 illarum
2729 5216 2942 5271 pomum
2987 5201 3170 5265 edere,
3211 5210 3302 5254 aut
3349 5216 3499 5267 uvas,
3529 5211 3623 5259 aut

2037 5292 2186 5356 licus,
2217 5301 2307 5346 aut
2353 5292 2548 5363 aliquid
2582 5291 2883 5362 ltujusmodi
2931 5293 3189 5348 bonorum
3221 5335 3233 5357 ,
3261 5309 3380 5362 qua:
3406 5302 3623 5350 terrena

2037 5396 2325 5440 nascuntur
2357 5385 2619 5448 ubertate,
2647 5387 2914 5454 gustabat.
2945 5384 3198 5450 Quaedam
3231 5394 3406 5439 autem
3433 5401 3620 5442 earum

2043 5480 2426 5535 abrenuntians
2473 5479 2690 5546 saeculo,
2723 5492 2895 5547 neque
2944 5477 3122 5532 oleum
3168 5478 3330 5534 edere
3371 5480 3622 5547 volebat,

2045 5574 2288 5644 quaedam
2318 5588 2501 5628 earmn
2542 5588 2572 5627 a
2604 5585 2824 5640 vespera
2855 5585 3024 5640 usque
3060 5571 3128 5626 ad
3156 5572 3316 5626 aliam
3345 5588 3622 5644 vesperam

2040 5667 2303 5737 jejunium
2331 5665 2708 5735 protrahebat;
2737 5664 2856 5719 alim
2893 5681 3019 5720 vero
3067 5677 3185 5734 post
3236 5667 3453 5722 biduum
3483 5668 3615 5723 ede-

2045 5761 2194 5829 bant,
2226 5760 2344 5814 alize
2387 5774 2514 5814 vero
2561 5767 2682 5829 post
2727 5759 2979 5816 triduum.
3030 5759 3185 5817 Nulla
3230 5777 3413 5818 earum
3459 5759 3625 5832 pedes

2047 5869 2175 5911 suos
2213 5852 2498 5914 abluebat:
2525 5853 2811 5922 aliquantae
2840 5869 2967 5911 vero
3008 5854 3285 5912 audientes
3323 5854 3390 5910 de
3436 5854 3626 5910 balneo
