4162 6352
615 328 722 391 627

1569 403 1572 406 ,
1662 331 1752 394 DE
1789 332 1970 390 vms
2005 331 2290 392 PATRUM
2328 331 2530 392 uasa
2570 289 2852 396 petitus.
2904 367 2909 374 -

602 455 798 525 loqui,
822 451 1131 519 irridentes,
1159 451 1528 512 contusionem
1551 459 1603 508 et
1637 466 1886 524 magnam
1909 452 2190 508 abomina-
2221 450 2277 512 Δ
2299 448 2516 504 domum
2542 460 2708 516 tuam.
2740 467 2846 505 non
2875 458 3028 522 potes
3062 453 3151 510 hic
3179 467 3420 514 manere.
3445 453 3560 512 Non
3581 455 3732 514 enim
3750 457 3902 534 quis-

597 547 815 605 -tionem
860 561 921 604 se
957 543 1149 602 audire
1183 545 1522 616 judicabant,
1566 561 1684 616 quae
1733 561 1910 617 neque
1956 549 2194 608 auditum

608 655 768 702 suum
792 638 1094 698 bocaudiro
1118 639 1472 708 patiebantur.
1497 638 1840 710 Unaquaeque
1859 656 1988 698 vero
2009 658 2193 702 earum

615 740 844 788 stratum
891 731 944 788 in
982 738 1125 790 terra
1169 729 1417 796 habebat,
1443 731 1673 792 cilicium
1718 733 1996 801 parvulum
2035 734 2194 794 unius

607 823 774 880 cubiti
803 821 1118 890 latitudinis,
1143 833 1199 882 et
1246 822 1592 893 longitudinis
1627 826 1809 890 trium,
1832 834 1888 881 et
1921 827 2192 894 paululum

595 915 668 978 in
694 917 822 986 ipsis
857 916 1251 986 requiescebat.
1294 918 1456 975 Erant
1493 928 1672 978 autem
1705 929 1760 976 et
1805 929 1984 978 vestes
2007 935 2190 978 earum

605 1009 876 1066 decilicio
911 1024 1083 1080 usque
1121 1011 1398 1077 deorsum.
1422 1011 1821 1082 obstringentes
1855 1012 2046 1082 pedum
2089 1029 2186 1072 ex-

607 1106 923 1163 tremitates.
955 1106 1456 1176 Quantumcumque
1483 1116 1716 1176 poterat,
1748 1122 2085 1178 unaquaeque
2115 1109 2192 1164 la-

597 1196 848 1259 borabat.
882 1198 944 1260 Et
974 1212 1094 1252 cum
1124 1198 1357 1267 aliquam
1408 1213 1594 1259 earum
1634 1201 1922 1271 aliquando
1949 1201 2191 1272 contige-

597 1296 687 1344 rat
716 1287 1006 1356 infirmari,
1038 1304 1144 1350 non
1191 1291 1240 1346 ei
1273 1290 1570 1347 fomentum
1611 1302 1703 1347 aut
1739 1293 2061 1362 adjuturium
2092 1294 2191 1352 ali—

598 1380 742 1452 quod
768 1381 1050 1440 medicina
1073 1383 1479 1450 canferebatur;
1509 1385 1601 1440 sed
1624 1387 1670 1440 si
1691 1401 1848 1450 quam
1869 1387 2188 1456 contigisset

586 1473 849 1548 .cgrotari
872 1516 887 1542 ,
943 1481 1194 1544 tanquam
1226 1476 1513 1532 maximam
1546 1478 1972 1534 benedictionem
2014 1495 2044 1534 a
2076 1479 2187 1536 Deo

580 1564 918 1632 accipiebat,
941 1573 997 1620 et
1025 1566 1292 1623 tolerabat
1322 1569 1650 1639 languorem,
1675 1571 1846 1626 donec
1865 1587 1983 1627 eam
2015 1573 2187 1630 medi-.-

593 1657 713 1719 cina
735 1657 1005 1726 dominica
1036 1662 1374 1728 praeveniret.
1393 1663 1545 1717 Nulla
1567 1679 1750 1722 earum
1767 1664 1958 1736 januas
1983 1667 2180 1722 exibat.

581 1745 726 1809 .Erat
764 1757 944 1804 autem
970 1748 1191 1818 janitrix
1211 1791 1226 1816 ,
1268 1766 1364 1819 per
1390 1767 1548 1822 quam
1580 1769 1838 1816 respousa
1869 1757 2052 1814 omnia
2089 1758 2186 1813 lie-

585 1841 750 1906 .bant,
784 1851 1030 1909 matura;
1063 1843 1354 1914 multaeque
1391 1848 1650 1904 sanitates
1677 1846 1747 1904 ibi
1778 1847 1994 1904 ﬁebant.

578 1996 586 2015 ε
665 1930 792 1996 Car.
847 1933 953 1996 VII.
989 1963 1060 1976 -—
1099 1935 1302 1992 Harum
1348 1937 1564 2005 quidem
1615 1939 1917 2008 Euphraxia
1956 1942 2179 2014 diligens

574 2025 876 2092 “consilium
923 2036 1230 2088 sanctarum
1272 2028 1593 2094 mulierum,
1624 2043 1840 2100 promer
1878 2034 2177 2090 mirabilem

577 2119 1058 2182 =conversationem
1089 2137 1296 2190 earum,
1342 2126 1539 2194 sapius
1568 2125 1634 2180 ad
1665 2125 1825 2200 353
1858 2128 2030 2197 ipsum
2064 2146 2179 2190 mo-

573 2212 879 2275 nasterium
913 2213 1198 2284 pergebat,
1226 2218 1624 2288 tbytniatnaque
1665 2221 1773 2278 illic
1812 2222 2074 2280 oil‘ervbat
2123 2234 2179 2280 et

576 2304 934 2389 _eereos.IUna
975 2307 1192 2376 quidem
1238 2309 1445 2371 dierum
1484 2313 1709 2382 rogabat
1739 2314 2069 2380 abbatissam
2119 2328 2176 2373 et

587 2398 794 2471 priores
831 2402 1179 2469 monasterii,
1223 2403 1410 2462 dicens
1437 2407 1515 2461 eis
1543 2425 1555 2460 :
1583 2408 1807 2465 Parvam
1840 2412 2173 2468 benedictio-

577 2502 708 2562 nem
743 2490 863 2550 volo
891 2491 1092 2559 absque
1124 2503 1331 2554 terrore
1359 2508 1542 2552 vestro
1573 2501 1833 2568 praebere,
1868 2504 2171 2560 reddituum

568 2579 702 2642 .auri
731 2581 918 2651 viginti
963 2595 1058 2646 aut
1088 2585 1306 2655 triginta
1339 2588 1626 2655 librarum,
1660 2603 1718 2647 ut
1746 2596 1914 2650 oretis
1947 2613 2041 2665 pro
2071 2599 2171 2654 ista

577 2670 782 2736 famula
804 2689 1006 2745 vestra,
1031 2685 1088 2733 et
1115 2695 1210 2747 pro
1237 2682 1505 2752 Antigono
1535 2695 1685 2753 patre
1713 2687 1850 2757 ejus.
1877 2689 1975 2745 Cui
2007 2692 2172 2748 abba-

578 2767 710 2821 tissa
737 2769 1012 2837 reSpOudit
1041 2789 1052 2822 :
1080 2771 1303 2827 Domina
1349 2790 1467 2830 mea
1497 2788 1742 2838 matrona
1771 2820 1787 2845 ,
1821 2782 2030 2841 ancillae
2065 2795 2168 2839 tua:

567 2873 689 2926 non
719 2873 878 2931 egent
899 2863 1217 2934 rodilitibus,
1244 2882 1416 2939 neque
1448 2872 1727 2940 pecuniam
1751 2876 2163 2946 concupiscunt.

563 2952 870 3024 ,Propteroa
931 2973 1165 3028 namque
1225 2963 1407 3022 omnia
1455 2966 1824 3036 reliquerunt,
1878 2979 1933 3024 et
1972 2984 2164 3028 cuncta

572 3049 880 3118 despiciunt
911 3053 963 3108 in
995 3054 1096 3110 hoc
1127 3057 1359 3122 smculo,
1396 3067 1453 3117 ut
1481 3063 1700 3117 aeternis
1727 3065 1881 3120 bonis
1920 3067 2021 3122 frui
2055 3085 2168 3125 me-

571 3154 812 3213 reantur,
845 3155 898 3208 et
925 3145 1058 3204 nilnl
1089 3148 1366 3217 possidere
1396 3152 1580 3208 volunt
1600 3194 1616 3220 ,
1654 3170 1724 3212 ne
1752 3157 1964 3214 caelesti
1997 3175 2166 3232 regno

2305 556 2466 610 quam
2499 557 2716 600 manere
2761 553 2938 612 potest
2981 545 3087 611 hic,
3119 546 3224 601 nisi
3252 561 3311 601 se
3350 547 3636 606 devoverit
3663 549 3899 606 Christo.

2305 632 2402 690 Cui
2427 634 2606 704 puella
2629 637 2943 703 respondit:
2969 636 3065 693 Ubi
3088 650 3169 694 est
3191 639 3474 698 Christus?
3506 641 3599 704 illa
3625 650 3903 713 gratanter

2305 728 2351 781 ei
2379 728 2702 786 dominicam
2725 727 3009 798 imaginem
3033 730 3438 788 demonstravit.
3465 732 3701 804 Pergens
3717 743 3900 799 autem

2303 820 2628 891 Eupbraxia,
2658 824 2894 880 osculata
2924 833 3009 881 est
3037 825 3361 884 dominicam
3399 828 3650 898 ﬁguram;
3684 840 3740 884 et
3764 844 3896 884 con-

2302 929 2479 978 versa,
2513 915 2646 974 dixit
2674 917 2961 974 abbatissae
2988 936 3001 974 :
3029 915 3170 974 Vere
3197 929 3250 971 et
3289 933 3389 990 ego
3419 934 3507 976 me
3531 935 3706 976 voveo
3737 920 3898 976 Chri-

2299 1016 2386 1062 sto
2407 1022 2548 1072 meo,
2566 1018 2618 1062 et
2640 1009 2864 1066 ulterius
2886 1024 3006 1068 cum
3029 1008 3246 1072 domina
3269 1025 3386 1072 mea
3410 1021 3582 1072 matre
3604 1028 3711 1066 non
3732 1011 3895 1067 vado.

2299 1099 2444 1156 Dixit
2469 1101 2519 1155 ei
2550 1101 2815 1156 abbatissa
2843 1117 2860 1160 ;
2885 1099 3040 1167 Filia,
3077 1117 3180 1156 non
3216 1102 3382 1158 babes
3413 1104 3500 1156 ubi
3530 1103 3618 1160 hic,
3648 1119 3890 1175 mat)qu

2299 1204 2355 1250 ot
2380 1210 2484 1249 non
2514 1203 2666 1263 potes
2693 1196 2777 1250 hic
2809 1211 3052 1256 manere.
3099 1195 3284 1262 Puella
3330 1195 3462 1252 dixit
3491 1195 3628 1252 :Ubi
3656 1211 3751 1258 vos
3780 1213 3896 1262 ipa-

2296 1290 2458 1355 netis,
2487 1295 2542 1346 et
2575 1304 2677 1360 ego
2719 1305 2931 1350 maneo.
2981 1291 3045 1346 Et
3085 1306 3207 1354 cum
3244 1290 3355 1359 jam
3395 1305 3620 1358 vespera
3651 1299 3822 1356 esset,
3844 1299 3904 1344 et

2297 1383 2525 1442 multum
2555 1395 2725 1442 mater
2753 1385 2869 1455 ejus
2898 1386 3164 1454 coegisset
3197 1394 3369 1461 atque
3393 1384 3664 1446 abbatissa
3694 1393 3752 1438 ut
3783 1399 3902 1444 am-

2294 1475 2529 1542 bularet,
2557 1491 2891 1546 nequaquam
2920 1484 3208 1546 potuerunt
3236 1491 3358 1532 eam
3388 1476 3578 1538 tollere
3605 1475 3674 1530 de
3702 1490 3898 1529 mona-

2293 1569 2480 1623 sterio.
2515 1568 2736 1630 Multum
2769 1584 2896 1638 ergo
2925 1569 3132 1628 crebris
3158 1569 3350 1624 diebus
3388 1578 3559 1632 mater
3581 1567 3702 1637 ejus
3724 1578 3896 1638 atque

2293 1661 2562 1718 abbatissa
2592 1662 2642 1718 ei
2675 1661 3108 1731 blandiebantur,
3140 1670 3196 1718 et
3219 1662 3540 1730 persuadere
3564 1662 3898 1730 nequierunt

2293 1761 2353 1816 ut
2372 1754 2438 1809 de
2461 1755 2785 1811 monasterio
2817 1755 3114 1825 potuissent
3132 1769 3249 1816 eam
3272 1754 3563 1825 expellere.
3587 1752 3901 1810 Novissime

2212 1834 2262 1894 Β
2288 1859 2418 1900 vero
2447 1845 2584 1904 dixit
2622 1845 2893 1903 abbatissa
2930 1845 3117 1920 puellae
3146 1862 3161 1900 :
3187 1844 3346 1911 Filia,
3375 1845 3420 1906 si
3452 1846 3531 1907 vis
3564 1845 3650 1899 hic
3682 1861 3900 1916 perma-

2288 1953 2442 2004 nere,
2486 1938 2692 1993 litteras
2725 1938 2890 1996 liabes
2937 1940 3147 2002 disi-ere
3174 1949 3228 2004 et
3259 1940 3598 2001 Psalterium,
3635 1948 3690 1995 ct
3719 1954 3900 2010 usque

2285 2032 2352 2088 ad
2385 2046 2664 2102 vesperam
2702 2031 2866 2090 babes
2905 2032 3172 2102 jejunium
3205 2033 3425 2097 ducere,
3455 2034 3594 2088 sicut
3623 2032 3898 2094 universae

2285 2140 2522 2182 sorores.
2579 2126 2757 2186 Puella
2788 2127 2919 2182 dixit
2949 2127 2999 2184 ei
3025 2143 3041 2180 ε
3071 2127 3180 2198 Ego
3210 2135 3263 2181 et
3288 2126 3556 2198 jejunium
3575 2167 3593 2193 ,
3621 2136 3676 2180 et
3705 2126 3894 2182 omnia

2283 2219 2457 2284 disco,
2488 2219 2829 2276 solummodo
2858 2218 3113 2274 dimittite
3143 2233 3229 2274 me
3255 2216 3345 2274 bic
3390 2233 3530 2276 esse.
3584 2217 3730 2282 Dixit
3760 2233 3894 2290 ergo

2282 2311 2552 2370 abbatissa
2585 2311 2741 2366 matri
2789 2311 2905 2380 ejus
2931 2327 2943 2366 :
2969 2311 3196 2365 Domina
3225 2325 3344 2373 mea
3380 2319 3644 2378 matrona,
3676 2309 3893 2368 dimitte

2282 2403 2422 2460 banc
2457 2404 2684 2472 puellam
2710 2403 2824 2469 hic;
2859 2403 3020 2468 video
3051 2404 3192 2460 enim
3225 2405 3346 2474 quia
3375 2405 3543 2476 gratia
3578 2403 3675 2464 Dei
3710 2403 3894 2464 illuxit

2281 2493 2336 2554 in
2367 2511 2461 2560 ea;
2489 2506 2539 2552 et
2566 2493 2773 2564 justitia
2804 2493 2990 2563 patris,
3016 2503 3068 2552 et
3095 2493 3348 2564 honestas
3382 2505 3490 2562 tua,
3521 2501 3577 2550 et
3605 2494 3891 2558 orationes

2281 2597 2633 2657 utrorumque
2676 2597 2914 2644 vestrum
2969 2600 3226 2650 aeternam
3287 2589 3453 2654 vitam
3505 2587 3797 2659 providere
3834 2589 3891 2647 ei

2280 2693 2594 2738 noscuntur.

2349 2774 2477 2828 (In.
2507 2790 2671 2830 tx.—
2691 2773 2930 2844 Surgens
2961 2772 3124 2844 igitur
3153 2773 3480 2843 Euphraxia,
3507 2783 3565 2836 et
3588 2789 3891 2836 assumens

2277 2865 2442 2921 ﬁliam
2472 2881 2646 2935 suam,
2676 2867 2741 2922 ad
2787 2865 3112 2922 dominicam
3142 2881 3258 2924 eam
3287 2867 3576 2938 imaginem
3605 2866 3844 2930 adduxit
3870 2886 3886 2934 ;

2267 2971 2329 3018 et
2357 2962 2652 3018 extendens
2683 2976 2874 3024 manus
2901 2961 2968 3016 ad
2998 2961 3194 3017 caelum
3216 3003 3231 3028 ,
3260 2976 3384 3028 cum
3417 2975 3611 3028 magno
3636 2961 3889 3036 clamore

2275 3063 2326 3112 et
2355 3054 2482 3110 ﬂetu
2513 3055 2782 3120 clamavit,
2813 3055 3032 3110 dicens:
3063 3054 3286 3110 Domine
3309 3053 3438 3110 Jesu
3469 3052 3708 3120 Christe,
3735 3053 3888 3126 hanc

2272 3163 2458 3206 curam
2495 3148 2649 3204 istius
2693 3147 2996 3213 infantium,
3023 3147 3146 3213 quia
3179 3155 3232 3202 te
3256 3145 3581 3218 concupivit,
3613 3155 3670 3211 et
3691 3146 3790 3202 tibi
3820 3161 3886 3212 se

570 3239 869 3307 priventur.
903 3240 1009 3296 Sed
1034 3256 1102 3304 ne
1132 3251 1184 3300 te
1211 3245 1554 3312 contristent,
1583 3256 1679 3306 aut
1707 3249 1827 3305 sine
1861 3251 2035 3316 fructu
2062 3226 2163 3307 vdi-
2191 3226 2240 3302 (ξ
2270 3241 2688 3300 commendavit.
2741 3240 2808 3297 Et
2854 3255 3137 3305 conversa,
3166 3240 3303 3294 dixit
3345 3240 3416 3303 ad
3464 3241 3624 3300 ﬁliani
3667 3255 3828 3308 suam
3869 3259 3883 3296 :

560 3332 806 3402 mittam,
842 3348 1066 3402 paucntn
1096 3339 1276 3400 oleum
1324 3340 1390 3399 ad
1420 3341 1674 3408 candelas
1704 3355 1758 3400 et
1788 3347 2077 3418 thymiama
2108 3349 2160 3403 in

565 3425 864 3494 oratorium
917 3429 1127 3495 confer,
1175 3440 1230 3486 et
1275 3431 1378 3496 hoc
1423 3435 1526 3490 erit
1572 3437 1725 3492 nobis
1772 3453 1868 3507 pro
1911 3442 2161 3498 mercede

559 3516 815 3585 .justitize.
859 3518 928 3573 Et
965 3521 1047 3574 bis
1076 3521 1272 3578 oblatis
1292 3566 1308 3592 ,
1334 3525 1559 3594 rogabat
1587 3528 1891 3597 Euphraxia
1926 3531 2162 3588 abbatis-

569 3620 708 3672 Sain,
744 3617 799 3663 ut
833 3624 1022 3672 omnes
1057 3627 1272 3676 sorores
1299 3626 1518 3680 orarent
1553 3633 1647 3688 pro
1674 3621 1940 3690 Antigono
1968 3631 2027 3679 et
2053 3625 2158 3680 tilia

563 3703 686 3776 ejus
721 3704 1049 3775 Euphraxia.

495 3863 499 3866 _
555 3851 564 3858 ,
636 3797 764 3858 CAP.
802 3800 934 3862 VIII.
960 3834 1029 3843 —
1059 3801 1170 3865 Uun
1203 3820 1330 3866 vero
1367 3807 1574 3866 dierum
1619 3810 1940 3880 Euphraxite
1967 3813 2158 3872 infanti

555 3890 837 3962 abbatissa
881 3895 1032 3956 dixit.
1078 3900 1623 3960 tentandozbomina
1663 3921 1781 3962 mea
1831 3908 2156 3978 Euphraxia,

554 3985 749 4054 diligis
783 3989 1162 4050 tttunaslorium
1207 4004 1446 4052 nostrum
1476 4006 1531 4052 et
1565 4012 1754 4056 omnes
1784 4003 2032 4056 sorores?
2065 4003 2157 4058 Illa

557 4079 881 4149 respondit:
910 4082 1104 4150 Etiam,
1135 4086 1372 4154 dnmina,
1403 4087 1569 4161 diligo
1594 4106 1711 4148 vos.
1749 4093 1890 4148 Dixit
1918 4095 1967 4149 ei
1993 4096 2156 4163 abba-

567 4172 697 4234 tisse
725 4189 1076 4238 rursumcutu
1104 4179 1228 4245 joco
1252 4197 1265 4232 :
1289 4181 1346 4234 Si
1373 4195 1474 4236 nos
1502 4183 1702 4252 diligis,
1733 4194 1848 4240 esto
1872 4188 2150 4246 nobiscum

552 4261 622 4329 iu
653 4271 838 4328 nostro
863 4267 1154 4324 schemate.
1189 4269 1288 4330 Cui.
1318 4269 1579 4333 infantula
1604 4275 1775 4332 dixit:
1801 4277 1942 4333 Vere
1969 4281 2013 4335 si
2045 4297 2149 4336 non

565 4356 970 4420 contristantur
1007 4374 1177 4423 mater
1222 4378 1341 4420 mea
1366 4403 1382 4430 ,
1416 4367 1638 4422 ulterius
1665 4384 1772 4425 non
1802 4373 2046 4443 egrediar
2083 4375 2152 4432 de

563 4446 687 4512 loco
717 4450 836 4514 isto,
878 4453 972 4516 Cui
1005 4454 1272 4516 abbatissa
1323 4458 1488 4516 dixit:
1518 4462 1656 4517 Inter
1682 4478 1780 4519 nos
1810 4474 1864 4520 et
1893 4480 2146 4535 sponsum

563 4553 725 4618 quem
763 4543 880 4611 plus
931 4547 1116 4606 amas?
1157 4547 1337 4606 Puella
1375 4551 1546 4607 dixit:
1575 4554 1758 4624 Neque
1807 4557 1954 4613 illum
1999 4561 2143 4622 novi,

2269 3336 2599 3407 Euphraxia,
2633 3334 2741 3391 lilia
2773 3349 2926 3403 mea,
2958 3334 3099 3390 Deus
3143 3332 3235 3404 qui
3281 3332 3522 3391 fundavit
3567 3331 3887 3396 immobiles

2268 3444 2502 3498 montes,
2531 3442 2585 3496 et
2620 3442 2674 3488 te
2701 3447 2913 3504 quoque
2960 3431 3015 3486 in
3065 3433 3162 3488 suo‘
3214 3429 3408 3490 timore
3453 3429 3760 3492 continuet.
3812 3427 3885 3486 Et

2267 3542 2390 3584 cum
2435 3526 2552 3582 bare
2576 3526 2803 3582 dixisset
2827 3570 2842 3594 ,
2870 3525 2922 3580 iu
2956 3523 3202 3580 manibus
3231 3538 3354 3592 eam
3385 3522 3604 3578 tradidit
3633 3509 3885 3578 abbatis-

2262 3634 2373 3685 sae;
2408 3629 2461 3674 et
2489 3620 2716 3685 deﬂens,
2747 3627 3038 3690 pectusque
3066 3633 3221 3673 suum
3252 3617 3508 3686 tondens,
3540 3615 3612 3670 ita
3644 3616 3883 3690 recessit

2264 3728 2297 3769 a
2331 3705 2658 3771 monasterio
2680 3752 2696 3772 .
2730 3721 2790 3768 ut
2833 3711 3008 3766 omnis
3055 3711 3399 3781 congregatio
3427 3724 3547 3770 cum
3576 3722 3644 3765 ea
3689 3708 3883 3780 plora-

2265 3817 2368 3866 ret.

2337 3901 2468 3955 CAP.
2503 3897 2667 3956 X.—-
2696 3897 2812 3954 Alia
2859 3911 2989 3953 vero
3037 3897 3125 3952 die
3169 3896 3437 3960 abbatissa
3487 3909 3710 3958 sumens
3761 3894 3879 3970 Eti-

2267 3993 2572 4061 pliraxiam,
2604 3992 2901 4051 introduxit
2950 4005 3067 4046 eam
3123 3991 3172 4048 in
3216 3991 3590 4056 secretarium,
3621 3998 3675 4046 et
3727 3989 3877 4045 facta

2263 4087 2511 4142 oratione
2553 4100 2716 4152 super
2768 4099 2920 4152 eam,
2956 4083 3127 4138 induit
3170 4098 3288 4138 eam
3333 4082 3647 4138 indumento
3677 4099 3879 4138 mona-

2261 4180 2435 4246 cbali;
2465 4189 2515 4235 et
2545 4177 2840 4236 extendens
2870 4191 3059 4234 manus
3085 4175 3152 4234 ad
3177 4178 3395 4241 ctelum.
3434 4191 3532 4246 pro
3557 4192 3621 4233 ea
3653 4177 3875 4248 suppli-

2261 4273 2422 4336 cavit,
2449 4272 2673 4330 dicens:
2703 4271 2810 4325 [lex
2835 4269 3177 4336 saeculorum,
3195 4271 3288 4340 qui
3319 4269 3370 4326 in
3397 4285 3459 4326 ea
3484 4270 3695 4340 cmpiSti
3724 4286 3875 4341 opus

2259 4366 2484 4430 bonum,
2512 4373 2566 4419 tu
2594 4363 2788 4435 perﬁce
2822 4361 2923 4417 lioc
2947 4361 3001 4418 in
3025 4377 3185 4430 paco;
3217 4362 3284 4418 da
3311 4371 3368 4418 ut
3395 4361 3633 4420 ambulet
3657 4376 3873 4418 secun-

2257 4458 2385 4514 dum
2412 4473 2606 4513 nomen
2640 4464 2812 4520 tuum,
2839 4465 2893 4510 et
2940 4455 3186 4510 ﬁduciam
3215 4455 3450 4510 inveniat
3480 4453 3533 4508 in
3563 4463 3873 4523 conSpecttt

2258 4560 2351 4606 tuo
2379 4565 2594 4620 semper
2622 4550 2724 4604 ista
2754 4547 3034 4603 infantula.
3067 4547 3218 4602 Tunc
3245 4557 3299 4602 et
3329 4545 3638 4616 Euphraxia
3684 4553 3874 4617 mater

549 4645 734 4701 ,neque
777 4635 862 4690 ille
907 4653 1024 4705 me;
1057 4654 1151 4696 vos
1193 4651 1370 4698 autem
1399 4645 1528 4702 novi
1555 4689 1570 4716 ,
1603 4658 1658 4702 et
1683 4663 1777 4701 vos
1803 4664 1947 4704 amo.
1981 4650 2146 4707 Dicite
2173 4624 2228 4686 D
2254 4647 2370 4717 ejus
2397 4657 2578 4709 orans,
2609 4643 2782 4698 dixit:
2812 4641 2943 4697 Filia
2976 4655 3118 4707 mea,
3147 4654 3296 4702 amas
3323 4639 3425 4696 hoc
3454 4639 3738 4700 schemate
3767 4654 3871 4706 ve-

559 4726 691 4780 mibi
720 4745 733 4779 :
763 4727 866 4783 Vos
898 4743 1073 4788 autem
1103 4750 1262 4805 quem
1295 4738 1542 4807 diligitis,
1574 4757 1658 4796 me
1698 4758 1764 4806 an
1811 4743 1997 4800 illum?
2038 4745 2148 4802 Illae

547 4835 691 4884 ,vero
739 4823 988 4881 dixerunt
1015 4846 1027 4881 :
1054 4829 1164 4884 Nos
1211 4840 1264 4886 te
1312 4833 1601 4905 diligimus,
1632 4846 1686 4891 et
1729 4837 2001 4894 Christum
2047 4857 2145 4894 no-

544 4924 748 4977 strum.
785 4917 965 4982 Puella
984 4936 1110 4978 vero
1133 4926 1407 4996 respondit
1434 4944 1446 4980 :
1475 4927 1586 4997 Ego
1610 4945 1736 4984 vero
1759 4943 1814 4985 et
1836 4947 1931 4986 vos
1953 4932 2139 5003 diligo,

553 5018 608 5065 et
633 5011 899 5067 Christum
931 5024 1188 5073 vestrum.
1216 5018 1448 5077 Sedebat
1478 5037 1606 5078 vero
1631 5023 1938 5093 Eupliraxia
1970 5035 2144 5082 mater

541 5097 692 5169 ejus.
724 5114 774 5160 et
804 5103 1079 5163 ﬂuminum
1105 5108 1460 5183 lacrymarum
1490 5113 1609 5185 ejus
1648 5131 1753 5170 non
1781 5127 1897 5171 erat
1927 5119 2136 5175 modus.

538 5195 808 5255 Libenter
834 5202 976 5256 enim
1004 5203 1255 5260 audiebat
1280 5208 1441 5262 verba
1475 5209 1666 5276 puella:
1693 5209 1984 5276 abbatissa,
2016 5213 2140 5283 quia

552 5302 673 5346 cum
698 5302 837 5346 esset
867 5303 1026 5356 aetate
1051 5296 1332 5363 inlantula,
1366 5300 1490 5356 talia
1522 5301 1860 5372 loquebatur.
1893 5305 2137 5361 Nondum

553 5382 697 5437 enim
728 5393 933 5452 septem
963 5404 1134 5444 annos
1164 5392 1515 5462 impleverat,
1539 5395 1666 5450 dum
1707 5410 1828 5451 cum
1871 5398 2136 5455 abbatissa

553 5475 862 5543 loqueretur
909 5479 1276 5550 hujuscemodi
1324 5491 1508 5544 verba.
1573 5489 1725 5544 Tunc
1781 5493 2137 5562 ingemiscens

551 5574 750 5635 mater,
781 5576 837 5624 et
861 5586 1042 5628 amare
1065 5575 1299 5646 deﬂens,
1329 5582 1395 5635 ad
1437 5582 1595 5637 tiliam
1622 5599 1774 5640 suam
1808 5585 1936 5640 dixit
1966 5603 1980 5642 :
2006 5587 2134 5643 Filia

545 5675 699 5726 tneo,
731 5663 876 5729 veni,
907 5678 1190 5736 pergamus
1215 5671 1281 5726 ad
1308 5672 1556 5742 domum,
1589 5676 1711 5746 quia
1753 5677 1863 5748 jam
1913 5694 2137 5750 vespera

531 5763 657 5810 .est.
690 5755 786 5809 (iui
817 5757 990 5825 puella
1033 5759 1206 5815 dixit:
1233 5765 1342 5834 Ego
1385 5767 1472 5822 hic
1511 5783 1706 5827 maneo
1750 5787 1870 5827 cum
1922 5773 2138 5829 domina

527 5850 840 5907 'abbatissa.
873 5852 1013 5907 Dixit
1038 5855 1308 5914 abbatissa
1348 5864 1582 5928 puella:
1610 5865 1782 5930 Vade,
1815 5867 2053 5934 domina,
2086 5869 2138 5924 in

2254 4739 2405 4796 stiri?
2447 4736 2544 4794 Cui
2581 4737 2891 4807 Euphraxia
2921 4735 3092 4792 dixit:
3123 4734 3337 4804 Utique,
3368 4741 3538 4788 mater
3566 4746 3712 4798 mea,
3735 4735 3869 4802 quia

2253 4839 2394 4892 sicut
2420 4834 2610 4906 agnovi
2653 4833 2721 4886 ab
2748 4831 3040 4895 abbatissa,
3073 4837 3129 4885 et
3157 4829 3390 4889 domina:
3437 4841 3655 4884 sorores
3703 4827 3866 4882 dixe-

2251 4939 2400 4996 runt,
2449 4927 2550 4983 hoc
2593 4911 2809 4982 schema
2843 4940 2939 4995 pro
2969 4925 3145 4980 arrltis
3175 4924 3378 4994 praebet
3419 4921 3770 4993 diligentibus
3794 4937 3868 4990 se

2251 5023 2510 5077 Dominus
2559 5021 2715 5076 Jesus
2761 5019 3026 5074 Christus.
3074 5015 3170 5072 Cui
3223 5027 3400 5072 mater
3425 5031 3523 5076 sua
3550 5015 3868 5085 dixit:qu

2249 5115 2574 5183 desponsata
2607 5129 2687 5181 es,
2713 5114 2828 5182 ipse
2857 5111 3018 5166 iaciat
3045 5120 3096 5165 te
3118 5109 3352 5165 thalamo
3377 5123 3475 5162 suo
3504 5107 3752 5176 dignam.
3785 5109 3864 5162 Et

2249 5208 2350 5264 hoc
2378 5209 2582 5272 dicens,
2607 5216 2664 5261 et
2693 5219 2853 5260 orans
2883 5218 2982 5273 pro
3011 5203 3116 5258 lilia
3141 5218 3259 5268 sua,
3279 5201 3532 5260 valedixit
3556 5201 3862 5260 abbatissae

2245 5309 2303 5358 et
2331 5301 2628 5366 sororibus,
2658 5308 2711 5353 et
2742 5296 2977 5353 osculata
3003 5307 3088 5352 est
3114 5296 3276 5350 tiliam
3307 5309 3481 5356 suam.
3513 5293 3576 5354 Et
3601 5306 3858 5360 egressa,

2238 5395 2388 5466 juxta
2421 5407 2624 5448 morem
2651 5392 2931 5457 circuibat,
2962 5390 3206 5461 prabens
3233 5385 3556 5457 pauperibus
3585 5383 3731 5456 quod
3762 5385 3858 5447 in-

2242 5491 2509 5562 digcbant.

2311 5585 2440 5640 Car.
2475 5583 2565 5638 XI.
2584 5613 2654 5623 --
2677 5581 2884 5652 Ubique
2905 5589 3083 5636 autem
3113 5578 3490 5651 divulgabatur
3517 5575 3852 5646 Euphraxie

2243 5680 2440 5751 optima
2483 5675 2849 5741 conversatio,
2879 5683 3138 5746 quantum
3180 5674 3452 5730 conferret
3489 5671 3852 5727 monasteriis

2243 5783 2298 5830 et
2325 5773 2717 5829 venerabilibus
2747 5771 2897 5839 locis,
2919 5769 2995 5825 ita
3023 5779 3079 5824 ut
3099 5769 3394 5840 imperator
3415 5764 3580 5839 35‘
3601 5763 3848 5829 audiret,

2244 5876 2300 5925 et
2323 5867 2500 5922 omnis
2539 5876 2758 5922 senatus
2785 5879 2906 5922 eam
2947 5864 3110 5920 nimis
3150 5871 3414 5926 amarent,
3445 5869 3610 5930 atque
3631 5856 3854 5930 gloriﬁ-
