4162 6352
314 340 421 397 629

1279 316 1439 378 VITA
1481 312 1775 376 SANCTAZ
1818 310 2241 370 EUI’HBASl/E
2272 356 2290 382 ,
2338 310 2661 369 WRGIHIS.

3497 307 3602 383 550

312 438 505 515 carent
547 451 739 507 Deum.
774 434 1078 504 Audiebaut
1101 440 1243 497 enim
1275 440 1418 511 quod
1450 452 1550 493 nec
1576 430 1778 506 piscem
1812 446 1910 499 gu—
1934 428 1988 489 Α
2019 429 2219 499 palatio
2267 446 2539 501 nunquam
2568 445 2599 485 a
2630 438 2683 486 te
2726 428 3085 488 dividebatur.
3124 427 3320 489 Horum
3362 442 3491 497 ergo
3519 438 3609 497 re.

314 557 507 613 staret,
536 561 636 602 nec
664 544 844 598 viuum
876 541 1114 603 biberet;
1144 535 1237 590 sed
1284 543 1407 603 post
1444 540 1587 585 tanta
1618 530 1763 583 dona
1788 540 1909 597 quae

313 643 591 703 universis
637 636 949 694 conferebat
974 643 1028 689 et
1057 633 1303 704 gloriam,
1337 643 1366 682 a
1393 640 1614 697 vespera
1646 637 1815 693 usque
1841 621 1909 676 ad

312 753 599 811 vesperam
629 735 890 804 jejunium
918 728 1182 793 faciebat,
1209 722 1495 795 aliquando
1522 732 1740 774 sumens
1764 717 1913 786 legu—

317 849 466 899 men,
498 827 785 900 aliquando
810 826 977 880 olera.

392 932 521 988 Car.
559 928 674 984 Xll.
699 956 770 970 —-
805 926 932 980 Post
963 935 1160 994 paucos
1192 927 1373 975 autem
1403 916 1518 972 dies
1556 921 1792 967 evocans
1819 904 1915 960 ab-

317 1028 521 1084 batissa
550 1034 776 1079 matrem
810 1020 1018 1087 puellm.
1043 1016 1175 1072 dixit
1195 1016 1243 1070 ci
1267 1021 1513 1069 secrete:
1541 1007 1791 1069 Domina,
1815 1002 1916 1057 ali-

316 1135 481 1193 quam
527 1133 638 1172 rem
685 1114 814 1169 volo
845 1112 939 1167 tibi
970 1112 1173 1176 dicere,
1215 1123 1319 1162 non
1365 1113 1417 1160 te
1458 1099 1762 1158 conturbet.
1815 1093 1915 1148 θιιί

318 1188 592 1282 respondit
621 1227 634 1263 :
662 1208 887 1263 Domina
920 1219 1057 1273 mea,
1089 1203 1229 1272 quod
1257 1199 1414 1269 jubes
1440 1196 1546 1251 dic.
1579 1192 1724 1248 Dixit
1744 1188 1918 1244 abba-

324 1306 452 1361 tissa
481 1322 494 1358 :
522 1303 637 1356 Vidi
690 1302 833 1357 enim
871 1299 921 1353 in
955 1296 1160 1351 somnis
1212 1291 1531 1365 Antigonum
1560 1285 1734 1338 virum
1767 1290 1917 1333 tuum

320 1400 377 1454 ln
410 1412 600 1468 magna
650 1394 820 1465 gloria
866 1392 1333 1454 constitutum,et
1380 1379 1586 1449 rogavit
1634 1374 1917 1431 Dominum

320 1465 521 1549 Iesum
539 1486 811 1544 Christum
842 1492 898 1538 ut
925 1480 1220 1554 egrediaris
1250 1476 1319 1531 de
1362 1485 1589 1542 corpore
1628 1478 1742 1533 tuo,
1768 1474 1822 1519 et
1852 1465 1919 1518 de

321 1594 520 1643 caetero
548 1582 623 1647 sis
652 1596 772 1636 cum
803 1579 916 1645 illo,
939 1583 993 1631 et
1022 1573 1220 1629 fruaris
1251 1570 1337 1625 illa
1368 1565 1734 1638 gloria,quam
1762 1557 1916 1613 Anti-

321 1676 497 1753 gonus
528 1674 724 1731 meruit
762 1672 842 1727 vir
871 1680 1014 1726 tuus.
1047 1666 1284 1722 Audiens
1323 1670 1500 1717 autem
1531 1659 1675 1721 lucc,
1704 1663 1921 1708 reversa

323 1781 411 1829 est
443 1772 495 1827 in
522 1770 736 1838 domum
766 1781 919 1820 suam
954 1773 1219 1827 matrona,
1245 1768 1301 1813 ut
1330 1756 1579 1827 religiosa
1607 1751 1837 1813 femina;
1868 1753 1920 1801 et

324 1880 433 1920 non
467 1862 640 1915 solum
673 1874 781 1913 non
815 1864 897 1912 est
922 1855 1158 1919 turbata,
1186 1851 1280 1905 sed
1312 1848 1492 1903 laetitia
1524 1857 1714 1912 magna
1743 1840 1922 1909 gavisa

327 1965 434 2011 est.
469 1953 668 2009 Orabat
688 1952 828 2007 enim
859 1957 917 2003 ut
943 1949 1011 2001 ab
1036 1947 1267 2001 humana
1298 1942 1403 1996 vita
1430 1939 1753 1998 discederet,
1777 1943 1831 1988 et
1857 1933 1927 1987 de

326 2058 530 2104 caetero
579 2056 721 2101 esset
771 2058 892 2097 cum
946 2040 1182 2104 Christo,
1236 2045 1290 2091 et
1340 2049 1464 2088 mox
1513 2044 1709 2085 vocans
1760 2026 1925 2081 tiliam

326 2154 504 2219 suam,
538 2139 673 2192 dixit
697 2136 762 2190 ad
796 2149 914 2189 eam
944 2132 1117 2201 :Filia
1143 2144 1282 2195 mea,
1308 2128 1441 2182 sicut
1465 2124 1593 2179 mihi
1619 2122 1819 2176 dictum
1843 2127 1930 2174 est

329 2251 361 2291 a
403 2234 615 2290 domina
666 2246 783 2297 mea
831 2228 1101 2297 abbatissa
1130 2267 1146 2292 ,
1177 2222 1388 2279 vocavit
1436 2234 1523 2275 me
1570 2215 1841 2278 Christus,
1876 2223 1932 2267 et

329 2328 896 2401 appropinquarerunt
939 2322 1056 2377 dies
1106 2320 1286 2374 obitus
1334 2316 1462 2372 mei.
1524 2314 1662 2368 Ecce
1713 2322 1931 2363 omnem

330 2415 682 2478 substantiam
716 2434 887 2475 meam
914 2426 968 2472 et
995 2416 1161 2485 patris
1190 2411 1267 2466 tui
1299 2409 1423 2463 dedi
1468 2411 1519 2461 in
1552 2419 1744 2460 manus
1776 2414 1929 2457 tuas:

333 2521 584 2588 dispenso
616 2532 734 2573 eam
769 2515 876 2587 pie,
904 2524 959 2568 ut
979 2511 1252 2567 caelestem
1278 2504 1452 2575 possis
1478 2501 1674 2555 habere
1698 2496 1931 2552 haeredi-

336 2622 523 2671 tatem.
578 2613 814 2669 Audiens
859 2610 978 2666 brec
1027 2606 1332 2678 Euphraxia
1363 2618 1392 2657 a
1422 2608 1592 2656 matre
1621 2613 1738 2662 sua,
1770 2594 1936 2663 coepit

336 2708 695 2775 ingemiscere
722 2714 777 2759 et
796 2703 946 2766 flere,
971 2701 1159 2755 dicens
1182 2718 1193 2752 :
1224 2699 1314 2752 ιτω
1338 2693 1486 2759 mihi,
1505 2692 1625 2762 quia
1653 2693 1933 2761 peregrina

338 2814 459 2855 sum
495 2807 547 2852 et
593 2796 853 2866 orphana.
904 2794 1039 2847 Dicit
1085 2794 1131 2847 ei
1179 2801 1351 2844 mater
1394 2801 1487 2841 sua
1514 2802 1526 2840 :
1556 2784 1687 2839 Filia
1718 2825 1734 2849 ,
1768 2783 1936 2837 habes

337 2891 615 2951 Christum
647 2905 745 2963 pro
776 2896 925 2957 patre
954 2898 1006 2941 et
1036 2899 1256 2954 sponso,
1288 2883 1410 2937 ideo
1437 2894 1537 2936 nec
1570 2879 1844 2947 peregrina
1876 2886 1936 2930 es

340 3003 443 3042 nec
468 2970 704 3055 orphans
731 3000 744 3036 :
767 2982 933 3036 habes
956 2989 1009 3035 et
1038 2979 1310 3033 dominam
1340 2974 1665 3030 abbatissam
1698 2985 1794 3037 pro
1823 2983 1938 3022 ma-

341 3080 442 3133 tris
470 3077 667 3133 officio.
700 3074 854 3140 Vide,
889 3072 1015 3137 lilia,
1050 3069 1239 3126 festina
1274 3068 1411 3139 quod
1445 3062 1733 3135 promisisti
1760 3063 1935 3116 adim-

340 3174 513 3247 plere.
561 3171 731 3229 Deum
778 3171 928 3232 time,
981 3176 1035 3221 et
1074 3179 1262 3220 omnes
1300 3148 1514 3217 sorores
1568 3160 1792 3219 honora,
1822 3168 2017 3271 ser—c

382 3268 393 3271 -
561 3266 573 3271 -
941 3260 955 3271 .
1006 3260 1017 3271 .
1257 3266 1269 3271 ,
1692 3250 1743 3271 ,Α
1780 3247 1937 3271 ηιμ

342 3268 497 3322 vietis
525 3266 605 3323 eis
643 3279 764 3319 cum
809 3260 956 3315 omni
1006 3258 1332 3321 humilitate.
1380 3255 1660 3321 Nunquam
1692 3250 1745 3303 in
1777 3247 1938 3302 corde

345 3369 440 3418 tuo
469 3360 670 3443 cogites
696 3374 707 3410 :
733 3355 801 3410 de
829 3350 1088 3423 sanguine
1118 3350 1268 3419 regio
1309 3361 1458 3410 sum;
1496 3358 1594 3399 nec
1625 3342 1812 3395 dicas:
1839 3338 1941 3392 De-

343 3452 479 3509 bent
509 3431 641 3515 mihi
670 3448 892 3503 servire.
933 3446 1137 3513 Pauper
1185 3448 1302 3496 esto
1346 3438 1401 3501 in
1431 3448 1594 3502 terra,
1618 3444 1676 3489 ut
1716 3433 1768 3487 in
1799 3431 1939 3485 coelo

348 3546 561 3604 diteiis.
597 3544 734 3600 Ecce
764 3540 941 3607 omnia
967 3540 1066 3593 sub
1097 3534 1343 3592 manibus
1370 3533 1473 3586 tuis
1504 3529 1686 3583 habes.
1721 3527 1942 3595 Posses-

334 3645 529 3700 ‘siones
558 3649 612 3696 et
638 3636 892 3715 pecunias
920 3635 971 3688 in
1004 3629 1384 3687 monasterium
1412 3624 1596 3680 confer
1616 3665 1630 3689 ,
1664 3637 1759 3691 pro
1791 3630 1943 3690 patre

353 3750 446 3793 tuo
478 3745 532 3793 et
582 3749 679 3804 pro
708 3748 823 3797 me,
857 3740 911 3785 ut
952 3727 1289 3784 inveniamus
1336 3718 1757 3776 misericordiam
1804 3712 1943 3784 apud

344 3830 546 3894 Deum,
571 3838 623 3883 et
667 3826 957 3897 liberemur
985 3821 1054 3875 ab
1097 3826 1303 3874 aeterno
1333 3812 1612 3883 supplicio.
1665 3809 1787 3862 llzrc
1811 3821 1947 3874 pra:-

350 3924 562 3992 cipiens
595 3920 715 3973 ﬁliae
766 3896 901 3981 suae,
935 3911 1088 3967 tertia
1120 3911 1205 3963 die
1234 3905 1482 3963 defuncm
1514 3910 1616 3966 est,
1641 3909 1694 3954 et
1721 3896 1948 3965 sepelie-

352 4023 479 4072 runt
517 4028 634 4068 eam
668 4013 718 4064 in
738 4006 1061 4067 monasterio
1090 4004 1141 4058 in
1172 4006 1540 4057 monumento.

338 4100 341 4101 ⁷
425 4108 556 4163 CAP.
592 4104 725 4160 Xlll.
750 4100 1074 4157 —Audiens
1106 4098 1397 4165 imperator
1420 4090 1543 4160 quia
1568 4096 1774 4159 mortua
1818 4078 1949 4157 fuis-

340 4192 441 4256 set
482 4195 789 4266 Enpbraxia
838 4206 969 4246 uxor
1018 4186 1298 4257 Antigoni,
1332 4170 1593 4240 revecans
1645 4182 1949 4234 senatorem

355 4293 445 4351 cui
473 4291 797 4360 desponsata
832 4283 1001 4339 fuerat
1031 4281 1139 4335 lilia
1169 4279 1305 4348 ejus,
1338 4274 1591 4330 indicavit
1632 4273 1701 4337 ei,
1732 4268 1947 4323 dicens:

356 4385 495 4454 Quia
527 4381 699 4453 puella
730 4389 988 4434 conversa
1017 4384 1099 4428 est
1126 4372 1177 4426 in
1206 4367 1557 4424 monasterio.
1589 4363 1683 4417 llle
1714 4376 1842 4414 vero
1867 4372 1954 4412 ro-

356 4478 508 4552 gavit
533 4476 909 4546 imperatorem
932 4476 989 4522 ut
1009 4480 1104 4537 per
1123 4461 1430 4519 veredarios
1457 4457 1715 4513 scriberet
1737 4452 1949 4521 puellae,

358 4544 523 4644 eique
562 4544 875 4640 praeciperet
902 4572 959 4617 ut
987 4561 1051 4615 ad
1093 4559 1367 4613 civitatem
1398 4551 1625 4611 veniret.
1657 4556 1712 4603 et
1742 4544 1953 4614 nuptias

360 4666 686 4725 celebraret.
732 4659 1044 4729 Suscipiens
1073 4661 1249 4723 autem
1283 4646 1585 4717 Euphraxia
1619 4639 1957 4710 imperatoris

362 4760 669 4832 epistolam,
702 4772 863 4813 manu
900 4750 1115 4824 propria
1146 4746 1427 4814 epistolam
1470 4741 1630 4796 aliam
1662 4735 1959 4811 resczipsit,

364 4854 445 4910 sic
496 4853 778 4908 habentem
811 4867 824 4903 :
857 4866 874 4898 ι
929 4843 1153 4900 Domine
1192 4840 1517 4908 imperator,
1553 4832 1818 4887 suadesne
1867 4842 1961 4880 an-

365 4948 509 5004 cilla:
542 4954 647 4999 tua:
675 4951 733 4997 ut
763 4953 1013 5010 respuam
1043 4934 1338 4999 Christum,
1372 4937 1426 4983 et
1457 4922 1658 4980 homini
1691 4916 1963 5000 corrupti-

371 5039 467 5093 bili
503 5047 555 5091 et
584 5009 867 5097 vermibus
903 5024 1267 5097 consumendo
1306 5018 1630 5087 coniungar,
1660 5013 1748 5097 qui
1805 5009 1965 5063 hodie

370 5140 476 5197 est,
504 5140 557 5185 et
582 5142 703 5184 cras
733 5140 838 5180 non
865 5122 985 5179 est?
1010 5119 1162 5175 Absit
1181 5116 1248 5171 ab
1274 5113 1466 5169 ancilla
1495 5120 1581 5163 tua
1612 5117 1669 5161 ut
1690 5090 1837 5159 banc
1864 5101 1968 5156 ini-

371 5226 634 5295 quitatem
661 5220 871 5276 l'aciam.
902 5217 1261 5295 Quapropter,
1284 5208 1577 5276 imperator
1598 5201 1831 5266 domine,
1860 5209 1969 5250 non

372 5290 603 5389 ulterius
647 5327 744 5369 vos
780 5310 862 5365 vir
896 5308 984 5361 ille
1030 5290 1234 5376 fatiget,
1268 5314 1369 5370 ego
1409 5296 1551 5352 enim
1598 5292 1812 5348 Christo
1842 5300 1972 5342 con-

371 5410 548 5475 sensi,
580 5417 634 5464 et
661 5400 992 5475 impossibile
1037 5409 1119 5455 est
1156 5411 1279 5454 eum
1326 5408 1413 5471 me
1447 5404 1672 5460 negare;
1703 5385 1797 5441 sed
1845 5397 1973 5452 sup-

377 5504 521 5577 plico
550 5500 797 5575 potestati
826 5506 1018 5553 vestra:
1064 5503 1120 5549 ut
1166 5489 1479 5546 memoriam
1515 5490 1796 5554 parentum
1827 5490 1973 5533 meo-

377 5610 501 5652 rum
534 5593 795 5661 habeatis.
846 5588 1049 5645 ldcirco
1098 5584 1224 5639 tolle
1264 5593 1477 5634 omnem
1515 5571 1888 5635 substantiam,
1920 5566 1975 5624 et

356 5688 638 5758 ,dispensa
658 5682 981 5755 pauperibus
1010 5676 1167 5734 simul
1187 5685 1239 5729 et
1262 5669 1538 5742 orphanis,
1562 5676 1615 5721 ct
1638 5665 1704 5719 da
1726 5654 1975 5718 universa

381 5783 645 5844 ocelcsiis.
707 5780 841 5837 Novi
893 5775 1040 5832 enim
1088 5772 1209 5842 quia
1264 5760 1637 5823 recordaberis
1694 5765 1973 5829 parentum

381 5892 654 5944 meorum,
687 5874 918 5931 maxime
961 5867 1129 5937 patris
1173 5865 1300 5921 mei.
1346 5858 1541 5915 Audivi
1587 5852 1730 5911 enim
1759 5852 1890 5920 quia
1919 5848 1973 5901 in

2017 522 2383 578 cordationem
2407 521 2633 584 habens,
2653 520 3013 579 substantiam
3030 519 3169 583 hanc
3193 518 3331 585 bene
3356 516 3606 587 dispone.

2013 616 2217 671 Omnes
2239 618 2556 679 constitutos
2582 614 2684 671 sub
2703 614 2832 685 iugo
2877 612 3151 673 servitutis
3180 611 3523 677 manumitte,
3550 621 3611 685 et

2014 709 2094 763 eis
2123 708 2358 778 legitima
2386 707 2643 765 concede.
2697 676 2881 761 hianda
2914 704 3187 769 aetatihliﬁ,
3218 703 3387 773 Miris
3422 676 3528 769 mei

2012 815 2179 856 omne
2223 801 2465 857 debitum
2510 799 2785 858 dimittant
2810 797 3082 868 agricolis,
3111 797 3253 867 quod
3277 811 3308 861 ο
3334 797 3420 852 die
3451 799 3615 865 patris

2015 894 2121 948 mei
2150 908 2317 964 usque
2343 893 2413 948 ad
2442 894 2581 947 hanc
2622 891 2767 947 diem
2800 891 3117 957 reddebant.
3147 899 3205 951 ut
3250 889 3367 954 sine
3411 888 3613 957 stillici-

2012 985 2206 1041 tudine
2236 1001 2475 1041 mearum
2501 994 2839 1043 tenrenarnm
2861 998 3041 1041 rerum
3061 980 3382 1049 consistens,
3402 981 3618 1041 Christo

2019 1081 2139 1135 sine
2164 1078 2405 1149 quolibet
2441 1077 2648 1132 servire
2690 1076 2897 1133 valeam
2945 1074 3349 1143 impedimento,
3381 1074 3475 1133 cui
3500 1071 3619 1128 ani-

2008 1189 2162 1229 rntam
2191 1187 2364 1227 meam
2394 1169 2805 1226 commendasse
2831 1182 3149 1237 eognosear.
3202 1166 3367 1223 Orate
3394 1179 3491 1235 pro
3523 1180 3618 1231 an-

2019 1267 2148 1323 cilla
2177 1277 2374 1328 vestra,
2410 1278 2463 1319 tu
2494 1274 2547 1319 et
2570 1264 2834 1336 Augusta,
2861 1272 2920 1318 ιιι
2950 1271 3221 1321 mereatur
3248 1259 3463 1325 Christo
3494 1273 3612 1321 ser.

2020 1360 2157 1424 vire,
2194 1368 2351 1426 prout
2380 1356 2633 1425 dignatur
2650 1354 2900 1421 ancillam
2931 1368 3106 1417 suam.
3130 1372 3148 1403 ο
3177 1350 3375 1411 Deinde
3402 1350 3622 1421 signans

2022 1454 2304 1519 epistolam
2330 1491 2348 1517 ,
2382 1450 2661 1505 veredario
2688 1449 2877 1515 dedit.
2929 1446 3029 1514 Qui
3078 1454 3359 1512 revertens
3381 1482 3397 1510 .
3431 1444 3625 1501 obtulit

2023 1549 2096 1604 im
2106 1547 2333 1617 peratori
2355 1545 2691 1615 relegendam
2706 1543 3009 1613 epistolam.
3029 1541 3201 1608 Quam
3222 1540 3436 1603 solvens
3464 1546 3520 1594 et
3540 1554 3627 1603 re-

2024 1642 2208 1710 legens
2228 1640 2279 1694 in
2302 1647 2513 1694 secreto
2535 1653 2667 1692 cum.
2682 1640 2939 1706 Augusta,
2961 1635 3156 1695 multas
3179 1634 3442 1703 lacrymas
3460 1629 3624 1695 ambo

2024 1735 2364 1800 effuderunt,
2395 1733 2554 1787 nimis
2585 1739 2799 1789 orantes
2832 1743 2931 1796 pro
2977 1726 3297 1795 Euphrasio.
3346 1725 3504 1791 uane
3534 1737 3629 1789 au-

1957 1811 2005 1874 Β
2033 1837 2140 1881 tein
2187 1826 2350 1889 facto,
2377 1837 2689 1879 convocans
2731 1822 3026 1889 imperator
3054 1835 3269 1883 omnem
3298 1827 3543 1883 senatum
3574 1823 3631 1877 et

2035 1932 2241 1990 patrem
2288 1920 2487 1987 pariter
2516 1914 2838 1982 Euphraxim
2868 1914 3050 1983 sponsi
3069 1953 3087 1977 ,
3112 1911 3278 1981 jussit
3305 1923 3485 1967 coram
3514 1906 3632 1976 (εμίο

2033 2012 2230 2067 stolam
2274 2012 2472 2079 legere.
2508 2008 2588 2062 llli
2618 2022 2752 2062 vero
2796 2007 3075 2061 audientes
3106 2003 3410 2071 epistolam,
3441 2016 3632 2057 omnes

2035 2114 2163 2157 sunt
2195 2103 2445 2172 laerymis
2474 2101 2695 2170 repleti,
2722 2109 2777 2154 et
2803 2100 2949 2161 velut
2981 2113 3046 2153 ex
3074 2110 3182 2153 uno
3211 2111 3307 2157 ore
3334 2095 3631 2157 dixerunt:

2040 2197 2198 2260 Vere,
2224 2195 2444 2250 domine
2486 2194 2799 2261 imperator,
2844 2190 2953 2245 liba
3001 2200 3086 2249 est
3140 2186 3391 2258 Antigoni
3431 2198 3485 2251 et
3529 2186 3636 2240 EI-

2039 2289 2285 2358 phraxiae
2328 2302 2498 2357 genus
2545 2298 2716 2350 tuum.
2746 2295 2803 2342 et
2839 2300 2907 2341 es
2952 2285 3213 2352 sanguine
3247 2281 3367 2351 ejus
3405 2287 3490 2337 est
3521 2274 3635 2347 hinc

2041 2384 2238 2452 puella.
2288 2382 2428 2440 Vere
2480 2382 2853 2450 religiosorum
2911 2386 3192 2447 parentum
3247 2372 3495 2443 religiosa
3550 2379 3635 2443 est

2042 2476 2172 2542 ﬁlia,
2203 2488 2405 2530 sancire
2454 2474 2650 2528 radicis
2691 2481 2910 2529 sanetus
2958 2479 3039 2529 est
3082 2479 3298 2531 ramus;
3348 2474 3403 2531 et
3446 2477 3636 2533 omnes

2028 2570 2258 2640 quidem
2293 2583 2359 2623 ex
2398 2566 2631 2636 quadam
2660 2562 2951 2623 concordia
2975 2560 3410 2631 glorificaverunt
3439 2555 3636 2629 Deum,

2041 2675 2095 2719 et
2128 2678 2225 2732 pro
2256 2660 2429 2728 puella
2461 2659 2662 2728 pariter
2707 2663 3019 2717 oraverunt,
3048 2662 3103 2706 et
3135 2641 3467 2720 nequaquam
3496 2624 3637 2719 ulte-

2040 2764 2155 2816 rius
2175 2767 2393 2814 senator
2420 2756 2513 2811 ille
2536 2755 2681 2812 visus
2706 2760 2791 2811 est
2821 2752 3175 2813 importunus.

2115 2855 2246 2909 Car.
2280 2851 2421 2909 XIV.
2442 2881 2508 2892 -—
2524 2851 2819 2918 imperator
2840 2860 2972 2916 ergo
2990 2853 3179 2903 cuncta
3201 2839 3495 2909 disponam
3522 2835 3633 2907 pie,

2043 2958 2097 3004 et
2143 2961 2233 3003 res
2275 2945 2467 3017 puellae
2507 2942 2645 3011 bene
2692 2937 3050 3001 distribuens.
3090 2943 3146 2993 et
3192 2933 3310 3003 ipse
3354 2931 3637 3003 defunctus

2043 3051 2146 3106 est,
2175 3048 2379 3095 etcum
2424 3036 2537 3091 suis
2582 3032 2821 3101 patribus
2854 3029 3099 3098 sepultus
3138 3035 3222 3087 est
3259 3026 3311 3079 in
3350 3037 3503 3092 pace.
3533 3022 3643 3090 Eu-

2046 3134 2266 3204 phraxia
2296 3147 2423 3186 vero
2445 3127 2912 3198 magnillcahatur,
2928 3133 2982 3178 et
3002 3119 3296 3183 secundum
3321 3116 3488 3181 Deum
3510 3128 3639 3179 con-

2048 3203 2394 3288 versabatur,
2425 3221 2702 3278 abstinens
2742 3221 2905 3275 uitra’
2932 3224 3242 3279 mensuram
3288 3221 3463 3277 suam.
3515 3203 3644 3273 Erat

2046 3323 2189 3378 enim
2220 3330 2487 3373 annorum
2516 3311 2825 3376 duodecim,
2851 3318 2908 3369 et
2927 3308 2995 3365 ad
3019 3302 3315 3371 certamina
3344 3314 3404 3355 se
3432 3297 3644 3359 fortiter

2047 3413 2356 3471 exercebat.
2413 3409 2483 3464 Et
2528 3408 2756 3476 primum
2802 3402 3070 3472 quidemn
3099 3410 3324 3467 vespera
3372 3408 3541 3465 usque
3573 3392 3644 3455 ad

2048 3520 2329 3575 vesperam
2375 3499 2737 3567 comedebat,
2766 3493 2962 3553 deinde
3003 3496 3125 3562 post
3169 3488 3424 3553 biduum,
3458 3491 3643 3555 postea

2047 3612 2170 3673 post
2195 3600 2451 3656 triduum.
2496 3595 2651 3651 Nulla
2673 3592 2776 3647 alia
2824 3597 3019 3661 praeter
3047 3586 3190 3645 illam
3227 3581 3460 3647 triclinia
3490 3594 3646 3647 mun-

2049 3670 2210 3753 dabat
2257 3707 2311 3750 et
2358 3691 2602 3748 cubicula
2658 3700 2907 3747 sororum
2964 3679 3287 3738 sternebat:
3329 3689 3524 3744 aquam
3571 3670 3643 3728 ad

2051 3792 2212 3863 355
2258 3788 2539 3858 coquinam
2581 3784 2695 3850 ipsa
2728 3778 2993 3848 portabat.
3034 3773 3164 3830 Haec
3206 3778 3383 3835 autem
3412 3780 3643 3825 conﬁne-

2054 3857 2410 3940 tudoveratin
2454 3872 2823 3938 monasterio;
2873 3865 3159 3937 siquando
3206 3861 3506 3931 contigerat
3548 3857 3648 3914 ali-

2053 3992 2211 4050 quam
2256 3986 2500 4029 sororem
2534 3966 2731 4023 tentari
2761 3980 2793 4021 ιι
2819 3962 3035 4021 diabolo
3073 3972 3169 4028 per
3215 3968 3487 4019 somnum,
3519 3964 3647 4009 mox

2055 4045 2341 4128 abbatissae
2382 4063 2669 4133 pandebat.
2715 4058 2811 4115 Ilia
2859 4070 2990 4112 vero
3032 4066 3157 4111 eum
3194 4048 3447 4119 laerymis
3478 4045 3648 4111 Deum

2055 4163 2359 4237 postulabat
2387 4166 2445 4213 ut
2473 4154 2719 4211 diabolus
2765 4151 2835 4205 ab
2879 4162 2944 4206 ea
2992 4144 3293 4214 recederet,
3318 4139 3649 4210 jubebatqne

2058 4231 2115 4313 ut
2144 4255 2351 4326 lapides
2383 4258 2638 4321 portaret,
2662 4254 2716 4302 et
2745 4245 3074 4300 substratum
3113 4236 3215 4293 sub
3238 4248 3368 4305 sago
3411 4231 3647 4286 cinerem

2057 4320 2218 4422 super
2248 4320 2479 4403 cilicium
2512 4346 2789 4409 spargeret
2813 4377 2831 4397 .
2859 4344 2914 4391 et
2950 4334 3020 4387 ita
3062 4329 3326 4391 dormiret
3367 4338 3535 4391 usque
3584 4320 3653 4389 ad

2036 4416 2326 4499 ade-cimum
2357 4438 2525 4491 diem.
2554 4432 2670 4489 Una
2699 4444 2827 4485 vero
2850 4426 3061 4481 dierum
3094 4422 3209 4488 ipsa
3233 4434 3260 4471 a
3284 4416 3502 4471 diabolo
3534 4424 3652 4469 ten-

2062 4544 2167 4590 tata
2200 4545 2304 4596 est,
2333 4538 2386 4584 et
2415 4521 2756 4595 superposuit
2781 4515 2972 4573 stratui
3017 4527 3116 4567 suo
3159 4511 3416 4571 cinerem.
3452 4504 3652 4559 Videtis

1982 4599 2242 4683 nantem
2272 4595 2539 4677 abbatissa
2568 4616 2806 4669 cinerem
2835 4607 2938 4664 sub
2969 4612 3139 4659 stratu
3166 4598 3509 4670 Euphraxiie,
3532 4595 3655 4651 risit

2064 4730 2117 4775 et
2145 4718 2216 4771 ait
2243 4714 2310 4769 ad
2341 4724 2500 4766 unam
2538 4717 2779 4763 sororem
2829 4699 3098 4759 seniorem
3124 4712 3142 4753 :
3167 4694 3301 4753 Vero
3332 4692 3445 4748 hinc
3475 4688 3653 4761 puella

2065 4813 2259 4870 tentari
2301 4807 2485 4875 erepit,
2529 4811 2582 4856 et
2623 4812 2786 4854 orans
2831 4794 3100 4853 abbatissa
3127 4835 3142 4859 ,
3170 4787 3532 4849 dixitzbem,
3559 4781 3654 4851 qui

2066 4906 2258 4965 creasti
2311 4917 2436 4959 eam
2491 4893 2785 4953 secundum
2835 4898 2979 4947 tuam
3025 4885 3379 4945 voluntatem,
3439 4886 3496 4931 tu
3536 4888 3655 4929 eam

2070 5004 2124 5058 in
2176 5010 2264 5055 tuo
2310 4997 2501 5051 timore
2540 4986 2806 5045 conforta.
2854 4984 2919 5039 Et
2964 4994 3162 5036 vocans
3190 4990 3309 5033 eam
3364 4968 3657 5029 abbatissa.

2076 5094 2211 5149 dixit
2239 5090 2301 5143 ad
2332 5103 2449 5143 eam
2474 5102 2489 5142 :
2514 5085 2693 5152 Quare
2720 5093 2826 5133 non
2874 5070 3119 5133 indicasti
3148 5066 3277 5123 mihi
3307 5060 3656 5118 tentationem

2076 5181 2427 5244 diabolicam?
2447 5179 2538 5233 llla
2550 5151 2681 5231 vero
2690 5170 2889 5228 cadens
2905 5166 2971 5221 ad
2998 5164 3161 5234 pedes
3181 5157 3488 5231 abbatissae,
3504 5151 3657 5207 dixit:

2076 5282 2301 5352 Ignosce
2350 5273 2478 5329 mibi
2504 5314 2517 5337 ,
2553 5269 2765 5328 domina
2799 5276 2939 5327 mea,
2972 5258 3093 5327 quia
3119 5251 3340 5311 confusa
3368 5262 3487 5305 sum
3519 5245 3661 5301 indi-

2077 5337 2201 5432 care
2226 5369 2317 5426 tibi
2349 5369 2487 5423 hanc
2514 5376 2753 5421 causam.
2788 5355 2927 5412 Dixit
2955 5350 3022 5407 ad
3047 5361 3165 5405 eam
3193 5341 3462 5403 abbatissa
3492 5357 3506 5392 :
3531 5337 3662 5394 Filia

2077 5482 2217 5533 mea,
2248 5478 2376 5522 ecce
2403 5472 2641 5531 pugnare
2665 5448 2906 5521 coepisti;
2934 5442 3162 5501 viriliter
3180 5453 3299 5511 age,
3317 5446 3376 5493 ut
3397 5436 3578 5490 vincas
3612 5441 3664 5485 rt

2080 5559 2376 5617 coroneris.

2151 5650 2279 5705 Car.
2318 5644 2436 5700 XV.
2460 5671 2525 5682 —
2567 5640 2694 5693 Post
2719 5644 2916 5704 paucos
2939 5643 3070 5685 vero
3096 5627 3215 5684 dies
3240 5624 3422 5681 denuo
3458 5622 3660 5677 tentata

2082 5753 2190 5807 est,
2238 5750 2291 5795 et
2336 5732 2573 5791 narravit
2618 5727 2773 5784 alicui
2825 5722 3015 5789 sorori,
3068 5720 3280 5776 nomine
3323 5712 3499 5779 Julia},
3543 5719 3665 5777 quae

2084 5805 2307 5895 multum
2349 5825 2599 5900 diligebat
2628 5818 3004 5892 Euphraxiam,
3049 5828 3167 5886 quas
3196 5810 3361 5869 etiam
3399 5805 3453 5859 in
3496 5808 3667 5859 certa-
