4162 6352
313 303 420 359 633

1282 305 1442 364 vm
1481 306 1773 365 sane”:
1818 307 2283 378 nurumsm,
2327 267 2645 372 vincINts.

3483 324 3587 380 651,

308 433 516 488 intente
558 427 716 486 nimis
745 443 842 500 pro
871 443 932 487 ea
962 437 1203 502 orantes,
1234 434 1494 504 rogabam
1524 434 1807 490 Dominum
1839 443 1896 491 ut
1923 435 1976 496 Α
2000 446 2100 487 nus
2130 433 2262 502 ejus,
2284 443 2336 488 et
2381 449 2547 506 usque
2574 435 2639 491 ad
2689 437 2808 505 ejus
2836 436 3142 495 caleaneum
3171 439 3351 508 traxit,
3379 449 3434 498 et
3464 457 3584 512 per-

304 528 623 587 nlvaretur.

313 678 320 684 ,
377 625 506 679 Car.
549 621 908 678 IUL—Fuit
952 630 1128 678 autem
1176 623 1314 679 inter
1341 639 1432 680 eas
1474 624 1742 693 qumdam,
1796 638 1895 679 no-

303 719 451 774 mine
499 716 792 782 Germana,
846 730 1002 786 quam
1057 716 1305 772 dicebant
1347 733 1411 771 ex
1459 717 1648 770 ancilla
1698 725 1891 772 ortam.

302 812 433 868 Haec
484 809 735 865 invidiam
769 810 972 865 habens
1016 810 1272 866 adversus
1300 811 1682 880 Euphraxiam,
1713 812 1893 866 insur-

302 906 448 963 rexit
473 905 732 960 adversus
761 918 878 959 eam
929 904 981 958 in
1022 904 1247 972 coquina
1297 915 1526 971 secrete,
1559 915 1610 960 et
1641 906 1780 960 dixit
1808 907 1887 961 ei:

302 1001 422 1069 Dic,
463 999 789 1068 Euphraxia,
822 1013 948 1054 ecce
973 1007 1027 1053 tu
1057 999 1220 1054 semel
1246 1000 1296 1054 in
1327 1000 1621 1068 septimana
1653 1000 1890 1056 comedis

297 1094 596 1152 secundum
633 1093 868 1163 regulam
898 1091 1205 1160 abbatissae,
1231 1101 1283 1146 et
1311 1107 1406 1147 nos
1435 1095 1537 1148 hoc
1566 1109 1670 1148 non
1703 1108 1892 1164 possu-

299 1204 422 1244 mus
470 1186 786 1254 adimplere.
836 1185 891 1241 Si
939 1194 1138 1242 coactae
1189 1186 1453 1241 fuerimus
1495 1187 1561 1241 ab
1595 1187 1886 1251 abbatissa,

296 1282 424 1352 quid
467 1279 756 1335 faciemus?
805 1279 902 1335 Cui
935 1280 1238 1348 Euphraxia
1287 1281 1562 1348 respondit
1606 1298 1618 1334 :
1665 1280 1884 1334 Domina

296 1389 438 1440 mea,
473 1374 687 1430 domina
738 1384 918 1427 nostra
971 1373 1237 1428 abbatissa
1268 1373 1404 1429 dixit
1452 1384 1508 1428 ut
1555 1389 1888 1443 unaquaeque

293 1470 436 1524 sicut
487 1467 683 1536 poterit
725 1467 979 1522 decertet.
1053 1467 1166 1522 Non
1211 1469 1354 1523 enim
1402 1469 1519 1524 sine
1566 1469 1886 1524 necessitate

294 1561 425 1616 Inibi
461 1559 564 1614 hoc
584 1559 770 1629 jugum
800 1560 1073 1626 imposuit.
1110 1561 1249 1615 Dixit
1272 1561 1320 1615 ei
1351 1561 1615 1617 Germana
1651 1579 1663 1614 :
1712 1561 1886 1631 Impo-

291 1650 426 1706 strix
456 1659 510 1704 et
539 1650 684 1704 omni
714 1650 1004 1706 calliditate
1046 1652 1222 1722 plena,
1250 1654 1366 1722 quis
1399 1655 1604 1708 nesciat
1633 1654 1754 1723 quia
1783 1655 1884 1708 sub

293 1743 510 1813 ingenio
539 1742 642 1798 hoc
682 1743 816 1812 agis,
848 1753 904 1797 ut
933 1753 1052 1812 post
1097 1745 1467 1814 pausationem
1512 1745 1797 1800 abbatissa:
1828 1755 1881 1799 tu

2003 526 2152 580 venit
2179 541 2346 597 usque
2375 527 2441 582 ad
2486 528 2691 585 tibiam.
2723 530 2852 598 Quae
2880 546 3003 587 cum
3029 533 3252 589 vidisset
3275 533 3585 590 crudelissi-

2000 631 2146 672 mum
2175 619 2369 675 vulnus
2395 621 2570 690 valde,
2600 632 2654 678 et
2680 625 2992 694 sanguinem
3022 625 3374 682 vehementer
3429 627 3577 684 etfu-

1998 723 2113 765 sum
2142 755 2156 777 ,
2210 713 2496 783 projiciens
2541 719 2768 772 securim
2841 721 3140 790 angustiata
3180 731 3234 776 et
3279 739 3332 777 in
3384 732 3582 781 terram

1970 792 2269 873 'prostrata
2318 818 2420 864 est.
2453 809 2590 865 Julia
2615 827 2744 868 vero
2771 814 3026 880 cucurrit,
3059 825 3112 872 et
3134 817 3393 882 clamans,
3427 832 3581 874 soro-

1996 896 2144 952 ribus
2177 901 2438 958 nuntiavit
2463 905 2584 973 quia
2611 905 2912 974 Eupbraxia
2931 910 3200 979 accipiens
3226 913 3481 979 securim,
3514 914 3582 969 de

1993 992 2170 1046 securi
2211 1002 2419 1049 mortua
2470 1007 2574 1052 est.
2605 996 2846 1069 Cumque
2892 1016 3154 1058 concursu
3187 1004 3388 1060 clamor
3412 1003 3582 1060 factus

1993 1083 2179 1141 fuisset
2205 1088 2601 1155 universarum,
2631 1093 3050 1150 circumstabant
3073 1110 3190 1150 eam
3215 1111 3395 1163 pauete
3419 1097 3579 1152 simul

1991 1188 2046 1234 et
2071 1178 2288 1236 ﬂebant.
2316 1182 2462 1238 Tunc
2483 1186 2746 1241 accedens
2775 1187 3064 1255 abbatissa,
3086 1203 3277 1256 aquam
3302 1190 3353 1245 in
3387 1190 3577 1247 faciem

1990 1274 2108 1342 ejus
2135 1276 2368 1345 misit(4)
2393 1295 2406 1344 ;
2435 1288 2490 1334 ct
2517 1281 2838 1350 consignans
2859 1297 2977 1338 eam
3008 1294 3167 1354 atque
3186 1290 3570 1356 complectens,

1988 1367 2060 1422 ait
2090 1370 2139 1424 ei
2165 1386 2178 1423 :
2215 1370 2342 1425 Filia
2375 1388 2492 1428 mea
2522 1373 2845 1443 Euphraxia,
2868 1390 2964 1431 cur
2992 1379 3287 1447 angustiata
3343 1379 3445 1434 es?
3475 1379 3578 1434 Rc-

1987 1474 2112 1514 crca
2143 1469 2213 1527 te,
2241 1474 2295 1515 et
2340 1463 2561 1532 loquere
2612 1465 2905 1520 sororibus.
2941 1465 3036 1520 Illa
3067 1482 3194 1523 vero
3231 1469 3570 1538 respiciente,

1990 1555 2259 1610 abbatissa
2281 1554 2415 1609 dixit
2447 1574 2459 1608 :
2496 1556 2720 1613 Domine
2745 1559 2871 1614 Iesu
2901 1558 3134 1622 Christe,
3158 1576 3284 1615 sana
3317 1563 3571 1616 ancillam

1989 1653 2170 1712 tuam,
2217 1650 2468 1717 quoniam
2524 1660 2743 1720 propter
2783 1662 2834 1706 te
2884 1654 3046 1708 multa
3090 1654 3304 1723 patitur.
3344 1654 3408 1706 Et
3453 1668 3574 1708 cum

1988 1735 2207 1808 ligasset
2233 1738 2420 1806 pedem
2469 1741 2588 1810 ejus
2633 1741 2699 1796 de
2729 1757 2905 1812 panno
2934 1744 3168 1812 cilicino,
3197 1745 3386 1798 levavit
3417 1761 3532 1799 eam
3557 1762 3570 1799 :

292 1838 341 1895 ei
367 1837 658 1892 succedas?
688 1836 864 1891 Credo
909 1838 960 1892 iu
989 1837 1221 1903 Christo,
1255 1839 1379 1908 quia
1411 1848 1463 1894 te
1500 1854 1769 1909 nunquam
1799 1839 1884 1892 di-
1914 1824 1961 1886 Β
1988 1838 2044 1884 et
2071 1829 2205 1884 dans
2251 1830 2301 1884 ei
2355 1847 2594 1900 manum,
2626 1835 2853 1890 ducebat
2891 1852 3010 1890 eam
3048 1839 3113 1890 ad
3163 1840 3570 1895 monasterium.

291 1928 544 2000 gnabitur
588 1927 655 1981 ad
700 1927 984 1982 abbatissa:
1029 1930 1210 1984 venire
1259 1931 1455 1985 locum.
1499 1931 1734 1986 Audiens
1767 1931 1882 1988 haec

292 2020 614 2090 Euphraxia,
650 2022 939 2088 prostravit
981 2036 1040 2076 se
1087 2023 1152 2076 ad
1185 2023 1348 2092 pedes
1375 2023 1513 2093 ejus,
1545 2034 1600 2079 et
1629 2025 1772 2079 dixit
1812 2025 1880 2080 ad

288 2130 406 2171 eam
435 2133 447 2166 ;
480 2114 698 2182 Ignosce
745 2113 898 2181 mihi,
943 2113 1156 2169 domina
1204 2132 1342 2180 mea,
1390 2128 1444 2172 et
1491 2133 1584 2171 ora
1631 2133 1724 2186 pro
1771 2133 1876 2172 mc.

287 2205 632 2278 Coguoseeus
687 2214 868 2261 autem
925 2207 1192 2262 abbatissa
1239 2208 1380 2276 quod
1433 2210 1605 2264 fuerat
1655 2211 1877 2276 factum,

290 2297 614 2353 Germanam
639 2312 818 2352 coram
850 2298 1097 2354 omnibus
1120 2300 1348 2366 vocavit,
1381 2301 1620 2372 dixitque
1641 2303 1688 2357 ei
1716 2319 1731 2356 :
1763 2303 1875 2359 Au-

287 2390 409 2446 cilla
441 2405 704 2458 nequam,
739 2399 791 2444 et
821 2405 849 2444 a
885 2390 993 2444 Deo
1045 2401 1334 2458 extranea,
1381 2393 1507 2463 quid
1558 2393 1652 2448 tibi
1698 2395 1878 2450 nocuit

287 2483 617 2552 Euphraxia,
647 2481 770 2551 quia
801 2481 1058 2537 festinasti
1088 2484 1321 2538 Studium
1363 2485 1479 2554 ejus
1509 2486 1878 2556 obrumpere?

286 2580 476 2637 Aliena
497 2593 557 2634 es
577 2594 604 2632 a
631 2594 876 2632 Sororum
903 2579 1152 2647 concilio,
1179 2579 1395 2648 indigna
1418 2596 1475 2634 cs
1497 2597 1526 2635 a
1554 2583 1870 2651 ministerio,

193 2666 210 2731 ἶ
285 2684 341 2729 et
368 2673 596 2743 collegio
623 2687 867 2726 sororum
903 2683 1181 2728 extranea.
1214 2673 1314 2727 Cui
1346 2674 1572 2729 multum
1603 2675 1875 2744 supplica-

285 2766 376 2822 bat
409 2765 736 2835 Euphraxia,
786 2775 1052 2833 quatenus
1099 2765 1174 2820 illi
1218 2767 1427 2821 veniam
1470 2766 1792 2836 largiretur;
1823 2779 1877 2824 ct

285 2874 392 2914 non
425 2873 542 2913 eam
567 2857 734 2922 flexit,
759 2859 930 2912 donec
966 2860 1320 2929 implereutur
1345 2863 1461 2917 dies
1493 2864 1730 2935 triginta.
1763 2864 1877 2921 Tri-

285 2951 492 3023 gesimo
520 2967 647 3006 vero
677 2953 763 3007 die
794 2953 982 3008 videns
1011 2953 1312 3022 Euphraxia
1360 2957 1482 3026 quia
1534 2959 1608 3012 nil
1638 2961 1876 3029 rogando

283 3045 590 3117 proficeret,
624 3059 904 3099 assumens
925 3059 1107 3099 secum
1137 3045 1331 3102 Iuliam
1365 3057 1417 3102 et
1445 3051 1685 3107 seniores
1715 3055 1872 3108 femi-

283 3152 380 3196 nas
411 3137 754 3202 monasterii,
786 3135 1110 3206 deposcebat
1151 3149 1206 3194 ut
1239 3153 1488 3211 rogarent
1525 3144 1870 3214 abbatissam,

280 3241 545 3302 quatenus
609 3231 656 3284 ei
706 3231 1169 3289 reconciliaretur.
1239 3236 1357 3301 Quo
1405 3237 1579 3302 facto,
1629 3243 1874 3297 evocavit

280 3341 399 3382 eam
440 3325 707 3380 abbatissa
737 3341 916 3381 coram
942 3327 1212 3394 omnibus,
1245 3330 1485 3401 dixitque
1535 3334 1582 3388 ei
1630 3351 1644 3388 :
1690 3335 1874 3391 Nonne

279 3417 585 3489 dijuticasti
619 3419 670 3473 in
699 3419 864 3475 corde
896 3430 983 3475 tuo
1015 3431 1071 3476 ut
1100 3422 1332 3478 studium
1372 3425 1562 3492 puella:
1595 3427 1756 3497 hujus
1776 3431 1872 3484 ab-

279 3510 579 3576 scinderes,
611 3527 710 3566 nec
755 3513 998 3582 cogitasti
1039 3515 1162 3583 quia
1185 3515 1312 3570 dum
1343 3527 1486 3573 esset
1529 3529 1791 3588 matrona,
1824 3532 1876 3578 et

279 3620 346 3662 ex
380 3603 641 3674 imperiali
672 3620 868 3676 genere
915 3607 1224 3674 constituta,
1275 3609 1574 3668 humiliarit
1623 3617 1877 3685 semetip-

279 3712 419 3762 sam,
447 3708 502 3752 et
530 3710 746 3768 praptcr
791 3701 956 3755 Deum
1010 3703 1233 3758 servivit
1266 3706 1402 3760 tibi?
1441 3708 1701 3766 Omnibus
1747 3728 1876 3783 ergo

279 3790 592 3860 rogantibus
621 3806 721 3861 pro
745 3792 1012 3849 Germana
1051 3795 1255 3863 placata
1285 3807 1385 3854 est.

352 3881 482 3936 CAP.
527 3882 670 3937 XXI.
697 3885 938 3942 —Tunc
986 3888 1226 3944 diabolus
1285 3900 1472 3947 contra
1515 3895 1875 3966 Euphraxiam

279 3976 578 4032 certamina
611 3992 718 4033 non
746 3982 975 4035 cessavit
1019 3985 1378 4044 committere.
1407 3987 1576 4043 Nimis
1621 3993 1764 4046 enim
1796 3993 1877 4048 fu-

278 4071 438 4126 rebat
468 4081 652 4126 contra
683 4088 827 4140 eam,
855 4084 910 4130 et
947 4077 1056 4132 cito
1083 4080 1305 4148 perduci
1334 4083 1548 4139 volebat
1592 4085 1657 4139 ad
1692 4087 1872 4142 tinem.

280 4161 399 4220 Una
447 4165 664 4236 quidem
715 4169 944 4235 dierum,
997 4187 1117 4227 cum
1168 4175 1231 4228 ad
1284 4175 1632 4234 hauriendam
1682 4196 1874 4252 aquam

280 4257 650 4315 descendisset
669 4259 736 4315 ad
761 4269 1002 4330 puteum,
1026 4265 1316 4334 arripiebat
1342 4284 1460 4323 eam
1485 4269 1729 4327 diabolus
1754 4288 1874 4328 cum

277 4348 493 4416 Iageua,
537 4359 592 4404 et
634 4351 833 4420 dejecit
871 4369 990 4410 eam
1032 4356 1282 4413 deorsum
1337 4361 1387 4414 in
1430 4371 1682 4429 puteum,
1725 4365 1793 4419 ita
1821 4376 1878 4422 ut

279 4449 572 4498 nausearet
615 4441 942 4513 Eupbraxia,
992 4455 1050 4503 et
1098 4453 1402 4516 perveniret
1451 4464 1611 4523 caput
1651 4457 1765 4525 ejus
1809 4459 1874 4512 ad

278 4532 531 4589 fundum.
576 4533 794 4590 Elevata
822 4553 950 4593 vero
979 4539 1046 4594 de
1073 4555 1232 4612 aqua,
1264 4553 1317 4596 et
1350 4553 1538 4600 tenens
1579 4549 1757 4602 funem
1805 4551 1877 4604 si-

1993 1923 2086 1978 Illa
2115 1937 2242 1978 vero
2273 1926 2567 1993 respiciens
2624 1927 2762 1996 ligna
2815 1929 3072 1998 projecta,
3104 1930 3238 1986 dixit
3259 1933 3532 1986 sororibus
3559 1950 3571 1985 :

1987 2015 2127 2070 Vivit
2157 2016 2417 2072 Dominus
2437 2033 2605 2081 meus,
2638 2020 2737 2074 nisi
2771 2021 3036 2092 collegero
3065 2023 3227 2093 ligna,
3246 2033 3300 2077 et
3327 2025 3572 2092 septima-

1984 2124 2109 2162 nam
2135 2125 2309 2164 meam
2341 2111 2682 2179 complevcro
2713 2113 2812 2185 (5),
2847 2130 2950 2169 ηοη
2979 2114 3282 2169 ascendam.
3312 2115 3406 2170 Cui
3435 2116 3572 2170 Iulia

1982 2199 2320 2268 dixit:Noli,
2350 2202 2564 2257 domina
2622 2218 2796 2271 soror,
2830 2223 2934 2261 non
2976 2208 3153 2271 vales;
3203 2207 3424 2263 dimitte.
3471 2222 3570 2276 ego

1981 2295 2230 2362 colligam
2261 2310 2347 2359 ea,
2377 2306 2431 2350 tu
2459 2299 2709 2365 ascende,
2743 2302 3020 2369 requiesce
3063 2313 3276 2372 prOpter
3305 2302 3566 2357 dolorem.

1982 2385 2075 2443 llla
2108 2403 2236 2443 vero
2286 2405 2394 2443 non
2440 2390 2728 2460 acquievit,
2759 2393 2852 2448 sed
2900 2395 3176 2464 complens
3228 2411 3414 2450 manus
3443 2411 3568 2451 suas

1982 2479 2160 2548 lignis,
2189 2481 2268 2536 sic
2296 2481 2556 2536 ascendit.
2590 2482 2684 2538 Cui
2708 2492 2883 2541 tamen
2912 2487 3153 2542 diabolus
3175 2504 3279 2544 non
3306 2490 3563 2560 pepercit.

1979 2573 2112 2629 Nam
2131 2589 2250 2630 cum
2269 2574 2594 2632 ascendisset
2615 2580 2920 2647 superiores
2944 2582 3138 2650 gradus
3159 2583 3337 2648 scala),
3359 2594 3569 2638 calcans

1981 2666 2342 2722 summitatem
2393 2667 2585 2722 tunicre
2641 2684 2772 2735 suae,
2807 2687 2967 2742 super
3011 2671 3188 2741 ipsum
3231 2673 3427 2741 lignum
3460 2674 3566 2728 ruit

1979 2761 2121 2831 quod
2170 2761 2436 2832 portabat,
2460 2771 2514 2818 ct
2542 2764 2708 2818 fixum
2743 2775 2826 2819 est
2855 2765 3056 2836 lignum
3090 2768 3141 2821 iu
3183 2775 3401 2835 aspectu
3427 2767 3567 2836 ejus.

1979 2853 2052 2909 ita
2078 2862 2137 2908 ut
2165 2869 2380 2910 sorores
2401 2855 2686 2911 crederent
2715 2857 2834 2928 quia
2865 2858 3063 2927 lignum
3087 2857 3204 2928 ejus
3225 2859 3437 2916 oculum
3469 2874 3566 2929 pe-

1980 2958 2266 3005 netrasset.
2291 2949 2442 3005 Tunc
2492 2951 2803 3006 exclamans
2856 2952 3019 3018 Julia,
3049 2954 3123 3007 ait
3171 2952 3236 3006 ad
3267 2968 3382 3008 eam
3411 2972 3423 3005 :
3457 2954 3565 3010 Do-

1980 3044 2124 3098 mina
2155 3059 2295 3111 mea,
2332 3044 2424 3098 tibi
2453 3043 2562 3098 dixi
2593 3047 2716 3114 quia
2774 3062 2879 3100 non
2929 3056 3082 3115 potes
3130 3061 3492 3114 requiescere,
3514 3057 3568 3102 et

1980 3152 2089 3192 non
2117 3152 2202 3192 me
2231 3137 2447 3192 audisti.
2467 3136 2563 3192 Cui
2586 3139 2718 3192 dixit
2751 3138 3052 3206 Euphraxia
3079 3139 3283 3194 :Caute
3309 3137 3566 3194 subtrahe

1902 3217 1950 3281 C
1980 3245 2010 3284 a
2041 3245 2127 3284 me
2159 3230 2380 3299 lignum,
2411 3230 2596 3285 oculus
2626 3245 2776 3284 meus
2820 3245 2981 3284 sanus
3011 3240 3111 3285 est.
3135 3230 3321 3285 Traxit
3347 3245 3475 3299 ergo
3495 3231 3564 3286 ab

1981 3337 2045 3379 ea
2076 3322 2298 3392 lignum,
2330 3333 2385 3377 et
2426 3324 2698 3393 sanguinis
2741 3321 2875 3376 facta
2918 3331 3003 3378 est
3041 3323 3230 3378 effusio
3261 3323 3568 3379 vehemens.

1980 3417 2264 3472 Abbatissa
2283 3432 2410 3472 vero
2437 3415 2684 3471 deferens
2705 3417 2903 3483 oleum,
2925 3427 2978 3471 et
2999 3414 3136 3472 facta
3160 3417 3421 3484 oratioue,
3447 3433 3570 3489 sup-

1981 3513 2159 3582 posuit
2181 3512 2227 3565 ei
2259 3526 2506 3577 manum;
2536 3525 2854 3579 rursumque
2884 3510 3017 3565 dixit
3041 3512 3107 3565 ad
3137 3526 3253 3565 eam
3282 3529 3296 3565 :
3326 3512 3471 3568 Vade
3499 3515 3564 3567 ad

1980 3613 2205 3659 stratum
2237 3611 2403 3670 tuum,
2428 3605 2722 3672 requiesce,
2747 3615 2799 3659 et
2825 3620 2924 3677 ego
2945 3605 3266 3660 dominabus
3293 3607 3570 3663 sororibus

1981 3699 2336 3755 minisrerium
2396 3710 2542 3756 tuum
2593 3699 2830 3770 injungo.
2867 3699 3176 3767 Euphraxia
3225 3716 3352 3756 vero
3382 3701 3514 3756 dixit
3554 3721 3566 3754 :

1983 3793 2130 3847 Vivit
2158 3793 2410 3848 Dominus
2443 3807 2613 3856 meus,
2643 3795 2766 3862 quia
2813 3809 2917 3848 non
2948 3794 3252 3862 requiesco,
3285 3795 3456 3850 donec
3484 3795 3567 3850 of-

1981 3888 2159 3943 ficium
2219 3903 2392 3943 meum
2443 3887 2809 3956 complevcro.
2841 3887 3062 3942 Multum
3103 3904 3245 3943 enim
3280 3891 3564 3958 I‘Oguballll‘

1979 3993 2009 4032 a
2031 3979 2305 4034 sororibus
2337 3987 2392 4034 ut
2414 3980 2768 4048 requiesceret
2791 3990 3009 4049 propter
3034 3979 3212 4052 plagas
3238 3997 3370 4050 quas
3401 3983 3568 4040 babe-

1980 4073 2091 4139 bat,
2125 4085 2177 4129 et
2205 4088 2358 4143 passa
2389 4089 2494 4129 non
2550 4083 2662 4138 est;
2691 4075 2784 4130 sed
2818 4075 2894 4130 sic
2943 4076 3180 4131 ulcerata
3205 4118 3220 4140 ,
3251 4093 3314 4131 ex
3346 4085 3570 4147 utraque

1980 4167 2131 4236 plaga
2179 4167 2435 4236 sanguine
2487 4177 2860 4237 procurrente,
2894 4168 3069 4223 stabat
3097 4169 3450 4224 ministerium
3484 4169 3562 4224 fa-

1981 4257 2128 4312 ciens
2155 4260 2451 4326 sororibus,
2472 4268 2526 4314 et
2557 4274 2730 4330 neque
2759 4259 2809 4314 in
2841 4275 3003 4330 opere
3036 4261 3124 4316 Dei
3158 4261 3361 4326 deerat,
3388 4277 3486 4318 nec
3517 4264 3567 4318 in

1982 4351 2087 4404 alio
2117 4352 2444 4406 ministerio.

1991 4499 1994 4504 _
2051 4443 2182 4496 ΕΑΡ.
2207 4442 2398 4498 XXIII.
2425 4443 2708 4500 —Rursus
2735 4445 2911 4515 itaque
2933 4445 3040 4499 alia
3069 4445 3203 4509 vice,
3233 4460 3354 4499 cum
3386 4459 3570 4500 ascen-

1981 4534 2452 4590 dcretcumJulia
2511 4536 2565 4589 in
2619 4535 2872 4590 solariqu
2931 4536 3144 4590 tertium
3167 4535 3270 4603 (6),
3303 4535 3565 4604 arripiens

279 4626 431 4688 tulae,
459 4627 528 4680 ita
553 4627 803 4684 clamavit
827 4629 895 4686 de
925 4642 1115 4700 puteo;
1147 4634 1377 4701 Christe,
1404 4638 1591 4708 adjuva
1625 4655 1729 4696 me.
1763 4642 1874 4708 Qua

1982 4641 2102 4682 eam
2159 4627 2424 4692 diabolus,
2450 4626 2800 4697 praecipitavit
2851 4641 2968 4680 eam
3020 4626 3303 4683 deorsum.
3338 4628 3403 4684 Et
3448 4644 3568 4684 cum

277 4733 416 4774 voce
438 4718 597 4785 facta,
620 4723 892 4793 cognitum
917 4733 999 4780 est
1027 4727 1148 4796 quia
1175 4729 1476 4798 Eupliraxia
1508 4734 1798 4790 corruisset
1825 4737 1875 4790 in

277 4823 526 4883 puteum,
581 4823 634 4869 et
710 4829 1092 4876 concurrentes
1148 4837 1362 4878 sorores
1423 4841 1540 4880 cum
1607 4829 1876 4887 abbatissa

275 4906 661 4964 abstraxerunt
681 4925 800 4966 eam
832 4913 899 4970 de
941 4925 1120 4984 puteo.
1156 4916 1284 4984 Quze
1311 4934 1538 4989 surgens
1569 4923 1789 4986 exinde,
1824 4934 1879 4980 et

276 5001 628 5070 semetipsam
675 5003 1019 5076 eonsignans,
1065 5009 1289 5064 subrisit
1318 5020 1369 5064 et
1397 5012 1510 5066 ait:
1561 5013 1877 5071 Vivithri-

276 5103 397 5148 sms
429 5107 602 5160 meus,
641 5095 764 5164 quia
796 5113 902 5152 non
931 5114 1017 5155 me
1047 5102 1236 5168 vincis,
1270 5103 1502 5173 diabole,
1539 5123 1713 5179 neque
1739 5111 1874 5164 cedo

274 5183 399 5242 tibi.
442 5184 622 5257 Usque
671 5204 812 5244 nunc
840 5191 1056 5259 quidem
1088 5210 1248 5250 unam
1299 5196 1539 5267 Iagenam
1594 5202 1869 5268 portabam

271 5291 399 5332 cum
431 5293 565 5347 aqua
595 5280 647 5334 in
675 5282 990 5352 coquinam;
1045 5286 1114 5339 ab
1165 5287 1322 5343 hodie
1368 5291 1527 5362 357
1581 5308 1708 5349 vero
1744 5300 1876 5352 dua-

271 5367 377 5424 bus
411 5368 616 5440 lagenis
643 5387 835 5444 aquam
869 5376 1114 5442 portabo.
1142 5379 1205 5434 Et
1231 5382 1300 5437 ita
1327 5383 1474 5441 fecit.

349 5462 480 5518 CAP.
514 5463 681 5520 XXII.
715 5497 784 5508 --
820 5467 1016 5524 Videns
1047 5472 1227 5542 itaque
1250 5476 1497 5535 diabolus
1517 5483 1640 5550 quia
1668 5499 1783 5540 eam
1819 5485 1871 5542 in

270 5565 438 5627 puteo
465 5572 658 5614 necare
703 5576 811 5615 non
835 5563 1024 5633 valuit,
1057 5581 1267 5622 rursum
1298 5569 1400 5624 alia
1433 5573 1552 5628 vice
1581 5591 1706 5630 cum
1750 5577 1874 5633 des-

271 5646 557 5702 cendisset
580 5648 719 5719 ligna
743 5651 1006 5714 incidere.
1039 5671 1268 5719 cumque
1293 5660 1403 5731 jam
1460 5679 1625 5733 pauca
1651 5669 1869 5726 incidis-

274 5748 384 5806 set,
405 5742 579 5797 astitit
606 5743 855 5803 diabolus
882 5750 1178 5806 observans
1206 5769 1344 5809 eam.
1378 5755 1447 5811 Et
1473 5758 1601 5815 dum
1640 5761 1870 5820 levasset

278 5833 518 5890 securim
549 5843 611 5892 ut
633 5836 835 5910 lignum
868 5842 1157 5912 incideret,
1179 5846 1450 5918 colligavit
1479 5852 1726 5912 diabolus
1753 5873 1867 5914 ma-

1984 4723 2338 4778 cxclamasset
2359 4721 2518 4786 Julia,
2547 4730 2932 4777 concurrentes
2964 4736 3200 4792 sorores,
3219 4724 3570 4781 crediderunt

1983 4832 2042 4873 se
2087 4815 2452 4885 Euphraxiam
2507 4824 2771 4870 mortuam
2822 4816 3085 4872 invenire.
3141 4818 3272 4886 Qua:
3322 4835 3569 4892 surgens,

1982 4909 2217 4965 occurrit
2244 4907 2346 4963 eis.
2373 4909 2543 4974 Quam
2568 4909 2942 4979 suscipientes,
2977 4913 3391 4970 introduxerunt
3448 4930 3566 4969 eam

1985 5003 2051 5058 ad
2080 5003 2435 5070 abbatissam;
2462 5004 2914 5076 interrogavitque
2938 5021 3054 5062 eam
3079 5009 3120 5062 si
3155 5009 3205 5062 in
3237 5009 3414 5077 aliquo
3439 5009 3564 5063 fuis-

1980 5107 2062 5151 set
2106 5096 2252 5151 lzesa.
2284 5096 2380 5151 Cui
2419 5096 2724 5167 Euphraxia
2763 5101 3074 5170 respondit:
3109 5101 3250 5156 Vivit
3291 5102 3568 5170 Dominus,

1978 5190 2194 5246 domina
2250 5198 2540 5262 mea,quia
2593 5209 2691 5249 nec
2746 5197 3015 5266 quomodo
3067 5197 3237 5252 cecidi
3290 5199 3434 5264 novi,
3473 5215 3570 5253 uec

1977 5277 2248 5351 quomodo
2294 5287 2524 5340 surrexi.
2551 5285 2785 5340 Audiens
2839 5288 3104 5341 abbatissa
3147 5290 3265 5356 quia
3321 5291 3385 5344 dc
3427 5301 3569 5346 tanta

1977 5377 2256 5432 altitudine
2281 5391 2540 5433 corruens
2558 5377 2689 5433 nihil
2713 5388 2856 5434 esset
2877 5378 3021 5444 Iresa,
3040 5380 3356 5449 glorificavit
3375 5384 3567 5451 Deum,

1979 5467 2207 5526 dicens:
2243 5471 2422 5541 Vade,
2461 5473 2565 5527 tilia
2597 5472 2661 5527 ad
2715 5487 2850 5541 Opus
2893 5481 3061 5540 tuum,
3094 5484 3143 5528 et
3188 5477 3291 5530 erit
3317 5477 3573 5536 Dominus

1979 5573 2172 5620 tecum.

2047 5658 2175 5711 Car.
2213 5657 2402 5711 XXIV.
2437 5689 2503 5698 —
2534 5657 2739 5714 Rursus
2763 5673 2891 5731 ergo
2938 5660 3183 5718 inimicus
3227 5666 3410 5722 volens
3442 5684 3562 5725 eam

1974 5747 2241 5812 occidere,
2274 5749 2351 5802 sic
2379 5749 2741 5807 adoriebatur.
2771 5751 2904 5808 Cum
2925 5753 3233 5826 ‘Euphraxia
3268 5761 3427 5816 ollam
3467 5763 3570 5817 fcr-

1976 5847 2191 5897 veutem
2225 5848 2461 5910 teneret,
2495 5843 2546 5899 in
2573 5857 2706 5916 quas
2732 5846 2845 5903 olus
2872 5850 3164 5922 coquebat,
3190 5863 3247 5908 ut
3274 5853 3572 5912 eﬂ‘underet
