4162 6352
603 317 711 380 οδε

1592 316 1684 375 ne
1721 317 1901 374 vms
1942 296 2226 373 PATRUM
2267 315 2469 373 LIBER
2508 317 2780 374 PRIMUS.

3783 302 3886 379 oss

605 420 905 517 coctionem
933 434 1140 489 elerum
1171 433 1226 488 in
1253 418 1491 500 vasculo,
1523 431 1714 489 ablatis
1758 431 1982 502 pedibus
2009 447 2040 486 a
2070 432 2191 487 dia-
2219 426 2273 493 Α
2297 447 2421 487 eum
2454 434 2505 517 in
2561 441 2783 488 terram.
2818 430 3116 490 lnfantulus
3170 442 3351 496 autem
3402 451 3526 493 mox
3568 450 3886 509 exsurgens,

604 534 749 600 bolo,
781 540 1073 589 retrorsum
1092 530 1314 596 cadens,
1338 529 1462 585 olla
1508 529 1649 585 illius
1676 530 1976 585 coctionem
2007 530 2059 584 in
2111 529 2195 583 fa-

604 629 744 684 ciem
794 628 945 681 suam
977 623 1134 678 fudit.
1173 624 1238 678 Et
1276 624 1403 677 dum
1429 637 1617 677 omnes
1637 638 1853 678 sorores
1889 623 1941 677 in
1986 623 2085 678 boc
2111 620 2194 675 fa-

606 729 694 775 cto
722 726 1167 786 expavescerent,
1197 716 1455 772 exsiliens
1485 716 1790 785 Enpbraxia
1813 758 1829 782 ,
1858 717 2111 781 subrisit,
2141 712 2197 771 et

606 814 682 869 alt
707 812 773 866 ad
818 827 910 867 eas
940 830 953 866 τ
986 810 1053 868 [It
1080 812 1206 881 quid
1259 813 1482 866 turbatae
1524 811 1689 867 estis?
1728 813 2008 867 Abbatissa
2062 827 2194 867 vero

608 905 793 961 videns
845 907 968 973 quia
1001 920 1105 959 non
1153 904 1339 960 fuisset
1383 906 1508 959 laesa
1534 945 1550 971 ,
1583 905 1816 974 respexit
1843 906 1894 959 in
1921 906 2101 966 ollam.
2142 913 2197 959 et

610 996 747 1052 vidit
771 996 894 1067 quia
915 998 1057 1065 quod
1085 1006 1416 1052 remanserat
1440 1004 1585 1051 esset
1612 996 1849 1052 fervens.
1876 996 1941 1052 Et
1970 1013 2193 1052 conver-

607 1104 666 1146 sa
693 1090 825 1144 dixit
854 1090 1191 1159 Eupliraxia:
1218 1091 1374 1155 Vere,
1420 1090 1631 1145 domina
1680 1106 1798 1145 mea
1824 1132 1840 1157 ,
1880 1092 2002 1160 quia
2049 1092 2197 1147 velut

606 1194 745 1250 aqua
770 1182 955 1253 frigida
983 1185 1127 1238 venit
1158 1184 1207 1236 in
1239 1183 1429 1238 faciem
1453 1198 1645 1238 meam.
1676 1183 1949 1238 Admirata
1968 1194 2194 1239 estvero

607 1274 891 1341 abbatissa,
926 1283 983 1331 et
1012 1276 1225 1330 intuens
1279 1276 1330 1329 in
1362 1291 1479 1329 eam
1531 1275 1703 1330 dixit:
1744 1277 1871 1330 Filia
1895 1319 1909 1341 ,
1955 1278 2093 1332 Deus
2145 1288 2196 1332 te

606 1366 888 1431 custodiat,
918 1375 973 1421 et
1019 1368 1114 1422 tibi
1158 1368 1271 1422 sine
1302 1368 1699 1423 intermissione
1749 1370 1979 1425 tolerare
2003 1371 2054 1424 in
2090 1385 2190 1426 suo

608 1457 806 1514 timore
849 1462 1128 1513 concedat.
1162 1460 1226 1514 Et
1275 1460 1515 1531 ingressa
1548 1462 1817 1515 abbatissa
1872 1463 2187 1527 oratorium,

610 1554 924 1607 convocavit
969 1553 1173 1621 priores
1203 1554 1444 1608 seniores
1462 1555 1564 1624 (7).
1593 1555 1837 1623 dixitque
1867 1558 1985 1610 eis:
2017 1556 2195 1613 Nostis

608 1644 731 1714 quia
765 1643 1067 1712 Euphraxia
1102 1648 1396 1713 promeruit
1418 1647 1643 1718 gratiam
1677 1645 1805 1701 Dei?
1856 1648 2194 1716 Cognovistis

612 1736 757 1792 enim
787 1739 908 1808 quia
963 1754 1060 1791 nec
1088 1738 1415 1808 prmeipitata
1439 1740 1751 1794 contristata
1777 1749 1881 1806 est,
1909 1756 2083 1808 neque
2112 1740 2195 1794 ni-

2297 512 2530 579 cucurrit
2558 525 2622 578 ad
2649 526 2891 595 januam,
2920 540 3167 596 quaerens
3197 538 3424 583 matrem
3449 545 3623 584 suam.
3653 530 3889 589 Correus

2298 630 2474 678 autem
2504 623 2751 688 ostiaria,
2786 624 3051 678 nuntiavit
3080 624 3365 678 abbatissa:
3382 623 3524 693 quod
3554 620 3756 678 factum
3784 636 3885 681 est.

2296 714 2426 782 Quae
2473 728 2596 768 cum
2629 724 2877 769 vocasset
2930 726 3155 770 matrem
3205 715 3448 780 infantis,
3477 714 3612 771 dicit
3660 717 3711 771 ei
3746 731 3763 771 :
3796 718 3890 775 Die

2301 808 2457 872 mibi,
2486 808 2675 877 inquit,
2704 823 2880 873 soror,
2906 817 3115 863 tentare
3166 824 3268 863 nos
3313 808 3539 863 venisti?
3590 806 3890 879 Respondit

2301 912 2480 956 autem
2506 914 2679 957 mater
2694 902 3131 968 infantis,dicens
3158 918 3173 956 :
3200 903 3300 957 Per
3333 903 3613 957 Dominum
3642 913 3891 958 nostrum

2296 993 2477 1050 Jesum
2523 995 2813 1058 Christum,
2843 995 3063 1050 domina
3091 1009 3231 1059 mea,
3263 996 3388 1065 quia
3442 1009 3621 1064 neque
3639 996 3889 1050 ambula-

2298 1090 2395 1154 vit,
2422 1102 2592 1158 neque
2618 1088 2826 1142 locutus
2849 1095 2933 1143 est
2962 1088 3050 1143 bic
3084 1088 3261 1142 infans
3281 1101 3455 1158 usque
3477 1089 3532 1143 in
3566 1099 3895 1155 praenatet-

2298 1180 2509 1236 horam.
2538 1181 2642 1234 Sed
2672 1194 2794 1235 cum
2823 1180 3153 1250 suscepisset
3168 1195 3290 1235 eum
3323 1179 3441 1234 haec
3462 1179 3677 1235 domina
3700 1195 3893 1244 soror;

2297 1291 2427 1332 mox
2453 1276 2661 1330 locutus
2702 1285 2806 1331 est.
2832 1276 2921 1331 Illa
2948 1291 3075 1331 vero
3104 1275 3394 1346 projiciens
3425 1289 3549 1330 eum
3577 1276 3630 1329 in
3664 1283 3898 1339 tet-rant,~

2300 1370 2449 1424 stetit
2472 1368 2878 1438 obstupefacta;
2915 1368 3205 1422 infantulus
3226 1383 3353 1421 vero
3381 1381 3629 1436 surgens,
3655 1365 3897 1423 venitad

2301 1478 2390 1519 me
2418 1462 2665 1517 ancillam
2692 1472 2858 1517 tuam.
2881 1462 3017 1519 Dicit
3047 1464 3095 1517 ei
3124 1461 3395 1517 abbatissa
3421 1479 3436 1517 :
3469 1461 3609 1517 Ecce
3633 1477 3767 1532 ergo
3797 1462 3901 1516 bas

2299 1557 2394 1611 bes
2436 1572 2556 1611 eum
2607 1556 2982 1621 sanum,tolle
3031 1570 3177 1619 eum,
3208 1567 3257 1609 et
3290 1553 3428 1608 vade
3475 1553 3528 1607 in
3577 1566 3731 1623 pace.
3763 1554 3899 1621 Qua

2299 1664 2578 1705 assumens
2625 1650 2793 1703 filium
2846 1664 3025 1711 suum,
3053 1648 3324 1716 pergebat,
3347 1646 3654 1714 glorilicans
3686 1646 3883 1701 Deum.

2372 1740 2500 1795 CAP.
2534 1739 2625 1795 XX
2640 1740 2747 1795 VII.
2762 1770 2831 1782 -—
2852 1739 3082 1793 Rursum
3102 1754 3231 1808 ergo
3248 1739 3513 1793 abbatissa
3538 1736 3680 1792 diait
3705 1738 3773 1791 ad
3795 1753 3899 1793 seu:

612 1828 832 1881 mietate
864 1828 1087 1882 fervoris
1114 1839 1298 1882 exusta
1330 1842 1428 1883 est.
1462 1831 1531 1883 At
1571 1831 1674 1883 illa:
1721 1831 1969 1884 dixerunt
2002 1850 2015 1885 :
2052 1832 2187 1885 Vere
2223 1838 2273 1900 Β
2297 1834 2474 1889 niores
2497 1847 2740 1887 sorores:
2761 1832 2897 1899 Quid
2921 1832 3071 1887 vobis
3093 1831 3160 1885 de
3185 1830 3491 1899 Euphraxia
3518 1828 3904 1885 videtuHCu's

606 1918 797 1974 ancilla
830 1919 920 1975 Dei
950 1929 1033 1974 est
1061 1919 1386 1988 Enphraxia,
1407 1931 1458 1975 et
1478 1936 1660 1975 curam
1687 1922 1804 1990 ejus
1832 1922 1993 1976 habet
2014 1921 2195 1976 Domt—

612 2026 714 2069 nus
742 2029 757 2078 ;
790 2028 912 2067 nam
954 2013 1004 2067 in
1036 2013 1337 2083 Imjusmodi
1364 2014 1749 2069 tentationibus
1800 2014 2020 2070 liberata
2046 2026 2129 2071 est
2160 2004 2199 2069 ab

608 2103 856 2160 Domino.

679 2198 809 2254 Car.
843 2198 1007 2253 XXV.
1031 2199 1293 2254 ~—0mnis
1317 2200 1495 2270 itaque
1520 2201 1707 2256 civitas
1734 2210 1893 2271 atque
1916 2204 2187 2274 provincia

605 2291 1049 2346 consuetudinem
1075 2291 1299 2346 habebat
1329 2304 1385 2345 ut
1414 2293 1643 2347 infantes
1679 2296 1818 2350 male
1849 2296 2105 2351 habentes
2140 2297 2205 2353 in‘

606 2382 734 2437 illud
758 2381 1082 2438 deducerent
1102 2385 1484 2439 monasterium
1507 2426 1521 2452 ,
1548 2384 1612 2439 ad
1641 2388 1862 2442 ancillas
1893 2388 1987 2443 Dei
2032 2390 2192 2444 mira-

608 2474 727 2528 cula
759 2474 1034 2542 facientes,
1064 2487 1120 2533 et
1140 2478 1467 2547 suscipiebat
1498 2494 1592 2533 eos
1612 2480 1906 2546 abbatissa,
1938 2491 1994 2537 et
2017 2483 2194 2554 ingre-

609 2569 895 2625 diebantur
939 2570 992 2625 in
1042 2571 1333 2626 oratorium
1364 2614 1378 2637 ,
1422 2583 1479 2629 et
1539 2574 1916 2643 supplicabant
1970 2593 2066 2643 pro
2114 2576 2207 2631 eis

609 2660 931 2731 Dominum,
977 2672 1031 2718 et
1070 2679 1191 2719 mox
1242 2664 1311 2720 ab
1375 2666 1521 2720 omni
1571 2667 1823 2735 languore
1865 2671 2207 2725 sanabuntur

607 2754 861 2826 infantes,
892 2768 945 2813 et
994 2757 1321 2828 recipiebant
1351 2774 1444 2814 eos
1498 2771 1698 2815 matres
1742 2763 1957 2834 proprie
2006 2779 2207 2831 sanos,"

608 2847 1012 2919 proficiscentes
1040 2860 1201 2921 atque
1226 2851 1589 2917 glorificantes
1642 2853 1830 2906 Deum.
1864 2854 1990 2909 Erat
2014 2860 2204 2910 autent

607 2941 855 3011 quasdam
904 2942 956 2997 in
990 2946 1318 3000 monasterio
1359 2948 1552 3001 mulier
1580 2960 1964 3017 energumena,
1998 2948 2068 3002 ab
2115 2950 2201 3004 in-

609 3031 775 3088 fantia
804 3035 1034 3104 obligata
1077 3038 1128 3091 in
1174 3040 1535 3108 titonaSIerio,
1563 3051 1823 3110 quatenus
1873 3042 2194 3111 salvaretur,

608 3139 727 3198 quae
754 3125 982 3182 habebat
1013 3130 1261 3199 spiritum
1290 3132 1622 3187 immundum
1656 3133 1981 3200 daemonem,
2014 3136 2194 3206 ligatis

2300 1926 2712 1996 respondentes,
2745 1927 3036 1980 dixerunt:
3068 1924 3205 1979 Vere
3233 1924 3422 1978 ancilla
3458 1924 3549 1978 Dei
3580 1933 3686 1978 est.
3711 1921 3891 1977 Voca.

2293 2020 2475 2087 vitque
2530 2028 2748 2083 eam,et
2774 2018 2908 2073 dixit
2950 2018 3000 2073 ei
3034 2035 3045 2069 :
3078 2016 3209 2071 Filia
3243 2032 3358 2071 mea
3401 2018 3727 2084 Eriphi-asia,
3751 2018 3882 2073 volo

2296 2120 2353 2166 ut
2394 2111 2515 2166 huic
2571 2110 2785 2179 patienti
2840 2109 2945 2179 (8),
2976 2124 3095 2179 qua:
3140 2109 3196 2163 in
3246 2107 3574 2162 monasterio
3625 2115 3735 2173 est,
3783 2124 3907 2175 per.

2295 2217 2487 2258 manus
2536 2213 2651 2256 tuas
2701 2201 2878 2256 cibum
2917 2203 3130 2265 offeras,
3154 2202 3201 2256 si
3256 2216 3364 2256 non
3404 2201 3564 2256 times
3598 2216 3741 2257 eam.
3774 2202 3885 2265 Qui

2295 2295 2603 2363 Euphraxia
2627 2294 2903 2363 respondit
2927 2310 2941 2349 :
2966 2293 3084 2347 Non
3107 2295 3292 2359 timeo,
3318 2295 3531 2350 domina
3555 2309 3697 2359 mea,
3725 2294 3901 2363 quid-

2297 2390 2425 2460 quid
2453 2391 2583 2444 mibi
2603 2389 2867 2459 praecipis.
2887 2388 3117 2444 Sumens
3138 2404 3268 2458 ergo
3289 2387 3597 2457 Euphraxia
3629 2389 3910 2452 quiddam

2299 2476 2595 2551 vasiculum,
2621 2481 2765 2537 misit
2811 2481 2865 2536 in
2898 2482 3027 2537 illud
3054 2484 3301 2551 legumen
3328 2491 3382 2537 et
3433 2482 3674 2553 fragmen
3704 2484 3891 2551 panis,

2298 2588 2354 2633 et
2393 2578 2586 2631 obtulit
2625 2575 2695 2631 ei.
2731 2576 2821 2631 Illa
2848 2590 2977 2630 vero
3005 2584 3226 2645 repente
3249 2575 3500 2630 dentibus
3536 2576 3793 2641 stridens,
3831 2584 3910 2629 et.

2296 2674 2452 2729 valde
2494 2674 2754 2739 fremens,
2777 2672 2904 2726 fecit
2950 2671 3208 2741 impetum
3252 2684 3415 2739 super
3432 2684 3552 2724 eam
3585 2678 3681 2726 :et
3700 2684 3909 2743 appm

2300 2766 2543 2823 bendens
2590 2763 2721 2818 illud
2764 2764 3041 2818 vasculum
3069 2806 3082 2829 ,
3115 2762 3331 2817 volebat
3372 2761 3736 2831 confringere.
3790 2761 3907 2815 En.

2298 2859 2522 2930 pbraxia
2553 2871 2683 2913 vero
2736 2856 3148 2927 apprehendens
3178 2870 3393 2909 manum
3416 2854 3552 2923 ejus,
3584 2854 3721 2907 dixit
3754 2871 3767 2906 :
3807 2854 3907 2907 Vi.

2298 2954 2376 3006 vit
2405 2951 2665 3006 Dominus
2688 2949 2849 3009 Deus.
2876 2949 2919 3003 si
2949 2958 3000 3013 te
3033 2962 3261 3017 posuero
3292 2948 3342 3000 in
3370 2955 3589 3011 terram,
3616 2946 3751 3000 tollo
3781 2946 3909 3009 virs,

2297 3060 2417 3113 gam
2449 3043 2686 3097 domina:
2735 3042 3044 3106 abbatissae,
3067 3049 3122 3095 et
3150 3041 3229 3094 sic
3254 3050 3304 3094 te
3334 3038 3637 3109 iiagellabo,
3673 3047 3730 3092 ut
3751 3053 3906 3103 nunq,

2303 3152 2467 3208 quam
2497 3150 2792 3207 praesumas
2833 3134 2934 3191 hoc
2955 3150 3134 3205 agere.
3165 3133 3366 3189 Videtis
3394 3143 3571 3187 autem
3600 3132 3729 3202 quia
3753 3147 3911 3201 pres

607 3221 877 3291 manibus,
903 3231 956 3277 et
1003 3237 1246 3289 Spumant
1293 3224 1508 3291 faciens,
1539 3234 1593 3279 ct
1640 3223 1889 3282 dentibus
1922 3230 2034 3283 suis
2061 3230 2192 3284 stri-
2224 3230 2275 3293 θ
2303 3230 2561 3286 valuisset
2589 3229 2830 3299 patienti,
2862 3228 3083 3295 quievit.
3115 3227 3405 3297 Postquam
3430 3236 3609 3281 autem
3634 3228 3911 3293 cessavit,

607 3313 761 3381 dens,
797 3316 1132 3386 multumque
1178 3316 1441 3384 clamans,
1475 3320 1544 3373 ita
1576 3327 1633 3374 ut
1674 3333 1863 3374 omnes
1911 3321 2201 3377 audientes

607 3424 749 3475 eam,
782 3413 973 3466 timore
1011 3412 1374 3468 conciderent.
1406 3414 1473 3467 Et
1517 3429 1638 3469 cum
1682 3414 1989 3483 frequenter
2033 3417 2199 3471 abba-

610 3502 738 3557 tissa
768 3518 887 3557 cum
918 3503 1217 3558 senioribus
1246 3506 1521 3559 sororibus
1556 3522 1651 3573 pro
1682 3507 1853 3561 salute
1888 3506 2054 3578 358
2077 3509 2199 3576 ejus

610 3602 842 3662 crasset,
877 3593 1011 3648 nihil
1058 3596 1394 3663 promeruit:
1426 3607 1752 3667 quapropter
1801 3613 1900 3652 nec
1947 3601 2199 3653 valebant

610 3700 669 3743 se
694 3686 760 3742 ad
806 3702 923 3742 eam
947 3689 1194 3759 jungere,
1226 3699 1283 3745 ut
1337 3692 1384 3745 ei
1414 3691 1495 3745 vel
1524 3692 1700 3746 cibum
1757 3692 2034 3748 olferrent.
2066 3692 2200 3749 Erat

608 3788 787 3834 autem
822 3780 1036 3850 ligatum
1092 3783 1360 3851 quoddam
1392 3785 1664 3840 vasculum
1714 3786 1766 3841 in
1792 3786 1936 3849 fune,
1972 3797 2027 3841 et
2078 3787 2198 3856 ipso

610 3873 828 3930 vascqu
860 3874 1126 3944 legumina
1166 3877 1246 3931 vel
1290 3892 1452 3946 panes
1506 3878 1808 3946 mittebant,
1839 3890 1892 3935 et
1918 3880 2197 3950 appende—

615 3963 771 4018 batur
802 3964 975 4034 ipsum
1008 3967 1305 4032 vast'ulum,
1339 3976 1393 4027 et
1416 3970 1496 4023 sic
1523 3969 1573 4025 ei
1598 3972 1666 4026 de
1695 3972 1851 4041 longe
1880 3974 2199 4041 porrigebaa

611 4064 719 4121 tur,
743 4065 800 4111 et
842 4059 910 4112 ita
943 4062 1273 4116 vescebatur.
1334 4062 1665 4133 Frequenter
1707 4074 1885 4121 autem
1939 4068 2200 4137 abjicieus

614 4148 786 4215 ipsum
841 4153 1133 4215 vasculum,
1164 4167 1286 4207 cum
1340 4156 1485 4226 virga
1527 4156 1863 4225 jaculabatur
1912 4159 1965 4213 in
2002 4159 2197 4217 faciem

608 4238 885 4296 olferentis
912 4241 1012 4296 sibi
1037 4243 1234 4300 cibum.

686 4335 814 4389 Car.
843 4333 1036 4391 XXVI.
1065 4367 1134 4377 —
1165 4334 1275 4392 Una
1298 4352 1424 4392 vero
1456 4336 1665 4393 dierum
1688 4337 1889 4394 factum
1918 4350 2004 4395 est
2030 4349 2088 4396 ut
2118 4342 2199 4395 in-

615 4437 784 4485 traret
816 4431 1055 4497 ostiaria,
1090 4443 1143 4487 et
1164 4433 1371 4487 diceret
1416 4433 1701 4488 abbatissa:
1732 4453 1744 4487 :
1779 4434 1999 4489 Domina
2054 4451 2195 4503 mea,

611 4525 803 4581 mulier
830 4527 1072 4597 quaedam
1100 4526 1413 4581 infantulum
1446 4528 1697 4593 adduxit,
1722 4536 1777 4582 et
1800 4510 1953 4582 etans
1976 4527 2106 4584 foris
2130 4528 2199 4583 ad

2301 3326 2465 3394 coepit
2510 3322 2810 3391 Euphraxia
2862 3319 3137 3385 blandiri,
3167 3329 3223 3375 et
3268 3320 3488 3375 dicere:
3519 3317 3681 3384 Sede,
3716 3333 3907 3383 soror,

2299 3418 2525 3474 comede
2553 3426 2608 3471 et
2632 3416 2776 3480 bibe,
2803 3422 2859 3469 et
2890 3413 2998 3467 noli
3023 3412 3251 3469 turbari.
3294 3412 3494 3481 Illaque
3518 3412 3693 3479 sedit,
3718 3426 3913 3467 come-

2300 3509 2403 3575 dit,
2435 3520 2489 3564 et
2511 3509 2664 3572 bibit,
2688 3515 2746 3563 et
2773 3506 3054 3575 requievit.
3086 3504 3165 3559 Ab
3211 3504 3301 3559 illa
3324 3504 3453 3558 hora
3492 3503 3603 3573 jam
3633 3504 3707 3557 ἰτΙί
3742 3504 3911 3557 cibus

2302 3619 2426 3659 cum
2452 3604 2595 3674 virga
2627 3601 2875 3655 dabatur.
2905 3601 3109 3654 Omnes
3153 3606 3334 3652 autem
3390 3611 3606 3652 sorores
3650 3595 3909 3651 videntes

2304 3696 2447 3766 quod
2472 3696 2676 3750 Iecerat
2699 3692 3024 3760 Euphraxia,
3046 3690 3269 3745 orabant
3288 3704 3387 3759 pro
3409 3703 3471 3743 ea
3490 3688 3557 3742 ad
3584 3688 3909 3743 Dominum.

2302 3789 2435 3843 Cum
2483 3802 2613 3842 vero
2669 3786 2925 3855 coepisset
2977 3783 3181 3838 moveri
3229 3792 3285 3837 et
3323 3782 3615 3853 indignari,
3640 3781 3909 3836 dicebant

2301 3879 2369 3936 ad
2400 3894 2516 3935 eam
2548 3892 2765 3934 sorores
2791 3894 2807 3931 :
2831 3877 3063 3944 Quiesce
3112 3889 3287 3937 soror,
3324 3881 3380 3928 et
3420 3874 3528 3927 noli
3560 3874 3853 3942 malignari
3887 3891 3900 3938 ;

2301 3990 2425 4029 nam
2456 3975 2500 4028 si
2530 3974 2739 4029 venerit
2783 3972 3000 4027 domina
3051 3968 3385 4039 Euphraxia,
3416 3966 3714 4036 ﬂagellabit
3736 3977 3824 4032 te;
3851 3978 3906 4023 et

2302 4077 2530 4136 repente
2549 4066 2884 4136 quiescebat.

2370 4159 2502 4229 Cap.
2536 4160 2775 4215 XXVIII.
2798 4189 2871 4200 —
2891 4158 3124 4214 Rursum
3174 4166 3354 4212 alitem
3396 4155 3664 4213 Germana
3695 4156 3903 4211 invidia

2300 4254 2677 4318 mordebatur,
2710 4264 2762 4308 et
2784 4267 2879 4308 cor
2902 4253 3021 4319 ejus
3046 4252 3321 4315 urebatur,
3348 4249 3668 4318 dicebatque
3696 4250 3905 4303 sorori.
4002 4248 4011 4253 '

2301 4348 2401 4405 bus
2435 4367 2451 4404 :
2488 4348 2603 4404 Nisi
2635 4348 2825 4403 luisset
2869 4347 3205 4417 Euphraxia,
3238 4359 3345 4399 non
3399 4344 3774 4399 inveniebatur
3795 4342 3905 4398 alia

2299 4456 2420 4512 qua:
2447 4441 2624 4496 cibum
2640 4440 2692 4495 ei
2722 4439 2979 4495 offerret?
3018 4438 3198 4493 tollant
3223 4438 3392 4505 cibos,
3418 4445 3476 4491 et
3500 4433 3902 4506 ego‘iministro.‘

2301 4532 2533 4587 Sumeus
2562 4546 2695 4601 ergo
2745 4531 2893 4587 cibos
2944 4530 3083 4601 ejus,
3114 4531 3346 4585 accessit
3374 4528 3441 4582 ad
3483 4528 3782 4597 patientem
3807 4568 3821 4591 ,
3849 4530 3904 4583 et

606 4614 850 4687 ianuam,
879 4619 1059 4673 deﬂet.
1095 4620 1187 4674 Est
1216 4628 1393 4674 autem
1419 4620 1715 4676 infantulus
1734 4624 1884 4689 quasi
1933 4637 2196 4679 annorum
2224 4617 2278 4679 Β
2307 4624 2441 4680 dicit
2466 4624 2517 4679 ei
2552 4643 2566 4678 :
2602 4624 2802 4693 Accipe
2844 4625 3016 4694 cibos,
3048 4639 3224 4687 soror,
3243 4633 3298 4678 et
3345 4624 3590 4677 comede.
3620 4620 3716 4675 Illa
3771 4630 3903 4675 vero

611 4707 826 4762 circiter
883 4721 1024 4776 octo,
1052 4712 1395 4781 paralyticus,
1426 4712 1621 4766 surdus
1676 4726 1731 4767 et
1760 4724 1960 4767 mutus.
1997 4711 2197 4768 Videtis

611 4809 794 4863 autem
816 4802 1105 4868 abbatissa,
1131 4804 1317 4873 spiritu
1340 4804 1440 4859 sibi
1470 4805 1769 4867 revelante,
1797 4807 1918 4876 quia
1968 4808 2194 4875 gratiam

616 4894 1007 4963 promeruisset
1032 4912 1059 4949 a
1092 4896 1321 4952 Domino
1348 4908 1536 4952 contra
1567 4898 1842 4955 daemones
1866 4897 2193 4967 Euphraxia,

610 4988 745 5045 dixit
788 4988 1023 5046 ostiaria:
1057 5008 1069 5043 :
1103 4991 1240 5045 Voca
1291 4992 1420 5049 mihi
1480 4993 1859 5062 Euphraxiam.
1892 4994 2022 5060 Quae
2065 5009 2193 5049 cum

613 5084 851 5139 venisset
902 5092 1027 5137 ante
1074 5084 1431 5149 abbatissam,
1462 5086 1596 5140 dixit
1643 5087 1691 5141 ei
1725 5103 1738 5138 :
1778 5084 1918 5140 Vade
1940 5124 1956 5150 ,
1985 5089 2199 5156 suscipe

606 5172 867 5233 infantem
886 5191 916 5230 a
936 5187 1105 5232 matre
1124 5192 1243 5244 sua,
1273 5187 1328 5233 et
1350 5179 1499 5234 defer
1525 5182 1647 5237 huc.
1674 5181 1765 5235 Illa
1795 5194 1925 5234 vero
1952 5195 2195 5252 egressa,

606 5276 662 5322 ct
712 5268 900 5324 videns
956 5268 1270 5324 infantulum
1351 5272 1699 5341 paralyticum
1745 5281 1799 5327 et
1853 5282 2196 5338 trementem,

610 5356 858 5413 miserata
891 5370 974 5416 est
994 5376 1155 5431 super
1183 5376 1303 5415 eum
1324 5376 1338 5425 ;
1362 5370 1417 5417 et
1443 5363 1799 5431 ingemiscens
1821 5362 2088 5429 dolenter,
2118 5365 2197 5417 sie

612 5450 794 5515 gnavit
848 5451 1128 5518 infantem,
1158 5464 1212 5508 et
1238 5454 1374 5509 dixit
1401 5453 1451 5510 ei
1485 5471 1498 5509 :
1534 5455 1630 5520 Qui
1659 5461 1711 5508 te
1738 5454 1935 5509 creavit
1954 5494 1968 5518 ,
1998 5455 2112 5522 ipse
2141 5462 2195 5510 te

610 5550 783 5607 sanet,
814 5542 907 5597 fili.
936 5542 999 5597 Et
1023 5559 1240 5601 sumens
1270 5561 1415 5612 eum,
1446 5546 1697 5616 pergebat
1748 5547 1813 5601 ad
1845 5547 2194 5604 abbatissam.

610 5630 788 5688 Infans
814 5648 945 5692 vero
992 5637 1118 5693 dum
1166 5649 1470 5707 portaretur
1493 5640 1563 5695 ab
1614 5638 1919 5709 Eupliraxia
1975 5648 2193 5695 sanatus

608 5735 709 5791 est,
734 5734 790 5783 et
807 5726 1061 5784 clamavit
1085 5732 1239 5785 matri
1261 5746 1394 5789 suae.
1430 5732 1625 5789 Videas
1654 5745 1832 5789 autem
1891 5733 2199 5802 Eupliraxia

607 5821 731 5893 quia
781 5821 1082 5887 infantulus
1132 5825 1388 5893 sapisset
1430 5826 1610 5895 loqui,
1636 5830 1921 5897 perterrita
1970 5828 2238 5898 projecit~

2302 4716 2560 4772 continuo
2608 4718 2865 4773 exsiliens
2905 4717 2958 4773 in
2990 4731 3134 4782 eam,
3166 4726 3342 4770 vestes
3368 4713 3489 4783 eius
3516 4713 3818 4776 conscidit;
3848 4721 3902 4767 et

2301 4818 2593 4867 conterens
2620 4824 2762 4876 eam,
2789 4808 3017 4878 proiecit
3038 4808 3093 4861 in
3119 4816 3345 4870 terram;
3378 4816 3438 4862 et
3486 4805 3702 4859 irruens
3734 4820 3902 4873 super

2301 4900 2651 4969 illam,ctepit
2678 4901 3003 4955 manducare
3031 4914 3224 4955 carnes
3251 4898 3390 4968 ejus.
3413 4896 3664 4953 Clamore
3711 4909 3900 4952 autem

2302 4990 2458 5056 facto,
2477 5001 2529 5047 et
2560 4992 2700 5046 nulla
2733 5003 3092 5062 praasutuentc
3111 4991 3161 5045 ei
3189 4992 3648 5061 appropinquare,
3663 5004 3902 5045 currens

2303 5082 2439 5141 Julia
2479 5083 2548 5138 ad
2593 5084 2913 5153 coquinam,
2942 5082 3078 5139 dixit
3132 5082 3453 5151 Euphraxia
3478 5098 3494 5136 :
3524 5079 3768 5148 Festina,
3799 5081 3904 5137 do:

2307 5174 2472 5239 mina,
2491 5175 2617 5243 quia
2640 5172 2902 5233 Germana
2926 5189 2954 5228 a
2980 5174 3213 5241 patiente
3229 5174 3516 5230 dilacecata
3539 5173 3901 5231 est.Currens

2305 5276 2482 5322 autem
2528 5267 2851 5336 Euphraxia,
2878 5277 3069 5323 tenens
3094 5283 3285 5331 manus
3327 5268 3581 5338 patientis
3607 5277 3668 5323 et
3686 5277 3901 5338 guttur,

2308 5360 2501 5428 eripuit
2530 5361 2596 5413 ab
2621 5374 2681 5415 ea
2718 5360 3040 5419 Germanatn
3074 5372 3408 5417 cruentatam
3436 5372 3490 5417 et
3513 5362 3895 5417 dilaceratam.

2302 5452 2400 5519 Cui
2437 5454 2571 5509 dixit
2623 5454 2929 5524 Euphraxia
2962 5473 2979 5515 ;
3010 5456 3155 5523 Bene
3206 5456 3402 5521 fecisti,
3427 5456 3549 5527 quia
3578 5458 3661 5511 sic
3685 5455 3897 5511 contri-

2304 5548 2424 5602 visti
2472 5548 2758 5609 sororem?
2804 5549 2891 5607 Illa
2914 5562 3044 5605 vero
3092 5550 3267 5611 stabat
3297 5564 3542 5617 spumam
3564 5550 3800 5611 iaciens,
3834 5556 3898 5609 es

2248 5699 2254 5703 _
2302 5640 2550 5697 dentibus
2575 5640 2828 5697 stridens.
2865 5641 3009 5717 Dixit
3031 5641 3082 5698 ei
3120 5642 3424 5710 Ettpbraxia
3451 5659 3468 5696 ι
3497 5644 3577 5698 Ab
3602 5643 3703 5697 hac
3756 5640 3899 5694 hora

2303 5739 2348 5799 si
2375 5738 2604 5807 maligna
2647 5738 2808 5794 fueris
2834 5753 2964 5808 erga
3003 5753 3240 5802 sorores,
3274 5754 3378 5793 non
3405 5738 3496 5792 tibi
3518 5736 3673 5804 cedo,
3700 5748 3887 5804 neque

2305 5830 2599 5897 misereor;
2621 5830 2715 5888 sed
2733 5830 2936 5901 virgam
2949 5830 3181 5887 domina
3194 5846 3332 5887 mea:
3357 5830 3646 5897 abbatissa
3673 5828 3890 5891 tollam.
