4162 6352
329 377 436 434 637

1313 379 1470 436 VITA
1511 382 1807 441 SANCTA'Z
1853 386 2273 445 EUPHRASIAE
2303 436 2316 451 .
2361 390 2677 452 VlRGl‘NlS.

3515 391 3620 458 53's

325 505 386 558 ot
429 509 554 551 cum
580 508 644 552 ea
694 503 746 550 te
773 492 891 551 sine
940 496 1307 552 misericordia
1341 495 1648 570 ﬁagellabo.
1678 503 1766 556 Illa
1798 519 1930 560 vero
1957 503 2006 563 Δ
2033 520 2134 559 nus
2161 507 2316 562 Jesus
2346 506 2608 564 Christus.
2641 511 2860 567 Daemon
2885 511 3018 565 dixit
3046 530 3057 564 :
3085 509 3198 566 Non
3234 503 3446 582 possum
3470 520 3620 575 exire

324 589 549 654 sedens,
583 598 806 658 repente
831 591 1085 644 cessavit.

399 704 530 756 Car.
556 699 753 755 XXIX.
783 699 1020 754 ——Mane
1068 712 1244 756 autem
1289 703 1442 769 facto,
1473 706 1740 775 completo
1770 722 1924 766 sacro

321 793 532 858 ofﬁcio,
556 803 607 846 et
634 792 1036 861 egredientibus
1062 795 1140 850 eis
1184 797 1252 851 ab
1269 799 1528 866 oratorio,
1552 801 1774 855 visitaus
1817 801 1924 857 Eu-

322 888 556 958 phraxia
611 889 923 958 patientem,
957 890 1163 945 invenit
1214 906 1336 946 eam
1397 894 1690 961 disruptam
1715 906 1918 952 vestem

324 1000 482 1039 suam
513 986 568 1038 in
598 992 794 1038 terram
842 984 1134 1053 proiecisse
1159 1031 1172 1053 ,
1199 994 1253 1040 et
1283 987 1556 1044 sedentem
1584 1006 1747 1058 super
1774 1009 1917 1058 eam,

323 1089 383 1134 et
411 1078 750 1148 cotligentem
776 1086 1004 1145 stercus,
1025 1090 1077 1136 et
1095 1081 1491 1137 comedentem.
1518 1085 1586 1139 At
1611 1085 1918 1156 Euphraxia

324 1183 387 1228 ut
415 1173 568 1239 vidit,
601 1173 767 1237 ﬂevit,
798 1182 854 1228 et
895 1189 1016 1244 quae
1053 1173 1188 1229 facta
1217 1177 1429 1232 fuerant
1479 1178 1761 1236 abbatissaa
1785 1199 1921 1237 nun-

324 1266 927 1322 tiavit.t}onvenientes
975 1281 1103 1322 vero
1151 1282 1397 1334 sorores,
1430 1270 1753 1327 invenerunt
1799 1289 1918 1330 eam

322 1361 548 1424 nudam,
581 1370 637 1416 et
691 1360 1030 1428 colligentem
1073 1363 1320 1433 phlegma
1351 1408 1366 1429 ,
1410 1377 1463 1420 et
1520 1369 1916 1427 comedentem.

327 1452 472 1507 Dixit
523 1461 702 1507 autem
756 1452 1025 1507 abbatissa
1073 1463 1132 1508 ut
1174 1455 1394 1510 daretur
1426 1457 1472 1511 ei
1505 1458 1606 1512 alia
1639 1461 1838 1528 tunica,
1863 1469 1922 1517 ut

321 1545 633 1600 vestiretur.
667 1544 899 1600 Sumens
957 1546 1136 1612 itaque
1187 1546 1499 1616 Enphraxia
1559 1549 1812 1620 tunicam,
1866 1562 1922 1610 et

322 1637 669 1707 parapsidem
693 1652 814 1692 cum
846 1639 1135 1708 legumine,
1168 1650 1220 1694 et
1262 1639 1500 1709 fragmen
1525 1644 1698 1712 panis,
1727 1645 1920 1701 obtulit

323 1729 401 1793 ei,
427 1737 481 1784 et
503 1728 639 1783 dixit
665 1745 678 1782 :
704 1729 926 1799 Accipe,
960 1745 1135 1796 soror,
1155 1743 1205 1784 et
1230 1734 1362 1787 vesti
1381 1733 1545 1806 359
1570 1745 1712 1799 te,et
1739 1748 1916 1809 gusta,

318 1834 490 1890 quare
510 1823 587 1875 sic
617 1831 670 1875 te
696 1821 985 1891 detnrpas?
1006 1823 1135 1890 Qua:
1166 1839 1408 1890 sumens,
1433 1828 1668 1882 comedit
1689 1839 1741 1884 et
1762 1831 1912 1886 bibit.

2029 599 2098 652 ab
2118 615 2211 665 ea,
2244 602 2368 670 quid
2401 618 2486 657 me
2541 606 2913 674 persequeris?
2942 606 3028 660 ubi
3080 606 3257 662 habeo
3317 612 3620 678 proﬁcisci?

2034 690 2343 759 Euphraxia
2375 694 2554 751 dixit:
2590 697 2644 750 In
2689 698 2939 753 tenebras
2994 701 3308 764 exteriores,
3338 704 3388 756 in
3442 706 3615 774 ignem

2028 792 2316 850 aeternum,
2352 787 2403 840 in
2466 789 2670 843 inﬁnita
2722 801 3006 857 tormenta,
3044 804 3223 863 parata
3273 795 3366 850 tibi
3401 807 3455 852 et
3483 801 3618 868 patri

2028 886 2120 931 tuo
2166 878 2399 944 Satanan
2433 891 2487 937 et
2521 883 2837 940 facientibus
2879 887 3211 942 voluntatem
3254 890 3390 958 ejus.
3418 893 3618 949 Omnes

2025 969 2211 1038 itaque
2261 988 2477 1030 sorores
2530 977 2744 1031 stabant
2789 979 3142 1048 respicientes
3167 983 3216 1035 in
3249 998 3392 1048 eam,
3422 996 3473 1040 et
3509 1002 3617 1042 non

2026 1068 2427 1136 praesumebant
2496 1065 2714 1140 propius
2786 1073 3240 1144 appropinquare.
3300 1077 3615 1147 Euphraxia

2026 1159 2306 1216 verodure
2332 1161 2576 1216 certabat
2601 1178 2722 1217 cum
2746 1164 2989 1219 darmone
3022 1171 3327 1224 resistente.
3357 1169 3425 1224 Et
3447 1171 3608 1240 respi-

2025 1253 2174 1308 ciens
2204 1254 2256 1306 in
2289 1254 2508 1322 coelum,
2534 1254 2667 1309 dixit
2694 1275 2704 1308 :
2742 1256 2965 1312 Domine
2987 1258 3113 1313 Jesu
3141 1260 3369 1326 Christe,
3406 1264 3512 1317 noli
3535 1281 3619 1320 me

2027 1346 2080 1400 in
2139 1346 2237 1400 hac
2269 1347 2396 1402 hora
2429 1348 2709 1417 confundi,
2737 1360 2922 1404 utnon
2956 1353 3135 1406 vincat
3172 1371 3258 1409 me
3289 1356 3373 1410 hic
3404 1357 3616 1412 daemon

2024 1436 2354 1495 immundus.
2385 1439 2446 1493 Et
2471 1443 2726 1495 continuo
2753 1442 2962 1498 daemon
3007 1457 3354 1514 spumans,et
3384 1450 3618 1505 stridore

2025 1532 2190 1600 facto,
2218 1536 2457 1591 clamans
2482 1551 2612 1591 vore
2655 1552 2868 1609 magna,
2896 1553 3144 1606 egressus
3176 1551 3256 1595 est
3307 1557 3335 1594 a
3369 1542 3612 1607 muliere,

2023 1635 2078 1681 et
2106 1627 2173 1680 ab
2197 1643 2256 1680 ea
2285 1629 2418 1684 hora
2438 1640 2624 1684 sanata
2643 1640 2745 1685 est.
2768 1631 3135 1687 Cucurrcrunt
3163 1644 3341 1689 autem
3370 1652 3607 1704 sorores,

2023 1721 2386 1790 gloriﬁcantes
2415 1725 2466 1778 in
2499 1727 2598 1780 hoc
2631 1728 2824 1791 Deum,
2856 1744 3080 1799 magnus
3108 1731 3249 1784 enim
3283 1733 3440 1785 timor
3471 1732 3612 1788 obti-

2025 1824 2212 1868 nuerat
2260 1831 2468 1870 omnes.
2503 1817 2807 1886 Euphraxia
2849 1837 2978 1875 vero
3024 1823 3150 1876 tulit
3204 1825 3505 1893 mulierem,
3559 1835 3616 1882 et

319 1913 390 1967 Ει
421 1911 646 1967 indue",
693 1928 834 1979 eam,
866 1915 1186 1970 ,ηεηίειηνίι
1235 1917 1306 1972 εί,
1360 1919 1662 1987 [ςυρψ-Μία
1716 1938 1845 1978 vero
1886 1939 1914 1978 a
1951 1903 1998 1962 Β
2025 1905 2190 1958 abluit
2235 1920 2351 1960 eam
2381 1921 2538 1977 aqua,
2572 1920 2624 1964 et
2653 1911 2822 1964 induit
2857 1927 2974 1966 eam
3001 1913 3345 1980 vestimento,
3380 1923 3434 1968 ct
3461 1916 3615 1972 duxit

321 2005 584 2074 iacrymis
635 2020 740 2060 non
793 2011 1062 2075 cessavit,
1094 2025 1261 2079 usque
1308 2011 1375 2066 ad
1419 2028 1696 2083 vesperam
1731 2034 1826 2084 pro
1856 2035 1916 2073 ea

319 2112 562 2169 gemens.
596 2099 714 2166 Quo
734 2113 854 2154 cum
886 2103 1240 2169 pervenisset,
1271 2120 1394 2160 mox
1452 2109 1792 2182 supplicabat
1817 2113 1915 2169 Do-

316 2191 470 2245 mino
497 2207 615 2246 cum
642 2191 988 2263 lacrymis,ut
1011 2195 1095 2250 illa
1126 2199 1334 2264 patiens
1352 2214 1651 2256 sanaretnr.
1673 2205 1917 2262 Diluculo

316 2296 454 2338 vero
506 2283 774 2339 abbatissa
828 2301 1023 2342 voeans
1069 2289 1452 2357 Eupltraxiam,
1487 2294 1621 2348 dixit
1675 2297 1722 2349 ei
1759 2315 1772 2351 :
1808 2298 1917 2353 Cur

317 2392 411 2432 me
439 2377 647 2443 celasti,
679 2394 866 2448 preces
893 2381 1126 2437 otl‘erens
1163 2383 1274 2440 Deo
1315 2401 1411 2455 pro
1441 2387 1540 2456 hac
1567 2391 1832 2458 patiente?
1860 2396 1915 2450 Si

319 2469 724 2527 manifestasses
763 2472 916 2538 mihi,
949 2484 1003 2530 et
1030 2490 1129 2547 ego
1171 2477 1286 2530 sine
1340 2478 1501 2533 dnhio
1540 2485 1792 2538 venirem.
1821 2486 1914 2541 Ctti

319 2561 629 2631 Euphraxia
654 2564 789 2618 dixit
815 2583 828 2618 :
860 2566 1077 2637 Ignosce
1104 2570 1257 2636 mihi,
1276 2571 1632 2640 domina,vidi
1665 2591 1779 2632 eam
1807 2588 1916 2633 tur-

318 2656 462 2726 piter
491 2659 716 2726 positam
750 2669 804 2714 et
836 2662 1120 2726 inﬁrmam,
1149 2674 1200 2718 et
1220 2664 1362 2720 dolui
1390 2681 1552 2736 super
1572 2684 1712 2723 cam.
1738 2671 1915 2724 Abba-

317 2751 449 2806 tissa
481 2765 611 2807 vero
636 2751 770 2808 dixit
799 2772 811 2806 :
854 2754 1034 2811 llabeo
1058 2756 1148 2811 tibi
1181 2757 1383 2828 aliquid
1415 2761 1696 2829 conﬁteri,
1721 2772 1774 2817 et
1795 2763 1914 2818 vide

319 2859 393 2900 ne
429 2845 656 2899 Satanas
710 2855 878 2901 tentet
908 2855 982 2911 te,
1016 2858 1066 2901 et
1097 2847 1259 2903 elatio
1289 2850 1381 2905 tibi
1428 2865 1737 2922 generetur.
1773 2855 1912 2910 Ecce

315 2935 419 2992 tibi
469 2936 714 2991 Christus
766 2948 1084 3006 potestatem
1137 2941 1278 2996 circa
1312 2957 1406 2998 eos
1447 2945 1612 3010 dedit,
1645 2956 1702 3000 ut
1732 2946 1913 3016 ejicias

315 3041 436 3083 eos.
472 3029 712 3082 Audiens
763 3029 875 3083 hch
926 3031 1250 3099 Euphraxia,
1284 3035 1426 3089 misit
1456 3037 1696 3092 cinerem
1753 3054 1914 3109 super

321 3126 488 3188 caput
532 3135 722 3186 suum;
751 3131 804 3175 et
835 3133 1183 3190 prosternens
1225 3129 1569 3196 semctipsam
1601 3131 1651 3183 in
1687 3139 1909 3197 terram,

315 3215 574 3269 clamavit
599 3215 786 3271 dicens
817 3236 827 3269 :
859 3217 992 3284 Qua:
1022 3234 1139 3273 sum
1173 3235 1271 3289 ego
1304 3220 1489 3277 infelix
1519 3233 1572 3278 et
1615 3225 1907 3293 immunda,

2022 1998 2090 2052 ad
2122 1999 2445 2053 abbatissam
2465 2017 2610 2070 :qute
2637 2018 2738 2056 una
2762 2019 2881 2057 cum
2905 2005 3182 2060 sororibus
3205 2008 3616 2084 introduxerunt

2023 2105 2140 2143 eam
2188 2091 2239 2144 in
2277 2093 2684 2159 monasterium,
2721 2104 2774 2149 et
2802 2095 3027 2164 gloriam
3060 2097 3324 2153 dederunt
3359 2099 3465 2156 Deo
3520 2117 3617 2171 pro

2022 2181 2162 2236 facto
2192 2183 2468 2238 miraculo.

2091 2277 2222 2331 CAP.
2248 2277 2414 2331 XXX.
2442 2308 2510 2317 —
2539 2278 2621 2332 Ab
2649 2279 2735 2332 illa
2765 2295 2894 2334 vero
2926 2279 3054 2334 hora
3087 2281 3385 2336 humiliavn
3417 2298 3476 2338 se
3500 2299 3615 2337 am-

2023 2367 2160 2434 plius
2193 2367 2516 2436 Euphraxia,
2546 2379 2598 2422 et
2626 2371 2740 2423 sine
2771 2384 2964 2425 somno
2994 2379 3104 2427 tota
3157 2385 3314 2428 nocte
3356 2376 3616 2444 persiste-

2019 2459 2110 2514 bat
2141 2476 2154 2512 :
2185 2477 2397 2514 omnem
2428 2476 2562 2515 vero
2615 2461 3005 2517 hebdomadam
3051 2464 3349 2535 jejunabat,
3385 2477 3440 2522 ut
3486 2483 3618 2522 con-

2019 2562 2311 2619 sueverat,
2369 2555 2484 2608 sine
2542 2553 2754 2610 defectu
2818 2557 3019 2612 faciens
3073 2560 3281 2613 cunctis
3343 2561 3616 2616 sororibus

2019 2648 2401 2715 miuiSterium,
2434 2659 2487 2704 et
2533 2665 2654 2705 cum
2708 2653 2852 2705 omni
2901 2651 3081 2706 studio
3127 2663 3288 2723 atque
3335 2654 3515 2709 laetitia
3561 2655 3615 2712 in

2019 2743 2427 2797 mansuetudine
2473 2752 2633 2814 atque
2682 2743 2983 2799 humilitate
3031 2745 3273 2816 degebat.
3326 2745 3439 2802 Una
3487 2762 3614 2803 vero

2018 2835 2225 2890 dierum
2257 2837 2528 2892 abbatissa
2579 2836 2706 2892 vidit
2757 2837 3044 2904 visionem,
3076 2849 3129 2894 et
3176 2840 3488 2896 conturbata
3535 2851 3614 2900 est

2016 2930 2386 2987 vehementer.
2442 2932 2650 3000 Rogare
2702 2942 2880 2988 autem
2926 2943 3207 3003 coeperunt
3263 2949 3381 2989 eam
3429 2949 3615 2990 omnes

2018 3041 2253 3092 sorores,
2285 3029 2646 3098 supplicantes
2693 3038 2748 3083 et
2799 3011 3037 3084 dicentes
3071 3046 3086 3086 :
3136 3031 3407 3088 Conﬁtere
3438 3033 3612 3108 nobis,

2018 3119 2238 3174 domina
2269 3121 2563 3186 abbatissa,
2593 3138 2690 3178 cur
2720 3123 2794 3177 sic
2827 3122 3155 3194 ingemiscis,
3182 3133 3235 3180 et
3262 3135 3473 3180 nostras
3493 3127 3613 3181 ani-

2019 3229 2134 3267 mas
2160 3213 2318 3268 simul
2348 3216 2564 3284 afﬁigis.
2597 3217 2660 3270 Et
2706 3215 2839 3271 dixit
2869 3231 2884 3268 :
2917 3217 3031 3271 Non
3081 3232 3165 3271 me
3213 3218 3417 3288 cogatis
3443 3234 3611 3289 usque

313 3317 378 3362 ut
429 3309 726 3364 dzemonem
782 3321 984 3366 tantum
1039 3314 1303 3379 expellam
1331 3356 1345 3380 ,
1371 3331 1530 3388 quem
1564 3329 1777 3373 orantes
1815 3336 1906 3389 per

2017 3305 2067 3359 in
2099 3307 2410 3362 craStinum.
2450 3308 2707 3361 Dixerunt
2733 3308 2782 3362 ei
2814 3307 3053 3362 seniores
3103 3323 3318 3363 sorores
3352 3325 3366 3362 :
3416 3307 3608 3378 Crede“,

314 3408 524 3455 tantum
577 3414 786 3473 tempus
841 3419 944 3459 non
1003 3407 1246 3472 potuistis
1301 3408 1611 3476 expellere?
1666 3411 1803 3466 Dicit
1859 3413 1906 3467 ci

313 3494 587 3550 abbatissa
620 3495 790 3552 :Filia
835 3513 985 3562 mea,
1017 3508 1069 3554 te
1092 3500 1391 3555 sustinebat
1419 3503 1520 3557 hoc
1550 3512 1784 3576 tempus,
1817 3521 1908 3562 co-

311 3588 466 3658 piosa
515 3599 598 3644 est
649 3597 734 3643 tua
767 3606 978 3645 merces
1033 3591 1082 3646 in
1110 3593 1266 3650 cmlo.
1299 3593 1542 3664 lngressa
1594 3609 1772 3652 autem
1801 3597 1906 3653 Eu-

310 3679 538 3751 pbraxia
555 3684 959 3748 monasterium,
978 3684 1556 3754 projecitsemetipsam
1576 3691 1903 3758 antealtare,

314 3775 626 3843 supplicans
675 3776 806 3842 Deo,
842 3786 900 3832 ut
951 3778 1197 3846 precibus
1246 3779 1366 3850 ejus
1416 3793 1722 3847 sanaretur,
1753 3793 1807 3838 et
1836 3784 1904 3839 de

311 3868 530 3922 excelso
577 3869 795 3924 daretur
851 3872 1125 3925 auxilium.
1167 3872 1236 3926 Et
1262 3888 1488 3942 surgens
1541 3892 1567 3928 a
1602 3877 1905 3944 pavimento

309 3974 498 4025 orans,
528 3975 737 4015 rursum
765 3962 875 4016 ibat
903 3963 967 4016 ad
994 3963 1308 4034 patientem,
1329 3963 1571 4034 jussione
1594 3967 1902 4034 abbatissm,

307 4061 368 4108 et
397 4067 586 4107 omnes
633 4069 849 4109 sorores
897 4058 1257 4125 sequebantur
1290 4075 1440 4126 eam,
1468 4068 1525 4113 ut
1579 4061 1905 4115 mirarentur

308 4161 432 4214 qua:
484 4145 721 4200 facienda
748 4157 922 4202 erant.
969 4149 1035 4203 At
1075 4167 1232 4218 quam
1260 4151 1551 4218 accedens,
1585 4153 1658 4207 ait
1693 4172 1704 4206 :
1734 4154 1899 4209 Sanet

308 4245 364 4290 te
400 4237 654 4290 Dominus
697 4254 848 4294 meus
898 4238 1055 4294 Jesus
1083 4242 1351 4310 Christus,
1387 4243 1553 4314 quite
1577 4247 1799 4301 creavit.
1834 4247 1903 4316 Et

303 4343 436 4384 mox
472 4328 684 4400 signum
712 4331 885 4385 crucis
921 4332 1046 4387 fecit
1072 4335 1123 4388 in
1177 4333 1356 4390 fronte
1386 4335 1524 4406 ejus.
1553 4337 1671 4392 Mox
1717 4348 1898 4393 autem

303 4421 564 4476 clamavit
591 4438 771 4478 coram
805 4426 1056 4480 omnibus
1083 4443 1094 4479 :
1125 4427 1234 4480 0b!
1265 4430 1534 4496 quomodo
1562 4430 1629 4486 ab
1663 4432 1761 4486 ista
1802 4434 1899 4485 im-

305 4517 546 4586 postrice
601 4527 655 4572 et
683 4518 872 4574 fallace
913 4534 1076 4583 exeo,
1113 4521 1362 4577 habitans
1421 4524 1471 4577 in
1525 4539 1585 4578 ea
1644 4524 1899 4593 plurimos

304 4624 498 4677 annos,
532 4619 585 4664 et
615 4613 792 4668 nullus
813 4627 898 4667 me
928 4613 1204 4681 expellere
1235 4617 1420 4685 potuit,
1447 4625 1500 4669 et
1523 4615 1638 4671 haec
1667 4619 1898 4672 immun-

2014 3399 2252 3463 domina,
2287 3400 2424 3467 quod
2458 3399 2500 3454 si
2528 3416 2632 3452 non
2665 3397 3071 3452 aununtiaveris
3101 3399 3274 3462 nobis,
3309 3398 3609 3472 tribulatio-

2013 3506 2135 3545 nem
2170 3506 2416 3561 magnam
2467 3491 2748 3546 animabus
2798 3493 2994 3547 nostris
3048 3493 3266 3564 ingeris.
3322 3492 3606 3548 Ahbatissa

2013 3586 2144 3640 dixit
2171 3603 2184 3639 :
2217 3586 2328 3657 Ego
2354 3587 2569 3656 quidem
2595 3588 2737 3657 quod
2770 3586 3008 3643 futurum
3035 3599 3139 3656 est,
3179 3605 3348 3659 usque
3377 3590 3427 3643 in
3460 3589 3602 3643 diem

2018 3679 2310 3731 crastinum
2340 3680 2518 3734 dicere
2551 3695 2654 3734 non
2686 3680 2932 3735 volebam
2962 3697 2976 3746 ;
3006 3679 3099 3736 sed
3131 3685 3251 3752 quia
3280 3681 3469 3748 cogitis
3496 3695 3606 3748 me,

2011 3785 2153 3827 nunc
2176 3771 2353 3825 audite
2387 3789 2399 3826 :
2435 3772 2741 3841 Euphraxia
2771 3788 2866 3826 nos
2899 3773 3102 3827 deserit
3129 3814 3143 3836 ,
3171 3787 3292 3827 eras
3333 3774 3474 3844 enim
3507 3773 3606 3828 hac

2010 3865 2114 3919 vita
2181 3863 2512 3934 privahitur;
2583 3866 2724 3920 nulla
2785 3880 2912 3920 vero
2961 3866 3162 3919 iudiret
3213 3867 3260 3918 ei
3306 3880 3371 3919 ne
3414 3864 3587 3920 contri

2009 3967 2195 4013 stetur.
2231 3958 2322 4013 llis
2355 3959 2529 4029 itaque
2558 3959 2746 4023 dictis,
2802 3973 3024 4026 magnus
3050 3958 3280 4029 ejulatus
3322 3973 3416 4029 per
3461 3958 3602 4012 mul-

2011 4059 2090 4104 tas
2136 4051 2292 4106 boras
2336 4053 2502 4106 factus
2533 4061 2632 4107 est.
2673 4052 2785 4107 Una
2823 4062 3004 4107 autem
3049 4066 3295 4107 sororum
3343 4067 3465 4106 cum
3515 4067 3606 4105 co-

2008 4143 2302 4213 gnovisset,
2346 4160 2567 4198 currens
2611 4143 2676 4199 ad
2722 4144 2956 4211 furnmn,
3005 4144 3207 4200 invenit
3239 4144 3599 4212 Euphraxiam

2008 4252 2175 4306 panes
2214 4238 2666 4309 coquentem,cui
2715 4239 2850 4295 Julia
2900 4239 3088 4295 aderat
3137 4238 3426 4295 secundum
3472 4255 3605 4294 con-

2007 4332 2368 4388 suetudinem.
2423 4332 2563 4387 Dixit
2606 4349 2734 4402 ergo
2785 4333 2872 4387 illa
2939 4349 3094 4389 soror
3151 4350 3268 4402 qure
3319 4341 3540 4388 venerat
3591 4349 3603 4384 :

2003 4424 2318 4495 Cognosce,
2363 4425 2577 4480 domina
2631 4427 2970 4495 Euphraxia,
3025 4427 3328 4496 quia'intus
3381 4441 3604 4495 magnus

2006 4517 2178 4570 luctus
2202 4527 2287 4571 est
2316 4518 2452 4586 apud
2488 4518 2813 4572 abbatissam
2848 4528 3066 4586 propter
3095 4527 3166 4580 te,
3199 4526 3252 4569 et
3281 4519 3417 4586 apud
3451 4531 3603 4570 soro-

2003 4625 2113 4664 res.
2145 4611 2434 4664 Audientes
2457 4619 2631 4664 autem
2665 4611 2779 4665 btec
2805 4609 2942 4664 Julia
2970 4620 3024 4666 et
3063 4608 3389 4678 Euphraxia,
3415 4620 3599 4686 stupe-

303 4703 376 4760 da
423 4715 582 4776 atque
629 4707 896 4762 ιυχυι-ξοεει
947 4717 1173 4763 conatur
1229 4709 1472 4778 persequi
1505 4712 1622 4765 me?
1653 4710 1752 4764 cui
1789 4713 1896 4766 Eu-
1927 4695 1983 4757 Ι)
2008 4704 2158 4758 factte
2189 4714 2334 4768 sunt,
2367 4713 2421 4758 et
2450 4704 2649 4758 diutius
2677 4713 2965 4759 steterunt.
2997 4705 3121 4758 Post
3152 4703 3268 4758 hzec
3297 4711 3478 4759 autem
3507 4703 3600 4758 Ju-

303 4798 528 4869 phraxia
562 4800 728 4855 dixit:
759 4801 872 4856 Non
897 4817 995 4872 ego
1051 4811 1101 4857 te
1161 4817 1471 4874 persequor,
1504 4804 1598 4858 sed
1646 4801 1895 4859 Christus

303 4894 545 4948 omnium
571 4893 733 4948 Deus.
759 4895 901 4949 Dixit
931 4897 980 4950 ei
1006 4896 1215 4952 dzemon
1235 4914 1246 4947 :
1268 4895 1381 4950 Non
1414 4910 1568 4963 exeo,
1595 4897 1888 4963 immunda,

297 4997 414 5039 non
461 4987 601 5040 enim
663 4987 916 5057 accepisti
963 4996 1282 5054 potestatem
1334 4988 1580 5058 ejiciendi
1633 5003 1738 5044 me.
1789 4991 1894 5045 Eu-

303 5077 536 5149 pltraxia
588 5079 719 5132 dixit
752 5098 762 5133 :
802 5078 912 5148 Ego
933 5080 1204 5138 immunda
1227 5097 1369 5149 sum,
1394 5091 1448 5136 et
1469 5083 1614 5137 omni
1645 5083 1889 5154 maligni-

303 5179 418 5225 tate
477 5172 628 5239 plena
659 5213 674 5236 ,
719 5183 772 5226 ut
828 5181 880 5227 tu
925 5189 1138 5245 quoque
1192 5175 1438 5239 testaris;
1494 5185 1889 5246 verumtamen,

300 5257 525 5329 jubente
559 5259 804 5324 Domino,
833 5262 1090 5329 egredere
1117 5264 1184 5317 ab
1206 5279 1288 5318 ea.
1317 5263 1446 5317 Nam
1469 5263 1514 5318 si
1539 5280 1692 5319 sumo
1721 5264 1889 5320 bacu-

304 5351 416 5406 lum
467 5354 769 5408 abbatissas.
815 5355 1091 5425 ﬂagellabo
1151 5365 1224 5412 te.
1272 5357 1541 5412 Caeterum
1599 5359 1892 5414 resistente

303 5444 572 5511 daimone,
596 5454 650 5500 et
689 5447 840 5502 exire
871 5447 1106 5510 nolente,
1129 5464 1344 5504 sumens
1375 5449 1676 5519 Eupltraxia
1730 5449 1893 5506 abba-

294 5539 454 5593 tisstc
515 5540 786 5604 baculum,
809 5539 943 5594 dixit
977 5541 1024 5594 ei
1059 5559 1071 5595 :
1106 5542 1222 5604 Exi,
1253 5551 1344 5595 aut
1374 5553 1518 5597 certe
1544 5552 1768 5614 torqueo
1817 5555 1886 5598 te.

304 5631 606 5702 Respondit
636 5634 681 5687 ei
708 5652 721 5686 :
752 5633 1031 5700 Quomodo
1061 5633 1128 5688 ab
1155 5649 1216 5688 ea
1248 5634 1428 5703 egredi
1461 5643 1666 5704 potero,
1686 5651 1805 5690 cum
1831 5637 1897 5689 ab

303 5742 369 5782 ea
385 5726 644 5781 recedere
671 5742 775 5781 non
803 5726 1039 5794 possim?
1071 5727 1189 5782 Mox
1219 5727 1382 5799 igitur
1410 5727 1710 5796 Euphraxia
1733 5729 1895 5797 cmpit

295 5818 536 5875 ctedere.
566 5819 631 5874 Et
659 5833 779 5874 cum
810 5819 970 5873 tertio
1011 5818 1384 5886 percussisset,
1409 5819 1546 5873 dixit
1580 5838 1590 5871 :
1622 5817 1893 5890 Egredere

294 5922 333 5968 ι
363 5912 619 5980 ﬁgmento
648 5911 768 5979 Dei,
802 5912 1026 5980 spiritus
1046 5911 1343 5968 immundo.
1368 5911 1611 5983 lncrepet
1635 5921 1685 5968 te
1709 5913 1893 5968 Domi-

2007 4798 2074 4850 lia
2107 4797 2238 4851 dixit
2265 4815 2276 4851 :
2309 4797 2540 4852 Putasne
2568 4797 2748 4852 auditu
2779 4799 2979 4852 audivit
3021 4797 3311 4865 abbatissa,
3360 4799 3480 4869 quia
3529 4813 3594 4852 ex

2006 4889 2262 4944 tnissione
2295 4890 2436 4945 illius
2484 4892 2572 4960 qui
2624 4892 2912 4962 aliquando
2959 4908 3186 4964 sponsus
3230 4893 3404 4947 fuerat
3455 4902 3596 4956 tunc,

1999 4977 2159 5048 jussit
2190 4987 2478 5053 imperator
2501 4993 2552 5040 te
2581 4986 2772 5041 adduci
2799 5001 2863 5041 ex
2900 4988 3248 5049 monasterio,
3272 4995 3321 5039 et
3354 4992 3596 5054 propter-

2003 5090 2066 5129 ea
2115 5075 2513 5130 lamentantur?
2558 5078 2653 5131 Cui
2709 5079 3015 5152 Euphraxia
3064 5077 3336 5146 respondit
3387 5091 3400 5126 :
3455 5075 3597 5132 Vivit

2005 5169 2260 5223 Dominus
2289 5184 2440 5224 meus
2468 5169 2813 5242 3601esus
2841 5169 3110 5237 Christus,
3142 5168 3264 5237 quia
3318 5167 3363 5221 si
3409 5168 3590 5221 omnia

2001 5260 2347 5316 fundamenta
2381 5271 2537 5317 terra:
2570 5273 2905 5328 moveantur,
2938 5278 3041 5316 non
3093 5261 3223 5315 milii
3267 5261 3592 5330 persuadere

2005 5358 2394 5428 praevalebunt,
2428 5367 2482 5412 ut
2511 5358 2782 5414 Christum
2815 5357 3098 5429 Dominum
3131 5373 3307 5412 meum
3352 5359 3587 5426 derelin-

1998 5465 2177 5518 quam.
2211 5450 2590 5506 Verumtamen
2618 5450 2830 5504 domina
2865 5463 2982 5503 mea
3013 5448 3172 5512 Julia,
3198 5449 3322 5504 dum
3350 5464 3591 5522 coquun-

2003 5553 2089 5598 tur
2123 5559 2303 5615 panes,
2339 5546 2492 5607 vade,
2527 5545 2648 5598 vide
2697 5543 2851 5596 ﬁctus
2883 5543 3036 5608 istos,
3070 5543 3190 5596 vide
3242 5545 3366 5612 quid
3421 5545 3589 5600 conti—

2001 5637 2156 5706 gerit,
2191 5652 2256 5690 ne
2286 5637 2460 5689 anima
2491 5650 2607 5689 mea
2640 5627 2997 5703 perturbetur.
3032 5634 3122 5688 Illa
3173 5650 3300 5688 vero
3333 5650 3583 5710 pergens,

2000 5737 2054 5782 et
2075 5737 2218 5781 stans
2250 5727 2380 5780 foris
2409 5737 2536 5781 ante
2558 5726 2770 5794 jamtas,
2805 5726 3006 5781 audivit
3051 5728 3317 5782 somnium
3348 5727 3584 5794 abbatis;

1999 5835 2112 5875 sam
2147 5820 2246 5874 hoc
2276 5818 2436 5873 modo
2464 5818 2787 5874 referentem
2824 5837 2838 5874 :
2869 5819 3008 5887 Vidi,
3045 5820 3245 5891 inquit,
3276 5822 3421 5888 quasi
3453 5821 3587 5876 duos

1997 5913 2272 5984 cujusdam
2299 5913 2591 5971 schematis
2621 5916 2766 5971 viros
2799 5914 2902 5971 huc
2930 5905 3300 5982 advenientes,
3327 5915 3416 5983 qui
3440 5929 3586 5984 qua:-
