4162 6352
558 340 667 398 659

1598 326 1687 383 DE
1724 324 1903 382 VITIS
1942 319 2229 379 PATRUM
2270 321 2477 379 LIBER
2516 322 2792 383 PRIMUS.

3725 332 3853 395 ’610

560 462 751 519 rebant
776 456 1135 530 Euphraxiam
1162 452 1373 517 tollere,
1401 447 1773 517 dixeruntque
1806 444 1933 499 mihi
1970 461 1983 497 :
2018 442 2155 497 Diri-
2184 440 2243 503 Δ
2264 449 2348 497 cat
2383 449 2433 497 te
2458 443 2753 501 abbatissa.
2783 444 2876 501 Illa
2908 458 3035 501 vero
3064 463 3280 519 egressa
3310 462 3411 517 est,
3446 452 3664 522 plorans
3694 465 3855 527 atque

542 572 629 630 ge
659 570 799 621 eam,
830 566 963 622 epus
990 550 1169 607 habet.
1205 547 1433 602 Rursum
1463 558 1591 615 ergo
1616 552 1669 596 et
1712 539 1800 596 alii
1848 541 2149 603 venientes,

528 682 531 683 ν
565 651 817 707 dixerunt
840 645 968 701 mihi
1000 662 1013 699 :
1046 643 1339 697 Assumens
1371 647 1545 695 tecum
1571 633 1955 705 Euphraxiam,
1978 631 2153 687 deduc

563 758 683 801 eam
711 748 835 796 ante
858 737 1164 794 Dominum.
1192 734 1361 801 Quam
1392 746 1516 785 mox
1541 743 1843 793 assumens,
1868 724 2153 796 properavi

562 847 685 890 cum
711 831 811 887 eis.
841 830 905 884 Et
935 843 1055 881 cum
1090 826 1423 880 venissemus
1468 820 1534 875 ad
1580 819 1864 890 quamdam
1918 826 2151 886 portam,

563 926 719 994 cuius
748 924 970 994 gleriam
995 933 1248 975 enarrare
1272 932 1375 972 non
1401 915 1576 980 valeo,
1604 920 1792 982 Sponte
1815 910 1968 966 nobis
1997 925 2155 979 aper-

564 1028 618 1075 ta
647 1030 748 1074 e5t.
779 1018 843 1071 Et
872 1018 1123 1085 ingressa:
1147 1026 1354 1079 sumus,
1382 1018 1435 1065 et
1454 1009 1682 1063 vidimus
1701 1006 1771 1061 ibi
1797 1001 2154 1060 inenarrabile

566 1111 818 1182 palatium
848 1110 1089 1171 cmleste,
1125 1106 1177 1160 in
1210 1119 1315 1174 quo
1344 1112 1397 1158 et
1422 1101 1615 1156 solium
1642 1098 1877 1168 nuptiale
1907 1111 2010 1150 non
2043 1109 2156 1149 man

564 1218 637 1259 nu
668 1202 887 1256 factum.
917 1200 1026 1269 Ego
1054 1197 1268 1268 quidem
1302 1195 1524 1250 interius
1573 1191 2004 1262 appmpinqnare
2049 1202 2156 1241 non

569 1296 738 1367 potui.
769 1293 1127 1365 Euphraxiam
1159 1305 1289 1345 vero
1320 1296 1679 1353 assumentes,
1705 1285 2017 1342 obtulerunt
2049 1282 2156 1337 Do-

544 1406 715 1448 .mmo
746 1408 758 1444 :
794 1400 851 1445 et
878 1388 1185 1459 procidens,
1218 1389 1454 1441 osculata
1487 1395 1567 1439 est
1600 1384 1764 1453 pedes
1794 1382 1909 1451 ejus
1961 1381 2155 1434 imma-

564 1485 790 1541 culatos.
818 1482 938 1538 Vidi
971 1482 1040 1536 ibi
1068 1482 1204 1536 dena
1230 1479 1394 1534 millia
1426 1479 1759 1545 angelorum,
1808 1490 1871 1529 ac
1916 1471 2158 1529 multitu-

565 1578 747 1633 dinem
773 1583 1081 1631 sanctorum
1128 1572 1568 1627 innumerabilem
1598 1589 1611 1635 ;
1643 1582 1695 1625 et
1726 1583 1914 1624 omnes
1943 1566 2158 1622 stabant

564 1670 916 1739 respicientes
943 1685 957 1734 ;
988 1677 1041 1721 et
1062 1665 1188 1730 vidi,
1215 1676 1268 1721 et
1293 1680 1419 1721 ecce
1443 1673 1614 1719 mater
1642 1662 1849 1718 Domini
1874 1673 2157 1716 assumens

568 1761 951 1833 Euphraxiam,
982 1760 1204 1815 adduxit
1235 1774 1353 1814 eam
1382 1760 1448 1813 ad
1496 1759 1787 1813 thalamum
1840 1755 2153 1825 nuptialem,

569 1853 621 1907 in
654 1868 756 1923 quo
788 1852 994 1906 decoris
1023 1865 1277 1906 coronam
1307 1850 1563 1920 parabat.
1589 1857 1643 1904 et
1672 1848 1845 1904 audivi
1875 1862 2057 1902 vocem
2089 1845 2156 1900 ad

569 1942 935 2011 Euphraxiam
967 1944 1230 1998 dicentem
1265 1958 1279 1994 :
1313 1942 1450 1996 Ecce
1493 1956 1700 1996 merces
1728 1949 1837 1994 tua.
1866 1939 2013 1993 Nunc
2063 1938 2161 1993 ita-

573 2051 679 2104 que
712 2050 889 2106 perge,
924 2043 1045 2105 post
1067 2035 1252 2090 decem
1299 2034 1415 2089 dies
1461 2034 1704 2098 veniens,
1752 2034 1928 2088 fruere
1978 2031 2059 2084 his
2108 2031 2159 2085 in

571 2128 782 2187 Sacculis
814 2129 1053 2183 infinitis.
1090 2128 1155 2181 Et
1182 2128 1303 2183 ideo
1331 2127 1453 2198 quia
1499 2126 1659 2181 hodie
1709 2140 1847 2181 nona
1894 2124 2008 2180 dies
2054 2132 2159 2190 est,

567 2235 633 2278 ex
660 2236 767 2290 quo
792 2222 1049 2276 visionem
1079 2219 1210 2286 vidi,
1240 2234 1360 2274 cras
1389 2219 1647 2273 morietur
1678 2217 2005 2284 Euphraxia.

638 2314 764 2369 Car.
788 2312 983 2369 XXXI.
1021 2314 1260 2369 Audiens
1296 2317 1410 2369 hac
1440 2312 1581 2369 Julia
1611 2312 1930 2368 recitantem
1956 2317 2162 2367 secrete

567 2409 914 2474 abbatissam,
944 2409 1173 2463 tundens
1202 2418 1386 2477 pectus
1416 2421 1570 2461 suum
1601 2413 1657 2460 et
1705 2405 1915 2468 faciem,
1967 2416 2152 2457 amare

569 2506 775 2564 deﬂens
838 2506 980 2561 venit
1029 2504 1095 2559 ad
1155 2504 1462 2567 clibanum;
1507 2510 1561 2557 et
1604 2516 1724 2557 cum
1766 2500 1991 2555 vidisset
2038 2512 2159 2552 eam

573 2600 787 2657 ﬂentem
820 2595 1141 2667 Euphraxia,
1173 2596 1306 2651 dixit
1348 2595 1412 2649 ad
1462 2594 1604 2649 illam
1636 2612 1647 2645 :
1680 2592 1916 2660 Conjuro
1968 2600 2018 2645 te
2070 2604 2165 2659 per

570 2692 763 2749 Filium
795 2690 911 2757 Dei,
944 2704 1098 2746 soror
1126 2689 1292 2753 Julia,
1321 2688 1493 2743 indica
1526 2686 1656 2741 mihi
1704 2686 1830 2756 quid
1861 2684 2080 2751 audisti,
2111 2691 2167 2737 et

570 2799 734 2854 quare
760 2784 984 2853 plangis.
1021 2781 1162 2837 Dixit
1192 2783 1242 2834 ei
1272 2780 1409 2835 Julia
1444 2798 1456 2836 :
1491 2780 1730 2849 Plango,-
1757 2778 1969 2833 domina
2021 2791 2162 2845 mea,

570 2876 695 2947 quia
730 2875 887 2929 hodie
915 2874 1287 2944 separahimur
1332 2888 1361 2926 a
1404 2881 1494 2937 te;
1541 2872 1679 2928 sicut
1720 2872 1862 2925 enim
1913 2868 2092 2923 audivi
2135 2884 2167 2923 a

574 2965 786 3024 domina
819 2981 932 3021 mea
965 2966 1256 3033 abbatissa,
1286 2980 1409 3021 cras
1436 2981 1501 3020 ex
1535 2965 1634 3020 hoc
1677 2979 1903 3034 corpore
1946 2965 2168 3019 exhala-

578 3060 680 3116 his.
712 3059 862 3126 Quod
912 3058 1037 3113 dum
1071 3058 1379 3128 Euphraxia
1424 3057 1685 3124 audisset,
1717 3058 2012 3128 angustiata
2038 3064 2166 3124 Iest,

574 3160 629 3208 et
657 3151 1004 3221 pusillanimis
1037 3150 1206 3216 facta,
1239 3150 1450 3206 cecidit.
1500 3150 1733 3206 Sedebat
1783 3160 1961 3207 autem
2014 3151 2166 3220 juxta

2258 540 2571 595 conturbata
2618 558 2631 594 :
2683 548 2739 594 et
2779 540 3044 610 ingressa,
3092 543 3262 598 astitit
3303 544 3610 613 abbatissae,
3647 547 3856 606 deﬂens

2256 644 2418 706 atque
2446 649 2704 703 mcerens,
2734 646 2787 692 et
2814 638 3102 709 gemitibus
3132 640 3293 696 nimis
3318 642 3542 699 afﬂicta.
3566 644 3858 702 Abbatissa

2256 744 2387 785 vero
2433 731 2724 799 respiciens
2770 747 2889 788 eam
2914 773 2931 798 ,
2962 733 3098 789 dixit
3131 754 3143 789 :
3176 734 3313 803 Quid
3347 738 3534 804 habes,
3568 738 3698 807 ﬁlia,
3730 742 3858 811 quia

2258 825 2337 880 sic
2360 825 2705 895 ingemiscis?
2736 826 3039 895 Euphraxia
3064 829 3200 885 dixit
3230 846 3243 882 :
3277 831 3477 902 Plango
3503 848 3609 898 me,
3637 835 3858 892 domina

2259 922 2540 992 mea,quia
2562 923 2766 978 scivisti
2785 938 2871 979 me
2884 926 3217 992 morituram,
3234 934 3289 981 et
3312 927 3671 983 nonindicasti
3700 929 3855 996 mihi,

2261 1012 2653 1085 utplangerem
2702 1024 2920 1084 peccata
2969 1031 3109 1083 mea,
3158 1017 3284 1071 dum
3331 1016 3435 1072 sim
3492 1021 3560 1074 ab
3604 1019 3860 1075 omnibus

2262 1107 2494 1175 peccatis
2522 1106 2887 1176 coinquinata.
2939 1107 3031 1163 His
3061 1106 3240 1174 dictis,
3266 1124 3324 1165 se
3356 1112 3645 1178 prostravit
3676 1112 3729 1167 in
3765 1129 3860 1181 pa-

2261 1196 2583 1263 vimentum,
2616 1206 2668 1252 et
2700 1198 2871 1254 tenuit
2902 1200 3062 1268 pedes
3091 1200 3399 1268 abbatissae,
3426 1218 3520 1270 per
3547 1218 3708 1274 quam
3741 1220 3861 1262 om-

2263 1302 2331 1342 ne
2354 1289 2637 1345 consilium
2665 1290 2781 1360 ejus
2807 1291 3057 1348 alacriter
3085 1300 3168 1348 est
3197 1294 3535 1362 perductum.
3565 1296 3863 1355 Clamavit-

2262 1394 2367 1449 que
2401 1379 2702 1450 Euphraxia
2733 1392 2789 1437 et
2817 1382 2991 1437 dixit:
3025 1384 3282 1441 Miserere
3327 1388 3468 1453 mei,
3517 1388 3759 1457 domina,
3804 1401 3863 1446 et

2262 1470 2558 1539 deprecare
2588 1472 2893 1543 Dominum,
2928 1484 2983 1528 ut
3015 1476 3143 1531 mihi
3170 1479 3429 1533 concedat
3454 1481 3537 1535 vel
3572 1498 3735 1537 unum
3763 1499 3865 1539 au-

2263 1580 2416 1631 num,
2448 1565 2569 1633 quia
2600 1564 2716 1621 sine
2747 1568 3060 1636 paenitentia
3086 1585 3203 1624 sum
3226 1612 3242 1636 ,
3288 1581 3342 1627 et
3387 1575 3569 1628 nescio
3612 1591 3733 1643 qua:
3774 1593 3864 1632 me

2267 1658 2500 1713 tenebrae
2529 1660 2863 1726 cooperiant.
2902 1661 3039 1716 Dixit
3070 1664 3120 1716 ei
3150 1663 3417 1719 abbatissa
3448 1683 3461 1719 :
3498 1666 3637 1722 Vivit
3677 1668 3863 1723 Domi-

2265 1767 2386 1817 nus,
2421 1753 2538 1822 quia
2570 1752 2775 1809 ccelcsti
2825 1764 3015 1809 senatu
3064 1754 3280 1827 dignam
3326 1765 3379 1813 te
3422 1754 3552 1814 fecit
3597 1775 3690 1815 rex
3739 1769 3863 1816 tuus

2186 1835 2528 1898 BChristus.
2562 1844 2627 1898 Et
2674 1845 2841 1912 ccepit
2887 1846 3135 1901 omnibus
3188 1848 3437 1914 recitare,
3469 1850 3659 1919 quibus
3705 1851 3863 1907 bonis

2270 1935 2429 1989 habet
2460 1934 2560 1990 frui
2591 1936 2919 2005 Euphraxia.
2952 1939 3018 1992 Et
3052 1940 3276 2009 rogabat
3303 1956 3443 2009 eam,
3498 1952 3558 1996 ut
3601 1958 3698 2012 pro
3746 1946 3864 2012 ipsa

2268 2024 2553 2080 Dominum
2586 2028 2934 2095 supplicaret,
2963 2040 3231 2098 quatenus
3276 2032 3395 2102 ejus
3440 2034 3707 2103 particeps
3736 2050 3863 2091 esse

2265 2129 2588 2173 mereretur.
2615 2120 2814 2175 Orabat
2834 2122 2973 2175 enim
3010 2130 3209 2177 utcum
3238 2139 3300 2179 ea
3347 2137 3761 2182 conversaretur
3809 2128 3863 2184 in

2265 2211 2519 2276 Christo;
2552 2221 2602 2267 et
2636 2214 2761 2282 ipsis
2789 2214 2944 2268 donis
2973 2215 3164 2284 quibus
3196 2217 3312 2285 ipsa
3354 2226 3469 2271 erat
3516 2217 3765 2290 fruitura,
3809 2229 3865 2277 et

2267 2303 2382 2372 ipsa
2413 2305 2681 2358 frueretur

2339 2395 2468 2451 CAP.
2504 2394 2721 2452 XXXII.
2751 2426 2822 2437 ——
2846 2396 3153 2466 Euphraxia
3177 2414 3305 2455 vero
3344 2401 3531 2470 jacens
3574 2404 3642 2458 ad
3695 2405 3860 2474 pedes

2268 2489 2575 2558 abbatissae,
2609 2494 2773 2561 erepit
2795 2500 2979 2547 tenere
3006 2491 3175 2564 frigus
3197 2503 3250 2549 et
3276 2495 3505 2567 rigorem
3532 2514 3546 2558 ;
3580 2506 3702 2567 post
3730 2515 3863 2570 pau—

2271 2583 2434 2637 lulum
2466 2597 2595 2638 vero
2627 2583 2918 2641 vehemens
2948 2600 3065 2640 eam
3102 2586 3264 2642 febris
3313 2590 3527 2645 invasit.
3579 2591 3863 2649 Abbatissa

2254 2689 2400 2749 vero
2429 2675 2707 2729 sororibus
2738 2677 2813 2730 ait
2845 2694 2857 2729 :
2892 2676 3099 2733 Sumite
3125 2695 3264 2747 eam,
3296 2691 3351 2736 et
3397 2683 3758 2753 ingrediamur
3812 2689 3866 2743 in

2270 2768 2587 2835 oratorium,
2618 2770 2741 2837 quia
2767 2770 2875 2839 jam
2907 2773 3298 2845 apprOpinquat
3325 2779 3456 2830 hora
3489 2776 3627 2846 ejus.
3665 2779 3865 2835 Posue-

2272 2868 2397 2914 runt
2420 2876 2548 2931 ergo
2588 2875 2706 2916 eam
2740 2860 2793 2916 in
2838 2864 3128 2919 oratorium
3159 2907 3173 2930 ,
3225 2875 3279 2920 et
3332 2868 3694 2924 observabant
3745 2886 3865 2926 eam

2273 2967 2443 3023 usque
2470 2954 2534 3007 ad
2568 2968 2872 3023 vesperam.
2906 2954 3139 3025 Vespere
3166 2969 3345 3013 autem
3385 2958 3549 3027 facto,
3578 2975 3696 3015 cum
3732 2962 3865 3018 hora

2272 3047 2517 3103 sumendi
2545 3049 2720 3103 cibum
2763 3048 2873 3117 jam
2916 3050 3240 3115 advenisset,
3287 3055 3538 3121 przecepit
3580 3056 3739 3128 361
3788 3058 3866 3112 eis

2276 3139 2545 3195 abbatissa
2565 3148 2625 3195 ut
2646 3140 3055 3213 egrederentur,
3081 3144 3417 3199 solummodo
3440 3145 3635 3201 Juliam
3678 3164 3866 3205 secum

575 3255 690 3296 eam
715 3239 853 3295 Julia
877 3239 1031 3297 nens,
1061 3239 1156 3295 Cui
1184 3240 1490 3310 Euphraiia
1519 3239 1653 3295 dixit
1681 3257 1697 3297 ;
1722 3240 1910 3306 Soror,
1944 3241 2008 3297 da
2037 3241 2169 3296 mihi
2200 3225 2247 3289 C
2278 3235 2540 3299 retinens,
2564 3250 2631 3289 ne
2652 3233 2829 3304 aliqua
2856 3235 2985 3290 hora
3006 3237 3367 3307 relinquerent
3392 3238 3750 3309 Euphraxiam
3775 3259 3791 3308 ;
3816 3252 3868 3300 et

576 3346 791 3390 manum
824 3342 988 3399 tuam,
1018 3342 1071 3388 et
1096 3332 1207 3387 leva
1240 3348 1347 3396 me.
1381 3342 1433 3388 et
1461 3332 1563 3388 duc
1596 3347 1682 3387 me
1715 3332 1801 3386 ubi
1852 3334 1990 3403 ligna
2042 3342 2167 3388 sunt

578 3424 774 3495 posita,
799 3433 853 3481 et
875 3426 955 3489 ibi,
971 3440 1057 3479 me
1082 3440 1221 3495 pone
1248 3443 1261 3491 ;
1292 3435 1347 3479 ct
1373 3426 1497 3481 tolle
1543 3441 1708 3495 panes
1736 3426 1802 3480 de
1851 3426 2083 3489 clibano,
2116 3434 2172 3481 et

579 3526 731 3589 porta
750 3515 813 3571 'in
844 3519 1250 3573 monasterium.
1284 3518 1433 3575 Fecit
1475 3518 1614 3574 Julia
1649 3521 1784 3589 lttt‘c,
1807 3527 1863 3574 et
1886 3520 2172 3575 abbatissae

582 3626 687 3667 non
719 3609 994 3665 indicavit.
1022 3610 1155 3666 Cum
1186 3626 1314 3681 ergo
1354 3612 1561 3679 jaceret
1586 3613 1889 3680 Euphraxia
1936 3616 1986 3667 in
2019 3614 2171 3683 pavi-

582 3716 767 3760 ntento
792 3704 1043 3760 clamavit
1092 3722 1105 3758 :
1154 3704 1284 3769 Cur,
1317 3704 1562 3772 Domine,
1594 3706 1931 3761 abominatus
1977 3722 2036 3762 es
2086 3722 2172 3763 me

583 3797 921 3869 peregrinam
968 3807 1021 3853 et
1051 3796 1382 3868 orphanam?
1423 3797 1531 3853 Cur
1559 3798 1797 3866 despexis
1812 3799 1851 3853 ti
1881 3800 2005 3854 me?
2037 3799 2173 3855 Ecce

583 3900 793 3961 tempus
835 3891 1048 3961 quando
1088 3892 1346 3946 debebam
1389 3907 1508 3946 cum
1555 3892 1769 3947 diabolo
1809 3908 2068 3965 pugnare,
2119 3902 2175 3948 et

582 3986 759 4041 anima
792 4001 907 4040 mea
938 4000 968 4037 a
1000 3999 1085 4039 me
1112 3986 1401 4055 expetitur.
1456 3985 1765 4041 Misericors
1797 3994 1913 4040 esto
1974 3986 2024 4040 in
2085 4000 2174 4041 me

584 4080 777 4135 ancilla
809 4088 920 4145 tua,
947 4079 1170 4133 Domine
1196 4079 1323 4134 Jesu
1350 4078 1583 4148 Christe,
1617 4078 1825 4134 dimitte
1875 4079 1959 4133 vel
2008 4095 2173 4135 unum

582 4186 803 4235 annum,
833 4180 1097 4242 quatenus
1142 4171 1369 4227 deﬂeam
1426 4183 1639 4241 peccata
1688 4188 1803 4228 mea
1831 4215 1847 4241 ,
1894 4173 2014 4242 quia
2060 4174 2175 4229 sine

584 4264 900 4337 poenitentia
931 4280 1068 4330 sum,
1098 4272 1154 4320 et
1181 4264 1250 4319 ab
1278 4263 1425 4319 omni
1464 4265 1772 4333 poenitentia
1806 4264 2025 4320 nudata.
2058 4266 2173 4321 Non

584 4366 670 4415 est
690 4358 743 4413 in
771 4372 858 4415 me
886 4371 1021 4426 Opus
1047 4357 1232 4413 salutis
1258 4376 1271 4413 :
1304 4373 1422 4412 nam
1447 4373 1606 4414 nemo
1632 4360 1683 4414 in
1714 4359 1922 4415 inferno
1952 4360 2173 4417 confite-

570 4450 727 4515 bitur
756 4450 869 4506 tibi.
904 4450 1019 4506 Non
1048 4462 1129 4506 est
1161 4451 1471 4521 pmnitentia
1519 4454 1570 4507 in
1601 4453 1878 4522 sepulcro,
1913 4470 2018 4509 non
2052 4469 2173 4526 pos-

584 4559 703 4600 sum
734 4550 855 4613 post
879 4552 1106 4598 mortem
1135 4543 1386 4615 laerymis
1418 4544 1715 4613 praevalere
1740 4562 1755 4611 ;
1788 4559 1894 4599 non
1913 4546 2053 4600 enim
2081 4546 2171 4617 qui

2277 3326 2472 3381 clausis
2490 3326 2689 3395 januis,
2717 3340 2885 3397 usque
2908 3343 3065 3383 mane
3088 3328 3299 3384 fuerunt
3322 3345 3443 3385 cum
3466 3347 3551 3389 ea.
3572 3332 3711 3389 Julia
3738 3350 3868 3389 vero

2276 3420 2498 3489 rogabat
2526 3420 2913 3489 Euphraxiam,
2939 3421 3125 3479 dicens
3156 3441 3167 3475 :
3196 3424 3418 3481 Domina
3442 3426 3515 3480 mi
3539 3442 3718 3492 soror,
3763 3444 3868 3485 non

2275 3512 2611 3569 obliviscaris
2644 3514 2747 3570 mei
2777 3530 2790 3568 :
2822 3525 3094 3571 memento
3118 3519 3261 3588 quod
3303 3520 3735 3591 inseparabiliter
3774 3523 3867 3579 tibi

2275 3605 2556 3679 c0nj_uucta
2579 3620 2695 3660 sum
2739 3622 2955 3677 semper
2995 3624 3159 3679 super
3200 3621 3430 3679 terram;
3473 3615 3715 3685 supplica
3764 3617 3868 3673 Deo

2277 3716 2374 3770 pro
2402 3714 2507 3766 me,
2534 3709 2591 3755 ut
2616 3716 2701 3755 me
2725 3717 2832 3756 non
2878 3713 3141 3771 separeta
3185 3696 3256 3760 te.
3297 3705 3566 3761 Memento
3604 3708 3730 3777 quia
3772 3724 3869 3778 ego

2278 3795 2372 3851 tibi
2395 3795 2601 3865 providi
2634 3797 2771 3852 bona
2798 3798 3111 3852 certamina.
3139 3797 3440 3868 Deprecare
3483 3799 3789 3866 Dominum,
3814 3812 3869 3857 ut

2278 3902 2365 3943 me
2384 3888 2619 3942 absolvat
2641 3887 2708 3943 ab
2733 3888 2834 3943 hac
2855 3889 3062 3944 sarcina
3101 3891 3279 3946 carnis
3297 3932 3311 3957 ,
3335 3902 3395 3947 ut
3438 3908 3651 3950 merear
3694 3904 3869 3952 tecum

2264 3980 2429 4045 abire
2459 3997 2578 4035 cum
2612 3981 2825 4037 fiducia.
2862 3981 3013 4036 Mane
3035 3998 3164 4038 vero
3194 3984 3358 4048 facto,
3384 3985 3655 4041 abbatissa
3683 3988 3869 4044 videns

2279 4074 2401 4142 quia
2445 4072 2498 4128 in
2543 4072 2834 4128 novissima
2877 4075 3231 4145 respiratione
3271 4087 3417 4133 esset
3460 4078 3769 4149 Enphraxia
3816 4090 3870 4136 ut

2278 4174 2593 4233 moreretur,
2619 4165 2892 4221 mandavit
2925 4168 3199 4224 sororibus
3237 4183 3335 4239 per
3375 4168 3593 4237 Juliam,
3636 4172 3861 4228 dicens:

2287 4258 2495 4327 Venite,
2523 4259 2647 4314 filia:
2667 4275 2821 4325 meat,
2844 4258 3127 4333 valefacite
3145 4261 3214 4327 ei,
3237 4262 3358 4333 quia
3378 4263 3483 4333 jam
3501 4262 3715 4320 defecit.
3736 4266 3867 4334 Qui-

2283 4354 2381 4409 bus
2401 4354 2757 4422 veuientibus,
2774 4354 3149 4411 valedixerunt
3164 4359 3235 4422 ei,
3252 4354 3463 4421 ﬂentes,
3478 4358 3827 4430 dicentesque
3851 4377 3865 4414 :

2283 4447 2549 4502 Memento
2568 4449 2754 4513 nostri,
2779 4448 2995 4504 domina
3017 4464 3169 4504 soror
3192 4449 3521 4517 Euphraxia,
3547 4466 3748 4508 nomen
3775 4454 3866 4510 beo

2284 4540 2552 4597 nedictum
2574 4558 2603 4596 a
2626 4542 2758 4608 Deo,
2785 4543 2874 4613 qui
2902 4554 2953 4598 te
2970 4544 3175 4598 dilexit.
3200 4544 3327 4599 Post
3353 4545 3533 4599 omnia
3562 4555 3745 4602 autem
3784 4563 3871 4604 ve-

584 4634 639 4690 in
666 4634 874 4689 inferno
901 4644 1023 4688 sunt
1053 4634 1343 4690 laudabunt
1373 4643 1446 4703 te,
1479 4635 1703 4690 Domine
1726 4679 1761 4709 ,ν
1788 4636 1881 4691 sed
1932 4615 2171 4693 viventes
2207 4615 2257 4675 Ῑ)
2282 4630 2356 4687 nil
2378 4632 2468 4685 illa
2491 4647 2608 4702 qum
2630 4633 2719 4687 diu
2752 4628 2906 4703 passa
2927 4649 2956 4688 a
3001 4633 3247 4690 daemone
3282 4635 3474 4703 fuerat,
3517 4645 3572 4692 et
3612 4654 3710 4708 per
3752 4656 3868 4696 eam

583 4723 877 4782 laudabunt
900 4741 1094 4781 nomen
1124 4741 1369 4783 sanctum
1402 4736 1571 4783 tuum.
1622 4729 1764 4784 Dona
1810 4721 1938 4784 mihi
1971 4731 2055 4785 vel
2086 4731 2181 4785 ad-

587 4820 692 4875 huc
719 4835 882 4874 unum
911 4835 1127 4885 annum,
1156 4828 1215 4875 ut
1242 4823 1607 4889 paenitentiam
1639 4838 1815 4892 agam,
1846 4822 1967 4893 quia
2014 4823 2179 4880 deso-

581 4914 687 4969 lata
714 4928 830 4967 sum
859 4912 996 4967 sicut
1027 4911 1158 4967 ﬂens
1183 4914 1300 4969 sine
1329 4914 1621 4983 adjutorio.
1663 4915 1793 4969 (lum
1837 4930 1965 4985 ergo
2013 4916 2179 4970 deﬂe-

581 5013 692 5070 ret,
718 5003 942 5059 audiens
964 5003 1205 5072 quaedam
1223 5018 1488 5073 sororum,
1516 5004 1769 5060 indicavit
1793 5005 2078 5061 abbatissae
2098 5017 2175 5061 at-

582 5114 690 5170 que
711 5099 1007 5163 sororibus,
1035 5100 1156 5171 quia
1185 5099 1497 5170 Euphraxia
1526 5111 1794 5172 prostrata
1826 5102 1878 5157 in
1911 5104 2172 5173 reposito-

580 5191 663 5248 rio
690 5192 974 5263 lignorum,
1012 5192 1081 5249 ita
1130 5193 1407 5249 clamaret.
1462 5194 1708 5265 Dixitque
1755 5195 1897 5250 Julia
1945 5212 1958 5249 :
2013 5196 2171 5265 Vere,

580 5284 1039 5353 domina,audivit
1064 5286 1187 5356 quia
1218 5288 1479 5353 moritur;
1516 5297 1795 5357 propterea
1830 5289 2170 5345 lamentatur.

582 5378 726 5433 Dixit
752 5392 880 5447 ergo
908 5380 1171 5436 abbatissa
1204 5381 1480 5436 sororibus
1507 5398 1520 5433 :
1554 5381 1685 5448 Quis
1732 5381 2064 5437 annnntiavit
2100 5382 2171 5448 ei,

579 5477 635 5526 et
656 5470 887 5525 animam
908 5471 1025 5540 ejus
1056 5472 1247 5527 afﬂixit
1274 5473 1296 5527 ἲ
1326 5472 1457 5541 Quis
1480 5470 1737 5529 indicavit
1762 5472 1830 5541 ei,
1858 5482 1912 5529 et
1938 5487 2033 5529 cor
2058 5473 2173 5543 ejus

580 5561 823 5618 attrivit?
854 5562 1041 5622 Nonne
1071 5581 1166 5621 vos
1198 5566 1421 5637 rogavi,
1458 5582 1525 5622 ne
1570 5565 1821 5621 diecretis
1866 5566 1954 5631 ei,
2003 5566 2173 5623 donec

583 5655 700 5725 ejus
730 5654 861 5711 hora
884 5656 1131 5711 veniret?
1160 5655 1269 5713 Cur
1294 5659 1395 5713 hoc
1423 5656 1626 5714 fecistis
1658 5668 1712 5713 et
1739 5657 2007 5713 afﬂixistis
2050 5660 2171 5714 ani-

582 5761 725 5804 mam
755 5744 908 5817 ejus?
932 5746 1030 5813 ite,
1064 5756 1117 5804 et
1147 5748 1395 5805 adducite
1426 5765 1543 5805 eam
1573 5750 1725 5806 mihi.
1758 5750 1866 5806 Illae
1894 5765 2025 5806 vero
2054 5765 2173 5821 per—

588 5835 1084 5921 gentes,rdixerunt
1114 5839 1163 5895 ei
1197 5857 1211 5893 :
1242 5838 1397 5904 Veni,
1450 5840 1665 5899 domina
1700 5841 2029 5913 Euphraxia,
2079 5857 2169 5899 voc

2279 4726 2427 4781 salva
2452 4726 2588 4783 facta
2612 4736 2691 4783 est
2716 4746 2727 4783 :
2748 4736 2803 4782 et
2826 4728 3014 4799 lugens
3038 4728 3179 4784 sicut
3199 4738 3255 4785 et
3280 4745 3486 4796 omnes,
3529 4732 3871 4789 osculabatur

2280 4838 2468 4877 manus
2491 4821 2632 4892 ejus,
2657 4822 2843 4877 dicens
2870 4840 2882 4875 :
2908 4823 3026 4878 Ista:
3050 4837 3240 4879 manus
3261 4833 3517 4894 quantum
3560 4823 3690 4878 mihi
3737 4826 3873 4881 indi-

2276 4934 2395 4989 gnae
2426 4927 2478 4973 et
2518 4919 2803 4987 peccatrici
2836 4917 3311 4974 ministraverunt!
3344 4933 3437 4988 per
3482 4918 3673 4983 Deum,
3698 4928 3758 4972 et
3787 4938 3875 4991 per

2280 5010 2408 5065 istas
2432 5026 2620 5064 manus
2667 5009 2990 5065 daemonium
3034 5010 3313 5080 expulsum
3334 5025 3393 5065 es
3418 5024 3449 5064 a
3490 5025 3595 5065 me.
3643 5009 3717 5069 Et
3754 5030 3874 5069 cum

2280 5103 2585 5175 Euphraxia
2616 5102 2944 5173 respondere
2967 5117 3071 5158 non
3098 5111 3297 5173 posset,
3327 5102 3461 5157 dixit
3483 5102 3531 5158 ei
3558 5105 3833 5160 abbati-sa
3859 5122 3873 5159 :

2281 5195 2414 5251 Filia
2443 5211 2582 5260 mea,
2608 5210 2713 5251 non
2738 5196 3011 5251 misereris
3032 5195 3117 5250 vel
3141 5194 3515 5264 hujussororis
3532 5200 3555 5254 2
3575 5198 3753 5264 Quare
3776 5214 3876 5253 non

2279 5286 2513 5357 loqueris
2542 5286 2614 5351 ei,
2638 5302 2756 5355 quae
2784 5297 3002 5359 propter
3027 5294 3079 5340 te
3103 5285 3174 5340 ita
3199 5285 3525 5345 tribulatur?
3567 5290 3876 5360 Euphraxia

2282 5396 2406 5437 vero
2430 5378 2706 5448 respondit
2733 5379 2797 5433 ad
2823 5395 2940 5435 eam
2966 5397 2979 5433 :
3005 5380 3182 5448 Quare
3209 5396 3296 5434 me
3320 5380 3491 5454 luges,
3514 5383 3733 5438 domina
3777 5399 3871 5438 so-

2283 5472 2414 5529 ror?
2444 5470 2660 5526 Dimitte
2704 5487 2792 5528 me
2832 5472 3204 5542 requiescere,
3232 5474 3360 5546 quia
3401 5475 3627 5543 delicio;
3662 5492 3878 5532 verum-

2282 5573 2457 5620 tamen
2483 5572 2534 5618 tu
2567 5564 2791 5621 benedic
2834 5566 3023 5633 Deum,
3050 5575 3105 5621 et
3142 5566 3265 5635 ipse
3308 5582 3359 5626 te
3398 5572 3768 5627 conservabit.
3814 5572 3876 5627 Et

2280 5656 2450 5711 dixit:
2478 5656 2582 5712 Ora
2626 5672 2721 5727 pro
2761 5672 2868 5723 me,
2912 5658 3035 5728 quia
3080 5674 3333 5731 magnum
3375 5671 3646 5717 certamen
3687 5674 3771 5717 est
3818 5663 3873 5718 in

2280 5751 2452 5804 anima
2475 5766 2589 5805 mea
2612 5750 2665 5806 in
2689 5752 2788 5806 hac
2808 5750 2959 5807 hora.
2978 5751 3116 5811 Cum
3138 5769 3269 5827 ergo
3280 5765 3487 5813 orasset
3504 5757 3801 5824 abbatissa,
3816 5769 3874 5814 et

2281 5858 2466 5902 munes
2508 5845 2910 5915 respondissent
2944 5848 3143 5915 Amen,
3186 5848 3701 5910 reddidit‘animam.
3749 5852 3870 5908 Erat
