4162 6352
551 367 657 432 iii-3

1599 369 1684 425 DE
1726 327 1900 424 vros
1940 364 2226 424 PATRUM
2268 363 2471 426 LIBER
2513 365 2788 430 PRIMUS.

3729 373 3834 432 Gil»

625 486 703 562 (2)
750 482 1267 563 Sanctitariis.]__lta,
1314 487 1537 563 opinor,
1561 493 1980 563 vocat__a'£;1vsia,
2025 499 2123 563 m_o_-

2232 496 2362 563 runt
2407 483 2748 563 apudvarios
2787 488 3080 557 scriptores
3118 487 3508 546 hebdomadas-ii
3547 506 3648 548 seu
3676 496 3840 563 septi-

529 555 796 616 ifmitei-ia.
845 561 933 614 Sic
975 555 1166 628 cap—5
1201 578 1212 612 :
1250 577 1271 612 ι
1299 561 1429 624 Quae
1470 559 1628 612 etiam
1675 557 1784 611 illic
1832 569 2027 610 vacans
2075 555 2128 610 in

533 633 881 690 .sattctnariis.
897 650 913 683 I

531 767 534 774 ι
565 769 573 776 λ
622 703 700 776 (5)
721 700 1020 776 ᾼνεὴιιγὶςι.]
1045 699 1395 776 Aninteiligit
1435 701 1686 776 cellulas?
1715 699 1776 776 in
1799 697 2131 776 _Vita‘sancti

550 769 763 829 Antonii
798 789 916 840 cap.
952 769 1036 836 53,
1076 773 1239 827 babes
1283 769 1660 839 archisterium,
1697 771 1762 825 de
1799 771 2051 825 interiore
2077 778 2131 823 et

548 845 798 916 primaria
825 846 1038 898 Antonii
1060 847 1211 898 cella.

621 916 701 986 (4)
744 919 943 983 Aquam
972 919 1024 969 in
1055 917 1236 985 faciem
1263 920 1370 986 ejus
1401 918 1556 971 misit.
1590 915 1601 985 ί
1646 914 1827 970 Aﬂusa
1857 927 2006 986 aqua
2035 911 2116 966 iri-

545 985 665 1060 git-ia
705 987 992 1043 exanimati
1038 992 1211 1060 adise
1255 985 1523 1042 redibant.
1579 989 1726 1042 Unde
1769 985 2128 1060 proverbium,

547 1053 745 1131 Equam
767 1076 1049 1131 aspergere.
1087 1059 1136 1112 id
1169 1068 1267 1131 est,
1292 1062 1499 1112 animos
1529 1061 1746 1131 addere.
1774 1057 1890 1131 Μαι
1925 1059 1973 1108 ιιι
2014 1053 2131 1131 Vita

547 1125 956 1202 Euphmsy'naf,
1002 1145 1121 1202 cap.
1175 1125 1284 1185 15:
1326 1149 1343 1182 ‹
1381 1130 1614 1186 JaCIavit
1663 1130 1715 1184 in
1768 1127 1958 1182 faciem
2014 1126 2130 1195 ejus

535 1217 756 1256 ﬂauam.

617 1217 756 1255 uam.

579 1217 694 1344 qiS)
727 1272 791 1326 Et
820 1274 1158 1342 septimanam
1188 1291 1348 1328 "team
1377 1271 1740 1344 complcvero.]
1789 1272 1916 1326 Inde
1944 1283 2136 1324 occur-

2237 553 2480 611 rrianarii.
2517 559 2648 612 Vide
2677 553 3079 615 Uoomaériron.

2310 631 2390 702 (6)
2437 630 2701 685 Salarium
2745 634 3012 704 tertium]
3063 634 3202 704 Ergo
3233 634 3384 702 plura
3432 640 3584 688 erant
3626 637 3679 689 in
3733 653 3840 689 una

2242 701 2401 755 duino
2425 704 2649 765 solatia,
2707 703 2755 756 id
2787 712 2870 756 est
2902 701 3158 758 tabulata:
3193 701 3337 759 Alias
3368 707 3636 765 solarium.
3681 708 3732 760 id
3756 716 3845 762 est

2240 786 2487 841 suprema
2539 776 2868 845 contignatio
2919 777 3017 829 soli
3071 779 3353 846 exposita,
3403 794 3564 832 unum
3626 790 3838 832 tantum

2237 859 2330 898 era
2338 856 2372 898 ί.

2285 916 2363 983 (7)
2388 915 2594 971 Ρνίονεε
2626 917 2894 989 sanares]
2929 918 3070 982 Mox,
3095 935 3215 987 cap.
3233 919 3299 974 27
3325 933 3376 975 et
3408 921 3477 973 5t)
3499 923 3728 976 seniore:
3752 937 3842 976 so-

2237 1001 2397 1064 rores.
2442 991 2597 1064 δέρμα
2628 991 3160 1064 υρᾳυιιιιιιιξ-δειιὶονεε
3188 1003 3293 1046 tam
3324 993 3462 1048 inter
3487 994 3631 1048 viros
3672 1010 3836 1064 quam

2234 1058 2377 1112 inter
2407 1062 2681 1124 mulieres,
2714 1062 2763 1114 in
2798 1061 2879 1116 his
2900 1059 3055 1117 Vitis.

2309 1130 2741 1256 (8)2?atieuti.]
2795 1133 2852 1186 Id
2902 1144 2986 1187 est
3011 1173 3026 1197 ,
3069 1147 3448 1205 “argenteae.
3491 1136 3714 1190 Clarum
3766 1141 3837 1187 et

2309 1220 2356 1256 υ.
2441 1224 2490 1256 ε).

2239 1215 2356 1271 cap.
2399 1207 2490 1259 25.

1995 1541 2293 1593 JANUAB‘H
2341 1549 2384 1590 ι.

617 1685 1083 1848 VITA
1181 1672 2016 1832 SANCTfE
2110 1669 3535 1824 EUPHROSYNAE
3591 1750 3675 1823 (ι)
3719 1777 3762 1843 ,

1916 1915 2401 1990 VIBGINIS
2427 1963 2450 1989 .

1566 2111 2141 2198 AUCTORE
2216 2108 2782 2194 INCERTO.

547 2346 554 2350 ’
601 2341 786 2408 Cum
808 2361 1036 2405 PRIMUM.
1061 2375 1129 2387 -—
1151 2344 1310 2417 363
1341 2343 1464 2400 Fuit
1491 2343 1573 2398 vir
1595 2342 1647 2397 in
1678 2341 1998 2397 Alexandria
2031 2355 2126 2395 no-
2155 2343 2206 2406 Β
2231 2340 2475 2407 vitalem,
2512 2351 2565 2394 et
2614 2339 2681 2394 de
2711 2330 2973 2407 sapientia
3003 2341 3117 2410 ejus
3147 2349 3201 2395 et
3227 2341 3294 2397 de
3321 2341 3586 2410 doctrina,
3621 2354 3676 2400 et
3703 2362 3829 2415 quia

534 2438 679 2503 fnine
709 2442 1040 2512 Paphnutius
1067 2437 1169 2511 (Ξ),
1201 2436 1528 2492 honorabilis
1558 2437 1828 2500 omnibus,
1859 2443 1915 2490 et
1945 2442 2123 2488 costo-

532 2536 685 2595 diens
713 2535 957 2590 mandata
982 2529 1096 2588 Dei.
1123 2530 1218 2586 Hic
1247 2530 1452 2598 accepit
1474 2529 1757 2597 conjugem
1787 2526 1999 2595 dignam
2034 2541 2125 2595 ge-

531 2631 677 2687 neris
726 2629 843 2696 sui,
893 2635 946 2681 et
975 2628 1142 2694 ipsam
1177 2622 1416 2678 honestis
1454 2621 1692 2676 moribus
1726 2621 1937 2688 plenam
1963 2659 1977 2683 ,
2027 2617 2121 2672 sed

531 2722 730 2779 sterilis
759 2735 862 2775 non
895 2718 1154 2790 pariebat.
1186 2708 1280 2772 Vir
1304 2728 1481 2770 autem
1510 2717 1626 2783 ejus
1651 2713 1807 2768 nimis
1833 2711 2118 2778 ﬂuctuans,

531 2805 599 2872 eo
626 2815 765 2886 quod
796 2827 898 2867 non
931 2812 1152 2867 haberet
1174 2811 1257 2865 cui
1280 2823 1470 2864 omnes
1495 2805 1772 2860 facultates
1798 2806 2120 2874 dimitteret,

531 2899 591 2964 ut
619 2919 739 2978 post
768 2907 970 2961 obitum
1001 2919 1154 2958 suum
1185 2902 1322 2959 bene
1343 2910 1398 2957 et
1425 2915 1658 2972 congrue
1689 2913 1838 2954 suam
1873 2898 2121 2954 substan-

531 3003 660 3058 tiam
708 2999 1063 3070 gubernaret,
1115 2995 1480 3066 indigentibus
1528 3009 1633 3048 non
1680 2991 1928 3048 cessabat
1959 2992 2121 3046 mini-

530 3105 702 3152 strare
738 3083 891 3149 nocte
921 3102 977 3148 et
1005 3091 1112 3159 die,
1174 3090 1521 3158 ecclesiisque
1568 3086 1876 3151 adhaerens,
1903 3085 2123 3157 jejuniis

527 3191 582 3244 et
609 3188 936 3243 orationibus
965 3199 1126 3240 orans
1157 3193 1209 3237 et
1238 3193 1424 3251 petens
1453 3195 1480 3233 a
1509 3179 1616 3233 Deo
1644 3179 1758 3233 dari
1792 3177 1894 3232 sibi
1928 3177 2118 3232 lilium.

528 3281 787 3338 Similiter
813 3289 867 3335 et
891 3294 1027 3335 uxor
1057 3278 1174 3349 ejus
1196 3275 1471 3332 doloribus
1501 3276 1835 3332 afﬁciebatur
1866 3277 2118 3341 maxime,

529 3374 717 3429 videns
742 3374 912 3428 virum
945 3381 1097 3427 suum
1141 3369 1489 3426 ﬂuctuantem
1538 3369 1784 3434 nimium,
1818 3363 2036 3423 multam
2069 3377 2123 3422 et

527 3467 640 3537 ipsa
670 3467 829 3521 etiam
863 3465 1144 3535 pecuniam
1173 3480 1398 3534 erogans
1430 3463 1752 3532 pauperibus
1779 3474 1833 3518 et
1861 3462 1915 3516 in
1943 3473 2122 3516 orato-

527 3558 705 3621 toriis,
732 3572 956 3624 poscens
982 3556 1280 3626 adimplere
1302 3556 1626 3611 desiderium
1655 3571 1832 3610 suum.
1860 3555 2121 3610 Similiter

528 3662 705 3705 autem
735 3660 790 3706 et
833 3651 912 3705 vi'r
964 3650 1079 3720 erS
1109 3647 1374 3704 circuiens
1403 3650 1685 3719 quaerebat
1731 3649 1973 3704 invenire
2023 3645 2148 3701 ali;

2232 2444 2350 2490 erat
2398 2432 2615 2504 pulchra
2670 2433 2858 2500 nimis,
2889 2443 2945 2490 et
2989 2434 3285 2504 composita
3329 2436 3476 2491 voltu
3520 2447 3577 2492 et
3623 2442 3830 2495 atumo.

2228 2514 2423 2586 Multos
2450 2540 2632 2586 autem
2645 2529 2982 2603 excitavitad
3007 2531 3376 2599 accipiendum
3400 2547 3516 2588 eam
3541 2531 3666 2587 tiliis
3691 2534 3828 2600 suis,

2224 2635 2278 2680 et
2304 2624 2486 2680 multis
2514 2623 2913 2681 decet-tantibus
2941 2640 3061 2679 cum
3095 2635 3242 2694 patre
3272 2625 3408 2695 ejus.
3439 2631 3726 2697 pervenire
3755 2629 3824 2684 ad

2229 2719 2389 2774 ﬁnem
2441 2733 2547 2773 non
2584 2728 2860 2787 poterant,
2910 2719 3003 2772 sed
3059 2727 3237 2774 tamen
3290 2720 3405 2787 ipse
3433 2721 3646 2776 dicebat
3676 2741 3686 2774 :
3721 2722 3828 2777 Do.

2225 2810 2354 2865 mini
2389 2811 2638 2864 voluntas
2671 2810 2784 2864 ﬁat.
2816 2809 2964 2866 Unus
2995 2820 3169 2864 autem
3200 2827 3529 2882 exsuperans
3557 2829 3748 2869 omnes
3773 2817 3827 2871 in

2226 2901 2433 2958 honore
2459 2910 2514 2958 et
2541 2902 2760 2969 divitiis,
2795 2903 3076 2957 accersivit
3111 2915 3312 2971 patrem
3356 2905 3517 2972 illius,
3556 2914 3610 2959 et
3643 2915 3830 2975 postu-

2225 2994 2367 3048 labat
2396 2995 2463 3050 ab
2490 3010 2554 3048 eo
2586 3004 2642 3048 ut
2665 2995 2818 3051 daret
2849 2995 3012 3049 tiliam
3051 2994 3165 3065 ejus
3197 2995 3308 3051 (ibo
3332 3011 3432 3051 suo
3463 2998 3515 3051 in
3542 2998 3826 3054 matrimo-

2225 3087 2331 3151 nio,
2373 3099 2426 3140 et
2456 3089 2741 3143 concessit.

2297 3179 2424 3233 CAP.
2461 3177 2550 3233 IV.
2582 3210 2651 3218 —
2689 3179 2815 3235 Post
2855 3180 3076 3233 multum
3106 3195 3233 3235 vero
3262 3182 3516 3250 temporis
3558 3182 3826 3250 accipiens

2229 3285 2348 3326 eam
2406 3271 2739 3341 Paphnutius
2767 3315 2781 3338 ,
2838 3288 2958 3327 cum
3004 3284 3152 3329 esset
3179 3289 3438 3329 annorum
3486 3275 3826 3344 octodecim,

2225 3369 2356 3424 abiit
2387 3385 2438 3423 ιη
2471 3370 2859 3424 monasterium
2914 3385 3034 3424 cum
3063 3386 3156 3437 ea,
3205 3371 3256 3425 in
3299 3387 3404 3441 quo
3451 3379 3827 3440 consueverat,

2224 3461 2557 3529 multamque
2587 3462 2783 3517 iterum
2813 3464 3089 3530 peetmiam
3122 3461 3343 3531 largitus
3375 3473 3457 3517 est
3485 3463 3550 3516 ad
3582 3476 3827 3518 necessa-

2223 3554 2302 3610 ria
2355 3553 2606 3612 fratrum.
2665 3555 2914 3626 Dixitque
2943 3556 3123 3612 abbati
3166 3555 3471 3612 :Fructum
3522 3557 3824 3612 orationum

2228 3658 2437 3703 tuarum
2491 3648 2692 3704 adduxi
2751 3649 2865 3715 tibi,
2908 3660 2964 3703 ut
3011 3666 3137 3706 ores
3172 3665 3267 3720 pro
3302 3667 3402 3717 ea;
3431 3652 3554 3722 quia
3595 3651 3708 3719 jam
3760 3651 3824 3706 ad

530 3745 687 3818 quem
716 3737 988 3801 hominem
1016 3745 1232 3815 dignum
1260 3745 1388 3808 Deo,
1417 3745 1508 3814 qui
1541 3753 1720 3813 posset
1745 3742 1992 3812 precibus
2013 3743 2125 3797 suis
2150 3731 2201 3798 C
2231 3743 2444 3811 nuptias
2481 3757 2601 3796 eam
2662 3744 2873 3799 tradere
2899 3744 3042 3799 volo.
3077 3743 3242 3800 Jussit
3264 3755 3449 3799 autem
3495 3743 3663 3799 abbas
3706 3757 3821 3799 eam

529 3839 777 3895 eifectum
809 3833 1064 3892 desiderii
1093 3837 1209 3908 ejus
1239 3838 1518 3906 perlicere.
1555 3835 1618 3889 Et
1641 3836 1708 3888 ita
1735 3832 2124 3903 perambulavit

529 3932 581 3987 in
625 3930 975 3997 monasterio,
1029 3931 1217 3997 inquo
1270 3928 1511 3996 ejusdem
1555 3928 1864 3982 monasterii
1917 3937 2122 3994 patrem

529 4039 775 4094 magnum
808 4023 1056 4078 dicebant
1097 4022 1239 4092 apud
1269 4022 1456 4076 Deum.
1489 4021 1705 4090 lllicque
1740 4022 2030 4090 ingressus,
2069 4030 2144 4075 et-

533 4116 753 4170 multam
805 4115 1084 4182 pecuniam
1114 4113 1372 4180 offerens,
1406 4114 1627 4167 multum
1657 4116 1820 4167 etiam
1875 4113 2119 4167 liduciam

529 4208 598 4264 ab
625 4208 815 4262 abbate
842 4216 895 4262 et
922 4208 1184 4262 universis
1214 4207 1468 4263 fratribus
1507 4218 1827 4262 consecutus
1854 4217 1952 4263 est.

602 4304 732 4362 CAP.
761 4305 825 4362 il.
855 4337 924 4346 —
951 4307 1079 4362 Post
1121 4307 1344 4362 multum
1392 4322 1520 4362 vero
1572 4309 1828 4376 temporis
1868 4307 2122 4362 indicarit

532 4398 712 4454 abbati
737 4414 952 4454 causam
984 4399 1234 4454 desiderii
1263 4400 1343 4454 sui
1370 4416 1384 4454 :
1411 4401 1499 4468 qui
1529 4400 1864 4468 eompatiens
1895 4401 1989 4466 illi,
2027 4415 2122 4469 po-

528 4492 750 4548 stulavit
775 4507 800 4544 a
836 4493 1061 4546 Domino
1085 4492 1202 4547 dari
1233 4493 1306 4547 illi
1339 4493 1566 4547 fructum
1597 4494 1833 4559 ventris;
1859 4503 1912 4548 et
1937 4494 2123 4548 ambo-

530 4601 647 4642 rum
677 4596 948 4641 orattones
987 4586 1280 4641 exaudiens
1311 4587 1487 4652 Deus,
1523 4586 1745 4656 largitur
1795 4587 2008 4641 unicam
2053 4585 2119 4640 ﬁ-

531 4677 678 4732 liam.
717 4677 912 4732 Videas
937 4687 1115 4733 autem
1147 4677 1478 4745 Paphnutius
1522 4679 1733 4734 abbatis
1759 4679 2126 4734 conversatio-

530 4783 694 4833 nem,
737 4784 1007 4840 nunquam
1055 4785 1084 4823 a
1131 4771 1457 4825 monasterio
1508 4770 1811 4825 recedebat.
1863 4770 2018 4826 Unde
2069 4779 2126 4822 et

531 4863 813 4933 coniugem
846 4878 996 4917 suam
1028 4861 1356 4928 introduxit,
1404 4871 1459 4916 ut
1484 4861 1896 4916 benediceretur
1935 4863 2000 4914 ab
2030 4861 2125 4914 ab-

530 4955 652 5011 bate
681 4964 734 5011 et
763 4972 790 5011 a
814 4955 1084 5010 fratribus.
1119 4955 1335 5010 'l‘ollcns
1363 4965 1539 5010 autem
1574 4955 1886 5009 infantulam
1913 4973 1940 5008 a
1961 4955 2119 5022 lacte,

531 5057 584 5102 et
613 5050 747 5102 facta
778 5061 1040 5102 annorum
1066 5058 1271 5118 septem
1303 5047 1570 5116 baptizata
1599 5061 1700 5112 est,
1728 5049 2123 5116 imposuerunt-

2227 3836 2492 3892 introtiuci
2526 3839 2577 3890 in
2630 3838 2962 3891 xenodocbia
3007 3837 3345 3902 monasterii,
3390 3835 3715 3906 locutusque
3743 3845 3825 3891 est

2228 3942 2350 3981 cum
2380 3944 2465 3991 ea,
2497 3937 2550 3982 ct
2579 3927 2910 3984 benedicens
2957 3929 3271 3984 exhortatus
3297 3939 3384 3984 est
3405 3944 3525 3983 eam
3569 3930 3639 3983 de
3669 3929 3827 3983 casti-

2231 4031 2363 4088 tate,
2397 4033 2451 4078 et
2484 4023 2804 4090 humilitate,
2839 4033 2894 4079 et
2925 4025 3180 4093 patientia
3223 4025 3430 4078 timoris
3465 4025 3673 4079 Domini
3707 4041 3720 4075 :
3751 4023 3824 4078 fa-

2228 4117 2376 4170 ciens
2409 4117 2477 4170 ibi
2511 4125 2621 4172 tres
2663 4117 2801 4178 dies,
2835 4133 3019 4172 aurem
3052 4120 3283 4188 ponebat
3316 4119 3554 4187 quotidie
3585 4121 3650 4172 ad
3685 4119 3825 4188 psal-

2226 4222 2365 4272 mos,
2394 4217 2448 4262 et
2476 4208 2663 4263 videns
2700 4210 3028 4278 singulorum
3059 4213 3529 4264 conversationem
3561 4215 3612 4264 et
3652 4209 3811 4279 spiri—

2229 4303 2374 4357 tuale
2407 4304 2762 4372 propositum,
2813 4304 3108 4359 mirabatur
3137 4320 3325 4358 eorum
3377 4306 3559 4369 vitam,
3592 4305 3777 4360 dicens
3807 4320 3820 4359 :

2231 4396 2382 4451 Beati
2411 4406 2535 4451 sunt
2565 4398 2666 4450 viri
2705 4397 2809 4460 isti,
2839 4398 2934 4466 qui
2967 4407 3022 4452 et
3047 4398 3107 4452 in
3143 4399 3241 4452 hoc
3268 4399 3467 4453 smculo
3494 4399 3702 4454 similes
3733 4413 3825 4454 an-

2226 4489 2381 4558 gelis,
2411 4501 2460 4542 et
2489 4499 2608 4558 post
2640 4491 2754 4542 haec
2783 4489 2946 4543 vitam
2995 4497 3254 4544 :eternam
3299 4501 3724 4558 consequuntur.
3763 4491 3825 4546 Et

2227 4583 2390 4651 coepit
2417 4597 2508 4635 cor
2533 4583 2651 4650 ejus
2678 4596 2799 4636 esse
2829 4581 3113 4637 sollicitum
3143 4582 3195 4636 in
3229 4584 3345 4638 aeto
3373 4583 3575 4638 timoris
3601 4583 3694 4638 Dei

2301 4673 2430 4728 CAP.
2466 4672 2530 4727 ν.
2555 4699 2625 4715 -ι-
2654 4674 2779 4728 Post
2807 4685 2915 4729 tros
2955 4685 3131 4728 autem
3159 4676 3277 4730 dics
3322 4677 3450 4730 dixit
3497 4676 3825 4743 Paphnutius

2231 4764 2297 4819 ad
2328 4764 2577 4820 abbatem
2611 4784 2623 4819 :
2657 4765 2814 4831 Veni,
2851 4767 3029 4834 Pater,
3077 4777 3132 4821 nt
3163 4770 3358 4822 salutet
3391 4777 3442 4822 te
3471 4770 3664 4822 ant-illa
3717 4780 3824 4836 tua,

2223 4869 2285 4916 ct
2312 4877 2403 4916 ora
2432 4878 2530 4930 pro
2560 4879 2642 4926 ea,
2676 4864 2796 4931 quia
2851 4859 3126 4917 ambulare
3176 4864 3420 4918 volumus
3449 4863 3502 4917 in
3531 4866 3823 4919 rivitatem.

2230 4953 2363 5009 Cum
2389 4967 2566 5010 autem
2597 4955 2833 5010 venisset
2861 4956 3048 5022 abbas,
3077 4957 3305 5026 projecit
3344 4969 3404 5011 se
3434 4959 3608 5026 puella
3636 4957 3704 5011 ad
3740 4971 3826 5026 pe-

2231 5049 2328 5103 des
2354 5049 2491 5118 ejus,
2535 5050 2720 5103 dicens
2745 5067 2756 5100 :
2781 5048 3019 5103 Obsecro
3053 5059 3120 5108 te.
3157 5050 3330 5114 Pater,
3362 5061 3455 5105 ora
3502 5065 3599 5119 pro
3635 5065 3742 5115 me,
3775 5059 3825 5105 ut

531 5147 633 5212 que
665 5142 738 5197 illi
771 5157 966 5198 nomen
1002 5143 1430 5215 Euphrosynam.
1463 5141 1781 5198 Gaudebant
1819 5154 1996 5197 autem
2026 5158 2119 5197 su—
2149 5135 2204 5196 D
2232 5139 2463 5194 lucretur
2495 5138 2639 5196 Deus
2666 5140 2899 5194 animam
2934 5155 3130 5195 meam.
3167 5141 3580 5212 Extendeosque
3605 5157 3824 5196 manum

533 5251 626 5304 per
655 5237 802 5291 illaut
837 5247 1083 5307 parentes
1113 5237 1266 5306 ejus,
1312 5238 1437 5306 quia
1465 5247 1582 5291 erat
1629 5246 1848 5307 accepta
1882 5235 2020 5301 Deo,
2067 5243 2122 5290 et

531 5328 750 5399 pttlcim
784 5329 934 5384 facie.

603 5421 732 5476 Car.
762 5421 848 5475 lll.
875 5445 946 5461 -—
975 5421 1133 5477 Facta
1161 5433 1339 5478 autem
1369 5435 1629 5478 annorum
1661 5421 1940 5476 duodecim
1960 5463 1974 5487 ,
2011 5435 2122 5477 ma-

533 5522 615 5567 ter
639 5512 756 5581 ejus
800 5514 1048 5583 migravit
1100 5517 1168 5571 de
1213 5515 1314 5570 hoc
1363 5517 1581 5571 szeculo.
1613 5513 1895 5570 Remansit
1941 5525 2120 5570 autem

529 5615 682 5676 pater
713 5606 850 5676 ejus,
883 5609 1134 5663 erudiens
1161 5625 1280 5666 eam
1312 5610 1506 5666 litteris
1553 5619 1608 5666 et
1637 5611 1980 5677 lectionibus,
2013 5626 2121 5665 Cal:-

532 5707 754 5771 teraque
783 5700 938 5769 hujus
987 5702 1168 5756 mundi
1209 5704 1496 5774 sapientia.
1530 5703 1710 5760 Puella
1758 5719 1887 5758 vero
1920 5715 2118 5758 tantam

529 5791 807 5860 excipiens
855 5791 1230 5862 disciplinam,
1280 5795 1350 5850 ita
1383 5804 1439 5851 ut
1485 5796 1766 5852 miraretur
1795 5806 1945 5865 pater
1975 5797 2118 5851 illius

530 5873 890 5953 prudentiam.
930 5883 1125 5954 Opinio
1153 5894 1331 5941 autem
1365 5885 1481 5956 ejus
1512 5885 1815 5957 peragravit
1845 5895 2009 5942 totam
2037 5887 2116 5942 ci-

2230 5247 2380 5287 suam
2429 5233 2702 5287 benedixit
2748 5248 2890 5295 eam,
2940 5233 3168 5287 dicens:
3199 5235 3366 5298 Deus,
3409 5238 3498 5304 qui
3543 5237 3825 5304 (regneseis

2234 5326 2507 5381 hominem
2537 5335 2823 5395 antequam
2861 5337 3128 5388 nascatur,
3155 5325 3318 5400 364
3349 5337 3402 5381 ιιι
3435 5329 3590 5396 hujus
3619 5330 3825 5384 ancilla:

2237 5430 2342 5475 tua:
2381 5431 2564 5475 curam
2598 5415 2796 5475 habere
2838 5422 3096 5490 digneris,
3131 5433 3185 5476 ut
3217 5432 3486 5477 mereatur
3525 5440 3569 5492 p'
3597 5425 3824 5480 nionem

2233 5520 2289 5565 et
2325 5515 2658 5568 consortium
2693 5514 2889 5568 habere
2934 5516 2986 5567 in
3041 5530 3210 5584 regno
3255 5519 3540 5570 calorum.
3569 5515 3640 5569 Et
3676 5531 3826 5570 (mt-

2230 5606 2548 5661 mendantes
2591 5608 2735 5671 seni,
2786 5608 3035 5662 abierunt
3062 5609 3114 5663 io
3143 5610 3413 5663 civitatem
3450 5623 3462 5662 :
3499 5621 3648 5679 pater
3703 5623 3824 5664 vero

2227 5699 2371 5753 illius
2399 5703 2442 5753 si
2477 5698 2766 5770 aliquando
2799 5702 3105 5756 inveniebat
3139 5703 3494 5768 monachum,
3544 5705 3687 5759 latine
3734 5704 3825 5756 ad-

2226 5792 2456 5848 ducebat
2504 5794 2570 5849 ad
2599 5797 2816 5851 domum
2861 5811 3037 5863 suam,
3072 5813 3272 5867 rogans
3303 5807 3360 5852 ut
3389 5809 3570 5853 oraret
3596 5813 3692 5868 pro
3737 5813 3817 5852 ea.

2229 5886 2344 5945 Una
2391 5895 2573 5947 autem
2603 5888 2693 5947 die
2742 5891 3135 5962 anniversaria,
3167 5890 3388 5962 quando
3417 5893 3697 5949 ordinatus
3736 5898 3821 5945 est
