4162 6352
271 410 380 468 645

1184 406 1342 464 VITA
1382 401 1678 464 SANC'I‘E
1715 399 2212 460 EUPHROSYME
2283 402 2598 462 Vl-llGlNlS.

3455 409 3558 468 (943

266 530 436 585 abbas
464 525 796 593 monasterii,
826 525 896 580 de
918 541 1026 589 quo
1052 541 1212 595 supra
1247 526 1501 590 diximus,
1532 527 1677 579 misit
1700 524 1865 578 abbas
1895 522 1942 581 Α
1975 538 2093 578 meo
2119 524 2430 580 inobedieos
2452 541 2573 581 esse
2596 525 2728 595 patri
2746 541 2890 592 meo,
2913 535 2967 581 et
2985 527 3106 596 quid
3134 525 3322 583 faciam
3350 532 3561 585 nescio.

192 673 202 686 ._
268 615 434 682 tinum
482 609 795 678 efratribus
825 619 890 672 ad
942 618 1323 688 Paphnutinm,
1373 629 1430 673 ut
1463 620 1709 672 invitaret
1739 631 1864 670 enm

196 687 206 703 ’
267 700 333 782 ad
367 697 762 768 Solemnitateni
797 711 1003 765 abbatis
1024 687 1041 764 7:
1069 712 1159 781 qui
1189 712 1375 765 ahieus
1399 712 1449 764 in
1481 711 1700 764 domum
1724 712 1862 776 ejus,

267 785 546 877 requisivit
577 820 725 860 eum.
761 804 914 858 Pueri
949 810 1130 858 autem
1160 804 1410 857 dixerunt
1443 802 1490 857 ei
1521 819 1531 854 :
1571 802 1860 857 Processit.

339 899 470 954 Cn.
505 897 590 952 Vl.
619 927 689 937 —
716 897 956 951 Audiens
1002 911 1128 950 vero
1183 896 1564 966 Euphrosyna,
1595 905 1648 949 et
1694 895 1864 948 advo-

269 1006 403 1046 eans
453 992 600 1045 illum
653 989 910 1054 fratrem,
963 990 1126 1058 erepit
1176 1004 1299 1043 eum
1351 989 1734 1058 interrogare:
1773 987 1867 1042 Dic

267 1086 399 1152 mihi
435 1101 530 1152 pro
561 1084 841 1145 charitate,
877 1084 1094 1138 domine
1127 1083 1196 1137 mi
1231 1080 1413 1148 frater,
1447 1083 1630 1152 quanti
1673 1081 1865 1137 fratres

267 1181 402 1235 estis
432 1179 484 1234 in
516 1178 863 1233 m0nasterio.
899 1180 966 1231 At
997 1178 1090 1232 ille
1122 1177 1294 1232 dixit:
1325 1175 1570 1230 Trecenti
1603 1177 1870 1246 quinqua-

266 1274 415 1344 ginta
447 1272 574 1327 duo.
625 1271 766 1326 Dixit
793 1271 839 1325 ei
887 1270 1103 1340 puella:
1138 1269 1240 1337 Qui
1281 1269 1510 1324 voluerit
1549 1270 1732 1324 venire
1763 1268 1867 1324 illic

265 1353 334 1419 ad
382 1363 819 1425 conversionem,
852 1361 1079 1431 suscipit
1124 1361 1274 1414 illum
1304 1361 1470 1415 abbas
1519 1360 1732 1414 vester?
1765 1361 1871 1422 lies

263 1459 484 1528 Spondil
513 1459 560 1512 ei
588 1476 602 1513 :
635 1457 808 1513 Etiam
849 1472 970 1511 cum
1003 1457 1172 1510 multo
1203 1457 1399 1527 gaudio
1428 1455 1653 1524 suscipit
1693 1455 1869 1520 illum,

266 1551 501 1605 maxime
533 1561 748 1620 propter
781 1563 964 1604 vocem
998 1545 1235 1612 Domini,
1269 1549 1358 1616 qui
1391 1547 1563 1601 dixit:
1591 1547 1695 1614 Qui
1724 1549 1870 1602 venit

264 1637 332 1696 ad
385 1659 472 1697 me
495 1686 509 1708 ,
546 1658 650 1697 non
680 1643 889 1709 ejiciam
946 1641 1089 1696 foras
1137 1639 1318 1707 (Joan.
1354 1639 1452 1709 vi).
1485 1639 1622 1694 Dicit
1657 1640 1705 1694 ei
1753 1641 1868 1694 Eu-

267 1738 546 1805 phrosyna
581 1751 594 1788 :
631 1733 829 1788 Omnes
886 1732 940 1788 in
992 1729 1222 1788 ecclesia
1270 1743 1446 1787 vestra
1499 1732 1763 1800 psallitis,
1815 1742 1874 1794 et

265 1828 551 1897 aequaliter
593 1827 888 1896 jejunatis?
949 1828 1083 1882 Dicit
1113 1826 1161 1882 ei
1208 1827 1504 1881 monachus
1537 1826 1625 1881 ille
1659 1845 1670 1878 :
1705 1825 1868 1881 Com-

1971 615 2157 670 Totam
2208 620 2348 673 enim
2379 629 2590 673 noctem
2622 621 2825 690 absque
2853 635 3042 675 somno
3075 621 3327 686 transivi,
3369 631 3559 686 postu~

1972 709 2085 764 lans
2117 712 2278 766 Deum
2307 721 2367 765 ut
2397 713 2704 768 ostenderet
2729 715 2920 768 animae
2961 730 3092 767 mea!
3136 713 3559 770 miseriCordiam

1969 819 2153 868 Suam;
2185 819 2236 861 et
2270 824 2426 861 mane
2459 809 2618 876 facto,
2656 809 2853 877 placuit
2903 809 3028 864 mihi
3062 809 3273 862 mittere
3307 810 3357 862 in
3389 811 3564 863 eccle-

1970 897 2126 961 siam,
2163 909 2214 951 et
2247 899 2514 952 adducere
2543 916 2702 952 unutn
2739 902 2975 966 fratrem,
3007 910 3064 954 ttt
3089 900 3324 954 audirem
3357 901 3423 954 ab
3449 902 3562 968 ipso

1970 989 2189 1042 verbum
2221 989 2428 1053 salutis,
2458 999 2512 1044 et
2542 990 2666 1058 quid
2714 991 2890 1044 facere
2918 991 3166 1046 debeam.
3213 991 3428 1045 Postulo
3469 1007 3565 1044 au-

1971 1089 2076 1136 tem
2111 1092 2182 1144 te,
2215 1081 2391 1144 Pater,
2430 1099 2523 1150 pro
2556 1083 2807 1138 mercede
2837 1084 3032 1138 anima:
3065 1095 3199 1149 tuae,
3235 1085 3348 1139 scio
3375 1087 3495 1152 quia
3534 1100 3564 1140 a

1972 1172 2082 1230 Deo
2113 1176 2308 1228 missus
2339 1189 2420 1239 es,
2451 1173 2587 1229 doce
2627 1190 2713 1230 me
2739 1191 2857 1246 quae
2902 1173 2990 1230 Dei
3021 1185 3163 1230 sunt.
3202 1177 3336 1229 Dicit
3381 1177 3429 1231 ei
3474 1191 3567 1231 se-

1973 1269 2093 1319 nior
2131 1281 2144 1319 :
2181 1265 2435 1320 Dotmnus
2479 1267 2610 1320 dicit
2640 1286 2651 1320 :
2678 1269 2734 1321 Si
2788 1268 2906 1337 quis
2955 1285 3060 1322 non
3113 1270 3568 1325 abrenuntiaverit

1972 1368 2202 1430 patrem,
2246 1367 2302 1414 et
2345 1369 2602 1426 matrem,
2635 1371 2689 1415 et
2719 1362 2932 1425 fratres,
2965 1372 3016 1416 et
3054 1362 3210 1426 lilios,
3262 1363 3475 1430 insuper
3514 1369 3571 1418 et

1976 1450 2242 1517 propriam
2290 1451 2551 1518 anin'iam,
2605 1468 2709 1506 non
2743 1462 2914 1520 potest
2946 1468 3098 1508 meus
3128 1468 3248 1508 esse
3279 1453 3570 1522 discipulus

1974 1541 2156 1614 (Luae
2198 1542 2328 1615 XIV).
2365 1545 2473 1612 Ego
2515 1545 2606 1599 tibi
2641 1547 2758 1614 plus
2795 1546 2976 1602 dicere
3019 1548 3222 1602 nescio.
3273 1547 3474 1602 Tamen
3521 1547 3570 1604 si

1981 1646 2132 1702 potes
2178 1636 2317 1691 ferte
2352 1648 2677 1694 tentanienta
2723 1641 2934 1701 carnis.
2972 1643 3210 1710 relinque
3256 1642 3465 1709 omnia,
3515 1649 3572 1696 et

1975 1728 2097 1797 fuge
2128 1729 2407 1785 faciiltates
2435 1736 2600 1800 patris
2630 1733 2725 1802 tui,
2767 1749 2886 1802 qua:
2918 1734 3111 1787 multus
3141 1735 3418 1788 inveniunt
3449 1733 3566 1787 hae-

1975 1823 2152 1877 redes.
2186 1823 2322 1878 Ecce
2347 1826 2560 1893 ptochia
2582 1827 2684 1898 (5);
2718 1828 3039 1881 hierocomia
3067 1829 3175 1898 (.i),
3212 1827 3563 1892 seuodochia,

267 1923 503 1979 muniter
527 1923 740 1992 quidem
773 1921 1073 1992 psallimus,
1096 1921 1302 1992 ji-junia
1337 1936 1465 1975 vero
1497 1923 1867 1992 unusquisque
1897 1913 1946 1974 Β
1972 1920 2290 1972 monasteria
2311 1959 2324 1982 ,
2383 1920 2586 1985 vidttte,
2629 1920 2835 1989 pupilli,
2872 1920 3169 1990 peregrini,
3219 1920 3435 1986 inlirmi,
3477 1934 3572 1974 ca-

263 2017 538 2090 quomodo
588 2017 729 2080 vult,
780 2027 870 2069 aut
901 2026 1158 2086 quantum
1191 2014 1352 2079 valet,
1381 2023 1440 2068 ut
1467 2029 1574 2067 non
1616 2016 1708 2067 li.it
1737 2029 1868 2068 con-

267 2116 453 2162 tn'max
481 2107 770 2161 voluntatis
818 2107 1177 2173 conversatio,
1210 2105 1303 2161 sed
1333 2105 1534 2176 preprii
1577 2104 1786 2160 arbitrii
1815 2113 1870 2182 et

265 2203 560 2276 spontanee
637 2203 932 2258 voluntate.
1028 2202 1255 2256 Omnem
1331 2217 1461 2272 ergo
1525 2212 1872 2273 perscrutans

268 2298 657 2350 monachorum
724 2295 1246 2362 conversationem,
1325 2293 1465 2348 dix1t
1539 2295 1604 2348 ad
1686 2309 1873 2348 mona-

273 2379 437 2440 Chuin
467 2406 477 2438 :
537 2387 790 2442 Volebam
822 2387 992 2452 abire,
1047 2394 1103 2442 et
1133 2387 1414 2455 pervenire
1442 2386 1506 2440 ad
1564 2385 1872 2458 hujnsmodi

269 2479 683 2534 inenarrabilein
721 2481 917 2544 vitam;
952 2480 1046 2534 sed
1080 2482 1242 2533 timeo
1275 2479 1590 2534 inobediens
1625 2493 1744 2534 esse
1777 2493 1873 2546 pa-

269 2573 336 2628 tri
367 2589 510 2641 meo,
543 2573 665 2643 quia
697 2589 792 2642 pro
839 2589 971 2626 vana
1004 2583 1056 2626 ct
1084 2572 1287 2627 caduca
1333 2572 1489 2641 hujus
1531 2571 1713 2627 s:eculi
1745 2571 1876 2624 sub-

271 2668 469 2722 stantia
521 2669 667 2735 cupit
718 2683 800 2719 me
833 2666 1043 2720 tradere
1094 2666 1231 2719 viro.
1269 2664 1405 2719 Dicit
1434 2665 1483 2717 ei
1534 2664 1871 2718 monachus:

273 2761 471 2822 Soror,
503 2751 606 2812 non
637 2759 915 2828 permittas
948 2768 1003 2812 ut
1037 2760 1238 2825 polluat
1270 2757 1429 2810 homo
1458 2771 1652 2824 corpus
1699 2766 1872 2824 tuum,

270 2864 323 2908 et
355 2853 530 2906 tradas
560 2854 718 2906 talem
751 2851 1202 2920 pulchritudinem
1237 2849 1344 2918 pati
1377 2850 1748 2919 Opprobrinin,
1777 2850 1872 2903 sed

272 2939 540 3011 desponsa
569 2952 619 2996 te
646 2942 880 3007 ϐίη-Νη,
912 2943 999 3010 qui
1027 2942 1117 2994 tibi
1147 2951 1317 3008 potest
1350 2959 1444 3009 pro
1473 2941 1601 3010 ipsis
1624 2943 1877 2995 omnibus

278 3035 685 3090 "'aliSthlllibUD
714 3031 844 3090 dare
876 3051 1098 3106 regnum
1125 3036 1411 3099 caelorum,
1459 3046 1513 3090 et
1543 3035 1876 3090 consortium

277 3129 614 3197 angelorum.
646 3129 867 3183 Ucculte
898 3140 1076 3183 autem
1106 3130 1316 3195 exiens,
1351 3127 1484 3183 Vade
1507 3129 1573 3183 ad
1607 3137 1878 3183 monaste-

277 3220 442 3286 rium,
479 3232 681 3274 mutato
730 3221 909 3275 habitu
958 3222 1205 3275 saeculari
1252 3222 1412 3274 indue
1444 3233 1646 3275 vestem
1694 3236 1880 3274 mona-

1983 2009 2134 2077 ptivi,
2185 2009 2273 2062 ubi
2319 2011 2544 2066 voluerit
2575 2021 2628 2068 et
2657 2013 2916 2082 placuerit
2943 2016 3079 2083 patri
3108 2023 3229 2079 tuo,
3271 2014 3574 2083 relinquet;

1979 2111 2031 2154 tu
2065 2103 2203 2164 sola,
2259 2118 2328 2158 ne
2377 2105 2572 2172 perdas
2625 2106 2860 2159 animam
2904 2115 3068 2160 tuam.
3101 2105 3238 2160 Dicit
3275 2105 3326 2158 ei
3359 2104 3574 2174 puella:

1978 2191 2204 2250 Conﬁdo
2263 2195 2316 2251 in
2369 2197 2532 2252 Deum
2587 2209 2642 2252 et
2696 2199 3026 2252 orationibus
3089 2199 3215 2264 tuis,
3270 2199 3391 2267 quia
3428 2197 3579 2252 labo-

1977 2301 2097 2342 rare
2159 2287 2329 2342 l.abeu
2383 2304 2480 2358 pro
2521 2289 2696 2343 anima
2728 2306 2877 2356 mea,
2948 2291 3057 2345 Deo
3085 2291 3395 2345 auxiliante.
3441 2290 3578 2348 Dicit

1980 2379 2029 2432 ei
2075 2394 2239 2434 senex
2272 2396 2284 2431 :
2317 2379 2464 2434 Talia
2505 2381 2771 2436 desideria
2801 2398 2832 2436 a
2872 2383 3122 2436 lirmitatc
3170 2400 3274 2437 non
3320 2383 3575 2437 decidan-

1981 2481 2094 2536 tur;
2128 2470 2286 2524 modo
2317 2474 2456 2526 enim
2486 2484 2568 2527 est
2596 2484 2802 2542 tempus
2833 2474 3181 2542 ptenitentiic.
3215 2473 3353 2528 Dicit
3382 2477 3431 2529 ei
3467 2475 3574 2529 Eu-

1980 2564 2253 2635 pltrosyna
2283 2584 2294 2618 :
2329 2567 2388 2620 Et
2421 2567 2544 2622 ideo
2578 2575 2626 2622 te
2653 2568 2886 2640 fatigavi.
2915 2580 2971 2623 ut
3000 2569 3223 2639 impleas
3248 2570 3576 2625 desiderium

1986 2674 2200 2723 meum;
2237 2667 2289 2711 et
2322 2660 2458 2713 facta
2489 2662 2730 2716 oratione
2779 2661 3064 2716 benedicas
3092 2678 3207 2727 me,
3255 2675 3305 2716 et
3336 2663 3579 2718 abscidas

1981 2763 2189 2802 comam
2219 2751 2413 2818 capitis
2456 2752 2584 2806 mei.
2619 2751 2684 2806 Et
2714 2768 3008 2825 exsurgens
3035 2753 3235 2820 senior,
3269 2753 3406 2808 facta
3454 2771 3582 2808 orao

1984 2841 2127 2895 tiooe
2158 2842 2385 2896 abscidit
2413 2857 2621 2897 comam
2650 2846 2840 2914 capitis
2869 2848 3008 2914 ejus,
3039 2847 3318 2916 induitque
3343 2862 3460 2901 eam
3495 2859 3581 2901 tu-

1984 2936 2158 2990 nicam
2191 2939 2481 2994 schematis
2510 2939 2612 3011 (5),
2638 2949 2694 2996 et
2717 2957 2881 2995 orans
2909 2956 3005 3010 pro
3031 2959 3094 2996 ea
3118 2943 3255 2997 dixit
3278 2957 3293 2999 :
3319 2943 3459 2998 Deus
3489 2943 3582 3013 qui

1985 3034 2234 3088 liberavit
2281 3052 2467 3091 omnes
2497 3047 2714 3092 sanctos
2752 3053 2909 3103 suos,
2943 3039 3060 3107 ipse
3105 3039 3372 3094 custodiat
3419 3048 3473 3094 te
3511 3040 3583 3096 ab

1985 3130 2130 3182 omni
2161 3129 2324 3184 malo.
2359 3131 2421 3184 Et
2454 3131 2568 3186 haec
2595 3131 2780 3187 dicens
2809 3148 2975 3189 senex
2995 3175 3008 3198 ,
3042 3133 3290 3190 discessit
3313 3134 3383 3189 ab
3410 3149 3494 3200 ea,
3527 3141 3584 3191 et

1985 3221 2291 3275 ambulabat
2317 3222 2368 3276 in
2404 3224 2484 3275 via
2516 3239 2608 3277 sua
2640 3225 2896 3294 gaudens.

278 3297 505 3382 cliilem,
561 3324 618 3369 ut
646 3315 819 3382 possis
845 3316 1096 3370 evadere.
1128 3316 1258 3383 Quae
1304 3331 1424 3370 cum
1460 3314 1574 3368 hzec
1621 3317 1880 3381 audi—set,
1909 3296 1959 3361 (ἶ
2061 3313 2223 3385 665
2263 3315 2394 3370 CAP.
2432 3316 2559 3370 \lll.
2589 3347 2661 3357 —
2690 3318 3037 3388 Euphrosyna
3066 3333 3193 3376 vero
3237 3322 3480 3389 cogitans
3529 3321 3582 3378 in

280 3406 488 3479 placuit
518 3405 615 3476 illi,
648 3420 699 3463 et
727 3409 862 3463 dixit
906 3410 976 3462 ad
1007 3426 1128 3464 eum
1166 3430 1178 3464 :
1215 3414 1278 3464 lit
1305 3409 1424 3480 quis
1457 3428 1540 3464 me
1574 3409 1733 3464 habet
1765 3420 1883 3464 tou-

281 3500 452 3556 dere?
482 3501 705 3556 Nolebat
732 3519 758 3553 a
793 3503 930 3558 luit-0
957 3504 1190 3567 tonderi,
1223 3503 1310 3574 qui
1341 3521 1445 3558 non
1474 3514 1653 3558 servat
1697 3506 1883 3561 fidem.

284 3591 426 3647 Dicit
455 3595 502 3647 ei
533 3591 827 3649 tnOnacbus
874 3593 1003 3650 ille:
1039 3595 1176 3649 Ecce
1224 3607 1373 3665 pater
1404 3608 1524 3650 tuus
1566 3596 1744 3651 veniet
1772 3614 1885 3651 ine-

282 3704 408 3743 cum
439 3685 503 3742 ad
535 3689 943 3757 monasterium,
977 3699 1032 3744 et
1071 3689 1230 3744 faciet
1255 3691 1324 3744 ibi
1357 3699 1466 3744 tres
1494 3693 1608 3744 dies
1639 3692 1720 3745 vel
1753 3708 1885 3762 qua-

285 3790 431 3834 tuor.
483 3780 562 3835 Tu
590 3790 769 3836 autem
816 3782 991 3837 adduc
1023 3799 1184 3837 unum
1217 3784 1286 3839 de
1316 3787 1618 3853 monachis,
1650 3794 1706 3840 et
1752 3799 1887 3854 quo-

285 3867 449 3929 modo
477 3875 645 3940 voles,
677 3886 922 3930 occurret
955 3877 1043 3930 tibi
1086 3892 1204 3930 cum
1239 3892 1432 3948 magno
1461 3878 1678 3946 gaudio.

356 3965 488 4022 CAP.
527 3959 632 4022 VII.
659 3999 726 4010 —
757 3970 879 4025 llaec
908 3981 963 4024 et
987 3971 1068 4025 his
1098 3970 1290 4025 similia
1317 3970 1410 4026 izlo
1437 3973 1650 4028 dicente
1681 3974 1747 4028 ad
1779 3974 1886 4029 Eu-

287 4063 642 4135 phrosynam,
677 4065 817 4120 venit
850 4065 1214 4134 Paphnutius,
1245 4077 1298 4121 et
1325 4068 1510 4123 videns
1539 4070 1886 4136 monachum,

287 4153 638 4225 interrogavit
691 4174 851 4221 eum,
900 4159 1127 4213 dicens:
1173 4160 1310 4225 Quid
1342 4161 1408 4214 ad
1465 4176 1564 4216 nos
1616 4161 1886 4218 fastidium

287 4249 595 4317 sumpsisti,
648 4247 902 4305 domine?
936 4253 994 4305 Et
1031 4252 1162 4307 dixit
1193 4254 1257 4306 ad
1305 4270 1467 4309 eum:
1506 4257 1888 4317 Anniversaria

287 4333 403 4395 dies
431 4352 514 4394 est
544 4342 871 4403 nionasterii.
905 4343 1050 4398 misit
1078 4361 1163 4400 me
1212 4348 1376 4402 abbas
1408 4358 1465 4402 ut
1493 4351 1682 4404 venias
1712 4365 1766 4406 et
1795 4368 1888 4406 ac-

287 4437 455 4505 cipias
486 4438 942 4497 benedictionem.
967 4441 1193 4498 Gavisus
1219 4457 1297 4498 t'Sl
1320 4458 1496 4501 autem
1533 4447 1890 4517 Paphnutius,

286 4531 672 4602 ingressusque
699 4549 818 4589 cum
853 4550 917 4589 eo
950 4536 1003 4590 in
1037 4538 1356 4604 naviculam,
1385 4541 1635 4596 abierunt
1689 4543 1740 4596 in
1772 4558 1888 4597 mo-

289 4627 604 4682 nasterium.
635 4628 766 4682 Cum
791 4639 967 4684 autem
997 4646 1137 4686 esset
1168 4633 1261 4696 ibi,
1290 4634 1505 4688 mittens
1531 4635 1893 4706 Euplirosyna'

285 4734 450 4773 unum
486 4720 742 4775 famulum
801 4723 1190 4790 fidelissimum,
1224 4728 1400 4781 dixit:
1441 4728 1582 4784 Vade
1611 4729 1664 4782 io
1701 4745 1888 4786 mona-
1915 4696 1969 4759 Β

282 4801 511 4866 έιυτίυιιι
550 4811 865 4882 Theodosii,
917 4815 1302 4889 ingressusque
1343 4820 1649 4886 ecclesiam,
1695 4839 1884 4878 IllOlla-

283 4901 444 4984 chnin
477 4918 634 4972 quem
666 4904 734 4959 ibi
768 4905 1043 4961 inveneris
1073 4907 1246 4963 adduc
1293 4919 1488 4964 tecum.
1523 4911 1884 4968 llliser.cordia

282 5005 463 5048 anlem
501 4995 590 5049 Dei
623 5012 748 5052 ecce
807 4998 1022 5068 quidam
1057 5003 1354 5055 monachus
1385 5003 1634 5058 veniebat
1681 5007 1747 5061 de
1778 5022 1888 5061 mo-

283 5091 542 5153 nasterio,
576 5093 815 5146 vendens
837 5109 954 5163 qn;c
978 5109 1159 5150 secum
1185 5096 1434 5152 habebat.
1467 5100 1529 5152 Et
1552 5099 1738 5156 videns
1760 5117 1884 5158 eum

282 5171 451 5258 puer,
486 5185 686 5252 regavit
714 5199 836 5239 eum
879 5194 934 5239 ut
964 5187 1168 5242 veniret
1200 5189 1267 5242 ad
1319 5189 1749 5262 Euphrosynam.
1782 5193 1886 5259 Qui

282 5286 407 5324 cum
439 5275 706 5339 veniSset,
738 5275 923 5330 videns
947 5291 1068 5332 eum
1115 5281 1310 5347 puella,
1360 5296 1585 5352 surgens
1630 5285 1884 5341 salutavit

279 5378 428 5430 eum,
460 5363 645 5420 dircns
675 5383 686 5418 :
718 5363 822 5422 Ora
852 5383 948 5438 pro
979 5386 1086 5433 me,
1121 5371 1308 5438 Pater;
1341 5381 1394 5426 et
1419 5390 1580 5429 orans
1603 5376 1884 5433 benedixit

275 5470 424 5518 eam,
458 5468 505 5511 et
537 5452 695 5511 sedit.
730 5451 870 5515 Dixit
901 5470 1076 5517 autem
1111 5463 1504 5538 Euphrosyna:
1538 5469 1760 5526 Domine
1787 5472 1906 5538 mi,.

275 5565 382 5620 ego
412 5541 583 5606 habeo
623 5563 826 5620 patrem
859 5553 1220 5611 Chrisiannm
1254 5568 1307 5613 et
1347 5575 1560 5615 servum
1597 5563 1721 5630 Dei,
1757 5582 1884 5633 pos-

277 5657 552 5699 sessorem
599 5647 909 5703 substantize
943 5651 1131 5710 nimis:
1177 5651 1466 5721 habuitque
1513 5672 1732 5712 uxorem
1765 5677 1885 5729 quae

277 5752 368 5818 me
401 5733 607 5807 genuit,
639 5755 755 5807 qua:
779 5741 890 5809 jam
917 5743 1164 5797 transivit
1191 5746 1258 5800 de
1280 5747 1378 5800 hac
1409 5750 1535 5803 vita.
1565 5749 1688 5806 Vult
1706 5761 1883 5809 autem

274 5843 433 5904 pater
465 5849 619 5889 meus
668 5850 762 5903 pro
800 5837 1047 5892 omnibus
1076 5839 1235 5895 rebus
1260 5844 1373 5896 suis
1405 5847 1615 5902 tradere
1645 5862 1730 5902 me
1776 5863 1880 5903 saa-

270 5925 405 6012 culo
438 5927 564 5982 huic
590 5925 797 5999 iniquo,
825 5939 880 5987 et
901 5944 1002 6001 ego
1030 5929 1154 5990 nolo
1193 5931 1458 6003 inquinari
1488 5938 1540 5994 in
1573 5953 1658 6004 eo,
1690 5937 1782 5993 sed
1817 5939 1881 5995 ti-

1987 3411 2270 3478 semetipsa
2302 3409 2478 3464 dixit:
2505 3409 2562 3467 Si
2594 3412 2936 3468 ainbulavero
2967 3412 3019 3466 in
3051 3412 3382 3469 monasterio
3427 3413 3582 3480 μίξις

1989 3503 2156 3555 larum
2176 3541 2192 3566 ,
2225 3513 2380 3570 pater
2413 3517 2564 3556 meus
2589 3504 2866 3572 requirens
2898 3504 3130 3559 inveniet
3159 3521 3266 3569 me,
3298 3513 3352 3560 et
3378 3505 3585 3560 violena

1989 3603 2072 3649 ter
2101 3595 2276 3649 trahet
2305 3610 2391 3650 me
2412 3594 2537 3650 inde
2569 3608 2786 3665 propter
2814 3611 3072 3666 sponsum
3116 3614 3316 3654 meum.
3345 3599 3584 3654 Proinde

1991 3701 2208 3756 pergam
2230 3687 2296 3741 ad
2325 3691 2707 3745 monasterium
2730 3691 2990 3756 virorum,
3013 3691 3103 3746 ubi
3126 3693 3300 3746 nullus
3321 3691 3584 3760 suspiciet

1991 3793 2077 3833 me
2107 3793 2246 3832 esse.
2283 3780 2346 3832 lit
2377 3779 2491 3834 haec
2519 3779 2704 3836 dicens
2736 3781 2961 3850 projecit
2991 3791 3190 3838 vestem
3232 3783 3584 3848 muliebrem,

1991 3870 2269 3941 induitque
2306 3885 2366 3928 se
2395 3873 2621 3940 virilem,
2650 3882 2703 3928 et
2745 3889 2868 3930 sere
2911 3874 3050 3929 facto
3097 3872 3261 3930 exivit
3303 3875 3373 3928 de
3421 3874 3587 3928 domo

1993 3980 2116 4031 sua,
2142 3967 2414 4034 accipiens
2436 3982 2619 4022 secum
2644 3969 2964 4037 quingentos
2984 3967 3206 4031 solidos,
3229 3976 3285 4021 et
3303 3966 3586 4024 abscondit

1991 4075 2052 4116 se
2082 4061 2134 4116 in
2165 4062 2346 4132 aliquo
2379 4063 2497 4118 loco
2528 4077 2623 4132 per
2651 4072 2816 4118 totam
2848 4072 3082 4118 noctem.
3114 4063 3269 4120 Mane
3297 4074 3474 4118 autem
3506 4061 3586 4116 fa-

1993 4162 2103 4220 cto,
2153 4155 2302 4209 venit
2344 4164 2500 4222 pater
2536 4154 2653 4226 ejus
2698 4156 2750 4210 in
2796 4155 3102 4223 civitatem;
3149 4158 3362 4212 volente
3405 4166 3588 4212 autem

1997 4247 2130 4313 Deo,
2151 4247 2330 4302 statim
2364 4249 2416 4302 in
2449 4248 2674 4305 ecclesia
2706 4250 3018 4305 ambulavit.
3051 4250 3398 4321 Euphrosyna
3429 4251 3591 4320 igitur

1995 4343 2237 4414 pervenit
2262 4341 2330 4398 ad
2360 4347 2742 4400 monasterium
2769 4346 2920 4405 illud.
2949 4347 3040 4401 tibi
3065 4357 3123 4400 et
3155 4355 3307 4415 pater
3327 4345 3441 4413 ejus
3467 4353 3587 4400 erat

1995 4439 2326 4500 notissimus,
2351 4449 2404 4493 et
2426 4439 2688 4494 nuntiavit
2716 4454 2811 4507 per
2832 4439 3108 4494 osﬁariuin
3131 4439 3330 4503 abbati,
3351 4437 3534 4492 dicens
3564 4453 3583 4490 :

1995 4529 2284 4584 Eunuchus
2314 4530 2528 4598 quidam
2569 4531 2636 4585 de
2674 4532 2874 4600 palatio
2914 4532 3166 4594 veniens,
3221 4539 3344 4584 ante
3387 4529 3587 4584 ostium

1996 4634 2120 4688 stat,
2171 4623 2397 4692 cupiens
2438 4623 2583 4693 loqui
2633 4631 2827 4677 tecum.
2880 4622 3110 4692 Egresso
3140 4632 3314 4677 autem
3357 4622 3587 4688 abbate,

1998 4715 2223 4784 projc-cit
2272 4730 2332 4770 se
2377 4716 2724 4785 Euphrosyna
2758 4717 2809 4771 in
2855 4723 3028 4782 terra,
3060 4723 3116 4770 et
3163 4717 3298 4770 facta
3345 4713 3591 4769 oratione

1997 4808 2272 4863 sederunt.
2308 4808 2442 4863 Dicit
2470 4808 2518 4862 ei
2549 4823 2714 4864 senex
2745 4824 2758 4862 :
2793 4807 2929 4876 Quid
2957 4818 3040 4863 est
3069 4809 3209 4879 quod
3242 4809 3346 4863 huc
3369 4807 3590 4874 venisti,

1999 4901 2114 4955 liii?
2145 4901 2282 4955 Dicit
2302 4903 2351 4956 ei
2382 4902 2736 4974 Euphrosyna
2775 4919 2787 4957 :
2819 4903 2934 4972 Ego
2961 4903 3174 4973 quidem
3198 4904 3264 4957 de
3293 4901 3490 4968 palatio
3514 4900 3590 4956 fui

1996 4997 2306 5062 eunuchus,
2337 5009 2386 5050 et
2419 4997 2744 5052 desiderium
2777 4998 2932 5052 habui
2963 5012 3182 5067 semper
3225 4994 3596 5050 conversatio-

1997 5105 2119 5144 nem
2149 5092 2558 5154 monachorum.
2583 5102 2638 5147 et
2657 5092 2850 5147 civitas
2878 5103 3061 5146 nostra
3089 5103 3229 5145 nunc
3250 5089 3405 5144 valde
3429 5088 3591 5143 habet

1994 5186 2097 5242 hoc
2125 5187 2359 5241 Studium
2387 5187 2834 5243 conVersationis.
2858 5186 3053 5242 Notum
3079 5197 3256 5240 autem
3281 5184 3477 5236 factum
3503 5190 3590 5236 est

1995 5279 2123 5334 mihi
2148 5280 2218 5336 de
2246 5281 2383 5335 bona
2416 5291 2592 5338 vestra
2624 5283 3059 5346 conversatione,
3085 5290 3138 5335 et
3165 5279 3324 5349 cupio
3347 5277 3590 5332 habitare

1995 5374 2293 5428 vobiscum.
2330 5373 2511 5429 Habeo
2537 5377 2680 5430 enim
2722 5383 2778 5430 et
2803 5372 3172 5443 possessiones
3199 5374 3394 5425 tnuitas
3415 5413 3428 5432 ,
3457 5377 3510 5425 et
3541 5370 3590 5424 si

1993 5466 2242 5523 dominus
2270 5467 2479 5522 dederit
2523 5469 2788 5537 requiem,
2819 5465 3029 5520 adduco
3070 5477 3164 5519 eas
3207 5463 3330 5518 huc.
3369 5464 3501 5516 tiicit
3539 5463 3589 5518 cl

1993 5577 2158 5617 senex
2191 5580 2203 5615 :
2241 5565 2380 5618 liene
2409 5561 2618 5626 venisti,
2651 5563 2726 5617 lili
2758 5577 2772 5615 :
2803 5575 2928 5615 ecce
2957 5561 3369 5624 monasterium;
3393 5561 3434 5612 si
3469 5558 3586 5626 pla-

1993 5668 2100 5721 cet,
2132 5657 2312 5712 liabita
2342 5657 2640 5713 nobiscum.
2666 5658 2730 5710 Et
2753 5656 2885 5710 dicit
2908 5657 2956 5710 ei
2983 5670 3144 5711 senex
3169 5656 3260 5710 ille
3289 5673 3305 5709 :
3329 5653 3480 5724 Quod
3502 5657 3587 5707 est

1995 5767 2188 5806 nomen
2224 5753 2412 5807 tuum?
2441 5753 2572 5807 Dicit
2599 5753 2651 5808 ei
2676 5768 2692 5805 :
2722 5753 3064 5820 Smaragdns.
3103 5751 3237 5806 Dicit
3275 5750 3322 5805 ei
3372 5749 3536 5802 ahhas
3564 5757 3591 5803 ἰ

1991 5845 2215 5900 Juvenis
2243 5861 2327 5911 es,
2359 5861 2465 5900 non
2500 5855 2651 5917 potes
2687 5847 2831 5902 solus
2859 5847 3070 5912 sedere,
3103 5861 3234 5916 opus
3265 5854 3347 5898 εμι
3373 5843 3464 5897 tibi
3492 5842 3589 5898 ha-

1989 5942 2121 6001 bere
2149 5946 2488 6015 magistrum,
2523 5953 2579 6002 ut
2615 5947 2791 6003 discas
2817 5945 3076 6017 ,regulam
3124 5952 3179 5999 et
3222 5939 3592 6000 conversation
