4162 6352
555 404 657 469 64⁸1

1548 399 1635 459 DE
1676 398 1851 459 VITIS
1890 395 2172 458 PATRUM
2211 393 2418 457 LIBER
2458 394 2730 457 PRIMUS.

3729 391 3832 457 618

554 542 677 585 nem
723 521 1131 581 monachorum.
1174 516 1275 584 Qui
1324 515 1459 572 dixit
1506 516 1729 571 abbati:
1763 516 1911 572 Sicut
1960 514 2139 585 jubes,
2170 515 2222 578 Α
2248 512 2599 570 laborantium
2647 512 2885 584 requies,
2909 511 3234 582 gementium
3266 519 3452 582 portus
3477 522 3616 571 erat.
3641 512 3830 584 Terra,

554 619 772 678 domine
802 618 870 672 mi
896 658 909 681 ,
939 614 1017 670 sic
1050 612 1206 667 facio.
1239 611 1308 665 Et
1334 610 1553 681 protulit
1582 611 1899 680 quingentos
1940 606 2141 662 solidos

552 715 607 771 in
639 726 796 768 manu
845 707 1048 764 abbatis
1070 748 1084 772 ,
1116 706 1300 760 dicens
1331 723 1342 757 τ
1374 702 1568 773 Accipe
1618 705 1829 759 interim
1882 703 2033 767 istos,
2088 710 2144 754 et

552 805 600 861 si
640 803 823 858 videro
852 800 971 871 quia
1022 797 1220 869 possim
1271 797 1494 853 sufferre
1544 796 1652 863 hic,
1682 797 1899 851 venient
1952 805 2006 849 et
2055 792 2146 848 illa

551 896 777 965 reliqua.
811 892 1032 948 Vocavit
1061 890 1227 945 abbas
1258 905 1425 945 unum
1456 888 1714 953 fratrem,
1747 889 1961 943 nomine
2007 885 2149 954 Aga-

552 991 749 1057 pitum,
775 990 948 1042 virum
995 996 1259 1053 sanctum,
1292 994 1347 1039 et
1376 982 1757 1051 impassibilem
1782 1022 1796 1047 ,
1829 978 2048 1035 tradidit
2094 976 2148 1031 in

555 1095 743 1136 manus
773 1078 889 1149 ejus
917 1076 1266 1147 Smaragdum
1304 1121 1317 1145 ,
1348 1075 1533 1131 dicens
1561 1092 1573 1128 :
1602 1073 1813 1130 Amodo
1846 1073 1931 1127 hic
1959 1073 2062 1127 erit
2091 1071 2152 1124 fi-

552 1172 655 1228 lius
687 1181 806 1227 tuus
837 1180 892 1228 et
936 1169 1267 1241 discipulus;
1304 1170 1460 1225 talem
1491 1182 1615 1224 eum
1658 1169 1933 1237 cunsigna,
1967 1173 2021 1220 ut
2050 1178 2147 1219 ex-

552 1277 774 1338 superet
802 1267 1136 1337 magistrum.
1160 1266 1235 1320 Et
1263 1264 1414 1321 ﬂexis
1440 1263 1685 1335 genibus,
1719 1263 1851 1317 facta
1881 1259 2147 1325 oratione,

555 1361 891 1433 consignavit
916 1376 1059 1417 eum.
1097 1360 1161 1414 Et
1187 1358 1635 1428 respondentibus
1663 1357 1915 1411 omnibus
1948 1355 2147 1420 Amen,

554 1455 793 1525 suscepit
821 1468 943 1509 eum
972 1452 1228 1523 Agapitus
1256 1453 1307 1507 in
1331 1451 1522 1507 cellam
1551 1465 1725 1505 suam.
1748 1447 1815 1503 Et
1839 1447 1960 1516 quia
1987 1444 2149 1500 habe-

554 1547 644 1604 bat
674 1547 879 1601 vultum
927 1545 1183 1600 decorum
1235 1541 1581 1614 Smaragdus,
1614 1540 1742 1596 dum
1795 1538 2043 1594 veniebat
2092 1536 2147 1591 in

555 1638 835 1694 ecclesiam
882 1636 949 1692 ad
978 1635 1374 1707 deprecandum
1417 1634 1608 1700 Deum,
1658 1633 1856 1687 multos
1903 1627 2150 1684 diabolus

558 1732 816 1789 incitabat
846 1732 1101 1787 adversus
1148 1730 1397 1786 decorem
1442 1730 1620 1784 vultus
1668 1728 1809 1782 illius
1839 1741 1935 1796 per
1982 1722 2150 1780 malas

557 1828 926 1897 cogitationes,
962 1828 1031 1881 ita
1065 1835 1123 1880 ttt
1151 1840 1340 1881 omnes
1370 1826 1583 1880 molesti
1615 1833 1798 1879 essent
1819 1822 1994 1877 abbati
2016 1865 2030 1887 ,
2059 1821 2149 1889 qui

2252 613 2391 661 terra
2417 647 2432 671 ,
2476 621 2575 661 nec
2614 605 2758 661 celes
2801 605 3115 675 sanguinem
3164 619 3364 668 meum.
3399 604 3572 663 donec
3621 606 3837 667 videam

2250 699 2377 769 quid
2409 700 2775 772 Euphrosyntc
2805 698 2926 754 filia:
2972 714 3106 755 mea:
3148 699 3451 771 contigerit.
3483 702 3609 757 Hrec
3652 711 3710 759 et
3755 703 3837 761 bis

2251 790 2443 847 similia
2484 790 2787 861 Paphnutio
2836 800 3224 863 prosequente,
3257 793 3604 850 elevaverunt
3650 811 3836 852 utnnes

2253 882 2342 953 qui
2369 883 2593 938 aderant
2615 898 2800 950 voces,
2826 891 2880 939 et
2910 882 3130 954 flebant,
3161 885 3234 940 ita
3259 893 3315 941 ut
3342 885 3518 941 omnis
3546 888 3736 943 civitas
3761 887 3838 943 la-

2252 986 2579 1034 mentaretur
2596 991 2738 1037 eam.

2324 1067 2453 1123 Cu.
2490 1068 2555 1123 x.
2577 1097 2649 1110 —
2675 1070 2791 1124 Non
2832 1068 3092 1125 sufferens
3113 1078 3292 1124 autem
3340 1068 3688 1139 Paphnutius,
3741 1086 3840 1128 nec

2253 1160 2531 1216 inveniens
2579 1161 3041 1228 consolationem,
3084 1160 3319 1232 perrexit
3367 1162 3434 1217 ad
3484 1173 3840 1219 memoratum

2254 1268 2463 1319 senem,
2492 1254 2560 1309 de
2586 1269 2693 1324 quo
2719 1267 2880 1323 supra
2909 1253 3164 1320 diximus,
3196 1268 3258 1308 ac
3278 1254 3560 1326 procidens
3579 1254 3657 1309 ad
3680 1255 3843 1324 pedes

2253 1345 2392 1414 ejus,
2424 1345 2560 1400 dixit
2591 1361 2606 1399 τ
2644 1345 2771 1402 Peto
2801 1361 2868 1402 ne
2893 1360 3073 1402 cesses
3100 1348 3263 1419 366
3291 1362 3467 1416 orare,
3500 1356 3559 1403 ut
3598 1348 3843 1403 invenia-

2253 1446 2342 1491 tur
2370 1437 2524 1493 labor
2552 1439 2854 1495 orationum
2885 1448 3130 1506 tuarum;
3162 1440 3343 1496 nescio
3369 1442 3513 1495 enim
3539 1442 3667 1512 quid
3703 1442 3844 1496 acci-

2254 1529 2393 1586 derit
2432 1530 2552 1587 ﬁlia:
2583 1547 2737 1588 meae.
2773 1532 3011 1587 Audiens
3058 1542 3234 1587 autem
3288 1532 3603 1587 venerabilis
3652 1548 3841 1601 senex,

2253 1626 2599 1681 contristatus
2622 1635 2706 1681 est
2744 1625 2918 1693 valde,
2951 1634 3005 1681 et
3025 1625 3188 1696 jussit
3214 1625 3281 1680 ad
3308 1640 3368 1681 se
3412 1640 3599 1683 omnes
3653 1627 3843 1683 fratres

2254 1720 2457 1786 venire,
2491 1730 2544 1777 et
2584 1720 2720 1777 dixit
2748 1720 2827 1776 eis
2859 1738 2873 1777 :
2918 1720 3196 1776 Ostendite
3242 1720 3580 1786 charitatcm,
3614 1720 3841 1787 fratres;

2256 1815 2641 1884 postulemusa
2691 1816 2915 1871 Domino
2959 1824 3017 1870 ut
3065 1816 3311 1885 dignetur
3357 1815 3509 1871 nobis
3557 1816 3846 1873 ostendere

558 1919 719 1974 talem
750 1917 1202 1989 pulchritudinem
1240 1918 1627 1972 introduxisset
1657 1918 1709 1971 in
1740 1915 2145 1972 monasterium.
2182 1910 2226 1972 Β
2254 1908 2381 1976 quid
2412 1907 2610 1963 Γειοῑιιω
2648 1906 2723 1961 Sil
2766 1907 2833 1962 de
2874 1906 2981 1962 lilia
3021 1908 3179 1962 amici
3223 1908 3393 1963 nostri
3437 1905 3744 1977 Paphnutii.
3782 1909 3848 1965 Et

557 2009 737 2066 Abbas
764 2020 941 2066 autem
985 2010 1100 2066 haec
1128 2009 1373 2077 audiens,
1418 2009 1626 2065 vocavit
1676 2007 2046 2076 Smaragdutn,
2094 2013 2151 2061 et
2250 2000 2557 2071 jejunantes
2590 2016 2801 2067 omnes,
2832 2011 2886 2056 et
2916 2012 3154 2068 orantes,
3187 2009 3241 2057 et
3270 2010 3379 2057 tota
3408 2001 3744 2058 hebdomada
3768 2003 3848 2056 ni-

558 2099 697 2154 tlixit
721 2101 771 2156 ei
805 2118 817 2154 :
855 2101 1076 2156 Pulchra
1102 2110 1185 2156 est
1213 2100 1402 2166 facies,
1440 2101 1532 2167 fili,
1586 2100 1812 2155 infirmis
1860 2098 2145 2164 fratribus;

559 2194 681 2248 volo
711 2205 887 2249 autem
919 2204 974 2249 ut
1004 2195 1193 2250 sedeas
1222 2194 1372 2250 solus
1420 2194 1472 2249 in
1501 2194 1635 2249 cella
1668 2202 1777 2257 tua,
1809 2202 1863 2247 et
1909 2191 1980 2247 ibi
2010 2191 2148 2262 psal-

561 2286 662 2353 las,
695 2296 750 2343 et
780 2287 853 2344 ibi
885 2288 1195 2354 manduccs,
1225 2302 1329 2343 non
1357 2296 1535 2342 tamen
1565 2301 1903 2357 egressurum
1937 2295 1989 2339 te
2028 2284 2151 2340 inde

558 2384 774 2440 alicubi.
809 2384 873 2440 Et
915 2384 1167 2455 praecepit
1209 2385 1436 2455 Agapitu
1480 2392 1539 2438 ut
1591 2391 1911 2452 praepararet
1958 2381 2151 2436 cellam

563 2477 875 2544 solitariam,
908 2486 962 2532 et
990 2478 1044 2532 in
1074 2492 1135 2532 ea
1167 2477 1384 2547 degeret
1413 2476 1763 2548 Smaragtlus.
1800 2474 1946 2531 Fecit
1973 2483 2151 2530 autem

560 2569 815 2640 Agapitus
842 2570 1017 2624 omnia
1058 2584 1177 2639 qua:
1222 2568 1323 2623 sibi
1352 2583 1383 2623 a
1415 2566 1574 2623 Patre
1604 2567 1913 2622 monasterii
1945 2567 2155 2620 fuerant

562 2660 843 2731 imperata,
875 2670 929 2717 et
973 2661 1273 2716 introduxit
1309 2660 1662 2731 Smaragdum
1714 2659 1764 2713 in
1806 2658 1996 2713 cellam
2027 2656 2156 2712 soli-

562 2753 753 2808 tariam
778 2795 792 2819 ,
824 2764 881 2809 et
909 2762 1027 2809 erat
1056 2753 1125 2808 ibi
1152 2752 1481 2808 orationibus
1506 2766 1725 2821 vacans,
1753 2751 2075 2822 jejuniisque
2102 2759 2156 2805 et

562 2846 760 2917 vigiliis
788 2853 944 2900 nocte
969 2860 1030 2899 ac
1061 2844 1147 2900 die
1173 2860 1392 2912 operam
1426 2843 1609 2912 dabat,
1642 2843 1883 2898 serviens
1930 2843 2155 2896 Domino

564 2937 621 2993 in
652 2934 989 3007 simplicitate
1016 2935 1215 3001 cordis,
1238 2936 1311 2991 ita
1343 2944 1401 2990 ut
1425 2935 1714 2989 miraretur
1743 2933 2029 3004 praedictus
2050 2932 2157 2988 fra-

563 3036 670 3095 ter,
702 3029 792 3100 qui
821 3045 942 3085 eutn
972 3036 1307 3099 susceperat,
1336 3039 1388 3084 et
1416 3029 1664 3083 omnibus
1689 3028 1945 3083 fratribus
1976 3027 2159 3082 retulit

564 3121 682 3192 ejus
711 3121 1087 3183 constantiam.
1115 3130 1170 3177 et
1214 3136 1402 3176 omnes
1429 3120 1809 3177 collaudabant
1839 3120 2033 3187 Deum,
2066 3117 2159 3189 qui

568 3216 623 3271 in
653 3214 957 3271 infirmitate
985 3215 1107 3270 talia
1137 3224 1410 3285 operatur.

2256 2098 2330 2154 hil
2357 2100 2437 2153 eis
2465 2098 2759 2153 revelatum
2787 2105 2870 2152 est
2916 2096 2983 2151 de
3014 2096 3387 2168 Euphrosyna,
3428 2096 3566 2152 sicut
3613 2095 3845 2164 solebat,

2254 2188 2471 2259 quando
2493 2189 2707 2243 aliunde
2731 2188 2991 2259 rogabant
3017 2187 3203 2243 Deum.
3229 2187 3411 2243 Oratio
3433 2187 3574 2243 enim
3600 2187 3851 2256 Euphro-

2255 2294 2403 2352 synte
2425 2291 2541 2337 erat
2566 2282 2632 2336 ad
2659 2280 2825 2335 Deum
2852 2281 2937 2335 die
2965 2292 3253 2351 noctuque,
3279 2294 3346 2336 ne
3368 2280 3702 2337 manifestam
3725 2295 3851 2335 eam

2256 2374 2458 2431 faceret
2487 2375 2681 2430 in'vita
2707 2390 2801 2430 sua
2831 2375 2991 2430 Deus.
3022 2374 3157 2429 Cum
3186 2386 3361 2430 autem
3390 2389 3487 2430 nec
3514 2376 3630 2429 seni
3670 2388 3853 2444 neque

2255 2467 2410 2522 alicui
2443 2468 2595 2523 fratri
2636 2468 2929 2523 revelatum
2976 2462 3152 2537 esset,
3194 2468 3359 2540 cmpit
3402 2469 3666 2524 consolari
3720 2484 3852 2524 eum

2257 2560 2422 2617 abbas
2453 2578 2466 2614 :
2496 2561 2617 2616 Noli
2663 2561 2916 2628 deficere,
2946 2561 3053 2628 fili,
3085 2578 3115 2616 a
3147 2562 3428 2631 disciplina
3460 2562 3693 2628 Domini,
3722 2565 3855 2635 quia

2257 2668 2415 2724 quem
2463 2654 2642 2724 diligit
2687 2654 2943 2710 Dominus
2989 2656 3210 2725 corripit
3253 2653 3443 2727 (Prov.
3475 2657 3588 2727 ut).
3636 2655 3703 2710 Et
3749 2655 3857 2711 hoc

2262 2745 2423 2814 scias,
2454 2746 2579 2816 quia
2610 2749 2725 2801 sine
2757 2746 3029 2801 voluntate
3059 2746 3152 2800 Dei
3184 2761 3321 2801 unus
3348 2762 3529 2817 passer
3556 2762 3663 2802 non
3692 2746 3858 2803 cadet

2260 2839 2314 2894 in
2346 2848 2483 2896 terra
2515 2838 2694 2909 (ιιισιε
2724 2840 2852 2913 xtt),
2884 2848 3083 2911 quanto
3125 2840 3296 2911 magis
3324 2840 3432 2895 filia
3480 2841 3601 2896 tua?
3634 2841 3861 2910 Absque

2259 2945 2392 2989 nutu
2431 2934 2577 2988 illius
2626 2934 2757 2990 nihil
2808 2934 3068 3004 provenit.
3118 2936 3241 2989 Scio
3287 2934 3431 2990 enim
3475 2935 3598 3005 quia
3652 2934 3861 2990 bonam

2258 3038 2467 3100 partem
2495 3027 2595 3082 sibi
2626 3027 2813 3097 elegit,
2844 3037 3124 3097 propterea
3156 3029 3223 3083 de
3252 3042 3312 3084 ea
3347 3027 3475 3082 nihil
3522 3028 3675 3084 nobis
3709 3044 3863 3085 reve-

2260 3122 2425 3178 latum
2455 3132 2554 3178 est.
2584 3120 2705 3179 Scio
2729 3122 2895 3185 enim.
2923 3124 3066 3192 quod
3090 3123 3249 3188 absit,
3273 3125 3318 3178 si
3342 3123 3396 3179 in
3422 3123 3577 3179 malis
3599 3124 3865 3194 operibus

2262 3214 2557 3284 incidisset,
2583 3231 2854 3287 nunquam
2880 3216 3019 3272 Deus
3040 3216 3361 3286 despexerat
3384 3228 3589 3273 tantum
3612 3218 3866 3276 laborem

635 3311 763 3367 Cap.
797 3311 888 3365 IX.
912 3339 983 3351 —
1012 3309 1344 3379 Paphnutius
1394 3320 1571 3365 autem
1619 3318 1769 3379 pater
1811 3309 1954 3365 illius
1978 3353 1993 3378 ,
2032 3322 2152 3363 cum
2262 3307 2509 3367 fratrum.
2547 3308 2730 3364 Habeo
2759 3309 3005 3364 fiduciam
3035 3310 3089 3365 in
3120 3311 3368 3377 Domino,
3396 3312 3519 3382 quia
3542 3313 3593 3366 in
3616 3314 3718 3368 hac
3746 3312 3866 3369 vita

565 3416 820 3458 reversus
839 3410 984 3457 esset
1001 3400 1170 3466 domi,
1196 3399 1418 3455 festinus
1440 3401 1713 3470 ingressus
1731 3410 1813 3454 est
1828 3399 2154 3466 cubiculum,

564 3493 620 3550 in
650 3508 755 3563 quo
783 3492 889 3547 filia
919 3493 1037 3562 ejus
1067 3508 1282 3549 ntanere
1313 3493 1466 3548 solita
1497 3503 1633 3559 erat,
1667 3501 1722 3547 et
1767 3508 1871 3547 non
1917 3493 2156 3559 inventa,

567 3586 735 3643 tristis
764 3600 1107 3654 maerensque
1150 3584 1373 3641 effectus
1403 3585 1566 3653 erepit
1604 3585 1913 3654 perquirere
1963 3583 2159 3638 anxius

571 3694 759 3736 servos
789 3688 844 3734 et
870 3680 1091 3734 ancillas
1138 3679 1262 3749 quid
1293 3677 1361 3734 de
1389 3677 1742 3749 Eupltrosyna
1773 3687 1948 3733 actum
1990 3684 2157 3732 esset.

567 3772 753 3833 Pueris
780 3783 957 3829 autem
987 3771 1287 3827 dicentibus
1322 3789 1334 3825 :
1370 3771 1507 3839 Quia
1538 3780 1694 3826 nocte
1731 3769 1961 3824 vidimus
2014 3784 2158 3833 eam,

566 3883 725 3925 mane
749 3879 927 3923 autem
950 3882 1055 3922 non
1077 3866 1396 3935 comparuit.
1425 3866 1490 3921 Et
1513 3867 1814 3935 putavimus
1838 3864 1980 3936 quod
2010 3871 2163 3934 pater

567 3961 710 4016 illius
737 3959 978 4015 infantuli
1009 3959 1098 4028 qui
1129 3957 1727 4025 eam'desponsaverat.
1756 3958 1964 4012 venerit
1994 3965 2047 4010 et
2077 3964 2161 4011 tu-

568 4052 694 4108 lerit
736 4065 878 4106 eam.
912 4052 975 4103 Et
999 4050 1143 4104 misit
1174 4064 1360 4104 servos
1388 4062 1515 4105 suos
1556 4049 1622 4103 ad
1652 4049 1871 4103 domum
1906 4049 2076 4115 illius,
2107 4056 2162 4104 et

571 4160 677 4201 non
722 4145 1044 4199 invenerunt
1070 4158 1208 4198 eam.
1244 4142 1482 4198 Audiens
1510 4156 1738 4210 sponsus
1765 4141 1906 4198 illius
1928 4150 1984 4197 et
2012 4150 2162 4212 pater

570 4237 707 4310 ejus,
738 4238 1039 4294 contristati
1069 4246 1192 4291 sunt
1222 4235 1398 4300 valde,
1429 4245 1481 4291 et
1508 4236 1787 4293 venientes
1815 4237 1880 4291 ad
1914 4235 2163 4306 Paphnu-

575 4330 736 4397 tium,
757 4329 1073 4386 invenerunt
1092 4345 1212 4385 eum
1229 4329 1575 4385 vehementer
1594 4328 1869 4397 afflictum,
1889 4328 2160 4400 jacentem

571 4424 626 4480 in
657 4433 819 4491 terra,
842 4432 897 4480 et
916 4425 1231 4480 dixeruntei
1258 4443 1270 4478 :
1298 4423 1541 4480 Forsitan
1566 4425 1761 4495 aliquis
1782 4425 1993 4482 seduxit
2017 4441 2159 4492 eam,

570 4523 625 4572 ct
654 4514 782 4587 fugit
820 4530 942 4571 cum
969 4515 1081 4571 illa.
1114 4515 1410 4587 Statimque
1452 4517 1594 4573 servi
1646 4517 1787 4573 illius
1837 4532 1959 4573 cum
2010 4519 2162 4589 equis

579 4621 673 4676 per
720 4616 883 4663 t0tam
932 4607 1315 4663 Alexandriam
1365 4609 1519 4665 missi
1563 4619 1707 4665 sunt.
1770 4609 1939 4665 Erant
1980 4622 2158 4667 autem

2264 3402 2512 3459 ostendat
2553 3416 2672 3457 eam
2706 3401 2801 3456 tibi
2833 3402 2995 3458 Deus.
3048 3402 3283 3459 Audiens
3334 3403 3449 3459 haec
3494 3403 3862 3474 Paphnutius,

2265 3496 2471 3565 recepit
2501 3496 2944 3558 consolationem,
2992 3497 3193 3567 gratias
3221 3510 3385 3568 agens
3417 3497 3546 3564 Deo,
3587 3507 3644 3553 et
3690 3512 3866 3554 orans

2265 3587 2545 3657 quotidie,
2597 3587 2753 3644 bonis
2803 3589 3057 3659 operibus
3107 3597 3162 3646 et
3215 3592 3572 3662 eleetnosynis
3619 3590 3868 3648 intentus

2266 3689 2403 3736 erat.

2336 3771 2466 3827 CAP.
2496 3771 2586 3826 XI.
2609 3801 2679 3812 -—
2700 3771 2827 3828 Post
2856 3772 3155 3843 aliquantos
3186 3787 3316 3830 vero
3342 3773 3457 3831 dies
3478 3773 3731 3831 visitabat
3748 3791 3870 3832 mo-

2267 3866 2582 3935 nasterium,
2615 3866 2999 3922 commendans
3028 3882 3088 3921 se
3126 3867 3179 3921 in
3230 3867 3565 3923 orationibus
3608 3867 3870 3926 fratrum.

2267 3957 2382 4014 Una
2414 3967 2595 4014 autem
2623 3958 2709 4015 die
2739 3960 2957 4015 veniens
3001 3958 3069 4014 ad
3120 3960 3389 4025 abbatem,
3422 3960 3647 4032 projecit
3691 3976 3754 4017 se
3798 3963 3873 4020 ad

2267 4051 2433 4123 pedes
2460 4052 2601 4121 ejus,
2648 4052 2875 4108 dicens:
2908 4052 3013 4109 Ora
3044 4068 3141 4123 pro
3186 4068 3302 4119 me,
3358 4053 3534 4119 Pater,
3585 4055 3709 4125 quia
3756 4069 3873 4111 non

2268 4158 2486 4215 possum
2515 4143 2740 4200 sufferre
2764 4144 3007 4201 dolorem
3033 4146 3101 4201 de
3132 4146 3235 4200 filia
3269 4161 3384 4202 mea
3403 4187 3420 4215 ,
3449 4145 3543 4203 sed
3590 4160 3763 4217 magts
3809 4160 3873 4202 ac

2269 4238 2440 4307 magis
2468 4236 2535 4291 de
2563 4236 2649 4291 die
2692 4238 2744 4292 in
2791 4236 2931 4293 diem
2984 4247 3274 4293 renovatur
3321 4248 3377 4295 et
3422 4238 3618 4295 crescit
3670 4239 3873 4294 vnlnus

2270 4344 2471 4397 meum,
2519 4340 2576 4387 et
2607 4330 2890 4387 tribulatur
2914 4331 3089 4385 anima
3117 4346 3256 4388 mea.
3288 4330 3486 4389 Videas
3514 4338 3691 4385 autem
3744 4345 3874 4386 eum

2269 4441 2435 4481 senex
2477 4426 2636 4481 nimis
2665 4424 2944 4492 afflictum,
2977 4426 3108 4481 dicit
3135 4427 3184 4482 ei
3220 4444 3233 4480 :
3270 4425 3362 4483 Vis
3402 4426 3731 4496 colloquium
3777 4425 3875 4479 ha-

2268 4517 2396 4573 bere
2421 4532 2541 4573 cum
2574 4532 2679 4573 uno
2706 4517 2871 4573 fratre
2915 4518 3211 4588 spirituali,
3243 4519 3333 4588 qui
3361 4520 3505 4573 venit
3552 4519 3619 4573 de
3667 4518 3876 4587 palatio

2270 4607 2596 4666 Theodosii?
2623 4610 2876 4681 ignorans
2904 4610 3045 4682 quod
3069 4611 3190 4681 ipsa
3222 4620 3365 4667 esset
3394 4611 3505 4666 filia
3531 4611 3673 4679 ejus.
3718 4610 3877 4665 Dixit

570 4699 648 4755 ibi
678 4707 732 4754 et
757 4714 940 4761 naves,
968 4700 1332 4771 intrantesque
1352 4703 1407 4757 in
1428 4716 1520 4757 eas
1541 4701 1881 4773 requirebant
1908 4717 2003 4773 per
2027 4705 2157 4760 vim.
2192 4697 2246 4756 D
2270 4706 2317 4760 ei
2361 4703 2690 4775 Paphnutius
2728 4722 2741 4759 :
2773 4703 2929 4759 Volo.
2978 4702 3047 4758 Et
3091 4704 3301 4759 vocavit
3340 4703 3505 4758 abbas
3553 4702 3872 4773 Agapitum,

570 4790 643 4847 Et
667 4799 968 4846 scrutantes
996 4793 1319 4848 monasteria
1352 4793 1672 4863 puellarum,
1703 4809 1935 4861 eremos,
1960 4803 2015 4850 et
2042 4812 2165 4865 spe-

570 4882 780 4950 luncas,
815 4898 912 4953 per
956 4883 1146 4939 domos
1173 4885 1468 4941 amicorum
1497 4896 1551 4942 et
1596 4888 1923 4955 vicinorum;
1955 4900 2007 4945 et
2054 4906 2163 4947 non

568 4985 804 5045 reperta,
837 4985 1087 5046 tanquam
1116 4986 1381 5033 mortuam
1414 4979 1665 5051 lugebant
1694 4996 1832 5045 eam,
1867 4996 2024 5037 socer
2066 4999 2164 5039 nu-

568 5081 713 5135 rum,
746 5082 978 5138 sponsus
1015 5084 1269 5139 sponsam
1319 5071 1514 5139 flebat;
1544 5082 1696 5143 pater
1743 5073 1905 5129 filiam
1951 5075 2160 5146 lugens,

569 5160 826 5217 dicebat:
854 5162 997 5219 Heu!
1031 5163 1167 5219 beul
1205 5164 1310 5220 filia
1337 5165 1678 5222 dulcissima!
1708 5168 1809 5224 heu
1833 5171 1946 5227 me!
1977 5172 2163 5228 oculo-

566 5270 686 5311 rum
716 5268 957 5315 meOrum
988 5260 1287 5315 consolatio
1316 5261 1463 5316 mea!
1494 5261 1627 5329 Quis
1658 5279 1829 5319 meam
1862 5266 2055 5320 invasit
2085 5266 2161 5320 fa-

573 5350 824 5405 cultatem
844 5351 866 5404 ?
890 5352 1010 5421 quis
1040 5368 1214 5408 meam
1249 5353 1641 5424 possessionem
1673 5356 1902 5425 sparsit?
1931 5360 2049 5425 quis
2078 5357 2159 5412 vi-

567 5454 724 5494 neam
762 5457 931 5498 meam
955 5444 1208 5500 siccavit?
1229 5446 1349 5517 quis
1371 5463 1545 5503 meam
1573 5448 1841 5503 lucernam
1862 5449 2159 5505 exstinxit?

571 5529 692 5599 quis
719 5547 870 5601 spem
899 5547 1072 5588 meam
1097 5535 1395 5593 fraudavit?
1424 5540 1541 5608 quis
1562 5539 2010 5609 pulchritudinem
2036 5542 2160 5598 filiae

569 5634 709 5677 mete
732 5622 983 5680 violavit?
1003 5630 1122 5696 quis
1150 5637 1301 5697 putas
1333 5631 1489 5701 lupus
1512 5647 1700 5702 agnam
1731 5648 1904 5688 meam
1934 5634 2161 5706 dissipa-

566 5714 680 5770 vit?
707 5716 878 5786 qualis
910 5716 1061 5773 locus
1090 5720 1245 5775 talem
1270 5722 1473 5779 vultum
1505 5724 1712 5796 tetigit?
1740 5726 1913 5796 qualis
1943 5728 2159 5798 pelagus

558 5809 833 5877 captivam
877 5807 1026 5865 ducit
1060 5810 1199 5867 illaut
1231 5813 1563 5883 imperialem
1598 5817 1830 5873 faciem?
1856 5817 1948 5872 Illa
1998 5836 2163 5889 gene-

572 5903 810 5963 msitatis
858 5906 1191 5977 constitutio,
1210 5907 1311 5966 illa
1360 5909 1622 5969 malorum
1673 5913 2024 5982 consolatrix,
2070 5914 2157 5971 illa

2267 4797 2509 4867 dixitque
2533 4798 2583 4852 ei
2617 4815 2629 4851 :
2661 4796 2816 4852 Tolle
2848 4797 3203 4868 Paphnutium
3244 4805 3298 4852 et
3346 4796 3594 4852 introduc
3641 4811 3772 4852 eum
3817 4797 3873 4852 in

2268 4892 2457 4947 cellam
2492 4890 2790 4961 Smaragdi.
2824 4891 2891 4946 Et
2931 4891 3228 4947 introduxit
3254 4906 3375 4949 eum
3405 4891 3458 4947 in
3492 4892 3680 4947 cellam
3713 4892 3877 4947 Sma-

2268 4982 2442 5053 ragdi,
2468 4982 2599 5037 nihil
2628 4983 2679 5038 ei
2707 4994 2867 5038 antea
2890 4985 3257 5040 innotescens.
3283 4985 3415 5040 Cum
3440 4994 3618 5041 autem
3646 4984 3875 5040 vidisset

2270 5077 2450 5133 subito
2480 5086 2683 5148 patrem
2714 5092 2901 5145 suum,
2931 5092 3263 5149 cognoscens
3292 5093 3439 5147 eum,
3472 5086 3580 5133 tota
3614 5077 3877 5151 Iacrymis

2268 5170 2474 5239 repleta
2504 5179 2606 5225 est.
2658 5170 2989 5241 Paphnutius
3027 5180 3207 5226 autem
3249 5169 3503 5242 sperabat
3551 5183 3673 5225 esse
3718 5184 3876 5226 como

2270 5265 2644 5334 punctionem;
2676 5279 2780 5320 non
2822 5264 2964 5321 enim
3011 5266 3263 5335 cognovit
3306 5280 3449 5334 eam,
3481 5263 3605 5335 quia
3654 5264 3877 5332 species

2268 5357 2448 5413 vultus
2470 5358 2731 5413 emarcuit
2752 5354 2873 5428 prae
2893 5357 3057 5414 nimia
3084 5356 3429 5424 abstinentia,
3463 5355 3663 5428 vigiliis
3691 5366 3749 5412 et
3796 5355 3879 5409 la-

2267 5452 2485 5523 crymis.
2526 5451 2602 5508 De
2628 5451 2837 5508 cuculla
2866 5460 3045 5507 autem
3076 5452 3290 5522 operuit
3333 5450 3524 5507 faciem
3576 5465 3758 5517 suam,
3805 5464 3879 5504 ne

2269 5542 2452 5612 aliquo
2482 5542 2643 5598 tnodo
2673 5553 2991 5612 agnosceret
3034 5559 3174 5598 eam.
3208 5543 3371 5598 Facta
3399 5552 3577 5598 autem
3626 5544 3878 5597 oratione

2268 5640 2545 5695 sederunt.
2574 5638 2751 5708 C(epit
2799 5646 2977 5694 autem
3008 5638 3058 5694 ei
3087 5638 3232 5708 loqui
3261 5636 3331 5694 de
3362 5636 3525 5693 futuri
3556 5637 3705 5706 regni
3737 5634 3875 5689 bea-

2270 5731 2497 5785 titudine
2525 5741 2580 5785 et
2618 5730 2787 5797 gloria
2820 5731 3142 5799 sempiterna
3163 5772 3177 5795 ,
3210 5730 3481 5801 quomodo
3528 5743 3623 5797 per
3654 5727 3878 5783 humili-

2275 5833 2438 5878 tatem
2470 5832 2524 5878 et
2553 5824 2880 5889 castitatem,
2909 5834 3069 5893 atque
3099 5832 3341 5878 sanctam
3374 5822 3872 5885 conversationem,

2270 5929 2367 5983 per
2395 5915 2794 5980 eleetnosynam
2826 5924 2879 5973 et
2905 5916 3254 5985 charitatem,
3290 5916 3356 5974 ad
3386 5929 3501 5975 eam
3530 5915 3653 5988 quis
3697 5911 3875 5987 possit
