4162 6352
303 384 405 442 διε)

1241 370 1727 429 ἫΤΑΒΑΝΟΤᾸΕ
1771 366 2254 426 ΕΠΡΗΒΟΞΥΝΕ
2297 364 2616 424 VIRGINIS.

3475 368 3576 429 650

299 496 631 570 pertingere.
667 491 734 549 Et
767 492 835 549 de
862 499 1170 559 contemptu
1203 491 1382 547 steculi
1402 530 1418 558 ,
1453 505 1551 546 nec
1596 487 1894 558 diligendos
1921 489 1974 550 Α
2000 487 2135 542 meis
2161 486 2511 556 promittebas
2535 484 2696 539 filiam
2719 484 2926 538 meam?
2952 484 3090 541 Ecce
3110 498 3214 540 nou
3237 485 3408 540 solum
3434 486 3578 542 illam

300 607 421 648 esse
448 590 588 644 filios
616 587 732 656 plus
762 602 920 655 quam
968 587 1154 649 Deum.
1186 601 1276 655 qui
1310 589 1546 639 omnium
1579 583 1782 637 exstitit
1813 589 1888 635 ta-

301 695 440 740 ctor.
472 685 832 752 ApOs-tolicam
879 694 1091 749 quoque
1136 678 1452 746 scripturam
1503 677 1883 744 interpretans,

302 776 569 848 quomodo
617 771 883 826 tribulatio
929 770 1240 840 patientiam
1297 778 1584 837 operatur,
1635 765 1889 835 patientia

301 868 674 938 probationem
709 864 882 934 (Rom.
913 865 988 930 v).
1035 861 1232 916 Videtis
1262 876 1386 917 vero
1416 868 1621 931 patrem
1653 873 1807 913 suum
1841 857 1892 910 in

305 962 450 1033 gravi
487 973 738 1020 moerore,
769 954 1192 1024 compatiebatur
1218 954 1312 1008 illi.

377 1050 502 1106 CAP.
527 1049 639 1103 XII.
669 1077 735 1087 —
767 1046 871 1101 Sed
902 1050 1093 1100 timens
1124 1060 1191 1099 ne
1215 1051 1622 1116 agnosceretur,
1645 1050 1699 1096 et
1730 1042 1898 1108 impe-

309 1143 607 1197 dimentum
636 1141 684 1196 ei
729 1141 957 1204 faceret,
990 1138 1175 1191 volens
1218 1145 1392 1190 autem
1438 1152 1558 1190 eum
1609 1133 1896 1198 consolari,

319 1236 460 1289 dixit
489 1234 537 1290 ei
573 1252 585 1286 :
617 1232 788 1287 Crede
814 1230 942 1286 mihi
971 1229 1109 1298 quod
1142 1244 1246 1282 non
1275 1227 1528 1296 despiciet
1562 1235 1612 1280 te
1644 1226 1800 1278 Deus.
1839 1224 1902 1277 Et

310 1328 359 1382 si
386 1325 438 1379 in
468 1323 820 1394 perditionem
849 1321 1021 1374 anima
1052 1328 1196 1375 esset
1229 1320 1349 1373 filia:
1382 1329 1504 1382 tute,
1535 1316 1904 1370 manifestaret

317 1432 437 1472 eam
472 1416 562 1470 tibi
595 1414 756 1481 Deus,
796 1424 852 1466 ut
880 1427 980 1467 nec
1007 1412 1095 1466 illa
1130 1428 1160 1465 a
1193 1410 1402 1465 diabolo
1431 1417 1642 1462 retenta
1682 1407 1904 1462 inferret

315 1510 408 1564 tibi
442 1517 495 1564 et
523 1508 622 1563 sibi
655 1509 851 1561 luctum
899 1513 1235 1574 perpetuum.
1272 1502 1377 1557 Sed
1421 1501 1584 1556 credo
1617 1501 1669 1554 in
1717 1500 1902 1563 Deum,

314 1606 442 1674 quia
482 1603 677 1658 bonum
707 1600 986 1655 consilium
1019 1599 1181 1668 elegit
1205 1597 1325 1661 sibi,
1357 1596 1492 1650 sicut
1515 1595 1626 1664 jam
1655 1595 1797 1658 dixi,
1823 1607 1908 1646 se-

316 1696 550 1753 cundum
600 1709 783 1749 vocem
827 1691 1137 1762 Evangelii,
1185 1706 1288 1760 qua
1321 1688 1516 1742 dicitur
1552 1705 1564 1739 :
1599 1687 1696 1754 Qui
1739 1685 1910 1754 diligit

316 1801 522 1858 patrem
561 1796 651 1842 aut
698 1795 919 1841 matrem
952 1799 1111 1854 super
1156 1796 1404 1851 me,non
1449 1789 1529 1833 est
1577 1794 1663 1832 me
1712 1778 1903 1847 dignus

1998 597 2104 635 non
2136 580 2349 646 videbo,
2380 578 2471 631 sed
2508 587 2582 641 tu,
2632 578 2684 630 in
2718 591 2823 646 quo
2863 578 3286 632 consolationem
3318 579 3583 634 modicam

1996 671 2281 734 habebam,
2316 671 2660 740 derelinques
2691 685 2808 724 nos.
2846 671 2956 724 l-leu
2993 673 3105 725 mel
3132 672 3249 740 quis
3293 672 3402 740 iam
3453 687 3584 726 con-

1998 763 2260 817 solabitur
2285 771 2613 816 senectutem
2649 778 2819 816 meam
2844 764 2864 814 ‘l
2892 762 2972 817 Ad
2999 780 3154 830 quem
3181 765 3297 829 ibo,
3328 762 3450 833 quis
3480 767 3587 820 mei

1999 854 2211 923 adiutor
2237 854 2378 908 erit?
2422 855 2620 923 Duplex
2655 856 2848 910 malum
2879 856 3018 926 quod
3060 858 3213 930 lugeo
3242 874 3256 908 :
3292 857 3503 926 triginta
3536 867 3590 911 et

1998 957 2120 1000 octo
2148 946 2272 999 anui
2303 957 2426 1000 sunt
2455 949 2595 1016 quod
2630 948 2832 1016 perdidi
2868 949 3027 1002 ﬁliam
3061 964 3255 1013 meam,
3293 948 3422 1002 nihil
3454 948 3584 1001 mihi

2001 1039 2067 1093 de
2097 1053 2159 1092 ea
2191 1039 2482 1093 revelatum
2507 1051 2606 1104 est,
2637 1042 2778 1111 quod
2809 1042 2896 1095 die
2929 1052 3188 1110 nocteque
3213 1041 3451 1105 orabam,
3489 1055 3590 1095 nec

2001 1133 2228 1187 similem
2260 1131 2401 1186 illius
2431 1133 2631 1199 inveni,
2659 1135 2858 1189 detinet
2901 1151 2985 1189 me
3024 1134 3456 1203 incomparabilis
3492 1134 3590 1188 do-

2005 1227 2105 1281 lor.
2140 1226 2528 1297 Quid-sperem
2574 1229 2800 1283 amodo?
2835 1229 2920 1282 ubi
2974 1230 3390 1284 consolationem
3444 1230 3594 1283 inve-

2006 1322 2323 1396 niamijam
2365 1323 2683 1380 descendam
2738 1322 2922 1391 lugens
2953 1321 3003 1374 in
3054 1322 3338 1376 infernum.
3393 1319 3597 1374 Videtis

2009 1422 2184 1468 autem
2225 1434 2343 1471 eum
2395 1416 2720 1485 Smaragdus
2767 1413 3114 1468 vehementer
3167 1417 3486 1482 plorantem,
3542 1420 3597 1468 et

2011 1505 2210 1558 nullam
2241 1506 2659 1561 consolationem
2691 1504 3059 1570 accipientem,
3085 1505 3154 1556 ait
3178 1504 3242 1556 ad
3272 1519 3391 1558 eum
3420 1522 3431 1557 :
3458 1504 3599 1570 Quid

2011 1597 2242 1652 turbaris
2272 1609 2326 1653 ct
2367 1599 2703 1665 temetipsum
2736 1596 3035 1650 interﬁcis?
3066 1595 3312 1665 Nunquid
3361 1596 3591 1649 invalida

2012 1700 2093 1743 est
2124 1706 2310 1745 manus
2341 1691 2571 1754 Domini,
2604 1699 2694 1742 aut
2739 1689 3025 1758 quidquam
3056 1699 3138 1743 est
3185 1689 3296 1742 Deo
3338 1687 3598 1742 difﬁcile?

2015 1781 2128 1837 Jam
2155 1800 2291 1851 pone
2311 1785 2470 1838 ﬁnem
2497 1783 2744 1837 tristium.
2769 1783 3067 1836 Recordare
3080 1783 3345 1850 quomodo
3372 1791 3596 1849 patriar—

318 1881 535 1952 (Matth.
566 1879 644 1949 x);
674 1886 748 1944 et,
789 1877 846 1932 Si
877 1878 994 1948 quis
1021 1892 1126 1930 non
1171 1870 1632 1929 abrenuntiaverit
1663 1870 1989 1930 omnibus'B
2015 1877 2130 1929 clue
2158 1876 2323 1931 Iacob
2368 1875 2787 1930 manifeslaverit
2819 1875 2958 1927 Deus
2997 1873 3213 1942 Josepli,
3244 1889 3402 1943 quem
3445 1876 3600 1928 quasi

318 1989 439 2044 qua:
466 1972 721 2044 possidet,
755 1987 860 2026 non
894 1979 1067 2039 potest
1088 1984 1237 2024 meus
1266 1982 1386 2022 esse
1405 1965 1700 2032 discipulus
1725 1963 1903 2026 (Lacte

320 2064 454 2134 xw).
491 2065 681 2118 Potens
714 2072 797 2118 est
826 2071 1002 2116 autem
1032 2061 1166 2114 Deus
1187 2100 1201 2124 ,
1231 2070 1283 2113 et
1326 2059 1380 2111 in
1412 2057 1510 2111 hoc
1541 2065 1741 2110 saeculo
1788 2070 1904 2108 ma-

322 2156 578 2215 nifestare
605 2173 722 2212 eam
748 2156 863 2210 tibi.
895 2154 1024 2210 Sine
1048 2154 1190 2223 iam,
1219 2152 1371 2216 sine;
1399 2149 1528 2219 quid
1562 2149 1906 2218 temetipsum

323 2251 586 2306 interﬁcis
616 2246 1025 2304 contristando?
1058 2243 1160 2300 Sed
1209 2258 1307 2311 age
1357 2243 1587 2312 gratias,
1624 2241 1735 2294 Deo
1779 2238 1910 2292 nihil

323 2342 641 2411 desperans.
673 2339 804 2393 Nam
855 2337 1108 2406 Agapitus
1139 2333 1392 2403 magister
1425 2341 1604 2393 meus,
1636 2329 1913 2382 multoties

326 2435 488 2490 nimis
515 2432 679 2488 tristis
706 2429 916 2485 dicebat
943 2428 1069 2483 mihi
1096 2446 1110 2482 :
1134 2427 1264 2496 Quia
1292 2426 1437 2480 venit
1458 2424 1675 2495 quidam
1701 2422 1915 2478 nomine

326 2526 659 2596 Paphnutius
688 2524 936 2593 operibus
967 2522 1120 2576 bonis
1167 2520 1428 2584 intentus,
1457 2518 1545 2586 qui
1575 2517 1734 2570 filiam
1765 2531 1913 2571 suam

325 2627 579 2688 tanquam
612 2625 874 2672 mortuam
906 2615 1083 2685 luget,
1113 2612 1356 2669 nesciens
1385 2610 1510 2682 quid
1540 2611 1588 2665 ei
1638 2610 1913 2679 acciderit,

329 2722 389 2766 et
417 2712 578 2766 nimia
606 2709 990 2765 lamentatione
1015 2705 1267 2777 affligitur
1302 2724 1314 2758 :
1345 2704 1576 2758 maxime
1604 2704 1728 2772 quia
1760 2701 1920 2756 unica

331 2814 452 2861 erat
473 2803 569 2873 illi,
592 2812 784 2859 etcum
810 2801 1059 2873 lacrymis
1087 2799 1310 2869 proiecit
1331 2814 1388 2853 se
1405 2797 1471 2852 ad
1494 2797 1657 2867 pedes
1684 2795 1915 2862 abbatis,

331 2908 392 2952 ut
428 2913 521 2968 per
551 2897 668 2967 eius
697 2897 967 2951 orationes
995 2904 1050 2950 et
1079 2893 1317 2948 omnium
1349 2893 1568 2947 fratrum
1597 2891 1738 2945 Deus
1768 2900 1918 2960 pate-

335 2991 557 3048 faceret.
590 2991 660 3045 lta
707 2998 761 3046 et
791 3000 846 3044 tu
889 3004 1014 3060 roga
1062 2989 1225 3043 Deum
1274 2993 1493 3056 prepter
1521 3000 1660 3049 eam,
1703 2993 1757 3039 et
1799 2997 1917 3053 ego,

339 3086 593 3155 quamvis
616 3084 860 3154 indignus
888 3092 942 3138 et
969 3082 1225 3138 malorum
1255 3095 1495 3137 meorum
1530 3080 1797 3143 conscius,
1825 3091 1924 3132 sae-

337 3178 457 3247 pius
486 3177 800 3247 deprecatus
832 3176 1132 3239 Dominum,
1163 3183 1224 3228 ut
1252 3173 1500 3244 dignetur
1528 3172 1655 3225 dare
1687 3171 1781 3225 tibi
1808 3170 1922 3224 suf-

2013 1981 2278 2025 mortuum
2309 1971 2520 2042 lugebat
2550 1969 2702 2038 (Gen.
2739 1967 2905 2038 XLVI).
2937 1967 3039 2023 Sed
3072 1969 3296 2022 obsecro
3339 1979 3388 2023 te
3419 1977 3474 2022 ut
3504 1983 3600 2038 per

2015 2076 2122 2119 tres
2152 2066 2267 2120 dies
2307 2080 2392 2119 me
2420 2079 2524 2118 non
2556 2063 2775 2117 deseras
2822 2075 2994 2130 neque
3038 2060 3398 2130 derelinquas.
3433 2060 3602 2114 thesi-

2016 2165 2133 2211 tans
2152 2168 2326 2210 autem
2353 2156 2680 2221 Paphnutius
2704 2155 2839 2208 intra
2864 2153 3208 2222 semetipsum
3235 2168 3326 2221 per
3343 2154 3600 2220 triduum,

2016 2250 2199 2303 dicens
2230 2265 2246 2304 :
2280 2248 2523 2303 Forsitan
2555 2248 2604 2301 ei
2637 2247 2776 2300 Deus
2806 2246 3123 2300 revelaverit
3161 2246 3229 2299 de
3281 2260 3386 2299 me.
3417 2245 3602 2300 Tertio

2017 2351 2192 2396 autem
2240 2342 2324 2397 die
2364 2342 2497 2395 dixit
2543 2340 2609 2394 ad
2659 2339 3012 2410 Smaragdum
3045 2357 3058 2391 :
3093 2338 3410 2408 Exspcctavi
3461 2340 3602 2395 sicut

2018 2436 2250 2504 rogasti,
2279 2435 2495 2489 domine
2541 2435 2612 2487 mi
2664 2433 2853 2499 frater,
2889 2442 2943 2489 et
2987 2448 3091 2488 non
3136 2433 3358 2489 discessi
3407 2433 3606 2490 alicubi

2023 2545 2118 2600 per
2146 2538 2252 2584 tres
2281 2529 2566 2582 continuos
2593 2527 2730 2582 dies.

2095 2623 2223 2678 Car.
2250 2622 2387 2678 XIV.
2413 2653 2482 2668 --
2502 2624 2841 2692 Cognoscens
2861 2631 3038 2678 autem
3067 2621 3411 2692 Smaragdus,
3437 2621 3526 2690 qui
3551 2628 3606 2676 et

2029 2718 2407 2788 Euphrosyna,
2459 2717 2582 2786 quia
2638 2715 2869 2770 instabat
2915 2717 3031 2771 dies
3087 2714 3423 2769 dormitiouis
3468 2714 3606 2782 ejus,

2027 2813 2239 2867 vocavit
2269 2812 2647 2878 Papltnutium,
2676 2821 2729 2867 et
2759 2811 2888 2865 dixit
2917 2811 2981 2866 ad
3013 2827 3133 2866 eum
3160 2830 3172 2864 :
3203 2812 3332 2879 Quia
3357 2811 3606 2880 omnipo-

2029 2917 2150 2964 tens
2180 2908 2321 2963 Deus
2350 2908 2486 2962 bene
2528 2907 2792 2976 disposuit
2823 2922 2996 2961 meam
3030 2907 3326 2968 miseriam,
3359 2916 3412 2960 et
3438 2906 3612 2960 adim-

2032 3002 2200 3072 plcvit
2227 3001 2554 3055 desiderium
2577 3016 2774 3066 meum,
2804 2999 2942 3068 quod
2966 3000 3031 3052 ad
3065 2999 3222 3053 finem
3247 3013 3415 3066 usque
3440 2998 3580 3051 virili
3611 3027 3616 3036 ι

2029 3102 2112 3148 ter
2156 3091 2414 3147 certando
2462 3091 2706 3160 perduxi,
2762 3104 2866 3144 non
2917 3105 3035 3145 mea
3088 3089 3302 3152 virtute,
3356 3089 3450 3142 sed
3500 3088 3614 3155 eius

2030 3180 2324 3250 adiutorio,
2383 3179 2470 3248 qui
2529 3194 2614 3232 me
2668 3179 2954 3232 custodivit
3002 3179 3068 3231 ab
3119 3178 3326 3232 insidiis
3385 3176 3609 3231 inimici:

338 3268 621 3324 ferentiam
650 3277 704 3323 et
730 3266 1182 3339 longanimitatem
1206 3307 1221 3333 ,
1249 3275 1301 3321 et
1330 3265 1471 3335 quod
1517 3262 1732 3332 expedit
1759 3262 1922 3316 adim-

2033 3285 2251 3345 peracto
2307 3288 2471 3328 cursu
2521 3282 2765 3342 superest
2813 3273 2942 3327 mihi
2972 3287 3166 3327 corona
3209 3273 3448 3342 iustitiae.
3479 3271 3613 3326 Nolo

338 3363 486 3433 pleat
517 3371 622 3416 tam
650 3361 720 3417 de
755 3371 806 3416 te
834 3375 990 3431 quam
1037 3360 1103 3415 de
1148 3361 1254 3414 ﬁlia
1299 3367 1406 3414 tua.
1460 3357 1682 3426 Propter
1731 3356 1830 3410 hoc
1875 3364 1932 3412 et

341 3453 659 3523 frequenter
684 3462 737 3508 te
767 3453 951 3508 videre
981 3452 1146 3516 volui,
1175 3460 1230 3507 et
1255 3451 1485 3520 colloqui
1516 3460 1712 3517 tecum,
1744 3458 1801 3503 ut
1833 3449 1930 3503 ali-

341 3563 503 3619 quam
530 3548 947 3603 consolationem
982 3561 1076 3616 per
1114 3561 1200 3600 me
1244 3545 1498 3600 humilem
1533 3543 1756 3601 forsitan
1783 3544 1932 3600 inve-

343 3642 514 3698 nires.
537 3641 606 3697 Ut
625 3651 802 3698 autem
827 3657 932 3696 non
956 3649 1338 3712 agnosceretur
1354 3656 1447 3708 per
1463 3640 1625 3695 multa
1639 3640 1928 3707 colloquia,

343 3734 483 3790 dixit
509 3734 573 3788 ad
605 3734 960 3803 Paphnutium
996 3753 1008 3786 :
1043 3735 1191 3803 Vale,
1221 3735 1438 3789 domine
1471 3734 1564 3788 mi.
1600 3733 1666 3787 Et
1692 3735 1817 3787 dum
1847 3749 1933 3788 re-

344 3826 542 3883 Cedere
563 3827 722 3883 vellet
746 3827 1095 3897 Paphnutius,
1128 3827 1302 3882 anima
1334 3827 1479 3881 illius
1504 3827 1933 3895 compatiebatur

346 3917 447 3982 illi,
473 3917 632 3972 facies
670 3917 786 3988 ejus
816 3917 1068 3987 pallebat,
1101 3927 1152 3972 et
1185 3918 1486 3987 replebatur
1517 3918 1788 3988 lacrymis.
1819 3918 1934 3974 Prae

348 4009 519 4063 nimio
564 4017 742 4064 autem
767 4007 975 4078 ieiunio
1021 4017 1076 4063 et
1103 4009 1350 4062 diuturna
1396 4008 1569 4063 inedia
1620 4009 1933 4079 sanguinem

346 4100 622 4156 vomebat.
670 4101 891 4155 Multum
941 4101 1099 4170 igitur
1140 4099 1470 4156 confortatus
1499 4100 1828 4169 Paphnutius
1878 4104 1933 4156 in

348 4194 714 4249 admonitione
756 4194 906 4264 eius,
957 4193 1201 4249 discessit
1248 4195 1314 4249 ab
1358 4209 1439 4250 ea.
1498 4195 1560 4248 Et
1606 4198 1826 4252 veniens
1870 4196 1938 4251 ad

349 4287 619 4353 abbatem,
653 4288 783 4342 dixit
813 4307 823 4340 :
851 4288 1131 4343 Aidiﬁcata
1163 4298 1248 4345 est
1275 4290 1451 4345 anima
1483 4307 1601 4346 mea
1622 4294 1689 4347 de
1711 4293 1802 4348 illo
1827 4293 1935 4349 fras

352 4391 462 4446 tre,
493 4390 546 4434 et
573 4381 643 4434 ita
678 4396 792 4435 sum
823 4381 975 4435 lmtus
1005 4375 1229 4436 effectus
1253 4383 1303 4436 in
1333 4384 1502 4453 gratia
1530 4383 1621 4439 Dei
1651 4400 1716 4440 ex
1742 4401 1938 4442 conso-

351 4471 552 4527 latione
577 4472 712 4542 ejus,
746 4482 994 4544 tanquam
1025 4475 1345 4529 invenissem
1372 4476 1534 4531 ﬁliam
1559 4493 1754 4534 meam.
1781 4479 1941 4535 Corn-

359 4564 623 4619 mendans
653 4579 712 4620 se
747 4565 800 4619 in
831 4567 1161 4623 orationibus
1190 4569 1396 4624 abbatis
1444 4581 1496 4624 et
1545 4573 1782 4627 omnium
1834 4571 1940 4628 fra.

2037 3375 2213 3422 autem
2241 3378 2291 3420 te
2306 3366 2414 3436 jam
2440 3380 2560 3422 esse
2583 3364 2865 3419 sollicitum
2884 3380 2980 3434 pro
3001 3365 3104 3418 ﬁlia
3131 3375 3214 3419 tua
3235 3364 3612 3436 Euphrosyna,

2037 3475 2136 3530 ego
2165 3459 2307 3513 enim
2340 3474 2455 3512 sum
2489 3457 2576 3511 illa
2609 3456 2823 3522 misera,
2853 3466 2908 3512 et
2935 3465 2988 3511 tu
3014 3471 3073 3512 es
3104 3467 3251 3525 pater
3282 3472 3450 3511 meus.
3479 3457 3617 3511 Ecce

2035 3552 2140 3622 jam
2175 3552 2371 3617 vidisti,
2419 3560 2472 3606 et
2517 3549 2844 3604 satisfactum
2893 3559 2976 3604 est
3018 3550 3134 3615 tibi,
3187 3550 3279 3604 sed
3329 3565 3484 3603 nemo
3516 3549 3619 3603 hoc

2036 3647 2190 3711 sciat,
2223 3654 2276 3700 et
2305 3661 2409 3699 non
2438 3643 2731 3712 permittas
2758 3643 2824 3697 ab
2855 3643 2959 3696 alio
2989 3656 3180 3712 corpus
3206 3657 3381 3696 meum
3427 3640 3616 3695 nudari

2047 3749 2103 3794 et
2135 3738 2326 3802 lavari,
2360 3736 2451 3791 sed
2476 3751 2504 3788 a
2532 3737 2817 3806 temetipso
2850 3735 2949 3789 hoc
2971 3735 3152 3790 facias.
3180 3737 3241 3789 Et
3260 3738 3378 3806 quia
3401 3735 3620 3802 promisi

2043 3831 2222 3885 abbati
2273 3830 2469 3884 nabere
2500 3829 2716 3894 multas_
2741 3829 3129 3897 possessiones,
3178 3837 3225 3882 et
3260 3825 3301 3880 si
3332 3829 3620 3896 potuissem

2041 3925 2311 3979 sustinere
2341 3931 2396 3977 et
2426 3921 2716 3992 perdurare
2764 3921 2818 3975 iu
2859 3920 2975 3975 loco
3017 3921 3140 3986 isto,
3171 3921 3490 3975 adducerem
3529 3935 3622 3975 eas

2041 4019 2149 4076 hic.
2183 4017 2346 4085 imple
2379 4032 2506 4087 ergo
2554 4015 2692 4085 quod
2737 4015 2982 4084 promisi,
3028 4015 3149 4083 quia
3181 4014 3498 4070 venerabilis
3539 4024 3624 4070 est

2041 4112 2188 4168 locus
2226 4115 2346 4176 iste,
2379 4120 2432 4165 et
2461 4124 2552 4164 ora
2583 4123 2676 4178 pro
2704 4124 2807 4164 me.
2842 4108 2964 4164 Ilaec
2989 4107 3174 4163 dicens
3203 4108 3422 4163 tradidit
3459 4108 3622 4179 spiri-

2044 4215 2158 4261 tum
2190 4204 2445 4259 Kalendis
2474 4203 2731 4258 Januarii.

2115 4296 2243 4352 CAP.
2300 4294 2412 4350 XV.
2447 4327 2512 4338 —-
2541 4297 2673 4349 Dum
2718 4295 2952 4350 audisset
2990 4295 3115 4348 talia
3169 4296 3328 4348 verba
3376 4293 3624 4364 Paphnu-

2045 4391 2173 4456 tius,
2229 4399 2283 4444 ct
2339 4389 2563 4442 vidisset
2616 4387 2738 4455 quia
2785 4386 3119 4448 obdormivit,
3176 4394 3437 4438 commota
3502 4397 3626 4440 sunt

2046 4483 2249 4535 viscera
2280 4482 2416 4547 ejus,
2452 4477 2751 4545 ceciditque
2773 4477 2826 4529 in
2861 4485 3073 4537 terram,
3104 4484 3156 4528 et
3186 4476 3352 4528 lactus
3376 4483 3457 4529 est
3480 4476 3626 4530 velut

2050 4582 2309 4629 mortuus.
2338 4573 2640 4624 Accurrens
2669 4578 2846 4622 autem
2875 4568 3151 4637 Agapitus,
3185 4567 3371 4622 videns
3410 4584 3621 4638 quoque

354 4665 532 4724 trum,
576 4671 823 4713 reversus
871 4666 954 4714 est
999 4659 1052 4714 in
1093 4661 1309 4715 domum
1350 4677 1540 4731 suam,
1593 4665 1942 4734 magnificans
1973 4658 2177 4738 unia
2229 4665 2512 4720 defunctus
2568 4672 2709 4717 esset
2759 4661 3114 4732 Smaragdus,
3168 4671 3222 4716 et
3269 4662 3624 4733 Paphnutiuin

355 4749 550 4803 Deum.

427 4841 557 4897 Car.
591 4841 730 4898 XIII.
761 4845 1135 4915 —-Complens
1165 4855 1342 4902 autem
1375 4849 1698 4921 Smaragdus
1728 4854 1780 4908 in
1808 4856 1942 4911 cella

358 4937 596 4993 solitaria
628 4938 840 5009 triginta
869 4949 921 4994 et
945 4951 1066 4995 octo
1095 4957 1286 5008 annos,
1322 4944 1505 4998 incidit
1531 4945 1581 4999 in
1613 4947 1940 5018 infirmitate,

355 5048 458 5101 qua
489 5040 546 5087 et
571 5043 811 5088 mortuus
850 5043 947 5088 est.
989 5034 1225 5101 Quadam
1257 5036 1416 5106 367
1464 5052 1590 5092 vero
1637 5039 1723 5093 die
1751 5056 1942 5096 secun-

354 5125 484 5179 dum
520 5126 960 5181 consuetudinem
1003 5127 1149 5181 venit
1181 5128 1506 5196 Paphnutius
1557 5132 1785 5186 invisere
1825 5148 1943 5189 mo-

355 5217 669 5282 nasterium,
695 5227 746 5272 et
775 5228 894 5286 post
923 5219 1211 5273 orationem
1240 5229 1294 5276 et
1316 5221 1688 5277 salutationem
1716 5223 1941 5282 fratrum

357 5307 494 5362 dixit
538 5308 772 5366 seui:Si
813 5309 1005 5379 iubes,
1037 5311 1221 5377 Pater,
1256 5312 1404 5368 mitte
1459 5329 1543 5370 me
1593 5315 1942 5386 Smaragdum

360 5403 564 5470 ridere,
609 5405 726 5472 quia
757 5404 912 5459 valde
939 5405 1209 5460 desiderat
1246 5421 1367 5460 eum
1400 5409 1575 5462 anima
1607 5424 1742 5464 inea.
1781 5411 1946 5466 Voca-

363 5505 522 5564 tnque
553 5494 776 5564 Agapitu
805 5498 1058 5566 praecepit
1085 5497 1133 5552 ei
1161 5498 1357 5552 ducere
1384 5497 1738 5567 Paphuutium
1773 5502 1836 5554 ad
1871 5501 1943 5554 vi-

361 5587 630 5641 sitandum
656 5589 1025 5659 Smaragdum.
1047 5588 1310 5644 Introiens
1328 5591 1657 5658 Paphnutius
1681 5592 1732 5645 in
1756 5593 1944 5647 cellam

359 5681 450 5733 ubi
499 5695 642 5749 aeger
666 5679 901 5750 iacebat,
930 5683 1093 5751 cmpit
1123 5697 1244 5736 eum
1275 5683 1503 5737 osculari
1535 5683 1861 5751 lacrymans.
1893 5695 1948 5738 et

359 5772 592 5826 dicens:
636 5771 749 5827 lleu
791 5774 907 5828 me!
941 5774 1031 5828 ubi
1081 5782 1205 5827 sunt
1255 5772 1636 5842 prumissiones
1687 5787 1810 5843 tuae,
1857 5777 1949 5832 ubi

359 5867 526 5922 verba
574 5865 768 5934 dulcia,
815 5867 956 5937 quod
999 5867 1131 5922 mihi
1171 5866 1400 5925 futuram
1447 5870 1733 5927 videndam
1780 5871 1950 5929 oculis

567 5982 841 6045 PATROL.
887 5982 1175 6044 LXXIII.

2047 4759 2316 4830 iacentem
2347 4757 2399 4812 iu
2435 4768 2572 4810 terra
2604 4753 2940 4823 semivivum,
2967 4754 3189 4822 iactavit
3217 4756 3266 4808 in
3300 4757 3486 4812 faciem
3513 4757 3628 4826 eius

2050 4867 2243 4920 aquam
2285 4851 2385 4922 (6),
2430 4859 2484 4903 et
2526 4849 2756 4904 elevavit
2807 4863 2926 4903 eum
2972 4848 3199 4904 dicens:
3249 4851 3383 4916 Quid
3433 4851 3625 4919 habes,

2050 4945 2265 4999 domine
2291 4943 2363 4997 mi
2388 4941 2647 5011 Paphnuti
2670 4942 2691 4994 ἲ
2716 4941 2808 4996 Ait
2828 4951 3001 4995 autem
3019 4942 3343 5009 Paphnutius
3372 4961 3381 4994 :
3411 4942 3628 4996 Dimitte

2051 5052 2140 5092 me
2168 5047 2224 5090 ut
2250 5036 2336 5090 hic
2356 5035 2574 5098 moriar,
2599 5033 2707 5088 vidi
2736 5033 2876 5087 enim
2903 5033 3158 5087 mirabilia
3190 5033 3365 5087 hodie.
3392 5033 3628 5101 Surgens

2052 5140 2230 5184 autem
2262 5128 2410 5182 irruit
2445 5127 2498 5181 in
2532 5124 2718 5180 faciem
2751 5125 2888 5195 eius,
2941 5124 3326 5181 multitudinem
3368 5126 3631 5195 lacryma-

2051 5238 2168 5279 rum
2200 5221 2506 5285 infundens,
2536 5221 2800 5276 clamabat
2828 5220 3008 5274 dicens
3037 5238 3050 5272 :
3080 5222 3189 5272 lleu
3214 5221 3333 5271 me!
3371 5221 3474 5274 ﬁlia
3509 5236 3628 5275 mea

2052 5313 2376 5380 dulcissima,
2410 5329 2571 5384 quare
2601 5321 2726 5368 ante
2766 5328 2869 5367 non
2903 5312 3248 5366 manifestasti
3278 5311 3406 5365 mihi
3440 5323 3493 5366 ut
3527 5328 3628 5384 ego

2053 5421 2267 5475 quoque
2316 5419 2490 5462 tecum
2539 5420 2780 5462 morerer
2825 5413 3116 5471 spontanea
3168 5404 3476 5459 voluntate?
3536 5404 3629 5460 Vae

2055 5503 2186 5555 mihi
2214 5503 2225 5554 !
2257 5502 2524 5569 quomodo
2569 5500 2810 5554 latuisti?
2839 5497 3105 5566 quomodo
3137 5500 3460 5566 pertransisti
3494 5499 3626 5554 insi-

2056 5594 2174 5647 dias
2201 5593 2654 5656 adversariornm,
2688 5603 2740 5645 et
2765 5589 3026 5658 nequitias
3056 5590 3361 5660 spiritual:‘s
3387 5596 3630 5650 tenebra-

2057 5699 2174 5738 rum
2206 5685 2327 5737 vita:
2358 5683 2536 5751 huius,
2563 5691 2616 5736 et
2642 5681 2868 5736 introisti
2899 5683 2950 5736 in
2981 5683 3144 5736 vitam
3172 5686 3461 5738 aeternam?

2130 5779 2261 5832 Car.
2295 5777 2658 5832 XVl.—Haec
2686 5779 2941 5847 Agapitus
2962 5778 3200 5844 audiens,
3230 5787 3284 5832 et
3305 5789 3637 5846 cognoscens

2061 5882 2170 5929 tam
2204 5872 2505 5930 mirabilem
2537 5887 2775 5942 causam,
2827 5875 3160 5945 stupefactus
3201 5883 3303 5938 est,
3333 5881 3386 5927 et
3414 5884 3638 5926 currens

3083 5989 3155 6048 21
