4162 6352
365 317 470 378 665

1360 318 1513 393 YlTA
1552 321 1849 378 SANCTA‘Z
1885 321 2131 401 MANE,
2163 321 2596 384 MERETRICIS.

3531 347 3638 402 05‘

362 433 648 489 universas
700 433 926 488 virtutes
978 433 1143 489 animi
1205 431 1494 489 festinabat
1548 436 1797 504 implere.
1855 435 1948 491 Vir
1975 443 2144 499 Aaut
2175 439 2225 492 in
2257 455 2415 507 quam
2457 440 2667 496 foveam
2715 445 3088 514 memetipsam
3136 451 3501 520 praecipitem?
3531 454 3636 512 Ubi

364 539 595 594 namque
628 524 998 580 sanctissimus
1031 526 1359 580 incessanter
1388 541 1482 594 pro
1511 541 1574 580 ea
1618 542 1739 581 cum
1773 528 1948 598 lacry-

364 620 467 674 mis
501 618 781 672 Dominum
813 618 1226 687 deprecabatur,
1259 633 1326 673 ne
1357 633 1508 672 mens
1532 634 1648 687 ejus
1682 634 1809 673 cura
1845 632 1949 673 ter-

361 731 614 772 renarum
668 724 880 770 actuum
915 715 1302 780 implicaretur,
1346 730 1410 768 eo
1451 714 1592 782 quod
1643 716 1759 783 ejus
1800 724 1950 783 pater

360 808 597 863 moriens
620 807 855 860 infinitas
875 807 1123 872 pecunias
1144 807 1192 859 ei
1218 805 1516 875 reliquisset
1543 824 1556 859 :
1583 821 1714 876 quas
1739 815 1949 861 mortuo

359 914 637 970 germano,
670 908 724 953 et
756 899 858 952 lilia
889 899 1006 968 ejus
1059 898 1124 952 ad
1174 912 1233 953 se
1264 899 1624 969 confugiente,
1665 899 1948 954 confestim

361 991 594 1047 famulus
637 990 832 1044 Christi
862 989 1108 1045 distribui
1133 990 1298 1060 jussit
1342 992 1523 1062 egenis
1561 1001 1722 1060 atque
1750 992 1949 1060 orphac

361 1086 467 1140 nis.
503 1084 626 1140 Herc
653 1099 863 1153 quoque
887 1090 1133 1152 patruum
1157 1098 1312 1137 suum
1347 1085 1666 1152 precabatur
1689 1083 1945 1150 quotidie,

357 1188 413 1232 ut
444 1193 543 1248 pro
571 1192 630 1231 se
658 1175 938 1230 Dominum
967 1185 1164 1240 oraret,
1189 1186 1450 1246 quatenus
1474 1192 1505 1229 a
1534 1178 1946 1245 cogitationibus

357 1273 609 1344 pessimis
634 1282 689 1325 et
713 1270 1054 1325 diversorum
1081 1271 1393 1337 laqueorum
1424 1268 1621 1323 diaboli
1647 1269 1947 1337 eriperetur

354 1365 587 1419 insidiis.
619 1362 940 1417 Constanter
969 1360 1130 1429 igitur
1155 1361 1379 1415 instituti
1426 1361 1506 1413 sui
1537 1360 1770 1429 regulam
1803 1361 1946 1413 obti-

359 1462 544 1516 nebat.
577 1458 889 1514 Exsultabat
921 1466 1097 1510 autem
1132 1467 1354 1525 patruus
1378 1455 1519 1525 ejus,
1552 1457 1691 1522 quiin
1725 1457 1799 1508 sic
1829 1471 1945 1508 eam

357 1567 658 1629 promptam
691 1554 808 1608 sine
837 1553 943 1606 ulla
973 1550 1306 1606 haesitatione
1350 1551 1403 1604 in
1432 1551 1634 1603 cunctis
1662 1551 1947 1603 virtutibus

356 1659 607 1705 cerneret
633 1645 964 1716 promoveri,
997 1645 1052 1698 in
1083 1642 1336 1713 lacrymis
1366 1643 1587 1705 scilicet,
1636 1643 1686 1694 in
1732 1641 1944 1695 humili-

356 1753 490 1810 tate,
528 1744 578 1797 in
611 1745 897 1810 modestia,
952 1745 1004 1797 in
1035 1745 1249 1814 quiete;
1279 1752 1333 1799 et
1376 1743 1519 1812 quod
1553 1743 1636 1795 his
1665 1741 1944 1794 sublimius

2055 542 2139 587 est
2168 534 2528 601 magisterium
2561 539 2880 592 sanctissimi
2924 543 3099 608 patrui
3133 545 3277 598 mei?
3309 547 3405 601 Ubi
3430 551 3633 605 "inuita

2053 627 2276 696 collega:
2303 628 2418 698 ejus
2454 631 2735 694 Ephrmm?
2769 635 2854 701 qui
2883 648 2968 688 me
2998 635 3259 692 docebant
3287 639 3340 692 in
3375 653 3494 694 mea
3524 641 3632 696 vir-

2055 715 2279 785 ginitate
2312 721 2621 786 perdurare,
2661 725 3010 780 exhortantes
3038 737 3094 781 ut
3143 730 3473 797 inqmllutam
3520 733 3637 787 ani-

2055 825 2193 862 mam
2220 811 2506 866 immortali
2557 830 2755 882 sponso
2783 832 3078 873 servarem.
3139 820 3381 889 Sponsus
3433 826 3632 880 etenim

2056 913 2197 966 tuus,
2228 904 2498 970 dicebant,
2543 919 2760 963 satn'tns
2784 920 2838 964 et
2865 912 3047 965 zelans
3076 922 3178 967 est.
3211 915 3323 969 Heu
3355 919 3473 971 me!
3509 918 3636 986 quid

2049 997 2246 1063 agam?
2293 995 2411 1051 Non
2453 1001 2629 1055 audeo
2654 1002 2762 1068 jam
2792 1007 2990 1058 emtum
3022 1007 3290 1075 aspicere,
3322 1021 3442 1061 cum
3495 1009 3635 1076 apud

2057 1087 2224 1142 Deum
2255 1098 2306 1144 et
2334 1089 2580 1146 homines
2607 1109 2694 1147 me
2725 1105 2988 1150 mortuam
3005 1112 3126 1152 esse
3143 1113 3482 1168 cognoscam.
3515 1099 3634 1153 iam

2054 1182 2197 1234 enim
2230 1181 2295 1235 ad
2328 1183 2618 1238 fenestram
2659 1187 2808 1240 illam
2855 1189 3215 1259 propinquare
3263 1206 3368 1244 non
3401 1190 3631 1245 audebo.

2054 1277 2333 1341 Quomodo
2348 1294 2448 1348 ego
2475 1284 2743 1348 peccatrix
2765 1293 2818 1336 et
2843 1285 3001 1350 plena
3017 1284 3273 1337 immundi
3287 1285 3373 1338 tize
3385 1284 3634 1338 sordibus

2052 1385 2262 1423 rursum
2286 1387 2405 1426 eum
2438 1383 2623 1427 sancto
2652 1385 2842 1442 patrno
2872 1392 2993 1431 meo
3019 1378 3159 1446 loqui
3191 1377 3450 1432 tentabo?
3481 1377 3634 1444 Quod
3659 1437 3665 1440 _

2053 1463 2178 1516 etsi
2212 1478 2342 1516 ansa
2391 1467 2563 1531 fuero,
2614 1483 2792 1522 nonne
2821 1470 2955 1538 ignis
3004 1485 3067 1524 ex
3119 1471 3348 1525 fenestra
3399 1470 3632 1535 eitsiliet,

2052 1558 2138 1621 qui
2170 1573 2254 1610 me
2279 1558 2560 1614 confestim
2593 1563 2820 1616 exuret?
2853 1563 3036 1618 Melius
3064 1574 3148 1618 est
3175 1579 3303 1631 ergo
3327 1564 3454 1617 mihi
3483 1564 3635 1618 abire

2051 1645 2105 1697 in
2131 1646 2288 1700 aliain
2322 1649 2573 1717 patriam,
2604 1651 2693 1706 ubi
2727 1653 2904 1707 nullus
2935 1655 3134 1722 estqui
3164 1670 3250 1708 me
3279 1655 3441 1722 possit
3471 1669 3634 1722 agno-

2050 1751 2232 1804 scere,
2265 1755 2329 1792 eo
2360 1741 2502 1809 quod
2545 1745 2714 1797 semel
2752 1741 2863 1812 jam
2913 1757 3123 1798 mortua
3173 1744 3296 1810 sim,
3350 1760 3449 1799 nec
3497 1745 3634 1799 ultra

351 1844 460 1901 eat,
509 1850 632 1904 erga
666 1834 832 1888 Deum
877 1836 1072 1890 eximia
1119 1836 1402 1890 charitate.
1434 1833 1630 1904 Viginti
1676 1833 1940 1902 siquidem
1975 1831 2022 1890 B
2053 1829 2182 1882 mihi
2235 1845 2358 1899 spes
2413 1831 2602 1886 salutis
2657 1834 2844 1888 relicta
2889 1835 2979 1888 sit.
3028 1834 3371 1904 Consurgens
3417 1847 3632 1902 autem,

352 1926 509 1979 annis
533 1940 652 1980 eum
686 1942 750 1980 eo
771 1926 824 1980 in
855 1927 1180 1982 abstinentia
1207 1928 1423 1997 degens,
1453 1927 1599 1980 velut
1627 1941 1761 1995 agna
1792 1926 1947 1993 pndi-

356 2019 571 2072 cissima
599 2027 760 2087 atque
790 2018 1208 2074 incontaminata
1252 2019 1500 2073 columba
1541 2018 1798 2072 conviait.
1827 2020 1943 2083 Quo

358 2117 601 2178 tempore
648 2125 908 2164 annorum
957 2112 1193 2181 expleto,
1233 2112 1490 2167 saeviebat
1519 2111 1778 2165 adversus
1825 2125 1941 2163 eam

361 2201 629 2270 diabolus,
672 2214 723 2258 et
757 2204 976 2259 insidias
1017 2205 1208 2259 solitas
1251 2207 1640 2274 prmtendebat,
1672 2214 1942 2274 quomodo

353 2312 475 2352 eam
529 2305 712 2366 posset
757 2299 868 2351 suis
919 2297 1163 2352 castsibus
1224 2299 1457 2363 irretire,
1529 2305 1585 2351 ut
1633 2296 1822 2351 saltem
1866 2300 1942 2350 sic

351 2389 668 2446 mrestitiam
695 2389 1224 2459 sollicitudincmque
1247 2390 1400 2444 beato
1431 2389 1542 2443 viro
1580 2399 1760 2458 posset
1791 2391 1939 2444 incn-

353 2493 494 2549 tere,
525 2490 583 2538 ct
610 2483 1137 2554 quantulumcunque
1164 2492 1400 2539 mentem
1432 2484 1600 2552 ipsius
1643 2498 1673 2536 a
1715 2483 1943 2537 Domino

351 2589 628 2646 separare.

427 2669 556 2722 CAP.
593 2666 680 2722 lll.
712 2697 784 2709 —-—
807 2667 936 2723 Erat
963 2678 1141 2723 autem
1191 2668 1408 2740 quidam
1455 2670 1783 2738 professione
1815 2677 1937 2722 tan-

351 2760 633 2815 tummodo
667 2759 997 2831 monachus,
1032 2762 1123 2832 qui
1175 2761 1275 2816 sub
1305 2761 1524 2816 obtentu
1571 2761 1944 2814 ardilicationis

350 2856 559 2911 adeum
583 2861 777 2925 saepius
805 2873 1025 2928 pergere
1061 2860 1286 2914 solebat.
1318 2859 1422 2914 Sed
1465 2871 1518 2914 et
1559 2860 1699 2913 illam
1733 2860 1940 2913 beatam

337 2963 448 3020 ,per
465 2949 749 3003 fenestram
773 2949 1120 3004 nihilominus
1137 2951 1567 3020 contentplando,
1595 2951 1645 3004 lu
1659 2953 1828 3005 xnrize
1847 2953 1939 3004 sti-

349 3041 509 3096 mulis
529 3043 780 3111 agitatus,
810 3058 930 3096 eum
954 3058 1017 3097 ea
1046 3042 1278 3110 colloqui
1304 3043 1573 3112 cnpiebat,
1611 3059 1764 3096 atrior
1797 3062 1941 3094 nam-

348 3150 455 3204 que
474 3135 710 3189 libidinis
727 3150 819 3189 cor
840 3136 956 3205 ejus
979 3136 1128 3206 quasi
1155 3135 1294 3205 ignis
1317 3136 1692 3190 succenderat.
1717 3137 1938 3190 Insidia-

2053 1923 2298 1989 protinus
2329 1924 2562 1991 perrexit
2605 1925 2660 1978 in
2693 1927 2854 1980 aliam
2901 1927 3199 1994 civitatem,
3243 1941 3403 1997 atque
3433 1929 3485 1983 in
3516 1945 3633 1985 sta-

2049 2015 2175 2069 bqu
2204 2016 2285 2085 ('2)
2331 2031 2391 2073 se
2432 2018 2703 2087 quodam,
2742 2029 2946 2076 mutato
2993 2021 3222 2089 pristino
3273 2022 3494 2086 habitu,
3524 2025 3633 2080 eoi-

2051 2108 2268 2162 locavit.

2120 2200 2251 2255 Car.
2283 2201 2372 2255 Ν.
2393 2232 2465 2243 -
2489 2203 2686 2258 Verqu
2717 2218 2838 2258 eum
2869 2203 2988 2259 haec
3019 2205 3170 2260 ruina
3204 2207 3440 2276 prmfatre
3471 2205 3633 2263 femi-

2049 2307 2132 2345 na:
2160 2293 2486 2361 contigisset,
2521 2293 2826 2364 hujusmodi
2850 2295 2983 2350 visio
3016 2300 3171 2352 beato
3193 2297 3304 2352 viro
3326 2299 3631 2357 ostenditur

2052 2401 2143 2453 per
2167 2401 2438 2454 soporem.
2471 2387 2616 2443 Vidit
2658 2404 2891 2457 namque
2915 2392 3203 2446 draconem
3232 2393 3526 2448 terribilem
3549 2403 3633 2449 at-

2048 2493 2151 2547 que
2181 2479 2487 2543 ὶιηιηειιιθιη,
2535 2490 2865 2550 aspectuque
2893 2482 3010 2551 ipso
3040 2484 3459 2552 timidissimum,
3491 2497 3548 2542 et
3576 2489 3631 2543 in

2050 2568 2358 2624 fortitudine
2397 2571 2728 2638 sibilantem,
2782 2577 2933 2643 quasi
2977 2585 3258 2631 exeuntem
3285 2577 3355 2633 de
3396 2581 3631 2648 quodam

2050 2659 2190 2724 loco,
2223 2671 2277 2714 et
2304 2677 2472 2730 usque
2517 2665 2581 2716 ad
2611 2663 2863 2719 cellulam
2913 2680 3061 2721 suam
3112 2669 3434 2738 venientem,
3468 2681 3524 2725 et
3549 2687 3631 2726 re-

2047 2754 2249 2823 perisse
2279 2755 2350 2808 ibi
2393 2758 2696 2813 columbam
2716 2799 2732 2825 ,
2767 2769 2926 2828 atque
2947 2762 3166 2831 glutisse
3194 2778 3312 2818 eam
3332 2807 3345 2831 ,
3371 2774 3424 2820 et
3447 2779 3631 2820 rursus

2045 2850 2101 2904 in
2158 2866 2308 2904 suam
2355 2852 2557 2906 foveam
2610 2867 2905 2909 remeasse.
2953 2854 3373 2925 Expergefactns
3429 2870 3628 2925 autem,

2047 2946 2501 3015 contristatusqne
2556 2946 2931 3016 vehementer,
2987 2951 3131 3006 flevit
3176 2968 3393 3019 amare;
3447 2956 3605 3010 existi

2047 3049 2200 3087 nians
2229 3039 2441 3090 Saturne
2476 3039 2904 3106 persecutionem
2932 3042 3192 3096 adversus
3217 3042 3314 3098 Dei
3339 3044 3631 3102 Ecclesiatn

2047 3130 2324 3193 concitari,
2358 3139 2412 3184 et
2435 3133 2722 3201 plerosque
2744 3149 2775 3190 a
2805 3134 2912 3189 fide
2940 3137 3176 3191 veritatis
3206 3138 3402 3206 averti,
3449 3139 3533 3193 vel
3562 3154 3632 3196 ne

351 3225 512 3281 batur
541 3226 589 3281 ei
622 3241 832 3296 quoque
863 3226 1030 3281 multo
1064 3227 1319 3295 temporis
1347 3227 1522 3292 spatio
1545 3266 1559 3291 ,
1593 3227 1663 3280 ita
1696 3238 1752 3282 ut
1785 3231 1939 3286 unius
1967 3227 2016 3289 ς
2047 3225 2278 3278 schisma
2302 3225 2517 3296 aliquod
2547 3231 2598 3284 in
2623 3242 2804 3286 sancta
2843 3233 3078 3287 Ecclesia
3120 3235 3453 3304 gigneretur.
3501 3238 3631 3291 Pro-

348 3317 477 3371 anni
501 3317 730 3371 circulus
745 3317 1074 3384 volveretur,
1101 3317 1274 3374 donec
1291 3320 1664 3388 cogitationem
1683 3323 1800 3388 ejus
1822 3337 1940 3375 ver-

347 3407 540 3466 borum
595 3424 813 3464 suorum
870 3410 1097 3464 mollitie
1154 3417 1454 3465 enervat-et.
1516 3411 1755 3480 Denique
1817 3427 1942 3480 ape-

350 3502 499 3557 riens
554 3502 706 3556 cellae
751 3517 861 3557 sua:
930 3501 1245 3569 fenestram,
1324 3501 1596 3572 egreditur
1652 3503 1720 3557 ad
1784 3520 1937 3572 t‘ttm,

347 3595 442 3664 qui
496 3611 609 3648 eam
665 3597 903 3664 protinus
959 3595 1162 3650 scelere
1221 3595 1518 3662 iniquitatis
1587 3608 1746 3666 atque
1825 3597 1940 3651 libi-

351 3688 494 3744 dinis
568 3689 949 3744 contaminavit
1024 3703 1088 3744 ac
1165 3688 1368 3757 polluit.
1456 3688 1738 3758 Postquam
1815 3704 1941 3742 vero

350 3782 487 3835 tanti
569 3781 770 3850 peccati
840 3781 1047 3836 facinus
1134 3781 1499 3852 perpetravit,
1569 3781 1780 3848 expavit
1848 3796 1942 3835 cor

354 3875 509 3945 ejus;
556 3876 1016 3944 conscindensque
1057 3875 1291 3930 cilicium
1323 3891 1428 3944 quo
1453 3884 1570 3929 erat
1617 3874 1828 3942 induta,
1860 3874 1940 3927 fa-

351 3970 490 4021 ciem
523 3982 670 4021 suam
703 3969 946 4021 manibus
991 3967 1325 4032 verberabat,
1360 3967 1578 4036 cupiens
1607 3965 1773 4021 nimio
1804 3982 1937 4020 ιιιωο

352 4073 480 4113 rore
527 4073 585 4113 se
630 4057 787 4112 morti
841 4058 1071 4112 tradere.
1124 4061 1300 4127 Atque
1352 4058 1642 4112 anxietatis
1685 4073 1938 4128 oppressa

353 4152 616 4221 pondere,
663 4152 787 4204 dum
821 4150 1222 4205 deliberationis
1273 4161 1483 4219 portum
1530 4168 1635 4205 non
1666 4161 1934 4219 cerneret,

352 4245 585 4300 diversis
607 4245 988 4314 cogitationum
1020 4246 1240 4299 aestibus
1271 4246 1597 4311 fluctuabat;
1627 4247 1940 4316 plangebat-

355 4353 463 4408 que
495 4353 551 4391 se
581 4352 684 4391 non
714 4353 835 4394 esse
884 4340 1026 4408 quod
1077 4337 1269 4408 fuerat,
1319 4350 1375 4395 et
1422 4356 1540 4395 eum
1589 4341 1789 4409 ejulatu
1843 4357 1938 4406 δειλέ

357 4440 480 4507 pius
511 4439 784 4509 proferens
813 4437 983 4508 :Ego,
1009 4439 1197 4508 inquit,
1226 4439 1334 4508 jam
1365 4453 1450 4492 me
1467 4453 1530 4492 ex
1553 4440 1655 4492 hoc
1675 4447 1941 4493 mortuam

360 4535 540 4587 sentio
575 4549 589 4587 :
624 4533 829 4601 perdidi
877 4534 994 4587 dies
1041 4547 1189 4587 meos
1220 4541 1275 4586 et
1316 4532 1552 4587 laborem
1607 4533 1942 4588 abstinentiae

2046 3322 2258 3374 volutus
2289 3323 2463 3391 itaque
2491 3324 2754 3393 genibus,
2792 3337 3039 3395 precatus
3080 3338 3163 3384 est
3211 3331 3518 3396 Dominum,
3549 3333 3630 3389 di-

2047 3426 2174 3465 cens
2205 3430 2218 3466 :
2248 3413 2325 3466 Tu
2365 3419 2454 3483 qui
2487 3432 2546 3472 es
2577 3420 2835 3484 praiscius
2882 3421 3252 3477 universorum
3287 3425 3444 3490 Deus,
3478 3442 3629 3482 ama-

2049 3515 2133 3558 tor
2185 3508 2480 3576 hominum,
2534 3517 2590 3565 tu
2644 3513 2782 3568 nosti
2830 3513 2956 3581 quid
3009 3517 3110 3570 sibi
3159 3516 3286 3570 velit
3315 3517 3431 3570 hare
3470 3518 3626 3574 visio;

2046 3597 2276 3654 Rursum
2324 3613 2443 3670 post
2467 3603 2606 3659 duos
2631 3606 2770 3671 dies,
2798 3607 2929 3660 vidit
2955 3608 3203 3663 eumdem
3229 3610 3523 3665 draconem
3550 3613 3627 3668 si-

2047 3693 2157 3747 mili
2191 3696 2350 3749 modo
2388 3697 2453 3749 ad
2481 3698 2670 3752 cellam
2703 3714 2857 3755 suam
2888 3702 3115 3767 venisse,
3164 3711 3217 3756 et
3245 3703 3488 3771 posuisse
3533 3720 3626 3760 ca-

2047 3798 2140 3857 put
2167 3789 2266 3843 sub
2291 3791 2515 3855 pedibus
2539 3792 2678 3862 cjus,
2708 3792 2979 3864 fuisseque
2999 3795 3302 3865 diruptum;
3325 3798 3625 3854 columbam

2046 3896 2174 3936 vero
2200 3882 2363 3951 370
2385 3884 2532 3939 illam
2563 3900 2719 3953 quam
2753 3886 3123 3956 devoraverat,
3159 3889 3330 3944 vivam
3361 3891 3411 3944 in
3440 3899 3627 3947 ventre

2045 3979 2162 4044 ejus
2187 3988 2452 4045 repertam
2480 3996 2494 4045 ;
2527 3989 2578 4034 et
2620 3981 2924 4036 extendisse
2969 3997 3184 4036 manum
3213 3997 3385 4050 suam,
3415 3985 3624 4038 vivam-

2047 4083 2149 4137 que
2177 4085 2294 4123 eam
2346 4073 2635 4140 recepisse.
2683 4072 3102 4142 Expergefactus
3141 4084 3346 4137 autem,
3404 4077 3629 4130 vocabat

2049 4161 2258 4214 beatam
2291 4161 2434 4215 illam
2465 4164 2628 4216 semel
2657 4170 2816 4231 atque
2837 4163 3049 4229 iterum,
3081 4176 3274 4234 putans
3294 4181 3413 4222 eam
3443 4166 3499 4220 in
3521 4168 3629 4223 cel-

2048 4251 2152 4305 lula
2192 4267 2334 4317 esse,
2382 4263 2432 4306 et
2465 4252 2677 4308 dicebat
2708 4271 2719 4305 :
2751 4251 2857 4307 Cur
2890 4265 2940 4309 te
2970 4257 3153 4324 piguit,
3199 4257 3309 4310 lilia
3341 4257 3520 4322 Il'laria,
3551 4257 3630 4312 sic

2048 4346 2248 4397 etenim
2293 4344 2388 4395 fuit
2419 4347 2666 4410 vocitata,
2694 4346 2803 4414 jam
2851 4347 3062 4400 duobus
3086 4347 3275 4402 diebus
3305 4364 3366 4402 os
3397 4357 3542 4402 tuum
3572 4352 3628 4403 in

2050 4437 2144 4491 Dei
2177 4437 2422 4491 laudibus
2446 4439 2687 4505 aperire?
2717 4439 2822 4493 Sed
2855 4453 2975 4491 cum
3005 4451 3317 4506 responsum
3347 4440 3395 4493 ei
3422 4441 3628 4495 nullum

2048 4531 2286 4594 daretur,
2332 4541 2387 4584 et
2418 4529 2558 4596 quod
2605 4545 2722 4582 eam
2755 4545 2851 4596 per
2881 4530 3096 4582 biduum
3127 4532 3439 4598 psallentent
3469 4534 3629 4589 solito

356 4639 521 4690 ntere,
563 4626 863 4679 orationum
913 4625 1188 4695 lacrymw,
1236 4625 1641 4695 vigiliarumque
1679 4641 1839 4694 opera
1880 4624 1948 4678 ad
1978 4622 2030 4683 D
2057 4637 2206 4675 more
2253 4637 2356 4675 non
2385 4621 2622 4686 audiret,
2669 4620 3045 4674 animadvertit
3076 4623 3334 4679 visionem
3367 4640 3518 4680 suam
3561 4626 3628 4681 ad

360 4717 592 4772 nihilum
617 4727 740 4771 sunt
773 4717 1037 4784 deducta;
1073 4718 1239 4773 Deum
1286 4732 1464 4771 meum
1507 4716 1849 4782 exacerbavi,
1892 4725 1945 4769 et

362 4812 624 4881 meipsam
685 4812 948 4866 interemi.
1008 4812 1120 4866 lleu
1179 4827 1264 4864 me
1320 4811 1608 4864 miseram!
1666 4808 1812 4862 omni
1863 4807 1943 4861 la-

362 4922 671 4977 erymarnm
728 4906 872 4961 fonte
931 4904 1322 4975 plangendum!
1381 4904 1634 4960 Sanctum
1695 4910 1939 4972 patruum

363 5016 544 5055 meum
600 4998 940 5054 amarissimo
989 5014 1222 5055 mcerore
1265 4997 1543 5067 depressi,
1601 4995 1943 5065 opprobrium

365 5094 558 5148 animae
589 5109 722 5147 mea:
753 5095 961 5160 operuit
994 5109 1078 5148 me
1104 5134 1116 5158 ,
1150 5092 1329 5147 illusio
1375 5088 1570 5144 diaboli
1621 5088 1758 5142 facta
1803 5105 1942 5141 sum.

365 5186 499 5250 Quid
551 5183 678 5237 mihi
713 5185 908 5238 infelici
958 5185 1062 5250 jam
1115 5185 1249 5237 ultra
1282 5182 1497 5236 vivere?
1528 5179 1642 5234 Heu
1670 5178 1784 5232 me!
1818 5178 1946 5247 quid

364 5276 491 5345 «gi?
527 5273 638 5330 lien
668 5275 786 5328 me!
820 5275 942 5342 quid
994 5275 1186 5328 factum
1219 5286 1299 5328 est
1328 5272 1494 5327 mihi?
1527 5272 1642 5327 llcu
1668 5273 1785 5326 me!
1821 5270 1947 5339 quid

367 5372 492 5425 μελιιὶ
530 5385 781 5439 perpessa
813 5369 971 5423 sum?
1015 5369 1130 5422 lleu
1160 5369 1279 5423 mc!
1310 5367 1446 5423 unde
1474 5377 1528 5422 et
1557 5367 1784 5436 qualiter
1830 5379 1949 5418 cor-

365 5461 492 5516 rni‘i
519 5461 797 5527 Quomodo
836 5460 1115 5514 obscurata
1146 5470 1228 5516 est
1271 5474 1418 5514 mens
1447 5460 1602 5515 mea?
1633 5459 1747 5513 Non
1792 5458 1948 5512 intel-

362 5555 471 5611 lexi
552 5553 820 5622 quomodo
898 5554 1044 5622 lapsa
1113 5568 1267 5617 sum,
1345 5535 1450 5606 non
1520 5551 1743 5620 cognovi
1815 5566 1948 5605 ouo-

363 5651 531 5704 modo
603 5647 959 5700 contaminata
1033 5662 1183 5709 sum,
1266 5647 1442 5700 nescio
1507 5645 1776 5716 quomodo
1855 5657 1950 5699 cor

361 5757 547 5795 meum
580 5736 748 5794 nubes
773 5739 1051 5793 tenebrosa
1074 5739 1328 5804 contexit,
1355 5739 1621 5807 quomodo
1650 5739 1791 5807 potui
1813 5738 1952 5806 igno-

361 5850 490 5892 rare
507 5823 634 5905 quid
661 5833 941 5905 gererem?
972 5831 1070 5889 Ubi
1101 5833 1432 5890 abscondar?
1462 5837 1542 5891 vel
1572 5850 1677 5904 quo
1695 5847 1914 5904 pergam
1932 5871 1950 5899 ,

2053 4714 2196 4768 illam
2229 4713 2531 4767 certissime
2577 4714 2865 4782 pertinere.
2895 4712 3044 4768 Tune
3074 4716 3330 4784 ingemuit
3378 4734 3441 4772 ac
3485 4720 3630 4772 flevit

2053 4821 2268 4870 amare;
2301 4815 2354 4859 et
2382 4805 2712 4875 profundens
2741 4806 3030 4877 lacrymas,
3060 4809 3136 4863 ait
3165 4827 3176 4862 :
3209 4810 3324 4864 lleu
3354 4814 3470 4866 me!
3505 4811 3625 4880 quia

2052 4916 2241 4971 agnam
2275 4916 2444 4955 meam
2479 4901 2632 4969 lupus
2649 4901 3048 4957 crudelissimus
3076 4908 3270 4973 rapuit,
3292 4916 3348 4960 et
3378 4906 3484 4959 filia
3511 4920 3630 4959 mea

2054 4992 2262 5061 captiva
2307 4990 2494 5047 effecta
2545 5005 2646 5048 est.
2671 4995 2935 5053 Exultans
2965 5011 3177 5066 quoque
3222 5011 3404 5050 vocem
3448 5011 3626 5064 suam,

2056 5102 2178 5143 cum
2225 5088 2477 5158 lacrymis
2507 5088 2643 5143 dixit
2672 5105 2686 5141 :
2713 5089 2958 5146 Salvator
2999 5090 3182 5144 mundi
3215 5089 3446 5155 Christe,
3497 5105 3628 5145 eon-

2057 5187 2208 5234 verte
2237 5179 2304 5234 ad
2336 5196 2420 5233 me
2448 5195 2637 5250 agnam
2693 5195 2868 5236 meam
2911 5181 3148 5249 Mariam,
3179 5194 3341 5251 atque
3387 5184 3440 5237 in
3487 5186 3629 5240 ovile

2058 5271 2182 5326 vita:
2212 5286 2328 5325 eam
2361 5275 2601 5339 restitue,
2637 5286 2693 5326 ut
2725 5290 2829 5328 non
2870 5285 3116 5328 senectus
3163 5289 3282 5328 mea
3330 5289 3451 5330 cum
3485 5292 3627 5335 mm-

2057 5379 2182 5420 rore
2221 5365 2288 5421 de
2320 5367 2421 5421 hoc
2466 5367 2664 5421 mundo
2711 5367 2945 5421 recedat.
2978 5365 3053 5420 Ne
3082 5365 3348 5435 despicias
3371 5368 3634 5439 depreca-

2061 5457 2257 5512 tionem
2285 5473 2480 5521 meam,
2518 5457 2762 5522 Domine,
2810 5455 2906 5511 sed
2953 5457 3105 5512 mitte
3135 5459 3374 5514 velocius
3401 5462 3628 5532 gratiam

2056 5557 2223 5619 tuam,
2257 5561 2312 5604 ut
2341 5551 2523 5619 ejicias
2571 5566 2694 5606 eam
2737 5550 2805 5604 de
2835 5565 2928 5605 ore
2973 5550 3223 5607 draconis
3274 5554 3624 5612 incolumem.

2056 5647 2235 5716 Itaque
2277 5646 2385 5700 duo
2414 5646 2530 5699 dies
2571 5645 2660 5713 qui
2687 5645 2737 5700 ei
2769 5661 2864 5716 per
2911 5645 3167 5702 visionem
3207 5649 3430 5706 revelati
3474 5660 3631 5717 sunt,

2058 5739 2284 5794 duorum
2315 5753 2576 5793 annorum
2607 5740 2875 5796 curriculo
2922 5742 3196 5810 finiuntur,
3242 5743 3435 5814 quibus
3463 5744 3635 5799 lubri-

2058 5844 2177 5887 cam
2211 5828 2376 5888 vitam
2407 5832 2582 5903 neptis
2627 5829 2764 5903 ejus,
2792 5834 2945 5904 quasi
2989 5833 3045 5890 in
3093 5844 3279 5892 ventu
3307 5833 3636 5891 atrocissimi
