4162 6352
569 416 673 474 655

1609 394 1697 455 DE
1738 390 1917 456 VITIS
1954 392 2238 452 PATRUM
2281 390 2483 450 LIBER
2525 387 2797 451 PRIMUS.

3747 384 3853 442 65B

570 531 822 588 draconis
849 520 1029 594 exegit
1054 537 1068 586 ;
1098 507 1194 573 sed
1236 519 1451 571 sanctus
1495 511 1656 567 homo
1685 527 1781 581 per
1824 525 1985 566 omne
2017 519 2150 562 tem-
2180 513 2225 569 Α
2258 510 2606 579 smpefactus,
2639 509 2711 561 ait
2739 525 2750 559 :
2780 501 2917 571 Quid
2943 511 3048 571 est,
3067 501 3285 559 domina
3313 500 3497 566 Maria,
3524 501 3667 571 quod
3695 502 3855 559 subi-

574 638 676 695 pus
702 621 789 675 die
815 626 1080 685 noctuque
1111 624 1381 679 nunquam
1420 622 1516 677 pro
1544 621 1607 661 ea
1639 605 1927 661 Dominum
1960 603 2155 670 depre-

574 717 745 774 cando
772 712 1004 789 animum
1034 705 1314 762 relaxavit.

550 852 551 855 η
643 810 772 863 CAP.
806 806 871 859 γ.
900 833 971 844 -—
992 802 1119 856 Post
1159 799 1293 852 duos
1323 810 1451 850 vero
1478 809 1679 860 annos,
1728 807 1850 847 cum
1880 789 1969 844 ubi
2014 796 2159 843 esset

573 912 630 960 et
654 894 1103 972 quemadmodum
1150 906 1208 945 se
1253 898 1468 961 gereret
1512 894 1895 956 comperisset,
1937 888 2161 949 rogabat

575 994 861 1069 quemdam
900 990 999 1045 sibi
1049 985 1389 1042 n0tissimum
1422 992 1481 1037 ut
1508 996 1681 1053 usque
1712 978 1779 1034 ad
1816 992 1934 1033 eam
1969 989 2162 1045 perge-

573 1098 679 1156 ret,
708 1098 761 1142 et
789 1092 977 1139 cuncta
1005 1086 1359 1151 cognosceret
1389 1076 1694 1146 diligenter.
1724 1071 1959 1141 Pergens
1982 1070 2163 1136 itaque

572 1188 668 1242 ille
696 1199 855 1253 quem
887 1183 1125 1245 miserat,
1176 1186 1232 1232 et
1278 1175 1457 1231 omnia
1509 1172 1609 1227 sub
1650 1167 1905 1235 veritate,
1957 1174 2007 1220 et
2039 1163 2160 1233 quia

572 1281 740 1350 ipsam
770 1291 981 1348 quoque
1012 1273 1254 1337 vidisset,
1289 1266 1623 1333 renuntians,
1657 1270 1879 1335 rogatus
1909 1276 1938 1314 a
1973 1267 2161 1313 sancto

573 1372 708 1434 viro,
741 1367 976 1422 habitum
1018 1365 1067 1419 ei
1097 1362 1289 1418 detulit
1319 1359 1627 1421 militarem,
1656 1365 1712 1410 et
1740 1367 1938 1423 equum
1970 1350 2035 1405 ad
2070 1364 2159 1404 se-

577 1461 834 1518 dendum.
866 1457 1015 1513 Ostio
1054 1457 1234 1523 itaque
1260 1452 1528 1522 patefacto
1551 1448 1843 1518 egreditur,
1877 1442 2164 1506 statimque

573 1556 760 1614 habitu
800 1551 1017 1609 militari
1060 1550 1321 1614 induitur,
1375 1540 1808 1599 camelauchium
1843 1534 1921 1607 (’5)
1954 1547 2166 1605 quoque

574 1649 791 1723 longum
816 1647 975 1718 capiti
997 1660 1117 1710 suo,
1149 1652 1208 1698 ut
1232 1641 1397 1697 facies
1420 1640 1539 1709 ejus
1555 1638 1850 1699 velaretur,
1871 1630 2162 1702 imposuit;

576 1744 673 1801 sed
714 1753 769 1798 et
812 1740 1040 1795 solidum
1078 1736 1427 1791 denariorum
1483 1745 1648 1785 unum
1692 1741 1872 1782 secum
1922 1733 2163 1794 portans,

578 1834 982 1899 ascendensque
1009 1844 1225 1899 equum,
1255 1824 1496 1881 concitus
1518 1820 1860 1892 properabat.
1887 1818 2162 1885 Tanquam

2267 613 2322 657 to
2350 605 2400 656 in
2428 613 2532 658 tam
2563 602 2877 674 gravissima
2907 600 3131 670 suspiria
3156 597 3482 670 prorupisti?
3515 598 3686 653 Hodie
3716 599 3856 655 duo-

2262 698 2361 753 bus
2394 698 2549 751 anuis
2591 696 2676 751 hic
2710 709 2991 766 permanes
3014 736 3029 762 ,
3061 703 3115 750 et
3147 708 3416 764 nunquam
3444 707 3511 747 ex
3542 700 3593 746 te
3621 693 3857 761 gemitus

2262 794 2343 846 vel
2390 791 2592 847 tristior
2623 806 2802 847 sermo
2846 790 3061 846 auditus
3108 798 3226 843 est:
3265 802 3409 843 nunc
3438 802 3565 841 vero
3598 787 3732 857 quid
3765 787 3863 842 tibi

2264 886 2566 955 contigerit,
2626 885 2831 940 nescio.
2883 884 3011 950 Quae
3072 879 3346 950 reSpoudit
3392 879 3461 933 ad
3509 878 3863 933 eumzlieata

2265 993 2461 1044 essem,
2498 979 2539 1032 si
2570 986 2698 1032 ante
2739 976 3032 1031 triennium
3068 972 3287 1028 fuissem
3320 972 3587 1027 defuncta.
3633 968 3715 1023 Ad
3748 968 3865 1023 haec

2266 1072 2455 1127 beatus
2487 1071 2690 1138 senior,
2739 1086 2807 1125 ne
2836 1075 3237 1140 agnosceretur,
3269 1064 3431 1121 veluti
3474 1078 3592 1118 cum
3619 1060 3864 1133 quadam

2269 1163 2561 1218 serenitate
2592 1161 2665 1215 ait
2696 1161 2761 1214 ad
2806 1174 2923 1213 eam
2952 1176 2965 1212 :
2994 1157 3151 1212 Modo
3186 1172 3308 1211 cum
3342 1155 3540 1208 lzetitia:
3567 1167 3666 1207 nos
3697 1153 3872 1207 inter-

2269 1272 2473 1321 sumus,
2506 1264 2561 1309 tu
2592 1261 2813 1325 peccata
2844 1261 2935 1306 tua
2976 1262 3400 1318 commemorare
3429 1245 3660 1301 venisti?
3688 1246 3733 1299 Ο
3764 1242 3868 1299 ad-

2275 1349 2523 1406 miranda
2554 1347 2854 1403 clementiae
2884 1354 2987 1399 tute
3014 1342 3361 1414 dispensatio,
3397 1340 3537 1395 Deus
3572 1337 3867 1393 altissime!

2270 1443 2504 1498 Putasne
2550 1440 2729 1511 puella
2777 1453 2883 1495 non
2924 1437 3060 1492 dixit
3107 1439 3159 1490 in
3200 1436 3361 1491 corde
3404 1448 3536 1501 suo,
3584 1430 3870 1499 Quomodo

2270 1545 2517 1605 aspectus
2568 1533 2667 1587 viri
2701 1532 2881 1601 hujus,
2935 1529 3111 1601 patrui
3157 1528 3262 1583 mei
3293 1534 3571 1595 aspectum
3626 1522 3868 1578 similat?

2272 1627 2381 1684 Sed
2403 1628 2552 1683 solus
2582 1636 2637 1679 tu
2660 1633 2871 1680 amator
2903 1622 3200 1686 hominum,
3234 1620 3400 1687 Deus,
3434 1633 3463 1672 a
3507 1631 3610 1686 quo
3641 1625 3723 1670 est
3745 1630 3869 1669 om-

2274 1721 2357 1776 nis
2388 1722 2526 1775 bona
2575 1718 2861 1787 sapientia,
2912 1715 2982 1770 ita
3013 1712 3356 1782 dispensaSti,
3407 1725 3475 1765 ne
3521 1723 3642 1763 eum
3686 1716 3871 1777 posset

2275 1825 2592 1881 agnoscere,
2626 1818 2679 1863 et
2705 1806 2937 1863 fortasse
2967 1804 3287 1860 confusione
3326 1803 3536 1856 turbata
3579 1799 3865 1868 effugeret.

579 1928 841 2001 quispiam
891 1892 1117 1995 patriam
1169 1917 1456 1988 cujuslibet
1507 1915 1595 1969 vel
1626 1914 1896 1968 civitatem
1942 1909 2163 1978 cupiens
2198 1907 2242 1968 Β
2272 1906 2385 1959 Hoc
2417 1913 2594 1957 autem
2643 1916 2750 1956 non
2779 1899 2848 1955 ob
2890 1898 3035 1952 aliud
3065 1908 3147 1952 eSt
3176 1894 3523 1963 credendum,
3580 1894 3681 1947 nisi
3733 1892 3860 1963 quia

580 2000 884 2092 explorare,
930 2015 1172 2071 habitum
1203 2011 1499 2067 incolarum
1531 2006 1633 2061 loci
1677 2005 1845 2071 illius,
1896 2017 1967 2058 ne
2008 2000 2168 2056 facile

580 2120 922 2184 agnoscatur,
974 2107 1200 2163 assumit
1228 2122 1243 2159 :
1271 2104 1348 2157 sic
1388 2103 1581 2156 beatus
1612 2099 1713 2154 iste
1764 2095 2040 2152 Abraham
2070 2093 2170 2148 ini-

580 2207 710 2263 mici
756 2204 970 2269 habitu,
1017 2208 1075 2255 ut
1117 2196 1325 2254 eum'in
1374 2195 1551 2264 fugam
1595 2199 1849 2255 verteret,
1900 2187 2167 2242 utebatur.

580 2299 775 2355 Venite
803 2297 985 2367 igitur,
1019 2289 1358 2347 admiramini
1389 2284 1728 2342 dilectissimi
1761 2284 1973 2347 fratres,
2026 2280 2170 2334 hunc

581 2392 876 2451 secundum
899 2387 1190 2444 Abraham.
1218 2383 1429 2439 Primus
1452 2381 1668 2449 quidem
1688 2375 1961 2432 Abraham
1989 2387 2173 2443 egres-

582 2504 676 2546 sus
705 2488 771 2541 ad
802 2483 1041 2554 praelium
1071 2494 1286 2549 regum,
1323 2476 1738 2547 percutiensque
1759 2486 1885 2537 eos,
1920 2470 2052 2525 Loth
2080 2483 2174 2523 ne-

582 2590 763 2651 potem
794 2590 949 2632 suum
979 2572 1230 2629 reduxit:
1258 2569 1347 2623 hic
1394 2582 1524 2623 vero
1570 2564 1840 2622 secundus
1902 2564 2172 2616 Abraham

585 2686 772 2732 contra
803 2670 1075 2728 diabolum
1104 2666 1375 2737 profectus
1400 2673 1482 2719 est
1526 2665 1595 2716 ad
1637 2661 1865 2725 bellum,
1896 2665 1955 2709 ut
1984 2670 2048 2708 eo
2080 2654 2176 2709 de-

585 2769 754 2831 victo,
774 2773 988 2833 neptem
1018 2773 1169 2816 suam
1191 2772 1312 2812 cum
1343 2752 1533 2824 majori
1565 2749 1835 2818 triumpho
1865 2752 2171 2802 revocaret.

659 2860 841 2929 Itaque
868 2870 992 2911 cum
1020 2850 1355 2922 pervenisset
1379 2847 1447 2901 ad
1478 2847 1675 2909 locum,
1723 2841 1945 2896 divertit
1974 2840 2028 2894 in
2060 2853 2174 2892 Sla-

591 2954 815 3016 bulum;
848 2964 909 3005 ac
958 2946 1202 3004 sollicitis
1232 2942 1404 2999 oculis
1434 2941 1538 2995 huc
1580 2950 1741 3009 atque
1786 2937 1918 2991 illuc
1945 2936 2177 2989 circum-

589 3047 842 3117 spiciens,
873 3050 934 3097 ut
982 3056 1102 3096 eam
1133 3038 1357 3099 videret,
1405 3033 1776 3105 perquirebat.
1812 3028 2019 3085 Deinde
2053 3040 2177 3082 cum

591 3141 761 3196 multa
792 3138 920 3192 hora
952 3133 1297 3206 praeterisset,
1345 3138 1401 3185 et
1426 3125 1641 3183 videndi
1674 3140 1794 3181 eam
1823 3124 2049 3180 minime
2082 3122 2180 3175 tri-

592 3234 848 3289 bueretur
874 3226 1118 3292 occasio,
1168 3220 1484 3288 subridens,
1537 3220 1609 3272 ait
1657 3217 1723 3272 ad
1771 3213 2170 3271 stabularium:

2278 1999 2527 2068 lacryma:
2577 1994 2762 2049 famuli
2806 1992 2904 2057 tui,
2937 1992 3111 2062 patrui
3144 1989 3279 2059 ejus,
3314 1985 3682 2057 hujuscemodi
3729 1983 3875 2055 apud

2276 2092 2435 2163 371
2470 2100 2521 2145 te
2551 2090 2833 2145 obtinuere
2865 2087 3039 2141 locum
3066 2127 3081 2154 ,
3115 2097 3170 2139 ut
3197 2100 3263 2140 ex
3294 2081 3713 2153 impossibilibus
3744 2094 3874 2149 pos-

2276 2184 2452 2239 sibilia
2505 2182 2685 2238 facere
2731 2180 3051 2250 dignareris.
3108 2177 3394 2232 Proferens
3438 2177 3619 2245 itaque
3649 2184 3873 2229 sanctus

2281 2278 2364 2332 vir
2418 2276 2646 2331 solidum
2679 2290 2836 2346 quem
2869 2273 3139 2338 attulerat,
3175 2270 3467 2326 stabulario
3498 2268 3667 2333 dedit,
3702 2268 3871 2321 disit-

2279 2385 2383 2440 que
2408 2370 2458 2425 ei
2489 2387 2500 2421 :
2534 2369 2637 2423 Fac
2664 2368 2842 2433 nobis,
2877 2382 3083 2436 qumso,
3114 2364 3314 2429 amice,
3348 2362 3605 2432 optimam
3633 2374 3873 2426 Cinnam,

2282 2473 2340 2518 ut
2372 2478 2491 2518 cum
2525 2461 2699 2533 puella
2733 2460 2935 2530 epulari
2978 2459 3210 2529 possim;
3236 2455 3378 2525 longi
3409 2469 3637 2523 namque
3665 2452 3879 2508 itineris

2284 2558 2598 2623 intervallo,
2624 2570 2806 2610 amore
2825 2554 2941 2623 ejus
2961 2553 3172 2607 adveni.
3192 2552 3236 2607 Ο
3252 2567 3379 2607 vera
3394 2552 3652 2621 sapientia
3678 2563 3877 2604 secun-

2282 2648 2409 2703 dum
2438 2649 2639 2704 Deum!
2670 2663 2703 2702 ο
2732 2661 2858 2702 vere
2883 2645 3187 2701 intellectus
3207 2642 3489 2713 spiritalis!
3524 2658 3556 2696 ο
3578 2655 3707 2695 vere
3735 2652 3872 2707 pm-

2282 2738 2504 2794 dicauda
2550 2739 2739 2793 salutis
2764 2737 3048 2793 discretio!
3088 2733 3467 2806 quinquaginta
3508 2734 3664 2786 annis
3688 2729 3857 2784 absti-

2283 2830 2480 2887 uentiae
2537 2846 2647 2886 suae
2704 2844 3043 2900 nequaquam
3092 2843 3285 2899 panem
3336 2834 3676 2897 gustaverat;
3735 2833 3875 2878 nunc

2284 2940 2475 2982 carnes
2493 2926 2610 2980 sine
2625 2924 2988 2989 lmsitatione,
3007 2932 3064 2977 ut
3084 2923 3319 2977 salvaret
3337 2921 3569 2975 animam
3590 2916 3876 2988 perditam,

2286 3022 2646 3079 manducavit.
2701 3022 3018 3077 Sanctorum
3075 3018 3380 3088 angelorum
3423 3017 3662 3080 chorus,
3712 3025 3873 3078 super

2290 3113 2391 3169 hac
2422 3112 2746 3170 discretione
2776 3113 2915 3168 beati
2951 3111 3108 3181 hujus
3157 3124 3352 3177 ovans,
3386 3106 3738 3162 vehementer
3766 3114 3879 3157 stu-

2289 3210 2423 3277 puit,
2456 3222 2575 3277 quae
2602 3206 2857 3260 alacriter
2884 3206 3001 3260 sine
3029 3204 3139 3259 ulla
3169 3203 3498 3258 dubitatione
3530 3197 3872 3254 manducavit

597 3325 814 3393 Audivi,
848 3323 1040 3392 inquit,
1070 3290 1111 3375 o-
1148 3319 1339 3384 amice,
1389 3312 1531 3385 quod
1564 3311 1731 3367 habes
1773 3308 2003 3377 puellam
2041 3305 2180 3373 Opti-
2209 3298 2259 3361 Ο
2289 3316 2350 3356 ac
2374 3302 2526 3367 bibit,
2562 3310 2620 3355 ut
2660 3302 2893 3356 animam
2932 3300 2982 3355 in
3029 3299 3158 3353 limo
3188 3298 3413 3353 deﬁxam
3440 3296 3807 3351 abstraheret.
3837 3290 3881 3349 0

598 3434 774 3484 mam;
803 3430 959 3486 quam
989 3414 1032 3466 si
1052 3412 1291 3482 iuberes,
1318 3405 1671 3463 libentissime
1693 3400 2047 3473 pcrviderem.
2081 3399 2181 3464 Qui

597 3528 717 3568 cum
752 3509 929 3564 aetatis
960 3505 1077 3576 ejus
1103 3503 1405 3559 intueretur
1432 3501 1707 3561 canitiem,
1756 3506 1811 3551 et
1842 3502 2179 3550 senectutem

599 3615 864 3659 annorum
908 3596 1292 3653 numerositate
1334 3594 1444 3664 jam
1476 3591 1709 3657 fessam,
1752 3589 1893 3660 quod
1924 3588 1993 3643 ob
2022 3587 2182 3640 luxu-

598 3698 732 3754 riam
756 3710 873 3751 eam
898 3692 1085 3747 videre
1105 3697 1326 3759 cuperet
1347 3701 1450 3741 non
1480 3696 1727 3754 sperans,
1754 3681 1830 3737 sic
1862 3693 2181 3749 responsum

605 3790 754 3846 dedit
782 3807 792 3841 :
820 3787 947 3852 Est,
995 3782 1198 3855 inquit,
1246 3789 1306 3836 ut
1349 3779 1441 3834 tibi
1492 3784 1826 3846 compertum
1857 3783 1973 3840 est,
2021 3772 2183 3827 etiam

601 3896 761 3953 supra
811 3880 1031 3952 modum
1076 3874 1342 3944 speciosa.
1375 3872 1503 3926 Erat
1547 3868 1810 3939 siquidem
1858 3866 2020 3921 Maria
2068 3865 2186 3920 haec

603 3989 744 4046 pene
768 3988 928 4041 supra
956 3984 1115 4039 quam
1141 3977 1327 4022 natura
1348 3966 1547 4033 exegit,
1578 3963 1763 4017 formw
1788 3960 2185 4029 pulchritudine

606 4068 832 4123 decora.
864 4067 1108 4132 Cumque
1135 4062 1316 4116 senior
1342 4072 1537 4113 nomen
1582 4058 1697 4125 ejus
1730 4055 2050 4123 requireret,
2078 4052 2186 4107 Ma-

602 4159 739 4213 riam
770 4155 948 4210 vocari
973 4155 1065 4209 ille
1084 4151 1381 4222 respondit.
1405 4148 1555 4203 Tunc
1577 4147 1729 4201 hilari
1754 4147 1903 4201 vultu
1929 4161 1945 4201 z
1969 4144 2181 4211 Quarso,

603 4248 799 4317 inquit,
829 4256 888 4302 ut
917 4246 1046 4300 mihi
1079 4244 1419 4315 praesentiam
1446 4241 1563 4309 ejus
1592 4239 1871 4302 exhibeas,
1901 4247 1955 4292 ttt
1986 4239 2185 4308 possim

604 4356 727 4396 cum
777 4354 840 4394 ea
893 4337 1050 4393 hodie
1089 4334 1319 4406 epulari,
1370 4331 1594 4388 multum
1641 4344 1869 4397 namque
1891 4346 1955 4386 ex
2001 4328 2185 4384 auditu

606 4433 1059 4504 comperiipsam
1105 4429 1315 4484 laudari
1367 4427 1621 4498 puellam.
1655 4427 1784 4495 Qua:
1825 4442 1947 4482 cum
1998 4434 2186 4480 vocata

607 4527 836 4591 adesset,
890 4533 1050 4594 atque
1100 4523 1151 4576 in
1185 4521 1371 4575 habitu
1422 4525 1764 4577 meretricum
1814 4530 2029 4574 sanctus
2068 4534 2186 4572 eam

611 4628 833 4688 patruus
863 4617 979 4685 ejus
1025 4614 1267 4679 vidisset,
1298 4627 1433 4683 pene
1476 4622 1645 4668 totum
1690 4626 1885 4682 corpus
1930 4612 2044 4680 ejus
2080 4624 2188 4677 prae

2292 3393 2553 3462 sapientia
2601 3394 2948 3461 sapientium,
2997 3400 3051 3446 et
3083 3391 3388 3445 intellectus
3435 3386 3877 3457 imelligentium!

2289 3484 2334 3540 Ο
2360 3484 2612 3539 discretio
2640 3483 3091 3538 discernentium!
3125 3481 3336 3547 Venite,
3360 3477 3700 3533 admiramini
3725 3490 3882 3545 super

2290 3577 2391 3632 hac
2412 3576 2695 3645 imperitia,
2715 3574 2914 3642 venite,
2940 3575 3283 3643 expavescite
3306 3588 3468 3641 super
3491 3572 3591 3625 hac
3617 3571 3878 3625 differen-

2290 3671 2385 3735 tia,
2441 3668 2709 3738 quomodo
2740 3666 3009 3737 perfectus
3041 3665 3128 3720 hic
3169 3674 3223 3720 et
3266 3665 3481 3733 sapiens
3513 3678 3576 3717 ac
3625 3663 3883 3716 discretor

2290 3768 2345 3816 et
2370 3760 2626 3829 prudens,
2659 3758 2819 3813 id.ota
2851 3767 2903 3813 et
2951 3756 3273 3811 indiscretor
3302 3754 3523 3809 effectus
3568 3760 3680 3816 est,
3724 3762 3782 3805 ut
3807 3765 3871 3804 ex

2292 3869 2385 3908 ore
2407 3852 2577 3907 leonis
2601 3851 2831 3904 animam
2855 3850 3163 3917 absorptam
3209 3853 3442 3909 erueret,
3475 3855 3532 3899 et
3562 3860 3630 3899 ex
3661 3842 3884 3897 vinculis

2293 3954 2348 3999 et
2387 3958 2603 3999 carcere
2632 3943 2917 3999 tenebroso
2961 3942 3197 3995 animam
3227 3940 3528 3995 abstrusam
3552 3952 3613 3991 ac
3652 3938 3883 3991 vinctam

2294 4038 2615 4093 absolveret.

2364 4150 2493 4207 Car.
2514 4150 2647 4206 VIII.
2666 4180 2737 4191 —
2770 4148 2935 4221 igitur
2964 4156 3245 4218 postquam
3275 4144 3470 4216 epulati
3500 4153 3651 4210 sunt,
3683 4157 3872 4221 provo-

2294 4244 2449 4300 cabat
2472 4260 2591 4300 eum
2628 4219 2893 4313 puellaiad
2922 4243 3248 4310 cubandum,
3294 4249 3353 4295 ut
3386 4241 3436 4295 in
3468 4239 3776 4293 cubiculum
3807 4219 3883 4291 iri-

2298 4340 2544 4392 troirent.
2576 4336 2646 4391 At
2677 4337 2795 4391 ille:
2838 4336 3055 4400 Eamus,
3088 4334 3281 4404 inquit.
3310 4332 3553 4401 Cumque
3592 4332 3885 4398 introisset,

2299 4430 2471 4484 cernit
2512 4430 2706 4483 lectum
2754 4428 2807 4483 in
2840 4428 3068 4482 sublime
3103 4438 3351 4490 stratum,
3384 4425 3436 4480 in
3466 4441 3570 4496 quo
3597 4427 3781 4480 statim
3813 4439 3887 4478 reo

2294 4520 2438 4575 sedit
2480 4519 2746 4575 alacriter.
2780 4520 3061 4585 Quomodo
3094 4527 3147 4573 te
3188 4518 3480 4588 appellem,
3514 4519 3598 4570 vel
3624 4516 3890 4585 quomodo

2298 4620 2350 4669 te
2380 4616 2672 4680 nominem,
2708 4614 3092 4683 perfectFSsime
3118 4613 3314 4667 athleta
3347 4610 3566 4678 Christi,
3601 4610 3891 4664 vehemen-

612 4711 802 4765 dolore
828 4709 1058 4763 solutum
1106 4716 1224 4772 est,
1276 4706 1799 4772 amaritudinemque
1848 4705 2013 4759 animi
2064 4706 2187 4759 laeto
2215 4692 2271 4753 Ῑ)
2298 4715 2380 4761 ter
2408 4707 2617 4778 ignoro.
2664 4708 3036 4761 Continentem
3083 4716 3134 4759 te
3163 4718 3422 4771 asseram,
3454 4720 3520 4757 an
3552 4703 3889 4758 incontinen-

608 4805 758 4859 vultu
810 4802 1034 4868 celavit;
1078 4810 1131 4855 et
1176 4801 1437 4870 lacrymas
1482 4808 1823 4870 erumpentes
1868 4802 2006 4853 virih
2055 4813 2185 4854 sexu

604 4895 843 4957 retinuit,
893 4908 962 4948 ne
1006 4891 1143 4946 forte
1170 4894 1212 4945 si
1244 4906 1369 4947 eum
1404 4891 1601 4947 femina
1655 4892 2016 4962 cegnovisset,
2052 4892 2187 4963 fuga:

609 4987 917 5059 praesidium
946 4982 1226 5052 flagitaret.

677 5083 807 5138 CAP.
836 5079 946 5136 VII.
977 5105 1046 5119 —
1070 5076 1452 5131 liesideutibus
1479 5077 1658 5147 itaque
1687 5078 1765 5131 eis
1805 5087 1969 5147 atque
1998 5076 2187 5132 biben-

604 5176 767 5242 tibus,
796 5170 961 5241 caepit
985 5184 1105 5223 cum
1133 5183 1195 5222 ea
1222 5167 1305 5221 vir
1333 5168 1590 5224 mirabilis
1632 5168 1835 5224 ludere.
1885 5169 2015 5236 Quae
2044 5186 2177 5223 con-

604 5282 830 5337 surgens
853 5306 867 5328 ,
898 5262 1173 5332 complexa
1204 5262 1467 5316 cervicem
1499 5258 1617 5329 ejus
1640 5300 1655 5326 ,
1687 5262 1883 5316 osculis
1910 5261 2187 5316 demulce-

604 5362 713 5413 bat.
744 5358 985 5427 Cumque
1020 5354 1353 5409 oscularetur
1381 5369 1501 5408 eum
1531 5394 1546 5419 ,
1579 5354 1801 5408 odorata
1828 5356 1946 5422 ejus
1973 5370 2178 5425 corpu-

609 5448 813 5502 sculum
859 5446 1177 5500 suavissimo
1226 5446 1392 5500 odore
1437 5445 1771 5498 abstinentize
1798 5443 2071 5514 fragrare,
2102 5462 2188 5501 re—

612 5536 831 5593 cordata
858 5544 939 5590 est
987 5534 1196 5589 dierum
1243 5537 1434 5605 quibus
1458 5551 1579 5590 cum
1611 5550 1818 5591 summa
1863 5537 2187 5594 abstinentia

611 5633 853 5692 vixerat;
894 5635 946 5681 et
984 5640 1136 5696 quasi
1184 5630 1412 5698 quodam
1460 5630 1569 5683 telo
1621 5644 1871 5698 percussa
1927 5632 1979 5685 in
2012 5632 2191 5688 animo

608 5722 958 5779 vehementer
1020 5720 1305 5792 ingemuit,
1372 5720 1741 5792 lacrymasque
1795 5719 2061 5791 profudit;
2136 5731 2191 5778 et

609 5824 860 5885 tanquam
888 5817 994 5873 vim
1025 5817 1203 5872 cordis
1222 5830 1327 5870 non
1352 5814 1632 5884 sufferens,
1657 5817 1709 5869 iu
1737 5813 1852 5870 haec
1874 5817 2036 5871 verba
2065 5829 2190 5884 pro-

606 5909 788 5977 rupit:
815 5908 931 5981 Vae,
963 5925 1041 5967 va:
1085 5909 1215 5966 mihi
1259 5909 1469 5966 miserae
1496 5909 1623 5969 soli!
1673 5908 1823 5966 Tunc
1867 5908 2188 5966 stabularius

2300 4801 2444 4855 tem?
2497 4802 2810 4869 sapientem,
2859 4815 2923 4852 an
2974 4798 3352 4868 insipientem?
3400 4798 3779 4865 discretorem,
3828 4810 3889 4849 an

2299 4895 2750 4950 indiscretorem?
2799 4892 3191 4963 Quinquaginta
3251 4905 3420 4947 annos
3468 4890 3891 4946 conversationis

2298 4997 2427 5057 tuae,
2479 5004 2641 5057 super
2681 4988 2968 5057 psiathium
3004 4987 3087 5057 (4)
3118 4986 3488 5051 cubitaveras;
3539 4994 3595 5040 et
3624 4984 3892 5056 quomodo

2301 5096 2445 5136 nunc
2475 5096 2642 5150 super
2672 5079 3041 5150 hujuscemodi
3073 5080 3267 5136 lectum
3294 5090 3601 5135 constanter
3622 5076 3894 5135 ascendis?

2300 5171 2406 5227 Sed
2461 5172 2575 5227 haec
2630 5174 2877 5227 universa
2934 5171 3105 5227 fecisti
3170 5172 3235 5226 ad
3292 5172 3502 5227 laudem
3557 5181 3611 5226 et
3667 5172 3893 5241 gloriam

2295 5264 2519 5332 Christi,
2554 5273 2608 5319 et
2638 5265 2976 5319 mansionum
3020 5266 3122 5319 iter
3163 5261 3531 5332 longissimum
3562 5262 3891 5329 arripienda,

2298 5368 2353 5414 et
2383 5372 2572 5413 carnes
2604 5356 2956 5421 comedendo,
2989 5365 3043 5412 et
3086 5356 3265 5411 vinum
3317 5354 3566 5419 bibendo,
3599 5362 3657 5409 et
3702 5355 3757 5409 in
3789 5364 3895 5407 sta-

2300 5448 2483 5504 bulum
2515 5449 2848 5512 dirertendo,
2870 5441 3189 5503 'utsalvares
3212 5445 3442 5501 animam
3475 5446 3764 5516 perditam.
3794 5445 3896 5499 Nos

2299 5552 2477 5617 autem
2500 5542 2543 5596 si
2572 5542 2761 5596 saltem
2793 5543 3016 5596 verbum
3044 5541 3291 5596 utilitatis
3322 5540 3467 5611 loqui
3493 5554 3614 5594 cum
3648 5540 3895 5609 proximo

2302 5636 2576 5703 volumus,
2610 5647 2801 5691 cuncta
2830 5636 3137 5705 importune
3161 5636 3534 5690 discernimus.

2373 5729 2502 5784 Car.
2537 5728 2630 5783 IX.
2658 5729 2967 5785 —Sedeute
2992 5744 3058 5784 eo
3079 5729 3258 5797 itaque
3287 5742 3451 5795 super
3479 5727 3699 5794 lectum,
3734 5727 3811 5791 ait
3830 5722 3897 5779 ad

2297 5838 2419 5878 eum
2456 5822 2667 5891 puella:
2705 5822 2859 5887 chi,
2891 5822 3129 5889 domine,
3164 5829 3220 5875 ut
3249 5820 3614 5876 calceameuta
3645 5817 3715 5873 de
3748 5815 3894 5884 pedi-

2296 5916 2400 5975 bus
2421 5916 2525 5972 tuis
2549 5918 2809 5974 auferam.
2837 5917 2907 5979 At
2938 5918 3031 5974 ille
3058 5915 3132 5973 ait
3154 5915 3221 5973 ad
3245 5930 3365 5972 eam
3388 5933 3403 5972 :
3434 5914 3664 5985 Obsera,
3696 5910 3891 5984 inquit,
