4162 6352
322 404 423 460 657

1331 404 1494 462 VITA
1530 403 1825 462 SANCTAS
1865 400 2108 460 MARl/E
2149 403 2587 466 MERETRICIS.

3504 414 3611 467 6.38

322 522 523 579 ostium
578 521 885 593 diligenter,
936 531 993 579 et
1040 523 1319 579 abstrahes
1372 540 1455 580 ea.
1510 525 1736 579 Volebat
1786 537 1915 579 vero
1943 520 1993 579 A
2021 520 2135 585 bes,
2170 523 2409 578 veniam:
2465 525 2729 593 prazcede,
2781 533 2835 581 et
2882 542 2982 596 ego
3030 542 3227 598 sequar
3272 530 3613 589 sanctitatem

320 617 505 689 puella
534 617 707 687 primo
737 616 1065 672 discalceare
1095 633 1254 683 eum;
1284 619 1377 674 sed
1410 634 1530 672 cum
1561 618 1653 673 ille
1674 633 1777 671 non
1811 633 1915 687 pa-

325 717 555 776 teretur,
586 708 850 764 obseratis
890 708 1043 765 ostiis
1082 711 1224 765 venit
1264 712 1329 764 ad
1374 726 1517 766 eum.
1567 710 1665 764 Cui
1692 709 1909 765 senior:

323 806 576 871 Domina,
621 804 815 874 inquit,
862 804 1025 858 Maria
1070 807 1439 874 apprnpinqua
1482 805 1631 859 mihi.
1674 803 1915 874 Cumque

323 903 825 972 apprOpinquasset,
873 904 1039 957 tenuit
1079 902 1303 957 ﬁrmiter
1334 894 1546 956 manum
1580 901 1715 972 ejus,
1764 898 1915 971 quasi

322 996 415 1066 qui
451 1002 727 1063 putaretur
761 992 990 1048 osculari
1032 1010 1171 1049 eam.
1208 994 1468 1050 Auferens
1500 1010 1713 1064 quoque
1740 1009 1916 1049 came-

322 1088 595 1143 lauchium
626 1102 656 1141 a
684 1088 860 1155 capite
882 1103 999 1153 suo,
1027 1098 1081 1142 et
1108 1103 1395 1159 erumpens
1419 1104 1600 1143 vocem
1628 1088 1678 1143 in
1709 1088 1913 1155 ﬂetum,

322 1181 401 1236 ait
431 1181 497 1236 ad
537 1196 684 1236 eam:
719 1179 851 1234 Filia
881 1196 997 1236 mea
1030 1182 1214 1249 Maria,
1244 1198 1347 1237 non
1382 1199 1469 1237 me
1498 1183 1780 1252 agnoscis?
1813 1183 1921 1237 vis-

252 1262 261 1271 ⁷
322 1291 451 1331 cera
482 1290 631 1341 mea,
667 1289 844 1329 nonne
871 1289 969 1345 ego
999 1290 1114 1327 sum
1157 1276 1243 1345 qui
1290 1286 1343 1330 te
1373 1276 1615 1330 nutrivi?
1648 1275 1773 1345 quid
1823 1275 1917 1330 tibi

325 1370 525 1423 factum
557 1378 656 1434 est,
688 1384 721 1424 ο
750 1370 856 1423 ﬁlia
885 1370 1038 1423 mea?
1067 1370 1181 1439 quis
1211 1379 1262 1424 te
1291 1369 1590 1425 interfecit?
1612 1370 1697 1423 ubi
1726 1379 1806 1424 est
1829 1370 1917 1425 ille

323 1462 541 1519 habitus
569 1463 842 1531 angelicas
882 1478 1041 1530 quem
1088 1462 1341 1526 habebas,
1388 1462 1491 1517 ﬁlia
1536 1467 1693 1517 mea?
1722 1462 1811 1516 ubi
1838 1469 1921 1517 est

322 1555 694 1610 continentia?
738 1556 824 1609 ubi
870 1556 1066 1610 ﬂetus?
1118 1556 1205 1610 ubi
1254 1556 1488 1627 vigiliae?
1538 1556 1623 1609 ubi
1672 1556 1922 1611 chameu-

323 1647 428 1701 niae
458 1646 578 1715 (5)?
605 1651 647 1700 A
672 1646 990 1701 celsitudine
1016 1647 1138 1703 creli
1171 1648 1221 1700 in
1252 1647 1387 1701 hanc.
1418 1650 1623 1703 foveam
1653 1652 1922 1717 quomodo

325 1744 571 1797 devoluta
609 1758 695 1807 es,
743 1742 848 1797 ﬁlia
889 1744 1043 1798 mea?
1088 1759 1204 1812 cur,
1248 1745 1461 1811 quando
1511 1744 1766 1812 peccasti,
1815 1758 1921 1799 non

324 1836 457 1892 mihi
486 1837 774 1891 indicasti?
806 1853 913 1892 non
944 1838 1074 1891 mihi
1108 1838 1246 1893 illico
1276 1837 1542 1891 retulisti?
1571 1847 1623 1891 et
1645 1852 1744 1906 ego
1769 1847 1918 1892 certe

2020 622 2185 679 tuam,
2230 623 2286 670 et
2323 618 2606 672 exosculor
2641 618 2859 688 vestigia
2891 630 2999 685 tua,
3046 623 3167 691 quia
3208 624 3285 678 sic
3329 638 3490 695 super
3527 642 3616 681 me

2020 709 2257 779 doluisti,
2291 722 2348 766 ut
2377 728 2439 768 ex
2480 716 2736 786 voragine
2780 716 3131 773 immunditia;
3167 720 3324 791 hujus
3353 723 3615 782 educeres

2020 820 2126 859 me.
2161 805 2225 859 Et
2254 821 2455 875 ponens
2485 817 2643 875 caput
2666 825 2822 864 suum
2855 810 2920 864 ad
2953 811 3115 880 pedes
3137 812 3276 883 ejus,
3310 823 3421 870 tota
3452 827 3611 873 nocte

2020 898 2200 964 ﬂebat,
2233 900 2447 956 dicens:
2497 902 2633 968 Quid
2683 905 2796 972 tibi,
2843 905 3093 975 Domine,
3142 909 3282 965 Deus
3324 925 3475 966 meus
3517 928 3616 982 pro

2022 996 2270 1052 omnibus
2302 998 2383 1051 his
2417 997 2746 1053 retribuam?

2010 1106 2011 1109 η
2092 1088 2221 1144 CAP.
2254 1089 2396 1145 X.—
2417 1091 2662 1145 Dilucqu
2690 1104 2865 1147 autem
2896 1093 3059 1162 facta,
3090 1096 3163 1150 ait
3188 1095 3254 1151 ad
3282 1112 3399 1153 eam
3428 1099 3618 1157 beatus

2022 1182 2329 1238 Abraham:
2364 1184 2554 1253 Surge,
2592 1184 2723 1251 ﬁlia,
2776 1195 2827 1241 et
2870 1202 3052 1242 eamus
3096 1188 3220 1244 hinc
3267 1191 3332 1243 ad
3365 1192 3613 1247 cellulam

2022 1288 2279 1333 nostram.
2308 1277 2438 1346 Quae
2470 1280 2820 1347 respondens,
2852 1280 2992 1335 dixit
3033 1281 3097 1335 ad
3125 1298 3275 1337 eum:
3312 1283 3497 1337 Habeo
3528 1286 3617 1340 hic

2023 1371 2291 1427 modicum
2315 1373 2452 1437 auri,
2483 1382 2538 1428 et
2564 1373 2763 1442 aliquid
2791 1376 3258 1445 vestimentorum,
3290 1377 3414 1446 quid
3439 1379 3507 1433 de
3530 1379 3615 1433 his

2018 1462 2175 1537 jubes
2210 1464 2360 1519 ﬁeri?
2398 1466 2747 1535 Respondens
2774 1478 2953 1523 autem
2987 1468 3173 1523 beatus
3204 1469 3496 1537 Abraham,
3530 1470 3617 1523 di-

2007 1528 2131 1612 ιιὶιε
2163 1556 2425 1626 Relinque
2455 1557 2540 1613 hic
2576 1560 2753 1612 omnia
2786 1560 2922 1624 haec,
2962 1576 3080 1629 qua:
3122 1575 3183 1615 ex
3220 1568 3367 1629 parte
3398 1562 3617 1631 maligni

2023 1650 2245 1717 quaesita
2278 1660 2421 1703 sunt.
2458 1650 2524 1704 Et
2554 1660 2834 1719 surgentes
2874 1652 3143 1707 exierunt.
3177 1653 3481 1723 Statimque
3512 1656 3618 1709 im-

2024 1756 2229 1810 ponens
2244 1757 2362 1796 eam
2386 1757 2547 1809 super
2564 1758 2781 1811 equum,
2806 1744 3050 1797 trahebat
3071 1746 3404 1812 praecedens,
3430 1761 3619 1814 quem-

2022 1835 2308 1890 admodum
2342 1844 2525 1903 pastor
2553 1851 2672 1890 cum
2719 1838 2923 1890 invenit
2977 1851 3134 1891 ovem
3180 1839 3463 1906 per-litant,
3492 1855 3617 1894 cum

325 1944 424 2001 pro
471 1940 523 1983 te
571 1930 939 1999 pmnitentiam
993 1946 1203 2000 agerem
1248 1944 1367 1984 cum
1407 1929 1758 1985 dilectissimo
1799 1947 1917 1986 meo
1950 1919 1998 1978 B
2024 1928 2215 1999 gaudio
2237 1944 2397 1999 super
2427 1928 2679 1983 humeros
2702 1944 2828 1983 suos
2854 1929 2993 1983 tollit
3023 1929 3174 1997 (Luc.
3212 1938 3329 1993 xm)
3353 1947 3367 1995 ;
3392 1931 3464 1985 ita
3487 1930 3617 1987 bea-

326 2023 602 2092 prrmm.
644 2027 818 2091 Quare
856 2025 934 2079 sic
972 2023 1182 2079 fecisti?
1223 2034 1314 2079 aut
1345 2040 1509 2096 quare
1550 2042 1636 2080 me
1668 2025 1734 2079 ita
1768 2025 1922 2080 desc-

326 2119 505 2183 rnisti,
547 2128 599 2173 ct
638 2121 690 2174 in
746 2120 883 2174 hanc
913 2134 999 2175 me
1042 2120 1350 2176 maestitiam
1382 2104 1782 2175 intolerabilem
1831 2119 1923 2174 de-

324 2209 564 2266 duxisti?
588 2211 714 2278 Quis
737 2200 911 2267 autem
939 2213 1055 2267 sine
1085 2223 1302 2282 peccato
1333 2221 1435 2276 est,
1462 2212 1563 2267 nisi
1585 2213 1731 2268 solus
1760 2214 1925 2269 Deus?

327 2302 575 2373 Cumque
620 2303 736 2358 bare
775 2304 983 2374 aliaque
1013 2305 1177 2359 nmlta
1210 2306 1452 2370 dixisset,
1497 2316 1746 2375 tanquam
1794 2307 1925 2375 lapis

326 2397 625 2453 immobilis
672 2400 723 2448 in
771 2399 1016 2451 manibus
1045 2396 1161 2451 eius
1190 2396 1470 2463 remansit,
1503 2398 1695 2452 timore
1728 2399 1925 2467 pariter

325 2498 384 2545 et
430 2490 739 2544 confusione
788 2484 1053 2559 suppleta.
1117 2488 1323 2545 Rursus
1363 2500 1538 2544 autem
1583 2490 1925 2546 beatissimus

326 2582 412 2637 vir
437 2596 559 2636 cum
586 2580 834 2652 laerymis
862 2581 1077 2652 adjecit,
1110 2580 1327 2636 dicens:
1359 2580 1473 2636 Non
1502 2581 1737 2651 loqueris
1769 2582 1923 2647 mihi,

325 2688 365 2727 o
393 2672 497 2726 ﬁlia
548 2689 663 2728 mea
714 2673 925 2728 Maria?
971 2674 1086 2729 Non
1138 2673 1373 2743 loqueris
1414 2673 1567 2740 mibi,
1605 2688 1726 2743 pars
1757 2673 1927 2729 visce-

326 2780 452 2820 rum
498 2764 779 2819 meorum?
831 2780 1009 2820 nonne
1058 2773 1275 2835 propter
1336 2774 1409 2830 te,
1465 2766 1568 2820 ﬁlia
1614 2780 1770 2826 mea.
1821 2767 1929 2820 huc

326 2856 564 2912 adveni?
611 2856 783 2925 Super
829 2872 915 2914 me
954 2859 1027 2913 sit
1076 2858 1177 2912 hac
1215 2867 1513 2926 peccatum,
1560 2872 1593 2912 ο
1622 2859 1727 2913 ﬁlia
1772 2874 1923 2925 mea;

324 2963 435 3021 ego
465 2950 516 3004 in
548 2949 636 3004 die
670 2949 854 3020 judicii
899 2966 993 3021 pro
1037 2959 1087 3005 te
1117 2951 1336 3006 reddam
1377 2953 1638 3006 rationem
1675 2952 1922 3019 Domino,

327 3060 434 3118 ego
472 3058 569 3113 pro
599 3054 817 3115 peccato
849 3045 948 3099 hoc
988 3045 1307 3099 satisfaciam
1338 3045 1468 3099 Deo.
1509 3044 1686 3114 Usque
1715 3044 1781 3097 ad
1810 3059 1926 3099 me-

330 3139 480 3196 dium
514 3141 689 3210 itaque
720 3139 890 3195 noctis
945 3138 1314 3207 hujuscemodi
1345 3138 1525 3194 verbis
1546 3137 1925 3193 consolabatur

330 3249 472 3299 eam,
501 3241 694 3288 etcum
721 3233 971 3302 laerymis
996 3231 1282 3287 uberrimis
1310 3230 1653 3285 admonebat.
1684 3228 1927 3295 Cumque

329 3342 620 3399 parumper
660 3301 903 3380 ﬁduciam
945 3324 1295 3393 percepisset,
1330 3324 1507 3377 taliter
1539 3323 1675 3376 ﬂens
1702 3324 1769 3375 ad
1801 3336 1923 3376 eum
1953 3301 2003 3366 (ἶ

329 3422 513 3477 locuta
546 3426 627 3474 est
652 3436 666 3474 :
696 3420 809 3474 Non
831 3420 982 3475 valco
1013 3429 1086 3486 te,
1120 3420 1384 3489 inquiens,
1415 3428 1635 3488 propter
1655 3417 1925 3472 confusio-

330 3531 461 3573 nem
491 3516 669 3570 vultus
694 3515 796 3569 mei
828 3515 1125 3569 attendere.
1163 3515 1229 3568 Et
1256 3512 1525 3583 quomodo
1554 3526 1769 3581 possum
1801 3523 1925 3566 ora-

333 3613 539 3667 tionem
568 3612 675 3666 Deo
700 3611 939 3677 fundere,
963 3610 1175 3680 quando
1194 3609 1271 3663 sic
1303 3608 1637 3663 immunditia
1662 3610 1801 3664 caeni
1831 3608 1927 3663 liu—

332 3702 422 3775 jus
453 3704 651 3773 polluta
682 3705 839 3757 sum?
869 3704 932 3756 Et
962 3714 1175 3757 sanetus
1206 3702 1288 3755 vir
1326 3702 1391 3756 ad
1431 3717 1577 3756 eam:
1618 3702 1790 3772 Super
1819 3717 1925 3767 me,

334 3796 535 3865 inquit,
567 3798 635 3851 sit
664 3796 912 3866 iniquitas
935 3804 1043 3861 tua,
1069 3810 1101 3847 ο
1126 3795 1230 3848 ﬁlia
1263 3809 1377 3849 mea
1402 3812 1415 3860 ;
1438 3810 1503 3850 ex
1530 3794 1772 3849 manibus
1797 3794 1928 3848 meis

335 3900 616 3960 peceatum
676 3889 776 3943 hoc
808 3889 945 3943 Deus
985 3886 1222 3957 requirat
1253 3905 1264 3939 :
1298 3887 1632 3941 solummodo
1667 3886 1786 3940 audi
1819 3900 1925 3952 me,

336 3990 395 4038 et
421 3982 565 4048 veni,
597 3996 781 4036 eamus
810 3982 859 4035 in
882 3982 1055 4036 locum
1090 3989 1353 4035 nostrum.
1389 3981 1527 4035 Ecce
1552 3981 1694 4035 enim
1724 3989 1775 4035 et
1801 3979 1927 4034 cha-

336 4075 591 4131 rissimus
624 4075 868 4145 Ephracm
894 4091 991 4147 pro
1021 4084 1073 4130 te
1104 4074 1322 4129 nimium
1354 4074 1522 4137 dolet,
1560 4074 1741 4143 tuique
1768 4088 1929 4129 causa

340 4169 842 4225 sedule‘Dominmn
881 4169 1216 4237 deprecatur.
1254 4167 1371 4222 Noli
1400 4165 1664 4232 difﬁdere,
1697 4167 1822 4232 ﬁlia,
1856 4168 1924 4222 de

340 4260 626 4318 clementia
678 4261 920 4327 Domini;
954 4261 1075 4316 licet
1102 4270 1188 4315 tua
1222 4262 1329 4316 sint
1358 4270 1573 4331 peccata
1606 4262 1749 4316 velut
1779 4277 1931 4317 mon-

342 4361 447 4417 tes,
473 4352 566 4407 sed
597 4352 735 4406 illius
765 4351 1128 4407 misericordia
1155 4367 1369 4406 omnem
1393 4352 1755 4421 supereminet
1779 4368 1931 4407 crea-

342 4452 535 4500 turam.
581 4444 733 4499 Sicut
780 4445 1026 4515 legimus,
1072 4447 1299 4500 accessit
1339 4445 1532 4499 mul.er
1564 4445 1835 4501 immunda
1865 4447 1932 4501 ad

342 4537 624 4603 mundum,
671 4545 723 4589 ct
753 4552 1021 4603 non,emn
1071 4537 1383 4605 inquinavit,
1427 4539 1519 4593 sed
1551 4539 1619 4593 ab
1663 4556 1727 4595 eo
1759 4544 1933 4611 potius

344 4633 460 4702 ipsa
491 4632 740 4685 mundata
771 4642 886 4687 est:
936 4632 1183 4703 laerymis
1224 4633 1387 4702 pedes
1420 4633 1627 4687 Domini
1662 4635 1807 4698 lavit,
1839 4651 1931 4691 ca-

346 4726 594 4796 pillisque
632 4724 743 4780 suis
772 4726 992 4781 extersit
1029 4725 1206 4798 (Luca:
1234 4724 1347 4795 vn).
1393 4726 1447 4781 Si
1492 4736 1668 4796 potest
1708 4730 1936 4785 scintilla

346 4820 565 4889 pelagus
588 4818 941 4884 inﬂammare,
968 4828 1189 4888 possunt
1211 4827 1262 4872 et
1291 4827 1509 4886 peccata
1533 4828 1621 4873 tua
1643 4819 1759 4889 ejus
1786 4837 1938 4875 mun-

348 4912 535 4967 ditiam
578 4913 886 4980 inquinare:
927 4928 1034 4966 non
1078 4923 1161 4968 est
1198 4928 1391 4967 novum
1436 4913 1629 4969 cadere
1674 4915 1724 4967 in
1772 4914 1938 4968 lucta-

347 5007 525 5071 mine;
577 5006 671 5062 sed
737 5007 933 5061 malum
996 5013 1078 5061 est
1123 5006 1306 5077 jacere
1382 5006 1670 5074 dejectum.
1726 5006 1938 5062 Revoca

348 5103 489 5156 unde
524 5110 793 5157 extuleras
825 5102 1012 5171 pedem
1055 5102 1295 5157 fortiter:
1338 5112 1387 5158 te
1433 5102 1657 5158 cadente
1690 5102 1806 5157 risit
1838 5101 1932 5157 ini-

348 5195 540 5258 micus,
580 5192 673 5245 sed
723 5191 998 5247 fortiorem
1041 5200 1093 5247 te
1134 5193 1331 5247 sentiat
1363 5202 1749 5263 resurgentem.
1783 5193 1940 5249 Mise-

349 5294 490 5344 rerc,
547 5294 752 5349 quaeso,
804 5281 1094 5335 senectutis
1142 5296 1308 5347 mete;
1362 5282 1542 5337 doleas
1591 5297 1688 5351 pro
1727 5282 1941 5338 canitiei

351 5390 485 5429 mea:
512 5374 714 5440 labore,
739 5374 986 5440 obsecro,
1018 5384 1071 5430 et
1100 5391 1413 5447 exsurgens,
1447 5377 1564 5432 veni
1593 5378 1659 5432 ad
1690 5378 1937 5433 cellulam

354 5481 582 5521 mecum.
621 5466 737 5521 Noli
767 5468 990 5531 timere;
1025 5468 1283 5524 lubricum
1314 5470 1454 5525 enim
1486 5480 1567 5525 est
1594 5487 1762 5541 genus
1794 5487 1937 5527 mor-

355 5561 576 5615 talium:
608 5560 703 5616 sed
734 5561 873 5615 sicut
892 5561 1047 5616 citius
1074 5563 1236 5627 cadit,
1272 5564 1347 5618 sic
1370 5565 1559 5619 iterum
1586 5566 1824 5620 velocius
1845 5581 1942 5635 per

356 5652 448 5709 Dei
490 5653 810 5723 adjutorium
841 5656 1027 5725 surgit,
1059 5658 1149 5727 qui
1194 5666 1472 5726 peccantes
1504 5674 1609 5713 non
1641 5660 1755 5715 vult
1780 5660 1937 5727 mori,

358 5751 448 5805 sed
482 5751 658 5804 sanari
680 5760 735 5805 et
765 5751 945 5806 vivere
970 5749 1185 5821 (Ezech.
1218 5751 1389 5822 xvm).
1418 5752 1507 5808 Illa
1534 5768 1660 5809 vero
1686 5755 1845 5825 372
1868 5754 1942 5808 ait

361 5844 421 5897 ad
456 5860 608 5898 eunt:
665 5841 719 5899 Si
764 5843 870 5899 scis
917 5843 1040 5912 quia
1092 5844 1455 5911 paenitentiam
1508 5861 1662 5915 agere
1698 5860 1939 5915 possum,

363 5948 414 5996 et
441 5935 860 5996 satisfactionem
904 5952 1079 5995 meam
1109 5939 1360 6000 suscipiat
1404 5938 1565 6003 Deus,
1598 5955 1724 5997 cccc
1766 5951 1823 5997 ut
1862 5941 1941 6005 iu-

2028 2032 2111 2077 tus
2152 2022 2420 2077 Abraham
2453 2023 2690 2089 gaudens
2736 2022 2788 2076 in
2832 2023 2994 2077 corde
3033 2038 3133 2077 suo
3164 2023 3267 2077 iter
3294 2038 3415 2078 cum
3456 2034 3623 2094 nepte

2025 2112 2275 2169 faciebat.
2306 2114 2545 2183 Cumque
2575 2116 2807 2170 venisset
2836 2114 2901 2168 ad
2936 2116 3209 2184 proprium
3243 2115 3440 2182 locum,
3479 2118 3623 2175 illam

2026 2208 2240 2277 quidem
2267 2207 2353 2263 ubi
2384 2207 2500 2276 ipse
2529 2208 2721 2273 fuerat,
2754 2209 2994 2263 interiori
3018 2208 3212 2264 cellula
3240 2210 3480 2273 reclusit,
3506 2210 3625 2277 ipse

2027 2319 2157 2359 vero
2186 2304 2239 2358 iu
2271 2303 2408 2357 cella
2440 2304 2691 2358 exteriori
2727 2304 3038 2368 permansit.
3076 2305 3201 2359 Haec
3228 2307 3407 2375 itaque
3440 2306 3626 2361 induta

2028 2396 2226 2460 cilicio,
2258 2396 2311 2449 in
2341 2396 2642 2450 humilitate
2671 2396 2833 2451 animi
2866 2404 2921 2450 et
2949 2397 3128 2452 cordis
3151 2410 3310 2467 atque
3340 2398 3623 2455 oculorum

2029 2487 2240 2542 ﬂetibus
2265 2488 2612 2557 perdurabat,
2642 2488 2832 2558 vigiliis
2869 2504 3082 2558 quoque
3111 2500 3271 2558 atque
3303 2491 3624 2546 arctissimis

2031 2582 2373 2637 abstinentia:
2406 2582 2681 2637 laboribus
2708 2584 3049 2652 semetipsam
3078 2583 3389 2650 conﬁciens,
3417 2595 3471 2640 et
3501 2600 3624 2639 cum

2034 2674 2297 2729 modestia
2326 2683 2381 2729 et
2410 2674 2588 2745 quiete
2615 2674 2679 2728 ad
2712 2676 2992 2730 Dominum
3018 2676 3387 2732 indesinenter
3416 2677 3627 2747 procla-

2034 2783 2209 2832 mans,
2242 2766 2448 2823 facinus
2485 2770 2760 2838 proprium
2794 2785 2889 2840 spe
2926 2770 3229 2825 ﬁrmissima
3270 2772 3441 2826 venia:
3471 2772 3627 2841 plan-

2034 2862 2223 2933 gebat,
2276 2870 2381 2916 tam
2441 2863 2710 2932 sapienter
2754 2863 2953 2935 jugiter
3012 2865 3475 2921 obsecrationibus
3536 2882 3629 2922 va-

2032 2972 2186 3022 cans,
2233 2966 2291 3012 ut
2326 2957 2529 3021 nullus,
2571 2959 2814 3028 quamvis
2858 2960 2973 3015 sine
3001 2960 3317 3027 visceribus,
3352 2977 3457 3017 non
3484 2978 3629 3018 com-

2035 3060 2383 3120 pungerctur,
2410 3066 2533 3105 cum
2560 3065 2717 3106 voces
2738 3049 2895 3106 ﬂetus
2926 3052 3041 3122 ejus
3069 3053 3295 3109 audiret.
3329 3052 3459 3119 Quis
3486 3053 3631 3108 enim

2033 3143 2111 3197 sic
2143 3143 2525 3199 immiscricors
2555 3152 2638 3199 est
2667 3144 2929 3209 inventus,
2966 3146 3054 3215 qui
3100 3148 3476 3201 lamentantem
3507 3162 3630 3202 eam

2035 3248 2353 3305 agnoscens,
2386 3236 2501 3303 ipse
2540 3250 2749 3305 quoque
2777 3251 2882 3291 non
2914 3235 3103 3291 ﬂeret?
3135 3238 3237 3291 Aut
3267 3237 3384 3306 quis
3414 3237 3482 3292 de
3511 3237 3632 3307 ejus

2035 3341 2162 3382 vera
2202 3328 2379 3383 cordis
2407 3330 2818 3397 compunctione
2860 3344 2966 3383 non
3006 3330 3116 3400 egit
3140 3329 3338 3399 gratias
3389 3330 3497 3384 Deo
3528 3344 3630 3384 no-

2033 3422 2191 3477 stro?
2220 3422 2541 3477 Ptenitentia
2567 3422 2829 3493 siquidem
2872 3422 3009 3491 ejus,
3050 3423 3095 3476 si
3135 3424 3330 3478 nostris
3360 3424 3632 3493 supplica-

2035 3515 2267 3569 tionibus
2289 3525 2649 3584 comparetur,
2675 3531 2888 3571 omuem
2912 3530 3216 3571 mensuram
3239 3516 3442 3573 doloris
3462 3532 3627 3571 exce-

2033 3607 2131 3662 dit.
2162 3606 2250 3661 Sic
2280 3606 2422 3663 enitn
2456 3607 2751 3677 impensius
2779 3608 3061 3662 Dominum
3095 3609 3415 3678 precabatur
3441 3618 3496 3663 ut
3524 3608 3628 3664 sibi

2036 3702 2405 3769 ignosceretur
2437 3702 2581 3771 quod
2610 3710 2871 3771 gesserat,
2905 3713 2965 3757 ut
3004 3703 3165 3757 etiam
3198 3704 3427 3772 signum,
3464 3705 3507 3757 si
3541 3719 3632 3758 su-

2032 3801 2219 3862 scepta
2270 3792 2454 3847 fuisset
2476 3792 2591 3861 ejus
2638 3793 2975 3861 ptcuitentia,
3018 3793 3271 3847 divinitus
3316 3795 3632 3861 postularet.

2032 3886 2496 3941 Clementissimus
2526 3888 2705 3955 itaque
2743 3888 2904 3948 Deus,
2950 3887 3037 3955 qui
3065 3888 3331 3943 neminem
3361 3889 3473 3943 vult
3504 3905 3630 3958 per-

2034 3981 2111 4034 ire
2134 4021 2147 4043 ,
2179 3979 2272 4033 sed
2310 3994 2503 4035 omnes
2542 3979 2607 4033 ad
2658 3980 3025 4049 paenitentiam
3052 3982 3253 4037 reverti
3290 3981 3343 4053 (I
3374 3980 3508 4035 Tim.
3543 3981 3628 4052 ιι),

2034 4070 2107 4127 ita
2135 4072 2459 4143 condignam
2494 4071 2914 4126 satisfactionem
2942 4072 3060 4141 ejus
3092 4073 3317 4141 recepit,
3353 4082 3408 4128 ut
3432 4076 3635 4129 oratio-

2034 4164 2195 4219 nibus
2218 4163 2336 4233 ejus
2363 4172 2481 4233 post
2505 4163 2718 4219 triennii
2753 4164 3137 4233 plenitudinem
3168 4164 3367 4219 sanitas
3392 4166 3634 4235 plurimis

2034 4255 2371 4311 redderetur.
2403 4255 2700 4323 Impensius
2731 4270 2958 4326 namque
2988 4255 3057 4310 ad
3104 4271 3219 4311 eam
3253 4257 3403 4313 turba
3446 4258 3634 4327 populi

2035 4351 2358 4415 conﬂuebat,
2392 4366 2511 4418 qua:
2541 4366 2635 4418 pro
2667 4350 2876 4405 illorum
2919 4351 3093 4406 salute
3126 4351 3409 4407 Dominum
3446 4351 3635 4407 efﬁca-

2034 4447 2171 4500 citer
2196 4444 2535 4515 precabatur.

2110 4537 2238 4591 CAP.
2273 4535 2366 4592 XI.
2416 4563 2487 4576 —-
2528 4536 2723 4590 Beatus
2751 4543 2929 4589 autem
2960 4534 3225 4589 Abraham
3274 4536 3414 4591 alios
3444 4536 3631 4593 decem

2039 4642 2208 4681 annos
2230 4628 2280 4681 in
2305 4626 2406 4680 hac
2427 4626 2529 4679 vita
2559 4626 2871 4696 perdurans.
2899 4635 2952 4680 et
2979 4640 3207 4681 cernens
3234 4630 3490 4695 optimam
3519 4645 3635 4699 pte-

1963 4695 2019 4757 D
2046 4721 2321 4775 nitentiam
2360 4720 2500 4788 ejus,
2546 4695 2959 4789 gloriﬁcansque
3003 4720 3191 4785 Deum,
3241 4725 3637 4793 septuagesimo

2042 4814 2167 4868 vita:
2210 4827 2321 4867 sua:
2365 4826 2508 4866 anno
2542 4812 2745 4883 quievit
2774 4814 2825 4867 in
2861 4828 3011 4884 pace.
3046 4814 3438 4884 Quinquaginta
3471 4819 3637 4887 siqui-

2043 4906 2167 4960 dem
2197 4920 2367 4959 annos
2411 4919 2599 4975 magna
2647 4919 2769 4958 cum
2822 4906 3105 4961 devotione
3136 4919 3296 4978 atque
3338 4908 3637 4964 humilitate

2044 4999 2220 5056 cordis
2237 5008 2289 5053 ct
2303 4997 2565 5053 charitate
2583 5012 2685 5051 non
2707 4996 2851 5062 ﬁcta,
2878 4999 3176 5054 institutqu
3204 5016 3355 5053 suum
3372 4999 3635 5068 implevit.

2116 5093 2242 5147 CAP.
2278 5091 2391 5146 XII.
2425 5120 2495 5133 -—
2524 5090 2811 5145 Personam
2844 5093 3076 5147 hominis
3102 5105 3370 5160 nunquam
3402 5092 3631 5160 accepit,

2043 5188 2181 5242 sicut
2209 5185 2347 5255 apud
2378 5186 2635 5257 plurimos
2663 5186 2775 5239 ﬁeri
2811 5185 3108 5250 consuevit,
3134 5192 3193 5239 ut
3222 5199 3383 5237 unum
3413 5184 3633 5254 quidem

2044 5296 2226 5337 amore
2257 5281 2563 5350 prreferant,
2588 5280 2751 5335 alium
2774 5295 2905 5335 vero
2920 5279 3237 5347 despiciant,
3266 5293 3438 5345 neque
3467 5295 3631 5350 regu-

2044 5376 2150 5432 lam
2176 5376 2513 5431 abstinentite
2541 5390 2652 5430 suae
2684 5374 2924 5437 mutavit,
2958 5387 3062 5426 non
3093 5371 3299 5441 pigritia
3333 5372 3631 5442 obtorpuit,

2044 5487 2149 5526 non
2178 5470 2412 5541 segniter
2432 5470 2559 5541 egit,
2592 5469 2685 5525 sed
2716 5469 2790 5523 ita
2812 5448 3025 5536 semper
3048 5467 3251 5522 exstitit
3275 5467 3425 5538 quasi
3454 5469 3635 5539 quoti-

2046 5563 2130 5618 die
2153 5564 2459 5618 moriturus.
2492 5560 2587 5614 llic
2608 5558 2704 5614 fuit
2727 5558 2915 5613 modus
2938 5558 3230 5615 beatissimi
3257 5559 3551 5628 Abraham,
3576 5570 3635 5619 et

2046 5660 2161 5713 luec
2211 5655 2548 5715 conversatio
2591 5662 2645 5708 et
2686 5653 2975 5709 certamina
3022 5655 3319 5712 tolerantia:
3364 5656 3503 5727 ejus.
3551 5657 3631 5713 Ita

2045 5753 2186 5808 enim
2216 5753 2267 5805 in
2298 5748 2606 5805 certaminis
2636 5747 2749 5803 acie
2770 5757 2953 5804 contra
2981 5748 3345 5805 adversarium
3378 5751 3546 5817 stetit,
3572 5758 3633 5805 ut

2046 5858 2377 5915 nequaquam
2409 5857 2468 5898 se
2504 5850 2626 5913 post
2659 5850 2861 5913 tergum
2909 5852 3278 5911 converteret;
3326 5843 3419 5899 sed
3455 5857 3631 5914 neque

2046 5940 2099 5998 in
2128 5936 2557 5996 tribulationibus
2585 5951 2717 6007 quas
2749 5937 2801 5993 in
2840 5934 2955 5993 vico
2981 5950 3267 6009 perpessus
3296 5942 3399 6004 est,
3449 5949 3625 6004 neque
