4162 6352
601 386 704 444 659

1620 380 1710 438 BE
1747 380 1928 439 “TIS
1967 380 2247 439 PATRUM
2286 376 2491 435 LIBER
2530 375 2804 435 PRlMUS.

3782 381 3889 439 ϐω

605 498 656 554 in
687 510 872 567 pratulo
899 509 1022 553 cum
1060 493 1360 565 phantasiis
1384 494 1687 550 daemonum
1724 492 2006 559 dimicans,
2040 495 2179 552 rela-
2207 495 2260 558 Α
2292 489 2489 559 hiems,
2520 499 2575 545 et
2604 490 2809 545 intinita
2841 498 3136 560 tempestas
3158 493 3358 551 nudum
3380 509 3471 553 me
3494 502 3656 555 atque
3685 496 3885 573 spolia-

606 590 754 647 xavit
782 590 1015 647 animum
1055 601 1232 653 suum,
1264 588 1345 643 vel
1378 587 1431 643 in
1463 588 1641 658 aliquo
1672 588 1982 657 trepidauit.
2020 589 2186 643 Maxi-

602 700 747 748 mum
769 695 944 743 autem
970 691 1132 753 atque
1150 682 1466 739 admirabile
1488 693 1754 739 certamen
1780 683 1879 737 hoc
1900 681 2019 749 fuit,
2043 684 2185 753 quod

599 791 722 848 erga
774 777 1130 833 beatissimam
1172 776 1389 832 Mariam
1431 776 1616 847 gessit,
1660 776 1928 848 quomodo
1965 792 2061 848 per
2094 792 2184 833 sa-

598 872 854 944 pientiam
902 872 1258 943 spiritualem,
1308 872 1667 941 prudentiam,
1711 871 1947 939 inquam,
1994 879 2048 924 et
2086 872 2187 925 im-

598 968 870 1037 peritiam,
918 982 1012 1037 per
1067 966 1478 1047 ipdifferentiam
1532 975 1585 1021 et
1628 966 2063 1021 incontinentiam
2118 964 2187 1020 de

598 1065 852 1135 voragine
885 1064 1180 1135 iniquitatis
1206 1078 1322 1118 eam
1355 1064 1631 1118 abstraxit.
1664 1064 1707 1118 Ο
1737 1063 2083 1120 miraculum!
2128 1063 2183 1117 In

599 1158 775 1229 ipsum
824 1158 1001 1214 cubile
1051 1158 1299 1213 draconis
1354 1160 1624 1227 ingressus
1676 1168 1777 1226 est,
1825 1159 2006 1225 ibique
2061 1176 2182 1216 eum

596 1250 824 1324 pedibus
890 1250 1263 1316 conculcavit,
1329 1260 1385 1306 et
1436 1266 1500 1305 ex
1553 1250 1728 1306 medio
1790 1251 2026 1307 dentium
2067 1254 2184 1321 ejus

596 1356 777 1399 escam
807 1341 1021 1413 eripuit.
1053 1341 1120 1397 Hi
1154 1356 1353 1413 agones
1382 1348 1437 1397 et
1471 1340 1692 1397 sudores
1723 1342 1861 1397 beati
1891 1342 1993 1397 viri
2022 1343 2185 1397 exsti-

653 1443 794 1490 runt.

653 1443 794 1490 runt.

594 1442 797 1580 “Car.
835 1523 970 1580 Xlll.
996 1552 1068 1567 --
1106 1524 1170 1580 Et
1210 1522 1312 1579 hoc
1339 1523 1553 1591 quidem
1601 1526 1669 1578 ita
1700 1523 2088 1579 conscribimus
2116 1524 2183 1578 ad

595 1618 1017 1679 consolationem
1080 1626 1135 1673 et
1186 1617 1531 1672 devotionem
1578 1617 1817 1672 omnium
1864 1619 1952 1687 qui
1998 1618 2187 1673 volunt

594 1709 681 1780 pie
706 1720 760 1765 et
789 1709 1043 1764 alacriter
1063 1710 1226 1764 vitam
1256 1723 1411 1763 suam
1457 1710 1768 1765 instituere:
1798 1720 1849 1764 et
1877 1710 1941 1764 ad
1975 1710 2182 1766 laudem

574 1810 650 1873 et
690 1803 915 1872 gloriam
946 1804 1063 1872 Dei,
1104 1804 1257 1874 cujus
1286 1804 1453 1872 gratia
1494 1804 1777 1860 afﬂuenter
1800 1805 1953 1860 nobis
1994 1815 2183 1861 cuncta

2293 593 2405 639 tum
2434 586 2637 654 alisque
2682 585 3008 656 perfectione
3048 586 3308 643 bonorum
3355 603 3576 658 operum
3619 589 3878 649 inveniet.

2362 675 2490 733 CAP.
2550 675 2689 731 XVI.
2730 707 2800 717 —
2842 676 3092 732 Admiror
3147 678 3200 734 in
3246 685 3561 752 inemetipso
3589 726 3604 750 ,
3666 686 3885 740 charis-

2291 769 2454 836 simi,
2498 771 2767 837 quomodo
2796 770 3038 840 quotidie
3096 771 3373 842 delinquo,
3406 784 3461 830 et
3504 777 3743 845 quotidie
3770 794 3882 847 pte-

2294 861 2570 915 nitentiam
2622 876 2751 932 ago;
2810 878 2903 932 per
2953 865 3115 919 horas
3165 865 3416 931 aedifico,
3464 878 3518 923 et
3576 884 3675 937 per
3726 872 3885 928 horas

2292 966 2596 1012 constructa
2626 956 2902 1011 subverto.
2942 957 3024 1013 Ad
3073 974 3350 1028 vesperam
3405 961 3523 1016 dico
3568 980 3579 1014 :
3623 963 3883 1033 Sequenti

2291 1047 2378 1103 die.
2435 1051 2701 1119 [militem
2756 1066 2912 1106 inane
2952 1062 3130 1107 autem
3184 1056 3344 1117 facto,
3375 1056 3548 1110 elatus
3579 1058 3722 1113 diem
3749 1075 3885 1126 pne-

2293 1149 2457 1198 terea.
2505 1144 2707 1198 Rursus
2747 1143 2814 1198 ad
2867 1159 3145 1214 vesperam
3194 1148 3361 1202 dico:
3400 1147 3569 1204 Noctu
3618 1151 3880 1220 vigilabo,

2290 1245 2488 1291 etcum
2540 1237 2790 1307 lacrymis
2831 1238 3129 1294 obsecrabo
3179 1239 3497 1306 Dominum,
3550 1253 3605 1298 ut
3638 1251 3883 1314 peccatis

2291 1332 2423 1385 meis
2457 1332 2714 1400 propitius
2740 1332 2839 1399 sit;
2869 1348 2990 1386 cum
3020 1342 3197 1390 autem
3223 1350 3327 1388 nox
3355 1334 3651 1402 advenerit,
3687 1354 3881 1393 somno

2290 1424 2466 1494 potius
2510 1439 2767 1493 occupor.
2800 1425 2939 1481 Ecce
2983 1430 3071 1496 qui
3103 1443 3310 1482 mecum
3356 1440 3678 1499 acceperunt
3721 1446 3885 1500 pecu-

2293 1515 2434 1570 niam
2466 1514 2553 1569 die
2581 1530 2645 1569 ac
2690 1528 2849 1570 nocte
2880 1518 3139 1585 negotiari
3174 1519 3539 1585 contendunt,
3589 1531 3643 1575 ut
3684 1533 3738 1577 et
3770 1523 3883 1576 lau-

2289 1608 2411 1664 dem
2461 1609 2715 1680 praeconii
2773 1619 3191 1681 consequantur,
3238 1621 3294 1669 et
3335 1614 3519 1668 decem
3574 1614 3881 1672 civitatibus

2292 1702 2540 1773 praesint;
2586 1719 2684 1772 ego
2713 1704 2781 1757 ob
2831 1704 3097 1775 pigritiam
3142 1720 3313 1761 meam
3344 1707 3612 1763 occultavi
3663 1726 3780 1765 eam
3827 1712 3880 1767 in

2291 1807 2455 1866 terra,
2488 1812 2541 1854 et
2574 1799 2832 1855 Dominus
2864 1815 3014 1856 meus
3038 1801 3414 1871 propinquavit
3445 1803 3648 1864 venire;
3672 1813 3727 1859 et
3753 1819 3881 1859 ecce

593 1908 712 1966 qua:
744 1905 1047 1966 Opportuna
1072 1904 1196 1949 sunt
1222 1894 1619 1959 conceduntur;
1656 1895 1706 1949 in
1738 1897 1845 1951 alio
1874 1911 2001 1951 vero
2028 1898 2180 1976 volu-
2215 1882 2262 1946 Β
2289 1892 2659 1948 contremiscit
2706 1908 2797 1949 cor
2824 1908 3027 1959 meum,
3076 1903 3132 1947 et
3178 1894 3349 1950 defleo
3390 1894 3508 1950 dies
3544 1896 3882 1967 negligentia:

595 1987 741 2049 mine
764 1986 995 2057 reliquas
1014 1987 1134 2057 ejus
1155 1987 1382 2043 virtutes
1403 1988 1808 2058 descripsimus.
1838 1990 1977 2044 Hora
2002 2002 2179 2046 autem

592 2077 684 2135 illa
715 2080 929 2146 quando
969 2081 1173 2151 quievit
1217 2082 1537 2149 migraturus
1575 2081 1643 2136 ad
1685 2082 1761 2135 Do
1786 2106 1794 2131 ι
1819 2081 1999 2151 inum,
2046 2099 2181 2154 pene

594 2175 844 2233 Universa
875 2176 1063 2232 civitas
1106 2185 1429 2248 congregata
1460 2186 1561 2231 est.
1604 2176 1667 2230 Et
1697 2178 2065 2247 unusquisque
2091 2195 2183 2235 e0-

592 2280 714 2322 rum
740 2281 861 2321 cum
884 2268 1031 2327 omni
1055 2267 1341 2322 devotione
1364 2269 1668 2323 castissimo
1694 2268 1814 2339 ejus
1838 2271 2054 2339 corpori
2084 2287 2179 2343 ap-

592 2359 975 2430 propinquans,
1010 2360 1440 2417 benedictionem
1469 2363 1575 2417 sibi
1605 2377 1671 2417 ex
1705 2365 2039 2421 vestimentis
2064 2366 2180 2435 ejus

592 2448 834 2520 diripuit.
866 2451 933 2506 Et
960 2454 1007 2507 si
1036 2452 1086 2507 in
1110 2468 1427 2523 quocunque
1461 2454 1718 2525 languore
1742 2456 1795 2511 id
1826 2457 1965 2527 quod
1996 2460 2179 2529 direp-

590 2548 705 2596 tum
734 2550 819 2598 est
841 2542 1091 2615 Contigit,
1122 2544 1240 2601 sine
1278 2546 1453 2615 aliqua
1483 2562 1633 2603 mora
1660 2550 1863 2607 sanitas
1892 2550 2178 2609 subsecuta

589 2642 696 2690 est.

659 2726 788 2785 Car.
818 2729 965 2785 XIV.
994 2761 1067 2772 —
1092 2731 1246 2786 Vixit
1270 2731 1433 2787 etiam
1465 2732 1628 2788 Maria
1656 2734 1791 2788 alios
1820 2736 2056 2808 quinque
2084 2752 2181 2795 an-

590 2834 709 2886 nos,
745 2822 929 2891 sicque
964 2840 1124 2893 supra
1157 2826 1372 2879 modum
1404 2828 1567 2880 vitam
1602 2840 1754 2881 suam
1797 2828 2103 2895 instituens,
2127 2842 2181 2888 et

590 2911 778 2968 diebus
802 2928 864 2969 ac
896 2915 1139 2974 noctibus
1170 2920 1222 2973 in
1256 2918 1639 2976 lamentatione
1669 2936 1856 2990 magna
1902 2924 2180 2998 lacrymis-

590 3020 694 3078 que
727 3022 1094 3076 perseverans,
1142 3011 1431 3067 Dominum
1461 3014 1803 3083 precabatur,
1852 3027 1910 3072 ut
1939 3020 2180 3089 plerique

590 3107 977 3168 puniet-euntes
1007 3102 1179 3157 locum
1222 3103 1372 3159 illum
1405 3120 1498 3177 per
1525 3116 1758 3172 noctem,
1800 3119 1857 3163 et
1899 3111 2178 3183 audientes

590 3199 772 3245 vocem
830 3193 1047 3248 fletuum
1109 3196 1246 3265 ejus,
1312 3196 1657 3253 nihilominus
1716 3212 2058 3260 verterentur
2122 3205 2175 3261 in

2291 2003 2450 2056 meae,
2484 2004 2589 2043 non
2637 1987 2843 2043 habens
2888 1986 3099 2059 qualem
3144 1991 3540 2046 excusationem
3569 1991 3878 2047 obtendam.

2372 2080 3038 2136 Car.XV'll.—Miserere
3068 2082 3194 2145 mei,
3222 2083 3310 2151 qui
3332 2082 3479 2137 solus
3504 2086 3620 2137 sine
3654 2094 3872 2153 peceato

2286 2187 2344 2228 es
2378 2173 2538 2239 Deus,
2573 2182 2629 2230 et
2650 2172 2855 2227 salvum
2884 2187 2970 2229 me
2996 2172 3101 2240 fac,
3146 2176 3235 2243 qui
3268 2174 3414 2229 solus
3444 2174 3710 2243 benignus
3739 2190 3798 2230 es
3826 2185 3880 2232 et

2286 2265 2547 2330 clemens;
2575 2267 2697 2334 quia
2731 2274 2927 2333 praeter
2954 2275 3004 2321 te
3033 2266 3371 2321 benedictum
3405 2266 3642 2335 Patrem,
3674 2279 3726 2323 et
3762 2271 3880 2324 uni-

2284 2356 2522 2425 genitum
2556 2354 2750 2413 Filium
2782 2365 2931 2411 tuum
2953 2356 3046 2427 qui
3078 2357 3381 2411 incarnatus
3405 2366 3485 2410 est
3511 2366 3729 2427 prepter
3757 2373 3876 2424 nos,

2285 2460 2337 2505 et
2367 2450 2622 2518 Spiritum
2671 2460 2915 2504 sanctum
2948 2449 3039 2519 qui
3073 2449 3303 2504 vivificat
3332 2450 3534 2515 omnia,
3562 2450 3727 2504 aliutn
3757 2466 3877 2505 nes-

2284 2544 2389 2609 cio,
2441 2558 2613 2611 neque
2654 2543 2708 2597 in
2739 2542 2901 2598 alium
2936 2544 3117 2598 credo.
3151 2542 3219 2596 Et
3245 2558 3388 2597 nunc
3432 2554 3708 2598 memento
3740 2543 3875 2609 ntei,

2284 2648 2494 2694 amator
2525 2638 2827 2705 hominum,
2870 2648 2927 2695 et
2970 2638 3142 2693 deduc
3174 2653 3259 2693 me
3288 2640 3355 2694 de
3382 2652 3599 2693 carcere
3626 2638 3877 2709 iniquita‘

2285 2742 2396 2788 ttun
2424 2747 2692 2797 mearum,
2724 2732 2848 2803 quia
2900 2741 3367 2802 utrumquetuum
3408 2742 3510 2800 est,
3547 2733 3795 2800 Domine,
3826 2742 3876 2789 et

2282 2823 2497 2895 quando
2546 2822 2761 2879 voluisti
2814 2837 2902 2878 me
2951 2824 3002 2876 in
3059 2823 3198 2877 hunc
3248 2822 3503 2877 tnundum
3548 2824 3775 2891 intrare,
3824 2835 3877 2879 et

2282 2920 2497 2990 quando
2524 2934 2588 2974 ex
2617 2933 2684 2974 eo
2715 2918 2944 2989 migrare
2972 2916 3309 2987 pneceperis.
3336 2916 3632 2972 Memorare
3657 2917 3761 2977 mei
3788 2917 3875 2971 in-

2284 3011 2519 3077 defensi,
2551 3022 2606 3068 et
2632 3011 2777 3065 salva
2808 3026 2894 3065 me
2917 2996 3253 3080 peccatorem
3281 3028 3294 3076 ;
3324 3022 3379 3066 et
3405 3012 3577 3081 gratia
3607 3018 3721 3078 tua,
3756 3026 3877 3081 qua:

2282 3106 2412 3161 mihi
2445 3109 2495 3162 in
2525 3106 2625 3159 hoc
2666 3104 2869 3160 saeculo
2896 3103 3200 3172 opitulatio,
3230 3102 3518 3173 refugium,
3551 3108 3605 3155 et
3626 3101 3876 3173 gloriatio

2285 3200 2420 3254 iacta
2454 3206 2555 3267 est,
2588 3198 2702 3261 ipsa
2734 3212 2822 3253 me
2850 3199 2950 3252 sub
2974 3197 3084 3251 alas
3108 3196 3161 3249 in
3196 3195 3283 3249 illa
3313 3196 3399 3251 die
3424 3195 3694 3250 horrenda
3716 3204 3876 3264 atque

588 3281 881 3351 planctum,
907 3293 961 3339 et
991 3285 1171 3343 ﬂetum
1196 3304 1348 3343 suum
1379 3288 1497 3361 ejus
1522 3291 1648 3347 ﬂetu
1671 3294 2007 3361 copularent.
2035 3296 2175 3353 llora
2203 3283 2252 3349 C
2286 3291 2509 3348 terribili
2542 3299 2803 3360 protegat.
2831 3289 2911 3344 Tu
2941 3292 3083 3343 enim
3115 3289 3383 3358 agnoscis.
3407 3288 3497 3359 qui
3520 3304 3579 3344 es
3606 3300 3876 3345 scrutator

589 3385 762 3437 autem
816 3380 1155 3436 dormitionis
1202 3384 1338 3452 ejus,
1372 3399 1478 3455 qua
1522 3400 1587 3442 ex
1632 3386 1730 3441 hac
1762 3390 1867 3445 vita
1898 3402 2173 3462 assumpta

588 3477 691 3536 est,
723 3485 911 3527 omnes
957 3474 1049 3544 qui
1095 3476 1344 3532 viderunt
1390 3493 1531 3544 eam,
1582 3491 1805 3555 promer
1832 3484 2171 3552 splendorem

588 3561 766 3619 vultus
802 3562 941 3633 ejus,
973 3565 1194 3636 gloriam
1231 3568 1455 3626 Domino
1484 3572 1800 3631 retulerunt.

655 3652 787 3709 CAP.
822 3654 1147 3717 XV.—lleu
1172 3661 1297 3715 milii
1319 3660 1423 3731 (6),
1457 3662 1814 3730 dilectissimi,
1838 3666 2090 3735 quoniam
2119 3668 2171 3723 hi

588 3745 805 3814 quidem
832 3749 1189 3817 dormierunt,
1228 3762 1283 3809 et
1306 3756 1371 3809 ad
1398 3755 1682 3813 Dmninnm
1714 3773 1836 3813 cum
1863 3761 2006 3815 onmi
2039 3762 2174 3819 fidu-

588 3840 669 3892 cia
700 3854 1083 3911 perrexerunt;
1107 3860 1330 3916 quorum
1356 3863 1506 3903 mens
1530 3847 1581 3902 in
1609 3850 1753 3905 nullo
1777 3867 1992 3920 prorsus
2020 3870 2173 3909 mun-

587 3928 740 3985 danis
761 3935 987 4005 negotiis
1013 3938 1264 4008 colligata
1286 3948 1389 4007 est,
1426 3940 1519 3996 sed
1559 3940 1609 4001 in
1641 3943 1753 3998 sola
1800 3944 2008 3997 Domini
2039 3945 2171 4001 elia-

588 4022 769 4080 ritate.
806 4027 913 4096 Ego
942 4028 1101 4100 373
1131 4046 1257 4086 vero
1300 4032 1659 4103 impromptus
1684 4046 1845 4102 atque
1876 4035 2171 4105 imparatus

588 4130 710 4174 mea
752 4118 1025 4177 voluntate
1055 4125 1345 4193 permansi,
1392 4132 1449 4181 et
1488 4140 1617 4184 ecce
1645 4128 2056 4199 comprehendit
2084 4148 2171 4187 me

2282 3386 2461 3443 cordis
2491 3394 2547 3441 et
2576 3400 2783 3450 renum,
2831 3384 2973 3455 quod
3008 3383 3206 3437 multas
3241 3384 3527 3452 pravitates
3566 3393 3621 3437 et
3648 3383 3876 3451 scanda-

2284 3482 2456 3537 lorum
2489 3481 2753 3545 tramites,
2779 3477 3164 3549 impudentium
3190 3480 3479 3535 vanitatem
3510 3489 3565 3536 et
3591 3479 3875 3535 haeretico-

2287 3588 2403 3629 rttm
2434 3572 2801 3628 defensionem
2835 3570 3154 3640 contempsi.
3196 3569 3261 3623 Et
3284 3570 3385 3625 hoc
3413 3586 3519 3626 non
3543 3586 3608 3625 ex
3644 3586 3750 3638 me,
3775 3570 3871 3625 sed

2280 3682 2347 3722 ex
2376 3668 2547 3735 gratia
2576 3674 2686 3735 tua,
2719 3680 2813 3736 per
2845 3681 3002 3734 quam
3056 3664 3353 3720 illuminata
3403 3673 3484 3718 est
3528 3678 3683 3718 meus
3731 3678 3872 3717 mea.

2284 3755 2440 3815 Unde
2471 3758 2718 3826 obsecro,
2769 3769 2955 3814 sancte
3003 3758 3261 3823 Domine,
3311 3758 3455 3815 salva
3488 3772 3574 3811 me
3622 3760 3674 3812 in
3708 3773 3872 3827 regno

2285 3864 2395 3917 tuo,
2430 3861 2485 3907 et
2512 3852 2731 3923 dignare
2763 3866 2849 3906 me
2873 3851 3193 3908 benedicere
3215 3866 3337 3906 cum
3360 3849 3612 3905 omnibus
3642 3849 3729 3917 qui
3756 3849 3873 3918 pla-

2282 3956 2507 4003 cuerunt
2536 3953 2662 4000 ante
2694 3956 2766 4011 te,
2795 3945 3045 4015 quoniam
3070 3946 3221 4000 decet
3245 3954 3296 4001 te
3323 3944 3515 4016 gloria,
3547 3942 3791 4005 adoratio
3819 3953 3869 3997 et

2282 4038 2694 4109 magnificentia,
2719 4038 2927 4094 l’atrem
2949 4048 3004 4094 et
3031 4037 3224 4092 Filium
3247 4048 3301 4094 et
3320 4036 3575 4107 Spiritum
3600 4045 3865 4090 sanctum.

2279 4132 2470 4190 Amen.

1834 4267 2209 4326 ROSWEYD:
2247 4271 2570 4328 NOTATIO.

660 4372 738 4454 (l)
767 4374 954 4454 Maria:
998 4378 1325 4454 meretricia.]
1364 4380 1582 4439 Festum
1630 4382 1790 4453 hujus
1818 4384 1869 4437 in
1903 4384 2062 4439 nullis
2093 4393 2170 4439 ta-

586 4446 727 4524 bulis
751 4451 1130 4524 ecclesiasticis
1152 4446 1369 4507 inven'to
1397 4465 1545 4509 certo
1571 4457 1655 4510 die
1684 4446 2035 4524 assignatmn,
2068 4459 2167 4510 nisi

583 4521 725 4597 Quod
759 4521 810 4573 in
828 4521 1060 4597 hlenzeis
1090 4524 1173 4597 29_
1196 4524 1444 4581 Octobris
1467 4528 1627 4581 Maria
1652 4521 1881 4580 Abrahae
1903 4527 2164 4597 jungitur.

583 4589 654 4669 _l'lt
682 4592 841 4645 simul
873 4596 1127 4669 hactenus
1158 4594 1274 4650 Vita
1311 4597 1536 4652 Abrahae
1566 4610 1617 4654 et
1648 4598 1827 4652 Maria:
1854 4589 2032 4662 neptis
2052 4600 2169 4665 ejus

584 4662 845 4738 impressa
896 4660 1021 4738 fuit,
1068 4676 1285 4720 auctore
1318 4668 1585 4738 Ephrtctn.
1621 4669 1879 4736 Distinxi,
1926 4660 1983 4723 ut
2022 4660 2168 4726 viros

586 4736 854 4810 ascetashn
882 4737 1095 4810 leutiqis
1117 4736 1373 4810 ast'etriis‘
1393 4750 1668 4810 separatos
1695 4741 1941 4794 haberes.

582 4872 597 4886 '
644 4801 735 4886 β)
784 4802 1047 4886 Stabit/0.]
1079 4806 1242 4886 lii-est
1268 4801 1567 4865 diversorio
1588 4812 1670 4866 vel
1697 4812 1993 4866 meritorio.
2016 4811 2166 4868 Unde

580 4873 740 4939 infra,
772 4891 890 4941 Cap.
915 4877 970 4940 (ὦ,
991 4873 1325 4933 ετάῢιιιαῖίιιε.

654 4947 733 5016 (ῗκ)
783 4946 1246 5022 finiriﬁniri-Itiuth
1276 4951 1344 5003 Ita
1373 4952 1677 5022 legendum.
1710 4951 1871 5017 Editi,
1904 4954 2166 5009 (alaman-

534 5030 541 5037 ‘
579 5015 761 5093 chum,
785 5019 838 5070 id
859 5031 932 5093 est
974 5021 1189 5093 pilatim.
1219 5015 1463 5076 Occurrit
1498 5036 1551 5077 et
1593 5025 1751 5088 infra,
1783 5015 1958 5093 capite
1989 5028 2041 5090 Si,
2073 5026 2164 5081 uloi

575 5088 912 5144 Coloniensis
963 5090 1166 5163 editio,
1223 5094 1526 5150 catamancn
1592 5097 1771 5151 habet.
1829 5088 1962 5150 Vide
2016 5088 2161 5151 Ono-

574 5169 856 5219 Illasttt‘tm.

649 5231 729 5311 (ἦ)
782 5233 950 5311 Super
978 5235 1313 5311 psiathium].
1355 5237 1520 5311 Vetus
1575 5238 1974 5311 editio_,_auper
2018 5240 2160 5311 fmmi

575 5306 814 5379 spatium.
848 5306 1081 5379 Sedjam
1109 5318 1233 5364 ante
1257 5306 1455 5379 saepius
1482 5308 1534 5362 in
1564 5311 1681 5362 aliis
1716 5307 1845 5379 Vitis
1879 5306 2159 5377 ptiar/tium

575 5376 831 5439 occurrit,
861 5388 918 5430 ut
945 5377 1013 5433 de
1043 5379 1289 5437 lectionis
1316 5376 1542 5437 veritate
1570 5382 1778 5435 nullum
1804 5376 1885 5433 sit
1916 5381 2159 5438 dubium.

2192 4717 2249 4777 Β

2353 4390 2429 4459 (5)
2484 4386 2858 4462 Chamaunzm]
2888 4387 3054 4462 Vetus
3086 4388 3274 4453 editio,
3320 4387 3668 4462 continentior.
3704 4385 3858 4462 (ἰριο-

2281 4460 2503 4524 ηἰθικήδ,
2546 4460 2856 4515 ειηιηιεηίωξ
2885 4460 3020 4515 Vera
3073 4462 3265 4525 lectio,
3311 4473 3469 4528 quam
3526 4460 3670 4512 dedi.
3730 4460 3859 4512 Sunt

2279 4538 2588 4603 χαμευνίαι,
2641 4532 3103 4585 Immicubationes.
3158 4533 3367 4600 Supra,
3429 4529 3545 4603 Vita
3602 4531 3859 4594 Abrahae,

2275 4602 2394 4669 cap.
2438 4604 2533 4666 l3,
2583 4604 2897 4656 chameuniis
2947 4619 3144 4672 quoque
3189 4614 3231 4655 et
3278 4602 3578 4655 contritione
3631 4602 3860 4667 corporis

2274 4689 2535 4742 nunquam
2570 4674 2778 4727 omnino
2807 4675 3030 4727 lassatus
3062 4684 3157 4728 est.
3186 4674 3317 4729 Vide
3346 4673 3758 4726 Onomasticnu.

2349 4750 2428 4813 (tu)
2478 4744 2593 4797 Heu
2621 4743 2791 4813 mihi.]
2824 4745 2946 4798 Tria
2976 4746 3251 4811 sequentia
3302 4744 3477 4810 capita
3506 4747 3705 4796 desunt
3758 4754 3859 4795 tam

2271 4818 2409 4881 apud
2445 4818 2714 4885 lzphrann,
2740 4824 2869 4870 tum.
2897 4816 2986 4883 lli,
3010 4816 3061 4870 in
3090 4816 3203 4870 Vita
3226 4815 3478 4877 Abrahae,
3512 4828 3612 4868 nec
3634 4829 3693 4867 se.
3725 4814 3858 4885 eain

2273 4883 2904 4956 Graecis‘exemplaribus
2936 4888 3199 4955 reperisse
3232 4895 3459 4939 testatur
3485 4883 3760 4953 bpltrattni
3782 4886 3856 4956 in;

2272 4970 2476 5027 terpres
2508 4955 2743 5021 Vossitts,
2774 4974 2933 5028 quant
2962 4960 3099 5023 apud
3135 4957 3565 5025 Metaphrastem,
3618 4955 3856 5028 totitoti

2269 5025 2582 5100 Lipomani,
2627 5040 2682 5083 et
2727 5025 2871 5100 tonio
2912 5029 2953 5082 ll
2995 5028 3155 5084 Sunii.
3203 5030 3430 5100 Deerant
3473 5030 3726 5100 etiamin
3759 5025 3855 5078 Ma-

2268 5098 2555 5171 nuscriptis
2602 5099 2823 5155 nostris.
2875 5101 2982 5155 Sed
3026 5101 3147 5169 quia
3178 5099 3516 5171 Coloniensis
3543 5098 3713 5152 editio
3748 5101 3852 5171 haec

2267 5169 2464 5233 habet,
2495 5181 2656 5227 etiam
2688 5173 2953 5239 expressi.
2989 5172 3209 5227 Vossius
3253 5170 3530 5227 existimat
3575 5169 3846 5223 clausulas

2266 5243 2384 5310 has,
2419 5260 2486 5299 ex
2520 5246 2637 5298 aliis
2662 5243 2932 5312 Ephrtemi
2959 5242 3112 5311 locis,
3155 5243 3350 5313 quibus
3378 5241 3577 5294 similia
3611 5240 3845 5311 quantum

2264 5314 2445 5383 habet,
2478 5315 2830 5371 concinnatae
2859 5330 3000 5371 esse.
