4162 6352
389 346 3606 390 W

1783 492 2084 536 OCTOBBIB
2133 493 2265 538 νιη.

749 645 1226 792 VITA
1327 640 2172 796 SANCTXE
2256 633 3180 803 THAISISm
3244 735 3293 805 ς

1663 877 2395 964 MERETBICIS,

1443 1047 2012 1136 AUCTORE
2062 1046 2626 1132 INCERTO.

464 1299 645 1355 Caror
672 1310 892 1352 rntnuu.
914 1323 988 1338 -
1013 1294 1176 1367 374
1211 1292 1337 1349 Fuit
1384 1294 1626 1363 quaedam
1681 1293 1934 1348 meretrix
1958 1333 1972 1357 ,
2009 1292 2060 1354 Α
2079 1292 2257 1364 jubes,
2295 1301 2464 1363 pater,
2517 1301 2576 1349 ut
2611 1306 2802 1363 aquam
2831 1305 3006 1348 meam
3036 1291 3304 1348 Mundam
3327 1292 3352 1346 τ
3375 1291 3444 1346 At
3470 1291 3559 1347 ille
3583 1305 3669 1346 re-

389 1394 606 1450 Tbaisis
631 1391 1045 1458 nomine,tant:c
1069 1388 1499 1460 pulchritudinis,
1525 1396 1582 1442 ut
1599 1387 1749 1442 multi
1764 1397 1981 1455 propter

395 1508 516 1548 eam
552 1487 843 1543 vendentes
867 1484 1220 1540 substantiam
1244 1497 1391 1537 suam
1424 1482 1489 1535 ad
1522 1482 1757 1535 ultimam
1783 1494 1978 1549 perve-

399 1583 580 1635 nirent
610 1585 1008 1648 paupertatem;
1043 1576 1134 1631 sed
1178 1583 1230 1630 et
1255 1575 1375 1629 lites
1397 1574 1536 1629 inter
1564 1588 1624 1627 se
1651 1570 1979 1627 conserenti-

395 1671 496 1724 bus
547 1668 874 1724 amatoribus
922 1666 1052 1731 suis,
1086 1666 1393 1735 frequenter
1431 1668 1692 1735 sanguine
1725 1667 1980 1732 juvenum

395 1761 591 1831 puellae
621 1762 776 1816 limen
804 1759 1127 1827 replebattu‘.
1154 1758 1285 1825 Quae
1308 1772 1427 1822 cum
1458 1757 1625 1825 abbas
1651 1755 1977 1826 Paphnutius

402 1852 668 1916 audisset,
701 1860 912 1918 sumpto
939 1849 1117 1902 habitu
1146 1849 1390 1904 saeculari
1424 1858 1480 1903 et
1509 1862 1612 1902 uno
1634 1847 1827 1912 solido,
1859 1861 1982 1914 pro-

397 1945 570 2000 fectus
594 1954 676 1998 est
698 1943 762 1996 ad
794 1957 908 1996 eam
934 1942 986 1995 in
1013 1941 1236 2010 quadam
1264 1941 1478 2013 [Egypti
1521 1942 1771 2005 civitate;
1800 1939 1979 1994 dedit-

397 2054 504 2109 que
533 2037 583 2090 ci
610 2036 836 2090 solidum
883 2049 980 2103 pro
1021 2034 1267 2090 mercede
1290 2033 1514 2104 peccati.
1549 2033 1617 2088 At
1650 2034 1735 2087 illa
1759 2042 1981 2100 accepto

396 2132 591 2201 pretio,
624 2129 694 2182 ait
729 2147 740 2182 :
769 2127 1129 2197 lngrediamur
1149 2126 1546 2189 domumngnC
1569 2125 1659 2190 ille
1687 2125 1977 2196 ingressus,

403 2231 462 2277 ut
491 2224 682 2276 lectum
716 2223 962 2290 pretiosis
1007 2221 1246 2275 vestibus
1301 2228 1524 2273 stratum
1574 2217 1977 2281 conscenderet,

401 2313 660 2367 invitabat
690 2329 830 2381 eam,
861 2324 917 2367 et
944 2313 1113 2366 dixit:
1148 2312 1204 2366 Si
1227 2320 1308 2366 est
1330 2311 1554 2364 interius
1578 2309 1902 2373 cubiculum,
1930 2308 1982 2361 in

399 2405 518 2474 ipso
549 2420 755 2470 eamus,
805 2405 893 2459 illa
937 2405 1105 2459 dixit:
1137 2401 1230 2457 Est
1260 2404 1513 2472 quidem,
1543 2402 1635 2456 sed
1663 2402 1708 2455 si
1741 2402 1984 2455 homines

400 2497 631 2564 vereris,
664 2512 761 2551 nec
811 2497 862 2550 in
903 2498 1004 2550 isto
1034 2496 1288 2550 exteriori
1313 2493 1561 2548 cubiculo
1587 2492 1724 2552 nllus
1753 2491 1987 2562 ingredi-

401 2598 517 2655 tur;
542 2589 728 2645 sivero
751 2588 941 2658 Deum,
971 2588 1144 2656 nullus
1167 2596 1247 2641 est
1267 2586 1414 2640 locus
1438 2586 1525 2653 qui
1549 2584 1840 2638 divinitatis
1868 2583 1986 2652 ejus

2086 1387 2304 1455 spondit
2334 1405 2348 1442 :
2378 1387 2439 1444 In
2463 1387 2618 1453 cella.
2643 1396 2701 1449 ut
2722 1387 2878 1457 diana
2905 1401 2986 1454 ea...
3012 1385 3462 1459 (instantinstant
3483 1399 3670 1459 (tuem-

2086 1481 2374 1535 admodum
2407 1481 2577 1536 Deum
2615 1490 2795 1537 oraret
2834 1484 3152 1552 requireret,
3181 1481 3310 1535 dicit
3337 1481 3385 1535 ei
3413 1497 3425 1532 :
3458 1480 3570 1533 Non
3611 1493 3670 1534 es

2089 1575 2243 1644 digna
2277 1577 2552 1631 nominare
2581 1577 2767 1642 Deum,
2795 1592 2892 1632 nec
2919 1576 2972 1630 in
3002 1576 3152 1630 labiis
3185 1577 3287 1629 tuis
3316 1589 3508 1628 nomen
3533 1573 3667 1627 divi-

2088 1671 2272 1724 nitatis
2299 1669 2413 1739 ejus
2443 1670 2747 1734 adducere,
2780 1671 2872 1725 sed
2916 1687 3014 1725 nec
3043 1670 3112 1728 ad
3140 1671 3332 1728 coelum
3363 1685 3552 1723 manus
3574 1683 3671 1722 ex-

2087 1762 2346 1837 pandere,
2379 1763 2634 1831 quoniam
2664 1763 2802 1822 labia
2833 1775 2918 1824 tua
2948 1764 3220 1832 iniquitate
3252 1770 3374 1820 sunt
3399 1761 3576 1829 plena,
3618 1770 3672 1814 et

2092 1869 2283 1908 manus
2335 1863 2436 1907 tua:
2484 1853 2730 1908 sordibus
2780 1850 3106 1922 inquinatas;
3159 1853 3252 1907 sed
3307 1851 3672 1906 tantummodo

2093 1932 2289 2002 sedens
2318 1954 2501 1999 contra
2523 1945 2798 1999 Orientem
2823 1947 3051 2011 respice,
3085 1944 3224 1999 hunc
3247 1958 3552 1998 sermonem
3584 1957 3672 1997 so-

2093 2036 2200 2088 lum
2233 2036 2538 2105 frequenter
2565 2034 2764 2090 iterans
2796 2054 2808 2090 :
2840 2035 2940 2102 Qui
2969 2036 3244 2104 plasmasti
3276 2051 3381 2101 me,
3419 2035 3673 2090 miserere

2091 2127 2195 2182 mei
2229 2125 2335 2200 (2).

2161 2217 2291 2271 CAP.
2325 2216 2407 2271 Ill.
2440 2247 2512 2257 —
2537 2215 2670 2271 Cum
2695 2230 2821 2286 ergo
2844 2215 3010 2270 tribus
3057 2216 3209 2268 annis
3239 2217 3310 2270 ita
3362 2214 3550 2268 luisset
3591 2213 3672 2267 in-

2090 2307 2262 2375 clusa,
2291 2308 2566 2361 condoluit
2594 2308 2759 2361 abbas
2789 2306 3139 2377 Paphnutius,
3173 2317 3224 2359 et
3250 2320 3369 2359 mox
3402 2304 3671 2372 profectus

2090 2411 2171 2455 est
2219 2401 2285 2454 ad
2332 2402 2574 2455 abbatem
2625 2402 2938 2465 Antonium,
2987 2410 3046 2453 ut
3094 2400 3162 2453 ab
3203 2415 3267 2453 eo
3299 2400 3594 2468 requireret
3626 2401 3672 2454 si

2092 2504 2313 2565 peccata
2351 2494 2467 2564 ejus
2497 2494 2790 2570 remisisset
2834 2496 2881 2550 ei
2934 2495 3208 2558 Dominus,
3261 2509 3328 2548 an
3379 2509 3507 2548 non.
3539 2493 3670 2549 Cum

2093 2603 2222 2657 ergo
2269 2589 2634 2656 pervenisset,
2683 2599 2736 2641 et
2785 2598 2982 2642 tantam
3033 2588 3110 2641 illi
3149 2602 3363 2642 causam
3405 2587 3672 2642 subtiliter

402 2683 575 2736 oculis
604 2681 979 2742 abscondatur.
1012 2680 1160 2749 Quod
1191 2694 1310 2736 cum
1354 2678 1590 2734 audisset
1630 2690 1794 2732 senex
1814 2717 1828 2740 ,
1859 2675 1987 2728 dicit
2014 2668 2064 2730 B
2094 2676 2386 2741 narrasset,
2417 2680 2721 2732 cenvocatis
2747 2679 3021 2747 discipulis
3060 2679 3173 2733 suis
3207 2679 3370 2734 abbas
3409 2682 3673 2735 Antonius

401 2778 449 2832 ei
489 2795 502 2833 :
536 2779 599 2831 Et
629 2780 733 2830 scis
775 2790 892 2830 esse
924 2775 1125 2829 Deum?
1152 2773 1248 2828 Cui
1275 2774 1360 2827 illa
1385 2771 1661 2840 respondit
1691 2788 1703 2822 :
1728 2769 1795 2823 Et
1820 2769 1984 2823 Deum

402 2871 517 2924 scio
566 2878 618 2921 et
649 2881 870 2933 regnum
915 2865 1070 2919 futuri
1117 2863 1330 2927 szecnli,
1378 2877 1584 2917 necnon
1635 2869 1690 2915 et
1719 2867 1984 2914 tormenta

401 2958 575 3011 futura
609 2970 970 3024 peccatorum.
1004 2955 1141 3008 Dicit
1173 2954 1219 3007 ei
1253 2972 1264 3004 :
1300 2953 1356 3007 Si
1392 2965 1521 3019 ergo
1551 2950 1663 3004 htcc
1691 2950 1850 3015 nosti,
1894 2964 1988 3003 cur

406 3059 580 3102 tantas
609 3049 813 3101 animas
843 3047 1141 3117 perdidisti,
1172 3055 1229 3098 ut
1273 3061 1381 3102 non
1412 3044 1589 3114 solum
1611 3059 1708 3112 pro
1735 3045 1859 3112 tuis,
1892 3041 1986 3110 sed

403 3151 457 3195 et
491 3157 584 3208 pro
616 3140 824 3202 illorum
854 3138 1165 3192 criminibus
1191 3136 1394 3191 reddita
1437 3138 1640 3190 ratione
1679 3132 1988 3188 damneris?

402 3233 552 3297 Quod
585 3247 702 3285 cum
733 3230 942 3284 Thaisis
977 3230 1246 3293 audisset,
1277 3229 1555 3296 provoluta
1589 3226 1655 3281 ad
1687 3227 1852 3297 pedes
1882 3227 1986 3280 P89

402 3324 611 3392 phnutii
659 3321 902 3376 monachi
945 3336 1065 3376 cum
1112 3319 1363 3392 lacrymis
1413 3320 1710 3386 exorabat,
1755 3320 1985 3375 dicens:

404 3415 778 3470 Paenitentiam
812 3416 1048 3484 injutige,
1079 3414 1270 3476 Pater;
1298 3412 1509 3469 conlido
1539 3412 1682 3466 enim
1714 3411 1988 3468 remissio-
2029 3421 2032 3424 '

401 3524 525 3564 nem
560 3521 608 3562 te
633 3519 820 3563 orante
849 3506 1066 3573 sortiri;
1103 3508 1352 3560 horarum
1394 3514 1597 3559 tantum
1631 3503 1788 3558 trium
1832 3503 1988 3557 indu-

404 3599 516 3651 cias
550 3607 690 3664 peto,
725 3609 775 3651 et
805 3605 927 3666 post
954 3596 1054 3649 hoc
1079 3609 1398 3665 quocunque
1438 3594 1685 3662 iusseris,
1736 3607 1986 3658 veniam;

407 3699 463 3746 et
492 3691 844 3760 quodcunque
891 3690 1230 3759 pne-ceperis,
1262 3687 1475 3742 iaciam.
1518 3686 1759 3757 Cumque
1811 3688 1986 3745 locum

407 3784 484 3837 illi
514 3782 678 3835 abbas
711 3782 1039 3850 Paphnutius
1060 3782 1444 3845 constituisset,
1479 3795 1588 3851 quo
1613 3781 1796 3834 venire
1826 3780 1989 3834 dabo-2

404 3884 507 3940 ret,
539 3875 624 3928 illa
652 3875 958 3940 discedens,
1007 3872 1247 3928 collectis
1274 3872 1522 3933 omnibus
1562 3888 1890 3942 quaecunque
1921 3887 1987 3926 οι

408 3975 632 4036 peccato
658 3976 987 4036 susceperat,
1023 3967 1349 4036 prolatisque
1376 3968 1427 4021 in
1459 3966 1628 4020 media
1652 3967 1864 4020 civitate
1889 3982 1986 4035 po-

2094 2770 2346 2841 prtecepit
2385 2781 2443 2824 ut
2474 2770 2563 2824 illa
2599 2779 2756 2825 nocte
2789 2784 2974 2825 omnes
3014 2770 3324 2839 vigilarent,
3359 2780 3410 2826 et
3457 2770 3507 2824 in
3540 2785 3668 2824 cra-

2097 2863 2244 2917 tione
2271 2864 2577 2933 singillatim
2604 2864 2985 2933 per-sisterent,
3014 2875 3278 2933 quatenus
3309 2864 3471 2918 alicui
3499 2879 3565 2920 ex
3595 2867 3673 2920 eis

2092 2955 2392 3013 declararet
2418 2957 2556 3010 Deus
2586 2971 2803 3011 causam
2845 2973 2942 3026 pro
2990 2972 3094 3025 qua
3138 2957 3302 3010 abbas
3345 2956 3674 3024 Paphnutius

2093 3060 2334 3118 venerat.
2360 3047 2540 3122 Itaque
2566 3064 2686 3104 cum
2712 3050 2903 3119 singuli
2933 3049 3300 3114 secessissent,
3324 3060 3376 3104 et
3396 3051 3672 3105 incessan-

2096 3151 2176 3194 ter
2215 3149 2455 3204 orarent,
2510 3140 2674 3193 abbas
2704 3141 2919 3204 Paulus,
2956 3141 3124 3209 major
3164 3141 3456 3208 discipulus
3503 3141 3672 3195 sancti

2095 3230 2337 3296 Antonii,
2374 3229 2508 3284 vidit
2537 3229 2710 3288 subito
2758 3230 2813 3298 in
2839 3232 2976 3302 coelo
3011 3231 3202 3302 lectum
3235 3230 3482 3302 pretiosis
3512 3232 3670 3286 vesti-

2093 3324 2194 3378 bus
2221 3322 2538 3382 adornatutu
2565 3365 2580 3389 ,
2610 3338 2768 3392 quem
2810 3332 2917 3396 tres
2946 3323 3198 3395 virgines,
3242 3323 3386 3380 clara
3411 3322 3545 3376 facie
3573 3322 3670 3375 ltil-

2091 3426 2278 3486 gentes
2306 3415 2698 3475 custodiebant.
2734 3416 2866 3471 Cum
2895 3431 3025 3486 ergo
3052 3416 3164 3485 ipse
3199 3416 3393 3470 Paulus
3422 3413 3625 3469 diceret
3655 3433 3667 3466 :

2091 3509 2208 3563 Non
2233 3506 2546 3576 cstlargitio
2575 3508 2686 3564 haec
2710 3507 2928 3572 alterius
2957 3507 3060 3564 nisi
3081 3507 3251 3574 Patris
3283 3503 3390 3560 mei
3420 3507 3668 3570 Antonii;

2090 3616 2191 3656 vox
2223 3601 2287 3656 ad
2319 3613 2444 3658 eum
2476 3597 2611 3664 facta
2640 3607 2760 3654 est:
2795 3598 2909 3659 Non
2957 3607 3042 3654 est
3086 3597 3259 3652 Patris
3301 3597 3375 3651 tui
3430 3596 3668 3663 Antonii,

2091 3695 2186 3754 sed
2210 3693 2419 3753 Thaisis
2442 3693 2738 3759 meretricis
2758 3702 2862 3750 est.
2877 3693 3026 3758 Quod
3053 3707 3172 3748 cum
3198 3694 3480 3746 manifeste
3503 3692 3669 3744 abbas

2099 3787 2296 3842 Paulus
2311 3784 2604 3850 retulisset,
2620 3783 2827 3854 cognita
2849 3783 2938 3845 Dei
2952 3782 3221 3836 voluntate
3239 3782 3402 3835 abbas
3422 3782 3488 3834 Pa
3499 3781 3669 3848 phnu-

2094 3878 2198 3930 tius
2230 3873 2503 3938 discessit,
2535 3885 2587 3929 et
2617 3887 2868 3928 reversus
2911 3873 2976 3926 ad
3021 3871 3406 3928 monasterium
3461 3873 3510 3924 in
3564 3886 3669 3940 quo

2092 3969 2264 4025 fuerat
2294 3967 2532 4032 inclusa,
2561 3966 2755 4020 ostium
2796 3963 2937 4035 quod
2980 3964 3318 4019 obstruxerat
3359 3963 3667 4032 dissipavit;

406 4059 531 4126 pulo
563 4069 838 4127 spectante
870 4058 976 4130 igni
1008 4060 1306 4128 supposuit,
1339 4060 1577 4113 clamans
1606 4076 1621 4114 :
1658 4059 1848 4118 Venite
1869 4075 1983 4112 om-
2009 4051 2061 4126 ο
2089 4061 2179 4126 illa
2227 4075 2384 4124 vero,
2438 4069 2497 4114 ut
2520 4057 2680 4130 375
2724 4056 2899 4112 adhuc
2948 4058 3019 4112 ita
3057 4066 3393 4127 permaneret
3443 4057 3670 4122 inclusa,

400 4165 500 4204 nes
527 4153 614 4219 qui
643 4153 902 4220 peccastis
926 4167 1157 4215 mecum,
1189 4160 1243 4206 et
1264 4152 1459 4216 videte,
1482 4153 1749 4220 quomodo
1779 4167 1838 4207 ea
1865 4167 1982 4221 quae

402 4243 533 4297 mihi
565 4245 868 4298 contulistis
896 4258 1136 4298 exuram.
1172 4243 1301 4298 Erat
1344 4255 1518 4300 autem
1553 4247 1778 4314 pretium
1825 4246 1983 4300 libra.

402 4351 522 4390 rum
551 4337 920 4406 quadraginta.

475 4428 603 4482 CAP.
630 4430 689 4483 ll.
722 4459 790 4470 —
812 4429 944 4495 Quae
965 4443 1084 4482 cum
1110 4430 1290 4482 omnia
1323 4428 1764 4497 consumpsisset,
1816 4430 1867 4482 in
1900 4429 1977 4483 lo-

401 4536 524 4575 cum
554 4537 710 4591 quem
741 4522 907 4576 abbas
935 4520 1212 4578 constituit
1254 4521 1298 4574 ei
1320 4559 1333 4583 ,
1365 4520 1607 4590 perrexit
1637 4537 1651 4573 :
1684 4536 1841 4590 quam
1867 4521 1978 4588 ille,

403 4622 619 4682 reperto
641 4613 882 4683 virginali
906 4611 1248 4675 monasterio,
1280 4612 1333 4665 in
1355 4611 1544 4665 cellula
1568 4626 1730 4680 parva
1756 4611 1981 4674 ducens,

402 4708 601 4760 ostium
633 4706 842 4762 cellulae
875 4705 1088 4772 plumbo
1131 4705 1358 4773 signavit
1405 4718 1728 4772 parvamque
1771 4703 1987 4772 reliquit

405 4798 768 4863 fenestellam,
803 4813 895 4866 per
921 4812 1077 4866 quam
1110 4795 1158 4850 ei
1191 4797 1360 4848 victus
1398 4795 1638 4848 modicus
1670 4794 1982 4863 inferretur,

405 4893 670 4960 iussitque
700 4891 749 4944 ei
774 4889 1022 4945 omnibus
1043 4888 1232 4942 diebus
1250 4902 1436 4957 parum
1461 4887 1614 4957 panis
1632 4897 1686 4940 et
1716 4887 1982 4955 paululum

406 4998 558 5053 aqua!
590 4998 618 5036 a
647 4983 919 5037 sororibus
949 4979 1256 5035 monasterii
1283 4979 1597 5033 ministrari.
1630 4978 1763 5036 Cum
1804 4987 1981 5034 autem

403 5075 703 5131 discederet
733 5073 871 5128 ostio
890 5072 1186 5142 plumbato,
1212 5070 1370 5125 aitad
1393 5071 1541 5126 illum
1572 5071 1783 5126 Thaisis
1817 5089 1832 5126 :
1863 5071 1979 5138 Quo

2093 4152 2577 4223 postulabat;cum
2628 4165 2755 4205 vero
2802 4149 3100 4219 aperuisset
3135 4152 3355 4204 ostium.
3394 4148 3527 4204 dixit
3572 4148 3669 4202 ei:

2093 4244 2382 4315 Egredere,
2406 4241 2658 4312 quoniam
2687 4241 2891 4300 remisit
2915 4242 3010 4300 tibi
3038 4242 3176 4302 Deus
3199 4251 3414 4318 peccata
3440 4251 3548 4296 tua.
3578 4241 3669 4295 llla

2092 4339 2402 4408 respondit:
2434 4337 2626 4396 Testor
2659 4337 2857 4402 Deum.
2884 4335 3006 4405 Quia
3053 4349 3119 4392 ex
3159 4351 3260 4403 quo
3297 4335 3384 4388 hic
3432 4335 3668 4414 ingressa

2089 4448 2238 4494 sum,
2276 4431 2452 4486 omnia
2490 4439 2707 4499 peccata
2745 4444 2863 4486 mea
2891 4430 3036 4483 velut
3061 4429 3325 4486 sarcinam
3355 4428 3516 4486 statui
3548 4437 3670 4483 ante

2087 4524 2274 4580 oculos
2317 4538 2499 4589 meos,
2547 4533 2735 4580 etnon
2781 4523 3143 4586 discesserunt
3191 4533 3402 4592 peccata
3439 4539 3557 4578 mea
3601 4525 3668 4578 ah

2089 4615 2258 4670 oculis
2284 4613 2443 4680 meis,
2471 4613 2566 4676 sed
2597 4613 2787 4676 ﬂebam
2811 4628 3025 4683 semper
3055 4615 3143 4680 illa
3170 4616 3534 4690 conspiciens.
3566 4617 3664 4692 Cui

2088 4706 2257 4760 abbas
2312 4703 2638 4774 Paphnutius
2695 4703 2770 4770 ait
2814 4704 2975 4770 :Non
3033 4718 3250 4777 propter
3295 4709 3665 4780 pmuitcntiam

2088 4806 2232 4852 tuam
2259 4796 2463 4854 remisit
2497 4796 2589 4855 tibi
2615 4797 2778 4868 Deus,
2802 4797 2895 4862 sed
2918 4801 3041 4870 quia
3071 4801 3256 4857 horum
3281 4804 3658 4876 cogitationem

2090 4903 2307 4959 semper
2333 4888 2565 4950 habuisti
2597 4889 2650 4952 in
2678 4890 2878 4954 animo.
2908 4892 2976 4946 Et
3003 4908 3126 4950 cum
3155 4909 3271 4950 eam
3301 4873 3422 4950 inde
3445 4893 3657 4970 eduxis-

2090 4994 2202 5048 set,
2251 4980 2554 5052 quindecim
2584 4989 2786 5046 tantum
2817 4982 3006 5049 diebus
3034 4982 3244 5046 Thaisis
3285 4984 3448 5052 vixit,
3498 4994 3553 5044 et
3589 4986 3666 5044 sic

2088 5075 2332 5144 pensavit
2355 5077 2408 5133 in
2433 5087 2586 5145 pace.

1676 5213 2041 5270 ROSWEYDI
2078 5212 2396 5270 NOTATIO.

478 5326 556 5400 (ι)
598 5323 862 5400 Tanaim]
889 5324 1054 5400 Hujus
1097 5326 1539 5400 commemoratio
1582 5333 1666 5380 est
1713 5324 1762 5380 in
1794 5324 1972 5400 lieno-
2005 5331 2057 5392 1)
2085 5322 2765 5400 pauperibus_distribuit,_
2798 5330 2852 5377 et
2889 5321 3211 5400 seipsamuin
3252 5319 3383 5375 cella
3424 5322 3651 5400 quadarn

401 5396 544 5470 logie
580 5396 890 5470 Graecorum
931 5398 962 5451 8
999 5398 1279 5470 Octobris}
1312 5415 1328 5447 ‹
1352 5397 1544 5470 Natalis
1583 5396 1969 5470 sanctaiTltai-

400 5465 527 5536 sitia,
562 5485 678 5538 quae
707 5469 880 5522 fuerat
908 5467 1181 5522 meretrix.
1223 5467 1349 5538 Haec
1378 5466 1444 5519 ab
1473 5467 1832 5538 adolescentia
1874 5465 1974 5520 fuit

401 5557 428 5592 a
461 5536 675 5612 propria
707 5547 883 5612 matre
902 5539 1186 5612 depravata
1219 5554 1233 5601 ;
1266 5536 1443 5603 itaque
1471 5537 1738 5612 ofﬁcinam
1773 5537 1969 5592 diaboli

400 5607 475 5668 se‘
507 5607 800 5667 constituit.
853 5610 958 5664 Sed
1009 5623 1038 5662 a
1088 5610 1204 5663 viro
1249 5619 1434 5667 saneto
1482 5607 1778 5674 Paphnutio
1817 5619 1969 5678 capta

402 5693 507 5737 est.
528 5684 796 5740 Conversa
821 5680 1003 5753 igitur,
1025 5687 1079 5733 et
1080 5679 1403 5804 renitentia
1425 5681 1682 5733 scelerum
1712 5695 1970 5748 compun-

403 5763 486 5804 cta
507 5798 521 5804 _
565 5763 621 5804 et
647 5753 822 5804 omnia
851 5767 944 5804 sua
975 5765 1076 5804 uua
1119 5751 1476 5804 rinttentarum
1513 5755 1678 5804 nretio
1709 5753 1968 5804 :estimata

403 5763 486 5812 Cta
507 5798 521 5822 ,
565 5763 621 5809 et
647 5753 822 5809 omnia
846 5751 944 5805 Sua
975 5751 1476 5822 quadringentarum
1513 5755 1678 5820 pretio
1709 5753 1968 5805 aestimata

2083 5389 2326 5456 includi,
2380 5394 2496 5460 ubi,
2550 5389 2796 5464 lacrytnis
2848 5389 3234 5464 et_gemitibus
3282 5407 3346 5464 ex
3397 5389 3657 5458 profundo

2078 5468 2256 5522 cordis
2286 5464 2498 5520 emissis
2518 5507 2532 5530 ,
2561 5462 2826 5518 claritahat
2856 5480 2868 5514 :
2900 5462 3002 5529 Qui
3037 5463 3306 5526 plasmasti
3339 5478 3422 5519 tne
3445 5509 3458 5532 ,
3492 5467 3654 5521 mise-

2076 5554 2198 5594 rere
2229 5535 2350 5592 inei.
2398 5538 2448 5588 in
2484 5537 2582 5590 hac
2609 5535 2987 5588 exercitatione
3015 5547 3182 5587 annos
3212 5543 3319 5585 tres
3353 5540 3610 5604 transegit
3638 5554 3652 5593 :

2078 5610 2217 5662 unde
2245 5621 2458 5675 egressa
2491 5604 2636 5675 jussu
2670 5603 2875 5675 abbatis
2897 5645 2909 5668 ,
2945 5613 3062 5670 post
3088 5604 3388 5672 quindecim
3417 5603 3656 5663 dies’ex-

2076 5679 2254 5732 cessit.
2290 5674 2306 5726 ὸ
2338 5676 2464 5742 Qum
2497 5674 2560 5726 ad
2594 5674 2814 5728 verbum
2845 5676 3120 5743 desumpta
3151 5684 3276 5729 sunt
3309 5693 3372 5730 ex
3405 5677 3650 5745 Menaeis,

2075 5750 2127 5802 in
2168 5747 2358 5816 quibus
2400 5755 2575 5798 tamen
2616 5745 2918 5815 Paphnutio
2958 5748 3126 5816 patria
3166 5749 3487 5817 assignatur,
3527 5765 3654 5818 qua
