4162 6352
516 397 621 456 665

1578 394 1670 450 DE
1714 393 1889 449 VITIS
1931 391 2217 449 PATRUM
2255 390 2464 447 LIBER
2503 390 2786 449 PRIMUS.

3598 350 3797 445 ίοθι

511 510 600 566 hic
629 508 801 564 deest.
845 508 1044 563 Dicitur
1081 508 1224 563 enim
1264 507 1335 562 ibi
1364 507 1619 573 Σιδώνιῡς,
1655 507 1937 574 Sidonius,
1968 507 2095 562 Flo-
2125 511 2178 570 Α
2202 507 2269 561 At
2303 507 2390 562 illa
2412 546 2428 574 ,
2459 508 2674 571 'Iestor,
2718 505 2921 576 inquit,
2956 504 3158 574 Deum,
3188 502 3314 576 quia
3342 517 3409 559 ex
3436 516 3544 575 quo
3571 501 3677 559 huc
3710 503 3798 576 in-

507 583 710 638 rarium
739 582 1054 635 Sanctorum
1084 595 1185 650 ms.
1207 620 1223 642 ,
1251 578 1320 633 28
1351 583 1571 650 Augusti
1598 597 1611 632 :
1644 578 1883 650 r'l‘haisis
1913 594 2098 647 pecca-

506 652 659 708 tricis
687 653 988 706 conversio.
1020 652 1086 704 Et
1112 648 1143 702 8
1167 650 1414 705 Octobris
1440 648 1452 703 Ξ
1487 652 1698 706 Sanctae
1725 649 1939 704 'l‘liaisis
1970 666 2096 717 pee-

507 724 721 779 catricis
766 722 1029 792 depositio
1077 737 1169 789 per
1194 732 1432 776 sanctum
1459 721 1814 791 Paphnutium
1838 736 2097 776 conversa

505 808 538 847 a
589 794 768 848 studio
818 793 1143 849 meretricio.
1198 793 1366 860 Quam
1424 794 1512 848 ille
1568 801 1781 862 reperto
1831 794 2092 862 virginum

508 865 863 928 monasterio,
904 864 957 918 in
996 864 1244 920 cellulam
1283 880 1499 933 parvam
1542 865 1865 928 recludens,
1896 874 2088 919 ostium

506 937 728 1006 plumbo
756 937 1040 1006 sigillavit,
1081 944 1137 991 et
1182 950 1394 1004 parvam
1433 936 1483 990 ei
1523 935 1811 989 fenestram
1841 936 2086 1001 dimisit,

506 1021 605 1076 per
648 1022 805 1077 quam
854 1008 903 1060 ei
953 1007 1105 1061 cibus
1142 1008 1382 1061 modicus
1420 1008 1738 1062 deferretur.
1770 1007 1896 1060 Post
1926 1008 2086 1061 trium

507 1092 635 1131 vero
688 1093 951 1131 annorum
1007 1078 1369 1146 paenitentiam
1412 1079 1575 1133 abbas
1630 1078 1956 1147 Paphnutius
2009 1092 2090 1132 re-

506 1148 660 1203 diens
680 1187 693 1212 ,
727 1158 845 1217 post
872 1150 1256 1204 revelationem
1289 1150 1389 1204 sibi
1419 1165 1448 1202 a
1483 1152 1590 1204 Deo
1619 1150 1687 1204 de
1717 1151 1805 1202 illa
1852 1148 2051 1202 factam
2072 1192 2087 1214 ,

506 1221 700 1274 ostium
728 1221 868 1289 quod
903 1221 1119 1288 plumbo
1146 1223 1484 1290 signaverat,
1514 1218 1819 1289 dissipavit,
1850 1220 2092 1286 dixitque

504 1291 556 1344 ei
584 1305 600 1344 :
632 1291 931 1358 Egredere,
971 1293 1091 1362 quia
1130 1294 1333 1349 dimisit
1368 1294 1463 1347 tibi
1516 1293 1658 1347 Deus
1707 1301 1923 1361 peccata
1971 1298 2087 1345 tua.

2206 593 2386 648 greSsa
2425 594 2544 633 smn
2570 618 2585 638 .
2628 593 2693 633 ex
2734 575 2985 633 omnibus
3016 577 3149 632 meis
3177 575 3412 646 peccatis
3439 577 3593 648 quasi
3622 575 3793 631 Sarci-

2202 647 2327 704 nam
2360 648 2460 707 feci
2494 650 2619 705 mihi
2646 691 2660 710 ,
2696 659 2749 704 et
2779 659 2903 703 ante
2933 650 3119 703 oculos
3149 662 3297 703 meos
3327 650 3506 701 statui.
3557 647 3623 700 Et
3652 648 3795 701 sicut

2201 735 2308 774 non
2340 722 2565 776 recessit
2594 722 2863 775 anhelstus
2896 720 2962 773 de
2992 720 3208 774 naribus
3238 720 3370 773 meis
3390 759 3404 782 ,
3436 717 3509 771 ita
3543 733 3641 772 nec
3671 716 3793 787 qui-

2198 792 2318 847 dem
2370 809 2476 847 uno
2525 801 2800 847 momento
2846 806 3016 855 usque
3067 792 3133 845 ad
3181 793 3318 845 hanc
3350 788 3537 844 horam
3572 798 3791 855 peccata

2195 878 2315 917 mea
2347 873 2685 919 recesserunt
2714 879 2741 917 a
2770 878 2880 917 me.
2912 861 3117 917 Claruit
3143 877 3286 916 anno
3315 862 3503 915 salutis
3533 861 3660 915 544.
3695 877 3715 910 ι

2269 933 2387 990 Vita
2417 938 2528 990 haec
2554 937 2604 990 in
2632 934 2952 1006 quibusdam
2979 933 3354 1006 Manuscriptis
3379 931 3665 1006 separatim
3697 944 3795 999 po-

2197 1006 2359 1072 nitur,
2398 1012 2449 1059 ιιι
2478 1007 2595 1061 aliis
2647 1004 2985 1061 interseritur
3023 1007 3139 1060 aliis
3185 1004 3376 1068 libris,
3428 1015 3484 1057 ut
3533 1004 3667 1056 libro
3714 1017 3790 1069 ll,

2197 1091 2317 1147 Cap.
2352 1076 2437 1140 16,
2472 1078 2677 1133 ratiOne
2708 1076 2991 1142 Paphnutii
3023 1076 3113 1146 qui
3154 1090 3271 1131 eam
3316 1076 3601 1129 convertit.
3653 1073 3785 1128 Dedi

2196 1152 2482 1217 separatim
2502 1189 2517 1216 ,
2552 1160 2607 1203 ut
2636 1151 2829 1203 femina
2864 1148 3078 1202 feminis
3102 1148 3440 1217 jungeretur.

2272 1214 2353 1289 (2)
2396 1214 2511 1286 Qui
2549 1237 2626 1274 me
2675 1219 2973 1289 plasmasti,
3029 1214 3267 1272 miserere
3315 1214 3480 1288 mei.)
3528 1214 3787 1289 Eamdem

2200 1286 2427 1346 Thaisia:
2458 1286 2756 1347 orationem
2790 1290 2955 1346 habes
2984 1290 3037 1345 in
3069 1290 3287 1345 Menaeis
3316 1297 3371 1344 et
3393 1286 3711 1357 blenolugio.

508 1446 3785 1485 ᾧ

1862 1593 2167 1639 OCTOBRIS
2213 1595 2342 1638 VIII.

807 1740 1287 1894 VITA
1386 1738 2219 1889 SANCT/E
2308 1732 3241 1882 PELAGIEE
3334 1662 3484 1886 (ι).

1811 2002 2497 2080 MERETBICIS

906 2184 1277 2249 AUCTOBE
1318 2182 1624 2247 JACOBO
1666 2182 2021 2246 DIACONO
2066 2182 2184 2264 (2),
2226 2181 2731 2244 INTERPRETE
2772 2176 3223 2243 EUSTOCHIO
3266 2176 3379 2258 (3).

1367 2522 2019 2613 PROLOGUS
2098 2515 2926 2609 INTERPRETIS.

648 2701 815 2759 Verba
845 2695 1140 2755 sacerdotis
1168 2696 1339 2762 tanti,
1372 2701 1427 2749 et
1453 2694 1622 2749 celata
1650 2692 1889 2755 Latinis,

717 2768 1266 2845 Eustqchiusljhristi
1296 2766 1545 2821 transtuli
1574 2764 1835 2819 subsidio.

500 2902 3586 2947 Mm

1456 3028 2093 3214 ἧβτωίαιίο

2330 2687 2440 2744 Sed
2468 2701 2563 2741 vos
2583 2726 2599 2753 ,
2633 2686 2863 2741 lectores
2882 2724 2898 2750 ,
2929 2694 3142 2753 mecum
3171 2689 3393 2753 pensate
3420 2679 3694 2753 laborem,

2416 2760 2482 2813 Et
2509 2752 2774 2813 memores
2801 2755 2968 2810 nostri
2998 2752 3203 2809 fundite
3232 2752 3393 2809 verba
3424 2752 3557 2808 Deo.

2213 3023 2817 3169 auctoris.

573 3286 732 3360 376
770 3284 988 3354 Magnas
1026 3295 1241 3352 semper
1278 3279 1511 3335 Domino
1547 3286 1733 3331 nostro
1771 3274 1969 3343 gratias
2009 3270 2215 3327 referre
2253 3268 2541 3336 debemus,
2574 3265 2664 3336 qui
2691 3281 2797 3321 non
2826 3264 2939 3320 vult
2971 3264 3140 3333 perire
3168 3268 3478 3332 peccatores
3514 3258 3570 3314 in
3611 3272 3758 3316 mor-

496 3356 651 3445 tem,
673 3356 766 3438 seu
798 3396 986 3436 omnes
1016 3395 1115 3449 per
1146 3375 1529 3449 paenitentiam
1556 3371 1795 3449 converti
1824 3368 1969 3440 cupit
1995 3367 2061 3423 ad
2091 3367 2252 3422 vitam
2285 3362 2348 3436 (1
2382 3363 2517 3419 Tim.
2548 3362 2647 3433 ιι).
2678 3359 2875 3417 Audite
2904 3373 3032 3430 ergo
3059 3358 3373 3414 miraculum
3400 3356 3541 3449 quod
3573 3366 3783 3449 gestum

496 3486 578 3531 est
608 3440 659 3529 in
692 3476 877 3529 diebus
907 3440 1127 3527 nostris.
1146 3440 1345 3524 'Visum
1377 3476 1461 3521 est
1500 3440 1629 3519 mihi
1660 3459 1930 3533 peccaturi
1956 3458 2157 3514 Jacobo
2185 3456 2428 3513 scribere
2470 3452 2620 3508 vobis
2661 3450 2911 3506 fratribus
2938 3450 3172 3520 sanctis,
3206 3461 3263 3504 ut
3289 3448 3555 3504 audiendo
3586 3450 3670 3503 vel
3701 3448 3784 3504 Ie-

498 3570 677 3645 gendo
703 3568 884 3622 sciatis
908 3606 923 3631 ,
954 3573 1010 3619 et
1037 3562 1316 3617 animabus
1353 3557 1552 3613 vestris
1583 3554 1876 3609 maximum
1906 3547 2287 3605 consolationis
2330 3544 2585 3600 auxilium
2624 3541 2937 3613 acquiratis.
2979 3540 3283 3595 Misericors
3313 3541 3456 3596 enim
3489 3540 3658 3606 Deus,
3692 3540 3782 3610 qui

500 3633 709 3722 nullum
743 3662 1015 3715 hominem
1048 3657 1159 3710 vult
1190 3658 1363 3723 perire
1392 3693 1404 3718 ,
1442 3649 1631 3705 statuit
1661 3648 1715 3702 in
1746 3648 1847 3700 hoc
1871 3645 2068 3699 saeculo
2107 3652 2166 3697 ut
2203 3656 2301 3712 per
2327 3637 2747 3693 satisfactionem
2788 3635 2983 3691 delicta
3024 3634 3311 3702 donentur,
3352 3636 3476 3705 quia
3513 3635 3567 3689 in
3606 3633 3785 3691 futuro

495 3760 696 3830 justum
722 3753 982 3823 judicium
1014 3750 1152 3816 erit,
1183 3749 1238 3803 in
1267 3761 1373 3814 quo
1436 3742 1659 3813 recipiet
1685 3737 2048 3809 unusquisque
2078 3732 2371 3789 secundum
2401 3743 2564 3800 opera
2590 3742 2709 3783 sua.
2735 3726 2887 3783 Nunc
2911 3741 3039 3797 ergo
3061 3726 3332 3830 silentium
3360 3725 3492 3781 mihi
3523 3727 3785 3794 priebete,

495 3819 563 3909 r-et
592 3819 871 3905 intuemini
898 3858 1111 3901 mecum
1140 3838 1288 3896 omni
1317 3836 1598 3907 diligentia
1624 3832 1802 3889 cordis
1823 3872 1840 3901 ,
1869 3829 1993 3901 quia
2022 3828 2212 3884 relatio
2239 3832 2423 3881 nostra
2451 3821 2863 3889 compunctione
2892 3820 3023 3875 satis
3049 3819 3321 3875 uberrima
3349 3820 3504 3889 plena
3531 3829 3634 3875 est.

499 3970 3758 4017 __v_________________.___________.___________

1901 4085 2379 4214 VITA.

569 4297 751 4355 CAPUT
790 4307 1013 4348 Ριιιιωιιι.
1046 4314 1110 4329 --
1142 4285 1550 4344 Sacratissimus
1577 4282 1860 4352 episcopus
1888 4276 2079 4334 Antio-
2119 4260 2175 4345 BI
2196 4276 2289 4332 aui
2320 4272 2629 4329 audiebant.
2658 4270 2881 4331 Cunctis
2908 4288 3037 4332 vero
3063 4272 3219 4330 nobis
3247 4270 3631 4327 admirantibus
3659 4285 3782 4327 san-

497 4391 633 4449 CIII’JB
660 4396 894 4443 cmtatis
922 4382 1238 4440 convocavit
1263 4380 1331 4435 ad
1370 4393 1430 4433 se
1458 4390 1645 4431 omnes
1675 4388 1844 4445 prope
1879 4387 1939 4427 se
1967 4371 2086 4425 exi-

496 4490 700 4538 stentes
729 4478 1035 4548 episcopos,
1080 4488 1177 4544 pro
1216 4479 1365 4527 certa
1407 4466 1636 4537 quadam
1680 4479 1889 4520 causa:
1941 4462 2089 4519 unde

500 4582 870 4632 convenerunt
912 4566 1154 4640 episcOpi
1197 4579 1420 4621 numero
1460 4571 1582 4619 octo
1606 4604 1622 4630 ,
1652 4560 1792 4616 inter
1822 4574 1958 4631 quos
1986 4556 2091 4613 fuit

497 4675 554 4723 et
584 4664 954 4721 sanctissimus
984 4662 1079 4718 Dei
1110 4662 1190 4716 vir
1217 4660 1436 4714 Nonnus
1461 4657 1572 4729 (4),
1596 4658 1880 4726 episcopus
1903 4668 2087 4719 meus,

497 4759 582 4814 vir
620 4756 877 4812 miriﬁcus
906 4763 963 4810 et
987 4753 1393 4808 efficacissimus
1424 4750 1752 4814 monachus,
1802 4748 1869 4803 de
1898 4761 2086 4801 mona-

498 4850 669 4908 sterio
711 4847 853 4919 quod
899 4846 1094 4902 dicitur
1145 4843 1682 4899 Tabenensiotarum.
1734 4839 1961 4911 Pr0pter
2003 4840 2084 4894 in-

500 4938 919 5014 comparabilem
970 4939 1111 4994 enim
1162 4936 1280 5005 ejus
1322 4938 1485 4990 vitam
1531 4944 1586 4990 et
1626 4933 2087 4989 decoratissimam

499 5035 965 5095 conversationem
1008 5039 1191 5099 raptus
1232 5036 1314 5085 est
1351 5027 1424 5083 de
1463 5028 1820 5092 monasterio,
1851 5037 1906 5081 et
1942 5024 2090 5096 epis-

502 5146 670 5201 copus
702 5127 1003 5184 ordinatus.
1036 5123 1399 5193 Congregatos
1427 5134 1554 5190 ergo
1582 5119 1638 5173 in
1667 5116 1920 5188 praedicta
1951 5116 2092 5172 civi-
2140 5150 2143 5157 η

499 5232 611 5279 tate
632 5265 647 5289 ,
674 5220 835 5292 jussit
862 5232 963 5274 nos
988 5215 1272 5284 episcopus
1301 5213 1467 5283 ipsius
1497 5210 1729 5265 civitatis
1774 5224 1991 5265 manere
2036 5209 2091 5263 in

497 5316 722 5371 basilica
766 5310 1066 5369 beatissimi
1107 5309 1359 5378 martyris
1399 5304 1726 5374 Juliani(5).
1754 5303 2092 5373 lngressique

501 5405 882 5470 successimus,
911 5402 1003 5458 ubi
1044 5410 1098 5457 et
1137 5400 1317 5456 caeteri
1346 5397 1433 5468 qui
1464 5404 1826 5451 convenerant
1852 5394 2092 5464 episcopi

501 5506 629 5551 ante
654 5495 870 5565 januam
903 5494 1070 5562 ipsius
1103 5490 1337 5547 basilica:
1365 5488 1700 5545 resederunt.

579 5587 711 5641 CAP.
752 5585 814 5639 Il.
844 5614 915 5625 —
943 5584 1145 5652 Quibus
1174 5582 1503 5649 sedentibus,
1539 5580 1702 5649 aliqui
1731 5578 1966 5649 episcopi
1995 5577 2091 5633 do-

499 5681 709 5737 minum
742 5695 919 5734 meum
962 5678 1206 5733 Nonnum
1239 5677 1496 5748 rogabant
1524 5685 1580 5730 ut
1620 5674 1815 5746 aliquid
1858 5674 1925 5729 ab
1967 5674 2084 5742 ipso

498 5774 860 5838 docerentur;
894 5771 1180 5839 statimque
1204 5785 1269 5826 ex
1303 5785 1399 5825 ore
1430 5784 1529 5825 suo
1557 5777 1774 5824 sanctus
1803 5766 2086 5836 episcotius

498 5864 663 5932 erepit
692 5864 837 5933 loqui
867 5863 934 5919 ad
964 5860 1369 5919 aedificationem
1395 5869 1448 5918 et
1477 5861 1543 5917 ad
1572 5861 1799 5917 salutem
1846 5858 2086 5915 omnium

2194 4378 2334 4422 etam
2361 4368 2659 4423 doctrinam
2682 4368 2819 4437 ejus,
2845 4382 2972 4423 ecce
2994 4366 3172 4421 subito
3195 4362 3407 4420 transiit
3428 4379 3522 4435 per
3542 4380 3641 4420 nos
3665 4366 3781 4435 pri-

2195 4473 2283 4513 ma
2312 4458 2596 4513 mimarum
2629 4459 2929 4515 Antiochiae
2955 4477 2970 4525 ;
3001 4460 3220 4529 ipsaque
3246 4467 3329 4514 est
3358 4458 3527 4528 prima
3549 4459 3783 4514 choreu-

2196 4551 2418 4605 triarum
2462 4552 2910 4621 pantomimarum
2946 4551 3051 4624 (6),
3084 4554 3279 4608 sedens
3317 4566 3479 4622 super
3517 4553 3785 4623 asellum;

2193 4654 2248 4701 et
2294 4647 2557 4715 processit
2604 4661 2727 4701 cum
2777 4660 2983 4701 summa
3039 4645 3352 4716 phantasia,
3384 4646 3640 4701 adornata
3668 4644 3785 4721 ita,

2194 4745 2254 4792 ut
2301 4738 2435 4793 nihil
2476 4737 2750 4793 videretur
2789 4750 2952 4806 super
3007 4750 3069 4790 ea
3108 4737 3210 4791 nisi
3252 4751 3439 4792 aurum
3484 4747 3537 4792 ct
3576 4752 3785 4811 marga-

2194 4831 2313 4887 rita:
2342 4839 2396 4886 et
2422 4829 2628 4900 lapides
2657 4830 2875 4899 pretiosi
2901 4846 2916 4896 ;
2944 4831 3155 4886 nuditas
3183 4845 3309 4885 vero
3339 4830 3531 4899 pedum
3563 4830 3679 4898 ejus
3713 4844 3784 4886 ex

2195 4937 2328 4978 auro
2356 4931 2413 4978 et
2440 4922 2745 4992 margaritis
2772 4929 2889 4977 erat
2914 4929 3171 4992 cooperta
3196 4937 3210 4976 :
3253 4936 3375 4976 cum
3406 4935 3509 4991 qua
3551 4921 3784 4978 maxima

2200 5026 2318 5074 erat
2345 5031 2540 5087 pompa
2571 5030 2860 5086 puerorum
2891 5025 2943 5071 et
2980 5015 3279 5086 puellarum
3310 5016 3364 5070 in
3394 5014 3631 5070 vestibus
3662 5028 3783 5084 pre-

2197 5109 2349 5165 tiosis
2391 5110 2622 5177 amicta,
2660 5118 2715 5164 et
2751 5118 2969 5178 torques
3011 5122 3173 5164 aurea
3214 5122 3376 5179 super
3416 5108 3614 5163 collum
3640 5108 3780 5178 ejus.

2198 5205 2427 5273 Quidam
2460 5203 2871 5275 praecedebant,
2914 5203 3003 5258 alii
3048 5217 3179 5259 vero
3218 5201 3579 5272 sequebantur
3617 5216 3778 5257 eam:

2200 5296 2608 5368 pulchritudinis
2640 5305 2824 5351 autem
2858 5296 3068 5351 decoris
3110 5293 3227 5364 ejus
3270 5308 3376 5348 non
3419 5301 3537 5348 erat
3565 5293 3783 5349 satietas

2198 5394 2447 5447 omnibus
2475 5390 2823 5446 saecularibus
2855 5389 3181 5445 hominibus.
3207 5388 3337 5456 Quae
3376 5398 3556 5446 tamen
3598 5402 3778 5445 trans-

2198 5486 2315 5540 iens
2354 5499 2448 5554 per
2490 5498 2625 5550 nos,
2669 5492 2838 5538 totum
2871 5483 3112 5553 implevit
3139 5498 3318 5539 aerem
3358 5498 3426 5538 ex
3466 5485 3631 5541 odore
3659 5500 3778 5541 mu-

2197 5576 2275 5633 sci
2305 5575 2387 5647 (7)
2413 5618 2428 5643 ,
2461 5576 2548 5631 vel
2576 5585 2896 5631 caaterorum
2922 5575 3363 5632 suavissimoruin
3404 5577 3781 5633 odorantento‘

2196 5685 2314 5725 rum
2343 5669 2658 5739 fragrantia.
2692 5667 2860 5735 Quam
2892 5679 2950 5723 ut
2976 5668 3227 5725 viderunt
3253 5668 3491 5740 episcopi
3518 5669 3589 5724 ita
3620 5669 3779 5741 377

2195 5762 2338 5818 nudo
2378 5762 2554 5831 capite
2582 5770 2639 5817 et
2665 5761 2813 5817 omni
2847 5761 3210 5818 membrorum
3239 5775 3498 5832 compage
3524 5762 3605 5817 sic
3634 5761 3780 5816 inve-

2195 5854 2432 5913 recunde
2461 5856 2691 5913 transire
2714 5870 2836 5915 cum
2868 5856 3030 5914 tantis
3057 5855 3331 5927 obsequiis
3394 5864 3454 5913 ut
3495 5868 3599 5915 nec
3630 5856 3778 5915 vola-
