4162 6352
306 379 410 435 665

1268 379 1423 436 VlfA
1465 381 1754 438 SANCT/E
1797 381 2137 451 PELAGl/E,
2181 382 2623 442 MERETRICIS.

3467 397 3567 452 666

302 511 425 552 men
458 509 620 566 super
649 505 808 563 caput
837 495 1100 566 positum,
1145 510 1244 551 nec
1281 512 1442 565 super
1482 499 1759 567 scapulas,
1803 508 1880 551 ta-
1909 497 1961 558 A
1989 500 2208 567 minica,
2236 509 2519 570 postquam
2550 499 2933 569 complevimus
2957 510 3248 561 nocturnas
3271 505 3563 577 orationes,

301 597 486 646 centes
527 589 941 658 ingemuerunt,
973 598 1026 645 et
1056 589 1204 659 quasi
1235 604 1263 644 a
1299 599 1518 658 peccato
1562 591 1880 659 gravissimo

299 692 612 739 averterunt
643 682 803 736 facies
832 697 975 737 suas.

369 777 498 832 Car.
540 776 626 830 Ill.
659 807 728 816 —-
757 777 1100 832 Beatissimus
1125 785 1299 831 autem
1324 775 1548 831 Nonnus
1581 777 1874 833 intentussr-

295 884 383 925 me
412 883 530 923 eam
557 876 608 922 et
639 866 724 920 diu
754 867 1114 936 respiciebat,
1148 869 1215 921 ita
1243 876 1295 922 ut
1327 877 1668 938 posteaquam
1701 880 1877 923 trans-

295 961 448 1025 isset,
484 963 776 1015 intueretur
799 969 853 1014 et
888 962 1178 1030 reSpireret
1203 978 1344 1016 eam.
1375 962 1442 1016 Et
1472 974 1651 1031 postea
1680 965 1872 1018 avertit

295 1052 483 1106 faciem
531 1067 680 1106 suam
710 1093 724 1116 ,
755 1053 937 1107 dicens
965 1055 1029 1106 ad
1060 1055 1516 1110 circumsedentes
1545 1057 1825 1126 episc0pos
1860 1077 1872 1113 :

297 1144 405 1199 Vos
435 1163 541 1201 non
571 1146 818 1200 delectati
847 1146 977 1200 estis
1009 1154 1152 1200 tanta
1186 1145 1576 1215 pulchritudine
1607 1149 1876 1217 ejus?lllis

287 1253 422 1295 vero
446 1239 576 1293 nihil
599 1239 1067 1308 respondentibus,
1093 1240 1270 1308 posuit
1303 1241 1487 1294 faciem
1518 1256 1677 1310 super
1703 1257 1873 1312 genua

289 1349 385 1390 sua
412 1375 427 1398 ,
461 1343 514 1387 et
544 1332 788 1388 manuale
820 1343 1060 1388 sanctum
1092 1335 1231 1402 quod
1261 1333 1475 1387 tenebat
1515 1337 1712 1387 sanctis
1761 1351 1875 1389 ma-

288 1428 448 1482 nibus
493 1427 637 1491 suis,
693 1436 746 1481 et
793 1427 869 1480 sic
910 1441 1124 1481 omnem
1157 1426 1332 1480 sinum
1361 1442 1515 1480 suum
1547 1427 1768 1496 replevit
1797 1428 1873 1482 la-

285 1519 486 1586 crymis
511 1555 526 1580 ,
579 1527 633 1570 et
684 1518 957 1584 suspirans
995 1519 1248 1586 graviter,
1281 1517 1412 1570 dixit
1439 1517 1628 1570 iterum
1659 1518 1722 1571 ad
1756 1519 1870 1586 epi-

283 1623 478 1677 scopos
508 1625 522 1662 :
555 1609 669 1662 Non
701 1609 949 1664 delectati
983 1612 1112 1664 estis
1143 1618 1287 1664 tanta
1313 1609 1705 1678 pulchritudine
1731 1611 1870 1680 ejus?

284 1699 395 1756 lllis
429 1717 554 1756 vero
582 1701 712 1755 nihil
743 1702 1192 1769 respondentibus
1226 1721 1238 1757 :
1274 1702 1428 1767 Vere,
1462 1703 1556 1768 ait,
1587 1718 1684 1773 cgo
1717 1704 1870 1758 valde

283 1793 587 1848 delectatus
635 1809 752 1848 sum
782 1836 794 1859 ,
829 1804 881 1848 et
930 1793 1123 1863 placuit
1162 1795 1290 1848 mihi
1337 1794 1676 1863 pulchritudo
1706 1795 1823 1865 ejus
1849 1837 1863 1860 ,

1984 592 2112 647 dicit
2156 593 2221 647 ad
2267 608 2351 647 me
2392 602 2608 648 sanctus
2652 593 2870 648 Nonnus
2896 595 3182 666 episcopus
3212 616 3225 652 :
3261 598 3378 654 Tibi
3420 602 3562 670 dico,

1983 683 2150 738 frater
2183 684 2425 747 diacone,
2459 684 2563 738 vidi
2597 686 2860 740 somnium
2901 698 2955 742 et
2997 689 3203 745 fortiter
3230 695 3518 750 conturbor
3547 739 3561 764 ,

1982 789 2048 828 eo
2075 775 2216 844 quod
2245 791 2348 830 non
2381 791 2593 844 possum
2627 777 2933 834 discernere
2959 779 3108 835 illud.
3136 783 3234 849 Qui
3263 799 3386 839 mox
3420 787 3552 842 dicit

1981 867 2046 923 ad
2098 884 2182 922 me
2232 870 2430 925 vidisse
2479 885 2539 926 se
2574 872 2624 925 in
2661 873 2905 939 somnis,
2957 876 3225 944 quomodo
3279 877 3345 932 ad
3394 894 3563 937 cornu

1980 957 2164 1014 altaris
2193 969 2362 1014 staret
2393 962 2542 1030 nigra
2570 962 2838 1028 columba,
2892 964 3075 1020 multis
3116 967 3365 1022 sordibus
3413 971 3561 1024 invo-

1981 1051 2113 1118 luta,
2144 1068 2261 1123 qua:
2293 1056 2708 1110 circumvolabat
2741 1073 2846 1123 me,
2883 1068 2936 1112 et
2964 1057 3188 1115 fetorem
3235 1078 3297 1117 ac
3345 1065 3560 1134 squalo-

1979 1157 2092 1197 rem
2121 1144 2354 1198 sordium
2382 1144 2496 1215 ejus
2541 1146 2677 1201 ferre
2732 1162 2836 1201 non
2875 1149 3143 1204 valebam.
3179 1151 3268 1206 illa
3299 1169 3426 1208 vero
3457 1155 3557 1209 cir-

1978 1238 2246 1290 cumstetit
2271 1252 2378 1303 me,
2405 1239 2572 1294 donec
2599 1239 2816 1294 dimissa
2844 1250 2925 1296 est
2946 1245 3116 1297 oratio
3139 1245 3556 1301 catechumeno-

1977 1343 2093 1382 rum
2126 1329 2222 1400 (8).
2260 1331 2541 1400 Postquam
2574 1348 2699 1387 vero
2733 1334 3081 1401 proclamavit
3106 1337 3357 1393 diaconus
3412 1350 3555 1396 cate-

1976 1422 2254 1476 chumenis
2291 1441 2304 1476 :
2340 1422 2636 1492 Procedite,
2670 1426 2847 1479 statim
2869 1443 3128 1497 nusquam
3148 1431 3460 1500 comparuit.
3489 1434 3554 1488 Et

1974 1524 2094 1583 post
2136 1514 2352 1570 missam
2397 1515 2608 1571 ﬁdelem
2661 1527 2715 1572 et
2759 1519 3171 1588 completioncm
3212 1524 3494 1579 oblationis
3525 1570 3540 1594 ,

1973 1618 2094 1657 cum
2143 1604 2362 1660 dimissa
2417 1616 2560 1662 esset
2603 1608 2852 1674 ecclesia,
2879 1611 3182 1679 egrediente
3212 1630 3300 1668 me
3330 1615 3551 1670 limitem

1973 1693 2166 1750 domus
2199 1695 2318 1761 Dei,
2353 1695 2496 1750 venit
2522 1697 2698 1752 denuo
2730 1699 2841 1766 ipsa
2871 1701 3115 1756 columba
3159 1705 3341 1759 multis
3380 1706 3551 1760 sordi—

1973 1786 2073 1841 bus
2105 1788 2367 1854 involuta,
2399 1797 2454 1843 et
2485 1790 2677 1843 iterum
2705 1791 3122 1847 circumvolabat
3151 1810 3260 1850 me.
3293 1797 3402 1866 Ego
3423 1814 3551 1852 vero

280 1887 536 1956 quoniam
570 1887 721 1939 istam
753 1885 915 1938 habet
953 1886 1090 1940 Deus
1123 1901 1436 1954 praeponere
1465 1894 1520 1942 et
1547 1895 1783 1943 statuere
1810 1889 1863 1942 in
1897 1884 1942 1944 Β
1970 1880 2264 1936 extendens
2295 1897 2533 1948 manum,
2562 1884 2894 1952 apprehendi
2932 1900 3046 1939 eam
3075 1929 3089 1952 ,
3148 1897 3200 1941 et
3245 1888 3441 1956 jactavi
3499 1892 3552 1949 iu

279 1989 573 2050 conspectu
593 1979 881 2033 tremendae
904 1988 953 2033 et
972 1979 1302 2033 admirabilis
1333 1981 1474 2034 sedis
1499 1995 1632 2046 suae,
1660 1980 1867 2048 judica-

279 2079 434 2126 turus
458 2081 563 2124 tam
593 2085 689 2125 nos
715 2086 874 2140 quam
898 2071 1260 2138 episcOpatum
1288 2081 1550 2125 nostrum.
1584 2071 1648 2125 Et
1674 2071 1866 2126 iterum

277 2162 416 2216 dixit
444 2162 509 2216 ad
534 2163 813 2231 episcopos
846 2182 856 2214 :
891 2161 1030 2228 Quid
1055 2162 1270 2229 putatis,
1305 2161 1664 2229 dilectissimi,
1699 2177 1868 2232 quan-

277 2263 359 2308 tas
393 2254 557 2308 horas
587 2253 711 2308 fecit
758 2254 809 2307 in
857 2253 1102 2307 cubiculo
1153 2268 1250 2307 suo
1284 2253 1399 2307 haec
1439 2252 1648 2317 mulier,
1685 2253 1868 2308 lavans

275 2357 332 2403 et
379 2361 708 2416 componens
734 2361 812 2411 se,
847 2361 966 2400 cum
1017 2347 1162 2401 omni
1215 2346 1579 2402 sollicitudine
1623 2346 1786 2400 animi
1813 2355 1870 2402 et

275 2441 576 2497 intentione
617 2440 682 2494 ad
727 2439 1086 2509 spectaculum
1131 2454 1329 2493 ornans
1372 2454 1452 2502 se,
1497 2447 1554 2494 ut
1604 2439 1867 2508 corporali

274 2531 663 2604 pulchritudini
694 2539 745 2585 et
773 2530 986 2584 ornatui
1017 2529 1147 2584 nihil
1187 2530 1422 2598 deesset,
1455 2539 1717 2598 quatenus
1744 2543 1864 2583 om-

273 2623 437 2680 nibus
467 2623 722 2692 placeret,
754 2636 820 2675 ne
851 2621 1018 2689 turpis
1069 2621 1341 2676 videretur
1366 2635 1485 2675 esse
1517 2621 1628 2674 suis
1657 2629 1864 2674 amato-

273 2713 454 2779 ribus,
487 2711 575 2781 qui
606 2712 764 2766 hodie
793 2719 935 2775 sunt,
967 2723 1019 2765 et
1047 2712 1282 2765 crastino
1310 2725 1414 2764 non
1444 2711 1612 2764 sunt?
1647 2711 1789 2779 Ergo
1809 2717 1862 2764 et

272 2819 379 2861 nos
409 2804 667 2858 habentes
701 2812 902 2872 patrem
931 2803 985 2857 in
1029 2802 1181 2858 caelis
1226 2803 1668 2871 omnipotentem,
1701 2817 1863 2872 spon-

270 2913 393 2955 sam
448 2899 842 2963 immortalem,
894 2897 1182 2952 donantem
1237 2899 1375 2953 bene
1439 2898 1861 2953 custodientibus

272 2991 690 3062 promissiones,
721 3006 840 3060 quae
869 2991 1066 3046 habent
1093 2991 1306 3047 divitias
1335 2992 1586 3048 caelestes
1616 3001 1668 3047 et
1699 3001 1861 3047 aeter-

270 3099 344 3140 na
376 3084 592 3152 przemia
613 3125 628 3148 ,
660 3099 778 3153 qua:
810 3083 1066 3137 aestimari
1095 3098 1199 3137 non
1231 3093 1451 3153 possunt
1477 3125 1493 3150 ,
1527 3100 1645 3152 qum
1673 3084 1860 3139 oculus

269 3190 384 3232 non
414 3175 564 3240 vidit,
598 3190 696 3230 nec
725 3175 868 3230 auris
894 3175 1118 3242 audivit,
1149 3189 1248 3232 nec
1289 3177 1342 3230 in
1388 3191 1483 3230 cor
1513 3177 1741 3232 hominis
1771 3194 1854 3233 as-

1974 1973 2258 2041 concham,
2288 1990 2408 2044 quae
2436 1984 2551 2029 erat
2583 1977 2633 2028 in
2665 1978 2801 2031 atrio
2823 1988 3020 2032 sancta:
3046 1979 3323 2045 ecclesiae;
3368 1992 3420 2036 et
3463 1982 3549 2038 di-

1971 2065 2118 2120 misit
2172 2065 2223 2119 in
2275 2081 2410 2134 aqua
2467 2082 2654 2122 omnes
2704 2069 2888 2124 sordes
2919 2084 3043 2124 suas
3082 2071 3271 2140 quibus
3301 2073 3550 2132 obvoluta

1979 2166 2117 2223 crat,
2153 2166 2206 2212 et
2233 2158 2474 2212 ascendit
2501 2158 2568 2214 de
2597 2173 2732 2228 aqua
2763 2161 2987 2214 candida
3016 2162 3149 2216 sicut
3174 2164 3263 2216 nix
3295 2181 3305 2215 :
3343 2179 3462 2233 qua:
3498 2175 3551 2220 et

1970 2249 2178 2313 volans,
2208 2246 2261 2302 in
2292 2249 2564 2304 excelsum
2594 2248 2864 2304 ferebatur
2891 2293 2904 2316 ,
2941 2261 2995 2306 et
3024 2252 3242 2305 omnino
3268 2253 3335 2307 ab
3376 2255 3543 2309 oculis

1969 2341 2104 2395 meis
2161 2340 2372 2395 sublata
2426 2352 2526 2397 est.
2588 2341 2720 2396 Cum
2774 2357 2901 2414 ergo
2955 2355 3224 2399 narrasset
3272 2347 3540 2402 somnium

1974 2442 2192 2488 sanctus
2222 2433 2317 2489 Dei
2345 2433 2566 2489 Nonnus
2594 2435 2878 2505 episcopus
2899 2480 2912 2504 ,
2947 2437 3302 2505 apprehendit
3341 2453 3428 2494 me
3456 2456 3468 2493 :
3497 2448 3549 2495 et

1969 2527 2310 2597 pervenimus
2365 2528 2432 2582 ad
2489 2528 2744 2597 majorem
2805 2530 3085 2585 ecclesiam
3158 2547 3279 2586 cum
3345 2533 3548 2588 caeteris

1968 2621 2263 2692 episcopis,
2289 2629 2344 2676 et
2371 2622 2720 2678 salutavimus
2747 2623 3058 2693 episcopum
3085 2625 3334 2679 civitatis.

2037 2735 2166 2788 Car.
2198 2734 2285 2788 Vl.
2318 2763 2386 2775 -—-
2410 2735 2476 2790 Et
2505 2735 2814 2807 ingrediens
2843 2776 2857 2801 ,
2913 2751 3123 2791 omnem
3159 2737 3410 2805 populum
3460 2752 3547 2793 ec-

1965 2827 2144 2882 clesiae
2198 2827 2443 2883 hortatus
2498 2837 2618 2894 est,
2674 2829 2763 2898 qui
2815 2830 3040 2899 ingressi
3093 2829 3343 2884 sederunt
3389 2847 3547 2900 super

1967 2920 2190 2976 thronos
2223 2936 2385 2988 suos;
2419 2931 2472 2975 et
2506 2930 2625 2990 post
2655 2936 2870 2976 omnem
2899 2924 3206 2978 canonicam
3234 2923 3546 2978 celebratio-

1967 3026 2089 3066 nem
2122 3012 2205 3066 vel
2237 3011 2519 3067 lectionem
2550 3012 2718 3066 sancti
2752 3013 3024 3081 Evangelii
3054 3053 3067 3076 ,
3095 3012 3232 3066 idem
3265 3012 3547 3082 episcopus

1964 3106 2195 3161 civitatis
2245 3106 2524 3174 porrigens
2566 3115 2806 3160 sanctum
2855 3105 3200 3174 Evangelium
3237 3104 3546 3159 beatissimo

1964 3196 2176 3263 Nonno,
2202 3198 2514 3251 hortabatur
2532 3212 2650 3250 eum
2676 3204 2736 3250 ut
2763 3198 2926 3252 verba
2958 3198 3156 3251 faceret
3179 3197 3243 3249 ad
3268 3200 3544 3264 papulum.

268 3266 578 3323 cenderunt
608 3309 623 3333 ,
673 3282 791 3336 quae
823 3267 1142 3337 praeparavit
1196 3268 1337 3323 Deus
1387 3268 1730 3338 diligentibus
1773 3285 1853 3326 se.

1969 3291 2062 3360 Qui
2097 3291 2344 3360 aperiens
2375 3306 2436 3344 os
2478 3304 2629 3344 suum
2681 3289 2998 3358 loquebatur
3039 3289 3353 3357 sapientiam
3399 3290 3491 3344 Dei
3528 3330 3544 3355 ,

268 3358 413 3427 Quid
447 3358 588 3412 enim
631 3359 778 3428 plura
812 3359 1039 3429 loquor?
1067 3359 1328 3415 habentes
1360 3363 1855 3431 repromissionem,

269 3449 469 3507 faciem
499 3450 642 3505 illam
684 3467 928 3522 magnam
967 3461 1019 3506 et
1046 3453 1402 3521 splendidam,
1432 3463 1485 3508 et
1517 3452 1861 3510 inaesnmabi-

267 3550 380 3606 lem
412 3547 596 3617 sponsi
627 3548 826 3602 vultum
860 3547 1061 3613 videre,
1113 3548 1200 3603 cui
1246 3545 1532 3602 Cherubim
1591 3549 1858 3617 respicere

267 3658 382 3700 non
413 3641 632 3705 audent,
658 3656 760 3694 non
791 3655 1046 3694 ornamus
1093 3655 1268 3710 neque
1311 3640 1642 3709 detergimus
1670 3642 1858 3697 sordes

266 3733 341 3790 de
373 3733 587 3788 miseris
619 3732 900 3787 animabus
926 3732 1146 3798 nostris,
1179 3732 1274 3788 sed
1305 3732 1622 3788 dimittimus
1647 3748 1739 3788 eas
1761 3749 1856 3789 nc-

266 3827 535 3899 gligenter
555 3827 757 3896 jacere.

341 3941 473 3997 Car.
506 3942 590 3996 IV.
622 3973 692 3982 —
722 3942 815 3997 His
861 3943 1110 3998 omnibus
1160 3941 1318 3997 dictis
1339 3981 1353 4006 ,
1392 3941 1744 4011 apprehendit
1774 3956 1860 3996 me

267 4043 612 4104 peccatorem
646 4033 954 4100 diaconum,
983 4033 1428 4103 pervenimusque
1457 4033 1510 4088 in
1544 4033 1855 4103 hospitium,

271 4128 366 4185 ubi
395 4129 553 4182 nobis
581 4127 753 4182 fuerat
774 4127 964 4183 cellula
988 4128 1133 4182 data.
1166 4129 1233 4183 Et
1261 4131 1532 4200 ingressus
1555 4129 1859 4185 cubiculum

267 4234 454 4287 suum,
480 4221 700 4290 jactavit
726 4235 783 4274 se
815 4221 865 4274 in
898 4221 1277 4288 pavimentum,
1304 4233 1355 4277 et
1385 4223 1574 4279 faciem
1609 4239 1759 4279 suam
1792 4226 1858 4280 ad

269 4321 510 4375 terram;
547 4313 962 4381 percutiensque
1010 4324 1197 4382 pectus
1244 4317 1856 4388 suum,lacrymabatur,

268 4405 460 4458 dicens
492 4420 504 4456 :
542 4403 764 4459 Domine
794 4404 924 4458 .Iesu
942 4403 1173 4471 Christe,
1199 4407 1415 4475 ignosce
1440 4409 1565 4461 mihi
1592 4412 1858 4478 peccatori

267 4507 323 4550 et
355 4495 596 4565 indigno,
632 4499 754 4565 quia
789 4497 944 4551 unius
966 4498 1070 4552 diei
1100 4508 1318 4553 ornatus
1345 4501 1644 4555 meretricis
1667 4517 1858 4570 super-

270 4591 425 4646 venit
453 4601 702 4644 ornatum
728 4593 918 4646 animae
944 4607 1099 4648 mea.
1127 4593 1278 4661 Quali
1309 4595 1456 4649 vultu
1487 4598 1764 4665 respiciam
1791 4599 1856 4653 ad

271 4685 364 4743 te?
414 4693 506 4738 aut
547 4685 739 4754 quibus
784 4685 1122 4741 sermonibus
1165 4687 1430 4758 justilicer
1481 4689 1534 4742 in
1565 4703 1857 4758 conspectu

271 4776 401 4829 tuo?
430 4774 546 4830 Non
578 4777 719 4831 enim
748 4778 1031 4832 occultabo
1060 4794 1154 4833 cor
1187 4794 1360 4833 meum
1401 4788 1525 4835 ante
1574 4789 1627 4836 te
1653 4823 1668 4844 ,
1721 4797 1854 4849 quo-

272 4872 414 4922 niam
445 4870 707 4938 prOSpicis
739 4882 944 4926 secreta
976 4887 1113 4926 mea.
1140 4873 1206 4927 Et
1235 4888 1315 4927 va:
1351 4874 1480 4928 mihi
1513 4876 1780 4943 peccatori
1805 4885 1858 4931 et

274 4958 516 5029 indigno,
547 4965 796 5030 Quoniam
844 4974 966 5020 ante
998 4966 1167 5020 altare
1201 4978 1348 5020 tuum
1379 4969 1613 5035 assiste,
1647 4978 1701 5023 et
1747 4984 1856 5025 non

272 5051 443 5107 offero
475 5053 748 5122 pulchram
781 5059 1011 5110 animam
1037 5059 1245 5127 qualem
1275 5061 1481 5128 expetis
1529 5075 1556 5111 a
1607 5075 1711 5115 me.
1763 5061 1855 5116 Illa

274 5147 422 5199 enim
466 5145 709 5214 promisit
758 5149 967 5215 placere
1021 5150 1324 5204 hominibus
1351 5192 1363 5213 ,
1399 5159 1452 5205 et
1481 5150 1635 5216 fecit;
1675 5161 1727 5206 et
1757 5167 1855 5222 ego

276 5237 501 5306 promisi
535 5237 630 5292 tibi
663 5238 872 5307 placere
899 5281 912 5304 ,
945 5249 999 5294 et
1025 5245 1274 5297 mentitus
1296 5257 1410 5296 sum
1447 5252 1664 5313 propter
1693 5245 1854 5312 pigri-

278 5327 404 5382 tiam
451 5343 647 5382 meam.
684 5328 865 5384 Nudus
894 5346 1012 5385 sum
1037 5341 1142 5385 tam
1177 5335 1226 5386 in
1250 5333 1386 5388 coelo
1413 5349 1571 5403 quam
1603 5335 1656 5388 in
1690 5343 1852 5401 terra,

278 5437 381 5475 non
425 5420 725 5490 adimplens
768 5433 1031 5494 praecepta
1061 5426 1429 5481 mandatorum
1457 5437 1686 5483 tuorum.
1715 5429 1854 5500 Ergo

279 5529 384 5568 non
413 5526 496 5568 est
527 5515 658 5569 mihi
698 5532 821 5583 spes
848 5531 914 5570 ex
959 5519 1208 5586 operibus
1240 5519 1416 5583 bonis,
1447 5520 1539 5574 sed
1570 5535 1692 5589 spes
1738 5537 1854 5576 mea

281 5604 333 5658 itt
381 5606 744 5661 misericordia
785 5616 870 5661 tua
894 5649 908 5672 ,
944 5623 1044 5676 qua
1072 5608 1283 5662 confido
1321 5609 1539 5663 salvari.
1582 5611 1703 5664 [huc
1732 5627 1859 5668 vero

281 5695 375 5749 illo
405 5698 619 5753 dicente
646 5742 660 5763 ,
711 5708 765 5753 et
821 5700 1008 5754 horum
1056 5715 1214 5754 causa
1263 5703 1544 5769 plurimum
1582 5703 1857 5771 ululante,

281 5787 470 5841 eodem
496 5787 582 5842 die
613 5789 957 5846 vehementer
987 5789 1118 5845 festa
1143 5793 1554 5848 celebravimus.

351 5878 486 5937 Car.
523 5880 584 5934 V.
615 5912 685 5924 —
708 5884 1131 5954 Soperveniente
1161 5894 1336 5941 autem
1368 5885 1475 5955 die,
1510 5901 1628 5956 quae
1651 5896 1732 5944 est
1757 5888 1861 5945 Do-

1964 3397 2083 3452 qua:
2124 3380 2396 3436 habitabat
2440 3381 2490 3434 in
2521 3395 2622 3445 eo,
2660 3379 2908 3448 quoniam
2950 3379 3080 3433 nihil
3122 3379 3543 3449 compositionis,

1965 3484 2058 3528 aut
2090 3472 2464 3543 philosophiae,
2501 3479 2592 3525 aut
2616 3473 2961 3527 indiscretum
2985 3471 3378 3540 alloquebatur,
3415 3471 3545 3528 nihil

1964 3569 2015 3622 in
2045 3583 2104 3621 se
2135 3565 2336 3621 habens
2369 3566 2617 3620 humanm
2657 3574 2859 3619 natura:
2911 3563 3234 3633 superﬂuum
3269 3581 3281 3616 :
3314 3564 3407 3617 sed
3454 3579 3543 3618 re-

1966 3660 2139 3729 pletus
2171 3659 2371 3727 Spiritu
2404 3666 2612 3723 sancto,
2647 3658 2903 3728 arguebat
2929 3665 2983 3711 et
3011 3655 3388 3710 commonebat
3433 3656 3545 3724 ple-

1965 3752 2122 3815 bem,
2177 3751 2538 3806 sincerissime
2598 3750 2820 3819 loquens
2856 3749 2922 3803 de
2972 3748 3150 3802 futuro
3204 3747 3432 3816 judicio,
3491 3756 3544 3801 et

1963 3845 2244 3915 perpetuis
2276 3844 2430 3897 bonis
2452 3859 2571 3912 qua:
2598 3842 2828 3910 reposita
2855 3841 3215 3896 sunt.Cuncta
3243 3854 3371 3909 ergo
3396 3839 3543 3908 plebs

1963 3947 2280 4007 compuncta
2311 3947 2392 3991 est
2422 3951 2487 3990 ex
2519 3935 2682 4005 378
2707 3934 2906 3998 verbis,
2963 3933 3156 3999 quibus
3210 3931 3415 3985 locutus
3463 3938 3544 3986 est

1962 4047 2062 4104 per
2089 4047 2208 4086 eum
2240 4031 2469 4098 Spiritus
2495 4039 2736 4092 sanctus,
2768 4027 2839 4080 ita
2872 4034 2929 4078 ut
2955 4025 3312 4094 pavimentum
3346 4033 3542 4079 sancta;

1967 4122 2220 4175 Ecclesia:
2248 4117 2528 4173 inundaret
2561 4116 2740 4187 populi
2765 4115 3031 4186 lacrymis.

2031 4232 2157 4288 Car.
2206 4231 2316 4286 Vll.
2342 4261 2412 4273 —
2441 4231 2839 4287 Gubernattone
2866 4246 2993 4285 vero
3033 4230 3414 4286 misericordia:
3460 4231 3540 4286 di-

1961 4329 2099 4382 vina:
2128 4326 2369 4398 contigit,
2404 4335 2458 4380 ut
2484 4328 2799 4381 conveniret
2850 4326 2914 4378 ad
2964 4324 3207 4380 eamdem
3262 4325 3539 4379 ecclesiam

1962 4429 2016 4476 et
2047 4420 2298 4474 meretrix
2329 4419 2463 4482 hanc,
2496 4418 2562 4472 de
2590 4433 2691 4486 qua
2724 4416 2899 4472 factus
2941 4425 3026 4470 est
3054 4417 3207 4470 nobis
3234 4431 3413 4470 sermo
3443 4435 3455 4481 ;
3488 4428 3541 4471 et

1963 4509 2104 4579 quod
2128 4510 2320 4562 mirum
2341 4517 2444 4572 est,
2464 4510 2867 4571 catechumena,
2898 4506 2985 4560 cui
3015 4521 3280 4574 nunquam
3312 4507 3539 4561 accessit

1963 4600 2264 4657 sollicitudo
2293 4607 2629 4668 peccatorum
2662 4637 2677 4662 ,
2728 4612 2827 4651 nec
2872 4596 3157 4665 aliquando
3195 4597 3259 4650 ad
3292 4598 3383 4652 Dei
3413 4613 3540 4652 con-

1970 4690 2207 4748 venisset
2251 4689 2529 4743 ecclesiam
2557 4729 2571 4752 ,
2625 4687 2801 4742 subito
2842 4698 3157 4754 compuncta
3211 4699 3290 4742 est
3353 4691 3543 4746 timore

1969 4783 2198 4846 Domini,
2232 4797 2353 4835 cum
2385 4790 2631 4849 argueret
2657 4789 2875 4833 sanctus
2898 4778 3116 4834 Nonnus
3144 4780 3392 4850 populum
3423 4823 3439 4849 ,
3470 4783 3540 4836 ita

1969 4887 2024 4932 ut
2075 4876 2386 4944 desperaret
2441 4871 2508 4926 de
2557 4886 2635 4938 se,
2682 4871 2797 4939 ipsa
2827 4872 3019 4927 mulier
3048 4873 3300 4943 plangens
3327 4875 3542 4928 flumina

1968 4969 2326 5038 lacrymarum
2355 4964 2651 5029 fundebat,
2685 4978 2783 5018 nec
2813 4963 2919 5019 ullo
2951 4966 3109 5020 modo
3139 4980 3169 5018 a
3218 4966 3346 5020 fietu
3375 4967 3543 5019 conti-

1968 5075 2098 5115 nere
2129 5074 2188 5114 se
2220 5066 2448 5127 poterat.
2483 5055 2551 5110 Et
2599 5057 2776 5110 statim
2807 5058 3062 5126 praecepit
3106 5057 3316 5110 duobus
3367 5057 3543 5124 pueris

1961 5151 2094 5212 suis,
2121 5147 2303 5202 dicens
2331 5163 2345 5200 :
2378 5146 2646 5201 Sustinetc
2670 5147 2723 5200 in
2757 5146 2858 5200 hoc
2889 5146 3037 5211 loco;
3064 5155 3118 5200 et
3140 5146 3266 5199 dum
3289 5161 3540 5218 egressus

1963 5240 2123 5295 fuerit
2153 5247 2368 5293 sanctus
2397 5238 2616 5293 Nonnus
2645 5239 2950 5307 episc0pus,
2980 5235 3273 5306 sequamini
3303 5253 3446 5302 eum,
3489 5248 3542 5293 et

1963 5335 2214 5406 inquirite
2263 5333 2352 5387 ubi
2387 5343 2631 5400 maneat,
2662 5345 2714 5388 et
2745 5333 2920 5388 venite
2963 5341 3017 5386 et
3053 5331 3352 5387 renuntiate
3386 5333 3540 5389 mihi.

1964 5429 2120 5484 Pueri
2156 5442 2280 5483 vero
2311 5425 2552 5482 fecerunt
2591 5427 2729 5480 sicut
2757 5425 3007 5495 praecepit
3047 5425 3127 5480 eis
3158 5425 3370 5480 domina
3397 5442 3489 5481 sua
3524 5444 3538 5491 ;

1964 5532 2019 5577 et
2056 5531 2341 5591 sequentes
2389 5537 2511 5589 nos,
2557 5526 2818 5574 venerunt
2848 5519 2902 5572 in
2933 5517 3211 5572 basilicam
3243 5519 3539 5577 beatissimi

1963 5615 2214 5685 martyris
2265 5612 2482 5677 Juliani,
2538 5611 2626 5665 ubi
2675 5608 2829 5663 nobis
2875 5610 3164 5677 hospitium
3212 5628 3310 5669 seu
3349 5614 3538 5670 cellula

1964 5718 2100 5764 erat.
2136 5708 2201 5760 Et
2232 5705 2480 5773 regressi,
2509 5711 2767 5759 venerunt.
2795 5745 2809 5767 ,
2838 5703 3070 5759 dominae
3110 5719 3223 5769 suos
3247 5706 3492 5762 dicentes
3525 5725 3538 5761 :

1965 5799 2226 5865 Quoniam
2256 5795 2305 5849 in
2336 5795 2556 5850 basilica
2589 5793 2880 5848 beatissimi
2909 5797 3160 5867 martyris
3191 5798 3386 5852 Juliani
3423 5814 3532 5850 ma-

1966 5895 2081 5945 net.
2134 5886 2250 5955 Quo
2301 5885 2395 5941 illa
2441 5884 2658 5952 audito,
2686 5885 2863 5942 statim
2910 5889 3535 5955 transmisitdiptvcbum
