4162 6352
588 260 696 319 667

1630 255 1723 315 DE
1760 254 1939 313 ViTlS
1974 248 2263 310 PATRUM
2302 252 2506 311 LIBER
2545 256 2827 319 PRIMUS.

3770 273 3867 331 668

589 378 893 463 tabularum
916 375 997 453 (9)
1026 390 1121 449 per
1149 373 1365 439 eosdem
1394 385 1594 446 pueros
1619 414 1634 439 ,
1662 373 1738 433 ita
1763 371 2171 463 continentem:
2201 362 2259 437 Δ
2283 376 2334 463 t_e
2362 372 2752 440 exspectabant
2773 391 2935 449 opera
2961 378 3086 447 ista,
3113 381 3227 440 scio
3251 382 3391 456 quod
3437 398 3499 449 os
3533 397 3715 445 meum
3742 389 3864 445 eris.

593 462 844 553 tSanctn
889 471 1157 541 discipulo
1203 469 1431 539 Christi,
1481 468 1759 545 peccatrix
1815 474 1869 523 et
1914 462 2171 531 discipula
2208 464 2211 465 ⁷

589 568 807 643 diaboli.
842 564 1029 629 Audivi
1061 564 1128 621 de
1154 563 1266 620 Deo
1298 572 1390 619 tuo
1418 602 1434 635 ,
1466 562 1609 635 quod
1641 561 1807 620 ctelos
1853 558 2169 643 inclinavit,

588 673 643 721 et
671 661 944 718 descendit
973 674 1134 730 super
1182 668 1416 725 terram,
1463 672 1571 713 non
1605 664 1820 729 propter
1845 655 2041 726 justos,
2075 642 2172 719 sed

587 766 642 823 ut
669 762 980 825 peccstores
1023 752 1256 817 salvaret
1298 750 1517 824 (Matth.
1548 750 1663 823 ix);
1705 751 1966 813 intantum
1997 750 2174 807 humi-.-

587 847 746 915 liatus
771 888 789 911 ,
821 856 878 905 ut
906 844 1205 916 publicanis
1244 842 1787 914 approttinquaverit,
1829 850 1884 897 et
1912 841 1966 899 in
2011 854 2171 911 quem

585 938 863 998 Cherubim
913 936 1185 1008 respicere
1226 950 1336 993 non
1366 935 1588 1002 audent,
1636 948 1757 990 cum
1798 932 2173 1003 peccatoribus

585 1038 932 1089 conversatus
985 1028 1073 1085 sit.
1123 1028 1191 1086 Et
1239 1039 1327 1097 tu,
1383 1026 1601 1085 domine
1627 1041 1801 1092 meus,
1833 1026 1922 1096 qui
1953 1024 2171 1103 multam

584 1122 923 1183 sanctitatem
971 1121 1158 1191 habes,
1194 1120 1297 1178 etsi
1326 1119 1632 1183 carnalibus
1661 1118 1830 1177 oculis
1862 1119 2036 1188 ipsum
2070 1117 2171 1174 Do-

584 1216 790 1276 minum
820 1215 1001 1271 Jesum
1031 1214 1323 1281 Christum,
1372 1213 1463 1285 qui
1493 1228 1551 1271 se
1602 1213 1680 1271 illi
1729 1212 1945 1269 mulieri
1994 1226 2173 1268 mere-

584 1310 700 1365 trici
733 1310 1085 1369 Samaritanm
1122 1307 1482 1367 manifestavit
1512 1308 1577 1364 ad
1608 1317 1824 1379 puteum
1848 1306 2035 1381 (Ιοαη.
2070 1305 2169 1378 tv),

583 1419 690 1459 non
722 1403 1002 1475 aspexisti,
1034 1411 1211 1463 tamen
1262 1415 1419 1456 verus
1463 1400 1640 1456 cultor
1678 1400 1823 1456 illius
1858 1415 1952 1473 es,
1980 1401 2118 1455 sicut
2146 1414 2174 1457 a

583 1480 898 1563 Christianis
920 1496 1097 1553 audivi
1126 1494 1506 1551 referentibus.
1540 1493 1598 1548 Si
1643 1507 1772 1547 vero
1800 1493 1942 1547 illius
1972 1490 2175 1551 Christi

582 1603 744 1647 verus
771 1604 831 1643 es
854 1586 1169 1656 discipulus,
1216 1601 1323 1647 non
1365 1600 1454 1645 me
1486 1599 1728 1655 respuas,
1756 1599 1855 1655 per
1884 1593 1937 1641 te
1962 1584 2177 1642 deside-

582 1690 796 1741 rantem
836 1681 1021 1745 videre
1067 1680 1430 1748 Salvatorem,
1463 1685 1519 1733 ut
1547 1693 1644 1748 per
1673 1688 1726 1733 te
1756 1692 1965 1736 merear
1993 1677 2175 1741 videre

2282 460 2349 517 Et
2390 466 2567 520 statim
2629 471 2924 526 transmisit
2992 489 3203 533 mecum
3255 477 3527 537 dominam
3577 479 3866 541 Romanam

2280 560 2507 628 primam
2533 560 2976 621 diaconissarum.
3019 569 3149 633 Quae
3181 571 3402 627 veniens
3428 615 3445 641 ,
3505 574 3705 635 invenit
3756 592 3867 635 eam

2280 653 2456 709 adhuc
2496 655 2561 711 ad
2613 657 2776 728 pedes
2816 662 2991 720 sancti
3021 661 3192 717 Nonni
3220 666 3500 736 episcopi,
3532 671 3616 726 cui
3645 670 3730 728 vix
3758 662 3869 741 per-

2280 749 2447 805 suasit
2470 765 2691 822 surgere
2718 767 2747 807 a
2778 754 3003 823 pedibus
3032 756 3165 821 suis,
3195 757 3381 819 dicens
3412 778 3425 811 :
3459 760 3630 835 Surge
3658 805 3673 830 ,
3714 765 3816 819 tilia
3855 807 3868 829 .

2281 848 2339 899 ut
2371 842 2721 899 exorcizeris.
2745 842 2995 916 Dixitque
3015 846 3066 903 ei
3098 865 3110 903 :
3142 846 3413 907 Conﬁtere
3441 855 3622 910 omnia
3653 870 3867 924 peccata

2281 938 2392 997 tua.
2418 932 2551 1003 Quae
2575 934 2887 1009 respondit:
2917 939 2975 994 Si
3018 950 3351 1012 perscrutata
3398 943 3550 1001 fuero
3594 942 3867 1003 scientiam

2280 1023 2460 1079 cordis
2487 1026 2617 1093 mei,
2648 1041 2757 1083 non
2780 1027 2997 1089 invenio
3029 1032 3080 1091 in
3111 1048 3199 1089 me
3222 1034 3399 1105 aliqua
3424 1051 3585 1106 opera
3609 1040 3866 1097 bonorum

2280 1120 2517 1169 actuum.
2572 1117 2794 1176 Peccata
2836 1123 2978 1180 enim
3023 1139 3138 1179 mea
3168 1127 3313 1195 scio,
3349 1129 3490 1199 quod
3518 1144 3681 1186 arena
3710 1133 3870 1187 maris

2280 1208 2526 1287 graviora
2556 1208 2695 1278 sint;
2725 1228 2859 1284 aqua
2885 1216 3027 1271 enim
3051 1231 3317 1288 perparva
3338 1229 3422 1275 est
3446 1236 3555 1291 pra:
3581 1223 3726 1278 mole
3754 1239 3871 1295 pec-

2281 1312 2523 1360 catorum
2557 1322 2825 1366 meorum.
2849 1309 3073 1367 Conﬁdo
3102 1328 3231 1371 vero
3253 1315 3321 1377 de
3346 1316 3457 1375 Deo
3488 1325 3600 1385 tuo,
3631 1320 3773 1390 quod
3796 1322 3874 1379 di-

2282 1399 2459 1456 mittat
2489 1403 2698 1472 pondus
2748 1407 3090 1478 iniquitatum
3122 1426 3390 1480 mearum,
3420 1424 3477 1470 et
3504 1416 3763 1486 respiciat
3791 1435 3874 1477 su-

2281 1508 2378 1564 per
2410 1511 2514 1551 me.
2548 1497 2701 1557 Tunc
2729 1500 2865 1556 dixit
2892 1501 2957 1557 ad
2979 1518 3098 1560 eam
3132 1517 3352 1564 sanctus
3398 1508 3625 1567 Nonnus
3667 1511 3872 1579 episco-

2282 1598 2423 1654 pus:
2460 1587 2554 1645 Dic
2582 1591 2721 1658 quod
2765 1592 2837 1649 sit
2888 1609 3087 1651 nomen
3139 1598 3332 1653 tuum?
3384 1601 3515 1667 Quae
3552 1586 3871 1673 respondit:

2280 1676 2519 1739 Naturali
2574 1683 2789 1741 nomine
2833 1685 3048 1758 Pelagia
3101 1699 3288 1749 vocata
3328 1706 3450 1747 sum
3489 1709 3518 1751 ιι
3569 1697 3875 1765 parentibus

579 1777 785 1837 Vultum
815 1783 1057 1841 sanctum
1084 1788 1259 1836 suum.
1300 1791 1321 1827 ι
1358 1772 1511 1829 Tunc
1537 1773 1822 1843 rescripsit
1861 1773 1908 1827 ei
1957 1781 2174 1833 sanctus
2203 1774 2254 1851 Β
2282 1771 2417 1829 meis
2451 1788 2467 1839 ;
2499 1773 2643 1829 cives
2669 1790 2795 1831 vero
2834 1778 3139 1837 Antiochiae
3168 1780 3507 1854 Margaritam
3532 1801 3619 1844 me
3656 1801 3868 1853 vocant,

578 1868 800 1927 Nonnus
850 1867 1136 1938 episcopos
1173 1885 1186 1923 :
1222 1887 1241 1923 ι
1276 1866 1624 1937 Qutecunque
1650 1882 1733 1931 es,
1784 1865 2067 1922 manifesta
2116 1880 2177 1923 es

578 1958 713 2026 Duo.
743 1968 800 2018 et
825 1969 877 2015 tu
896 2002 913 2026 ,
962 1971 1016 2015 et
1058 1968 1319 2020 tractatus
1348 1968 1491 2022 tuus,
1523 1968 1577 2021 et
1606 1959 1853 2015 voluntas
1883 1968 1993 2014 tua.
2024 1958 2176 2013 Atta-

580 2070 705 2114 men
735 2056 857 2111 dico
885 2053 1021 2121 tibi,
1054 2068 1120 2109 ne
1156 2052 1286 2111 velis
1318 2062 1526 2111 tentare
1567 2052 1926 2113 humilitatem
1955 2065 2129 2106 meam
2156 2088 2171 2113 ,

578 2164 681 2220 ego
708 2148 851 2204 enim
897 2162 1017 2203 sum
1061 2149 1220 2203 homo
1264 2156 1513 2216 peccator
1548 2159 1744 2203 servus
1793 2144 1910 2205 Dei.
1966 2144 2021 2201 Si
2075 2158 2173 2213 pro

575 2251 731 2297 certe
786 2240 954 2297 habes
1001 2239 1326 2297 desiderium
1376 2238 1713 2308 divinitatis,
1767 2238 2017 2301 virtutem
2058 2240 2171 2296 adi-

578 2338 821 2407 piscendi
866 2348 923 2395 et
969 2337 1132 2393 ﬁdem
1159 2377 1172 2404 ,
1209 2345 1384 2397 etme
1407 2336 1487 2391 vis
1514 2336 1736 2405 videre,
1787 2344 1914 2393 sunt
1960 2350 2171 2395 mecum

579 2428 816 2498 episcopi
846 2429 960 2495 alii;
985 2428 1129 2497 veni,
1152 2437 1210 2484 et
1234 2436 1361 2484 ante
1388 2441 1599 2496 eosme
1622 2427 1830 2486 videbis
1849 2471 1864 2495 ,
1897 2440 2023 2487 nam
2057 2427 2171 2483 sola

577 2537 668 2579 me
697 2521 885 2577 videre
925 2536 1031 2578 non
1064 2521 1290 2592 poteris.
1329 2539 1349 2577 ι
1382 2520 1515 2575 Cum
1546 2520 1661 2579 haec
1688 2521 1972 2590 relegisset
1998 2535 2172 2581 mere-

580 2617 709 2682 trix,
742 2615 939 2687 gaudio
968 2615 1195 2685 repleta,
1220 2630 1381 2671 cursu
1408 2613 1556 2675 venit
1586 2613 1652 2673 ad
1703 2612 1977 2679 basilicam
2029 2612 2169 2672 beati

577 2707 837 2777 martyris
860 2706 1080 2773 Juliani,
1109 2714 1163 2763 et
1191 2705 1456 2762 nuntiavit
1477 2704 1632 2765 nobis
1652 2704 1719 2761 de
1742 2703 2026 2777 praesentia
2049 2719 2168 2781 sua.

578 2803 699 2869 Quo
726 2800 914 2856 audito
942 2810 1163 2857 sanctus
1191 2800 1414 2859 Nonnus
1441 2801 1753 2881 episcopus,
1782 2798 1993 2858 vocavit
2017 2799 2087 2858 ad
2112 2813 2170 2857 sc

578 2908 767 2953 omnes
799 2892 892 2964 qui
921 2893 1032 2949 illic
1068 2893 1294 2952 aderant
1321 2894 1628 2965 episcopos,
1653 2902 1707 2948 et
1732 2891 1895 2967 jussit
1926 2906 2046 2951 eam
2081 2907 2171 2947 ve-

578 2986 697 3045 nire
717 2986 785 3042 ad
807 3000 885 3043 se.
902 2986 1033 3053 Quae
1050 2987 1315 3042 accedens
1342 2985 1431 3042 ubi
1457 2985 1769 3058 congregati
1790 2993 1942 3040 erant
1962 2984 2169 3065 episco-

578 3080 652 3151 pi,
680 3079 902 3147 iactavit
927 3094 987 3135 se
1017 3078 1069 3135 in
1104 3080 1464 3148 pavimentum
1488 3120 1502 3142 ,
1527 3088 1583 3135 et
1606 3078 1960 3151 apprehendit
2002 3077 2169 3149 pedes

2280 1875 2502 1934 propter
2547 1869 2755 1937 pondus
2791 1882 3232 1931 ornamentorum
3275 1876 3467 1945 quibus
3510 1893 3596 1945 me
3642 1880 3874 1947 adorna-

2278 1966 2471 2011 verunt
2503 1968 2720 2027 peccata
2760 1960 2926 2037 379
2975 1980 3115 2025 mea.
3159 1965 3273 2037 Ego
3323 1971 3468 2025 enim
3512 1984 3657 2028 eram
3714 1988 3878 2031 orna-

2279 2059 2519 2107 mentum
2562 2062 2615 2109 et
2651 2064 2925 2127 comptum
2984 2064 3340 2137 ergasterium
3391 2062 3607 2123 diaboli.
3676 2065 3873 2125 lterum

2281 2142 2414 2198 dicit
2468 2144 2534 2199 ad
2572 2160 2694 2205 eam
2744 2159 2965 2209 sanctus
3003 2151 3226 2213 Nonnus
3261 2154 3547 2229 episcopus
3580 2174 3597 2215 :
3629 2157 3873 2233 Naturali

2279 2237 2505 2294 nomine
2544 2238 2760 2311 Pelagia
2796 2243 3053 2301 vocaris?
3113 2247 3243 2313 Qua:
3292 2250 3573 2320 respondit
3606 2268 3623 2307 :
3656 2251 3733 2307 lta
3783 2254 3874 2319 dq-

2278 2329 2448 2393 mine.
2480 2330 2599 2403 Quo
2628 2333 2832 2405 audito,
2863 2346 3086 2396 sanctus
3133 2338 3355 2396 Nonnus
3394 2341 3681 2414 episcopus
3720 2324 3873 2403 exor-

2277 2423 2473 2481 cizavit
2492 2439 2633 2497 eain,
2659 2436 2713 2484 et
2741 2427 3059 2499 baptizavit;
3091 2439 3147 2486 et
3173 2432 3429 2501 impasuit
3450 2435 3501 2490 ei
3531 2436 3741 2505 signum
3773 2437 3873 2492 Do-

2275 2518 2455 2585 mini,
2498 2520 2825 2591 tradiditque
2872 2522 2948 2578 illi
2992 2537 3189 2594 curpus
3250 2525 3470 2582 Christi.
3522 2526 3750 2599 Fuitque
3798 2530 3872 2591 illi

2280 2619 2456 2673 mater
2478 2611 2736 2681 spiritalis
2765 2625 2948 2675 sancta
2974 2615 3189 2679 domina
3221 2617 3493 2686 Ruinana,
3538 2622 3707 2688 prima
3754 2623 3869 2695 dia-

2276 2708 2614 2767 conissarum
2650 2725 2663 2763 :
2696 2724 2817 2775 quae
2846 2710 3116 2781 accipiens
3156 2728 3297 2779 earn,
3338 2714 3586 2781 ascendit
3626 2718 3683 2777 in
3733 2731 3870 2783 cate-

2277 2801 2601 2862 chumenum
2655 2802 2795 2873 (l2),
2847 2818 2913 2861 eo
2956 2806 3101 2874 quod
3143 2815 3197 2865 et
3236 2824 3339 2875 nos
3386 2809 3459 2867 ibi
3501 2826 3866 2880 maneremus.

2279 2894 2430 2953 Tunc
2458 2895 2588 2955 dicit
2617 2895 2686 2953 ad
2731 2912 2817 2959 me
2842 2907 3062 2961 sanctus
3097 2899 3327 2965 Nonnus
3361 2902 3649 2973 episcopus
3686 2925 3705 2969 ι
3748 2905 3865 2969 Tibi

2276 2987 2402 3047 dico
2430 3031 2448 3055 ,
2508 2989 2677 3053 frater
2721 2991 2986 3061 diacono,
3035 2994 3279 3055 laetemur
3317 2996 3474 3057 hodie
3502 3013 3629 3059 cum
3663 3002 3869 3073 angelis

2276 3078 2398 3147 Dei,
2421 3092 2476 3139 et
2502 3082 2686 3141 oleum
2710 3093 2863 3145 extra
2878 3087 3322 3149 consuetudinem
3347 3103 3626 3151 sumamus
3647 3092 3703 3152 in
3724 3093 3864 3161 cibo.

579 3170 717 3237 beati
746 3170 919 3225 Nnnni
942 3169 1607 3244 episcopi,dicens:Rogo
1636 3177 1713 3235 te,
1739 3168 1960 3227 domine
1991 3183 2164 3243 meus,
2194 3170 2245 3238 α
2274 3180 2329 3233 ot
2359 3173 2539 3233 vinum
2569 3190 2693 3235 cum
2727 3176 2913 3239 laetitia
2959 3178 3185 3249 spiritali
3230 3180 3561 3251 accipiamus
3586 3225 3601 3252 ,
3644 3195 3869 3256 Numer

576 3265 791 3321 imitare
820 3264 1135 3335 magistrum
1167 3274 1318 3320 tuum
1351 3262 1635 3319 Dominum
1657 3261 1843 3319 Jesum
1864 3262 2166 3328 Christum,

578 3369 632 3417 et
660 3360 876 3417 aliunde
898 3376 1060 3430 super
1081 3375 1169 3417 me
1193 3370 1337 3426 tuam
1366 3359 1688 3426 bonitatem,
1716 3366 1772 3416 et
1797 3358 1882 3415 fac
1903 3373 1991 3415 me
2016 3356 2166 3415 Chri-

577 3454 834 3511 stianam.
870 3455 981 3526 Ego
1008 3455 1153 3513 enim
1180 3469 1323 3521 sum,
1346 3453 1564 3509 domine
1604 3466 1777 3517 meus,
1806 3453 2023 3523 pelagus
2054 3465 2171 3522 pec-

579 3555 826 3603 catorum
856 3558 909 3603 et
937 3548 1166 3619 abyssus
1195 3545 1508 3615 iniquitatis.
1542 3543 1675 3601 Peto
1697 3560 1785 3602 me
1814 3543 2095 3613 baptizari.

650 3636 921 3695 ΩΑΡΝΙΙΙ.
955 3667 1023 3680 --
1052 3638 1184 3693 Cum
1237 3635 1321 3691 vix
1369 3651 1487 3693 eam
1542 3636 1901 3705 persuasisset
1952 3643 2170 3690 sanctus

577 3730 800 3789 Nonnus
830 3732 1119 3801 episcopus
1149 3744 1372 3799 surgere
1396 3744 1424 3783 a
1456 3728 1681 3799 pedibus
1710 3728 1822 3783 suis
1846 3768 1862 3795 ,
1902 3741 2023 3782 cum
2051 3741 2170 3782 sur-

576 3823 819 3881 rexisset
842 3867 859 3892 ,
890 3822 1022 3881 dicit
1049 3821 1117 3878 ad
1154 3837 1272 3879 eam
1306 3839 1319 3875 :
1354 3822 1599 3878 Capones
1644 3821 1760 3891 (10)
1807 3820 2169 3877 sacerdotales

578 3917 868 3972 continent
891 3931 997 3972 non
1029 3916 1289 3985 baptizari
1307 3916 1674 3978 meretricem,
1696 3913 1797 3968 nisi
1822 3911 2169 3984 [idejussores

577 4006 912 4077 prteStiterit,
942 4017 1001 4061 ut
1033 4022 1139 4066 non
1168 4020 1230 4065 se
1256 4007 1450 4065 iterum
1483 4007 1536 4062 in
1565 4007 1696 4076 ipsis
1720 4006 1874 4061 malis
1901 4006 2165 4061 revolvat.

579 4098 711 4168 Quae
734 4098 958 4155 audiens
992 4097 1149 4154 talem
1177 4098 1413 4169 episcopi
1437 4097 1758 4153 sententiam
1792 4138 1806 4164 ,
1846 4094 2075 4167 jactavit
2110 4110 2170 4151 se

577 4193 779 4249 iterum
813 4192 865 4253 in
893 4192 1259 4262 pavimentum
1290 4231 1306 4257 ,
1339 4200 1391 4245 et
1423 4188 1775 4263 apprehendit
1805 4189 1969 4263 pedes
2001 4188 2171 4244 sancti

578 4285 755 4345 Nonni
779 4325 796 4350 ,
824 4294 879 4341 et
906 4289 1049 4355 ipsos
1080 4283 1332 4353 lacrymis
1362 4282 1472 4339 suis
1504 4266 1676 4350 lavit,
1718 4290 1773 4336 et
1814 4281 2021 4351 capillis
2059 4281 2172 4335 suis

578 4380 920 4453 extergebat,
946 4378 1132 4435 dicens
1160 4393 1179 4433 ε
1217 4378 1496 4434 [tationem
1520 4376 1712 4433 reddas
1733 4376 1843 4432 Deo
1870 4392 1966 4447 pro
1988 4374 2164 4430 anima

580 4493 726 4545 mea,
759 4487 815 4535 et
839 4477 932 4533 tibi
959 4476 1229 4532 ascribam
1257 4473 1563 4547 iniquitates
1587 4474 1846 4531 factorum
1880 4490 2122 4531 meorum
2153 4517 2169 4541 ,

2274 3265 2501 3329 stilutem
2545 3265 2705 3336 huius
2738 3266 2953 3335 puella).
3844 3322 3847 3325 .

2347 3357 2479 3417 Car.
2507 3357 3023 3422 lX.—Sumentibns
3048 3372 3179 3425 vero
3207 3362 3361 3425 nobis
3401 3364 3604 3430 cibum,
3628 3362 3865 3429 audiun-

2277 3460 2365 3511 tur
2396 3465 2562 3509 voces
2592 3451 2791 3518 subito,
2818 3451 2965 3511 velut
3007 3450 3242 3515 hominis
3270 3453 3361 3523 qui
3391 3453 3703 3513 violentiam
3730 3456 3866 3527 pati-

2278 3552 2363 3603 tur
2392 3561 2407 3599 :
2440 3543 2685 3605 diabolus
2711 3546 2856 3601 enim
2878 3544 3159 3605 clamavit.
3183 3544 3368 3607 dicens
3399 3564 3412 3601 :
3445 3545 3559 3613 Vir,
3589 3549 3705 3603 vat!
3738 3547 3866 3620 quid

2280 3638 2456 3707 patior
2485 3653 2515 3694 a
2540 3638 2814 3707 decrepito
2837 3652 2967 3699 sene
2992 3638 3130 3696 isto?
3175 3638 3293 3703 Non
3340 3639 3433 3701 tibi
3460 3640 3738 3701 Sufﬁciunt
3766 3640 3865 3705 tri-

2276 3730 2427 3798 ginta
2458 3729 2623 3784 millia
2657 3728 3101 3795 Sarracenorum,
3132 3744 3267 3801 quos
3313 3730 3443 3786 mihi
3481 3730 3764 3799 abripuisti
3816 3742 3869 3791 et

2276 3821 2582 3891 baptizasti,
2615 3832 2665 3879 et
2697 3821 2937 3878 obtulisti
2971 3821 3079 3876 Deo
3107 3823 3228 3875 tuo?
3258 3822 3372 3877 Non
3425 3823 3517 3876 tibi
3558 3816 3871 3881 Sufﬁciebat

2279 3915 2599 3987 Heliopolis,
2632 3916 2879 3985 quoniam
2904 3931 3024 3970 cum
3051 3925 3105 3969 et
3124 3918 3235 3984 ipsa
3265 3931 3381 3972 mea
3409 3926 3576 3987 esset,
3599 3926 3653 3971 et
3679 3931 3870 3972 omnes

2277 4007 2368 4076 qui
2402 4006 2453 4061 in
2485 4022 2547 4061 ea
2578 4006 2909 4072 habitabant,
2951 4021 3035 4062 me
3085 4008 3393 4070 adorarent,
3445 4018 3498 4061 tu
3550 4010 3679 4064 mibi
3724 4009 3871 4063 abri—

2278 4100 2442 4171 puisti
2470 4109 2523 4154 et
2549 4099 2790 4158 obtulisti
2843 4099 2955 4154 Deo
3008 4102 3139 4155 tuo?
3197 4101 3300 4156 Sed
3328 4110 3382 4156 et
3412 4118 3551 4161 nunc
3583 4090 3871 4157 maximam

2276 4207 2431 4264 spem
2464 4208 2637 4253 meam
2671 4194 2936 4250 abstulisti
2961 4211 2990 4253 a
3020 4210 3130 4262 me,
3160 4196 3271 4267 jam
3304 4211 3447 4250 nunc
3471 4210 3576 4252 non
3610 4196 3726 4252 fero
3752 4211 3873 4252 ma-

2280 4286 2628 4343 chinationes
2660 4297 2799 4343 tuas.
2830 4288 2874 4343 Ο
2894 4288 3002 4360 jam
3026 4288 3149 4361 quid
3177 4289 3350 4357 patior
3371 4306 3399 4343 a
3421 4290 3710 4346 damnabili
3736 4291 3872 4346 isto!

2280 4377 2567 4447 Maledicta
2597 4381 2712 4437 dies
2742 4381 2855 4449 illa,
2886 4381 2938 4435 in
2988 4396 3092 4451 qua
3121 4390 3283 4439 natus
3313 4396 3371 4435 es
3400 4389 3455 4435 tu
3491 4399 3504 4436 :
3549 4380 3768 4436 ﬂumina
3798 4382 3876 4436 la-

2278 4487 2585 4545 crymarum
2624 4473 2834 4529 infirmo
2886 4473 3115 4543 hospitio
3146 4472 3424 4540 inundant,
3453 4472 3565 4544 jam
3596 4488 3721 4544 spes
3753 4490 3875 4527 mea

579 4573 629 4629 si
682 4570 961 4629 distuleris
1010 4585 1097 4626 me
1145 4569 1379 4639 iniquam
1408 4578 1463 4623 et
1487 4568 1852 4640 turpissimam
1876 4569 2170 4647 baptizare.
2198 4554 2259 4620 Β
2282 4565 2554 4619 abstracta
2582 4575 2687 4621 est.
2716 4565 2817 4621 lsta
2849 4568 3028 4621 omnia
3059 4565 3325 4620 clamabat
3367 4564 3632 4633 diabolus,
3683 4575 3737 4619 et
3797 4566 3877 4620 la«

579 4664 696 4723 Non
746 4664 986 4721 invenias
1037 4664 1342 4733 portionem
1377 4663 1519 4734 apud
1561 4663 1728 4721 Deum
1762 4680 1881 4719 cum
1929 4666 2127 4721 sanctis
2152 4704 2169 4731 ,

578 4756 684 4817 nisi
709 4772 797 4815 me
820 4771 962 4813 nunc
990 4755 1179 4813 ieceris
1205 4756 1435 4810 alienam
1467 4756 1733 4815 malorum
1760 4772 1988 4829 operum
2020 4771 2170 4815 meo-

579 4863 722 4909 rum.
754 4848 927 4919 Neges
970 4847 1160 4912 Deum,
1183 4859 1237 4905 et
1271 4847 1409 4906 idola
1439 4852 1650 4916 adores,
1682 4847 1780 4905 nisi
1811 4864 1896 4905 me
1928 4848 2091 4903 hodie
2118 4848 2170 4905 in

578 4956 834 5011 sponsam
884 4938 1083 4995 Christi
1132 4940 1340 4997 renasci
1372 4939 1599 5009 feceris,
1645 4949 1702 4995 et
1746 4940 2006 4996 obtuleris
2040 4940 2165 4997 Deo.

579 5036 734 5094 Tunc
763 5049 956 5093 omnes
977 5033 1215 5105 episcttpi
1260 5041 1318 5089 et
1354 5032 1536 5093 clerici
1558 5034 1647 5105 qui
1684 5045 2073 5102 convenerunt,
2097 5035 2176 5090 vi-

581 5132 776 5187 dentes
805 5130 965 5185 talem
996 5125 1351 5197 peccatricem
1389 5138 1486 5193 pro
1512 5125 1733 5183 Deitatis
1762 5126 2031 5185 desiderio
2056 5124 2178 5181 talia

578 5222 913 5293 loquentem,
947 5218 1279 5277 admirantes
1322 5216 1577 5275 dicebant
1613 5233 1886 5289 nunquam
1928 5234 1989 5279 se
2014 5218 2174 5274 talem

580 5317 783 5373 vidisse
816 5316 975 5373 tidem
997 5325 1052 5371 et
1073 5312 1399 5377 desiderium
1424 5312 1631 5381 salutis,
1654 5312 1795 5369 sicut
1816 5312 1974 5383 hujus
2002 5328 2177 5369 mere-

584 5410 760 5467 tricis.
792 5411 852 5465 Et
880 5411 1065 5469 statim
1088 5408 1507 5467 transmiserunt
1526 5421 1614 5464 me
1635 5415 1973 5477 peccatorum
1994 5406 2174 5469 diaco-

586 5520 715 5560 num
745 5505 813 5559 ad
844 5504 1157 5573 episcopum
1202 5502 1439 5563 civitatis
1463 5547 1479 5572 ,
1518 5512 1579 5563 ut
1619 5500 1735 5561 hac
1761 5501 1938 5557 omnia
1967 5502 2015 5557 ei
2043 5501 2174 5556 insi-

588 5611 849 5662 nnarem,
892 5604 951 5653 et
991 5611 1152 5653 unam
1195 5597 1265 5653 de
1309 5595 1629 5655 diacouissis
1654 5595 1769 5667 (ll)
1804 5586 2018 5665 inberet
2056 5593 2177 5665 ejus

588 5688 865 5747 beatitudo
889 5691 1259 5747 transmittere
1289 5703 1521 5748 mecum.
1561 5688 1662 5757 Qui
1692 5686 1936 5755 audiens,
1964 5688 2178 5744 laetatus

592 5792 677 5840 est
698 5783 897 5856 gaudio
921 5798 1119 5855 magno
1139 5823 1156 5848 ,
1181 5782 1367 5840 dicens
1396 5800 1413 5840 :
1446 5783 1610 5851 Bene,
1643 5792 1795 5852 pater
1823 5782 2176 5859 honorabilis,

2283 4658 2624 4713 mentabatur
2652 4656 3009 4727 antejanuas,
3033 4665 3087 4710 et
3115 4655 3430 4711 audiebatur
3460 4656 3574 4725 ipse
3607 4655 3677 4713 ab
3705 4656 3876 4711 omni-

2282 4751 2384 4807 bus
2417 4750 2746 4804 bominihus.
2782 4748 2846 4802 Et
2876 4749 3068 4805 iterum
3119 4758 3393 4817 repetens,
3427 4747 3493 4803 ad
3542 4746 3878 4818 necpltytam

2285 4841 2516 4913 puellam
2548 4841 2685 4895 dixit
2717 4858 2730 4894 :
2763 4840 2887 4895 Haec
2918 4840 3047 4895 mihi
3076 4839 3230 4906 facis,
3258 4840 3472 4895 domina
3499 4855 3616 4894 mea
3637 4840 3878 4909 Pelagia,

2285 4944 2339 4989 et
2362 4944 2416 4989 tu
2446 4948 2623 4989 meum
2652 4931 2844 4988 Judam
2890 4930 3150 4985 imitaris?
3200 4931 3292 4986 ille
3337 4932 3478 4985 enim
3506 4931 3671 5004 gloria
3701 4940 3757 4987 et
3785 4931 3879 4985 ho.

2285 5042 2417 5084 nore
2437 5034 2748 5091 coronatus,
2772 5034 2827 5081 et
2855 5025 3132 5095 apostolus
3153 5025 3496 5089 constitutus,
3533 5024 3752 5079 tradidit
3776 5025 3882 5084 Do-

2284 5120 2485 5175 minum
2516 5136 2695 5186 suum,
2730 5119 2801 5175 ita
2831 5128 2889 5175 et
2921 5129 2976 5174 tn
3026 5119 3159 5177 mihi
3216 5118 3410 5173 fecisti.
3455 5116 3605 5173 Tunc
3648 5118 3783 5173 dicit
3816 5119 3884 5176 ad

2284 5230 2402 5273 eam
2428 5222 2647 5271 sanctus
2680 5213 2899 5269 Nonnus
2930 5212 3216 5285 episc0pus
3242 5229 3253 5265 :
3277 5212 3435 5285 Signa
3467 5220 3520 5267 te
3542 5227 3704 5267 cruce
3724 5211 3883 5267 ωιτί-

2284 5311 2374 5376 sti,
2428 5320 2481 5367 et
2527 5309 2843 5365 abrenuntia
2895 5307 2966 5363 ei.
3017 5307 3146 5377 Quae
3176 5308 3405 5379 signavit
3456 5321 3514 5362 se
3559 5307 3617 5363 in
3655 5306 3887 5361 nomine

2284 5401 2507 5470 Christi,
2524 5411 2578 5459 et
2594 5400 2883 5459 insuiﬂavit
2909 5401 2963 5456 in
2986 5400 3310 5467 daemonem,
3328 5407 3383 5453 et
3406 5400 3585 5454 statim
3614 5413 3887 5469 nusquam

2280 5496 2601 5566 comparuit.

2353 5589 2482 5645 Car.
2518 5587 2793 5646 X.—Post
2835 5587 3052 5645 biduum
3104 5602 3255 5658 ergo,
3297 5585 3605 5642 dormiente
3652 5600 3718 5641 ea
3750 5599 3889 5643 cum

2283 5693 2465 5739 sancta
2498 5682 2735 5738 Romana
2766 5690 3064 5738 commatre
3104 5697 3199 5736 sua
3251 5682 3303 5736 in
3352 5679 3601 5736 cubiculo
3630 5693 3753 5748 suo,
3790 5696 3891 5751 ap-

2285 5778 2463 5850 paruit
2487 5775 2734 5833 diabolus
2760 5783 2943 5845 nocte,
2976 5785 3031 5832 et
3056 5774 3337 5833 suscitavit
3366 5772 3617 5832 ancillam
3646 5772 3745 5831 Dei
3780 5773 3892 5829 Pe-
