4162 6352
340 409 440 465 66$

1275 401 1434 458 VITA
1471 399 1764 461 SANCTAS
1802 397 2153 469 PELAGIIE,
2193 400 2629 458 MERETBICIS.

3492 401 3554 455 G7
3563 401 3598 455 0

335 524 554 596 iagiam,
581 529 638 577 et
660 521 871 576 dicebat
904 538 915 572 :
945 520 1096 591 Rogo
1119 529 1190 588 te,
1218 521 1435 578 domina
1466 535 1582 576 mea
1611 519 1911 590 Margarita,
1938 523 1991 584 Α
2021 517 2152 586 petii
2183 518 2490 588 episcopum
2516 533 2718 582 meum.
2749 526 2807 576 ut
2837 533 2924 576 me
2969 517 3302 590 permitteret
3331 515 3428 572 ire.
3463 516 3597 571 Dum

341 613 578 686 nunquid
613 629 716 667 non
749 628 814 667 ex
842 628 971 666 auro
1000 623 1053 662 et
1092 623 1314 678 argento
1361 613 1523 666 ditata
1556 613 1650 666 es?
1681 608 1914 679 nunquid

348 724 452 764 non
485 722 546 762 ex
578 719 708 759 auro
739 713 792 758 et
821 705 1042 771 gemmis
1073 706 1319 773 pretiosis
1349 703 1601 757 adornavi
1635 703 1721 755 te?
1769 701 1918 772 Rogo

337 811 413 867 te,
461 797 586 868 quid
633 805 686 850 te
731 795 1080 850 contristavi'!
1121 795 1402 864 Responde
1435 795 1586 860 mihi,
1617 804 1672 846 ut
1701 793 1914 847 satisfa-

337 895 478 949 ciam
513 891 628 959 tibi,
661 897 864 943 tantum
892 904 962 942 ne
991 904 1074 942 me
1092 889 1256 942 facias
1274 888 1620 956 opprobrium
1650 885 1915 941 Christia—

338 1000 554 1042 norum.
572 983 721 1038 Tunc
743 982 930 1035 ancilla
953 979 1041 1034 Dei
1065 979 1275 1049 Pelagia
1302 977 1530 1048 signavit
1555 993 1634 1041 se,
1666 986 1719 1031 et
1734 975 1918 1031 exsuf-

336 1078 484 1136 ﬂavit
513 1077 566 1131 in
595 1075 916 1137 daemonem,
949 1071 1169 1128 dicens:
1201 1071 1342 1128 Deus
1376 1085 1548 1135 meus,
1596 1071 1682 1139 qui
1725 1069 1916 1137 eripuit

334 1184 425 1224 me
447 1169 514 1223 de
542 1166 718 1222 medio
743 1165 984 1220 dentium
1013 1172 1314 1229 tuorum,et
1338 1162 1548 1217 induxit
1566 1163 1616 1216 in
1640 1162 1913 1218 caelestem

339 1261 633 1316 thalamum
666 1274 837 1322 suum,
872 1258 986 1326 ipse
1015 1256 1105 1313 tibi
1137 1257 1350 1312 resistet
1374 1268 1473 1324 pro
1499 1268 1603 1308 me.
1643 1254 1708 1307 Et
1730 1253 1911 1307 statim

333 1368 594 1423 nusquam
624 1351 917 1419 comparuit
942 1350 1200 1405 diabolus.

407 1444 535 1500 Car.
570 1442 924 1498 XL—Tertia
954 1456 1082 1496 vero
1111 1440 1218 1507 die,
1271 1447 1614 1510 posteaquam
1645 1436 1908 1504 baptizata

336 1547 422 1592 est
450 1545 631 1591 saneta
662 1534 892 1603 Pelagia,
923 1533 1126 1602 rogavit
1144 1546 1364 1601 puerum
1385 1529 1668 1598 suum,qui
1689 1535 1916 1597 praeerat

334 1628 503 1683 rebus
533 1626 648 1696 ejus
679 1625 949 1690 omnibus,
979 1634 1031 1678 et
1052 1623 1257 1677 dicitad
1284 1638 1401 1675 eum
1434 1639 1447 1674 :
1477 1621 1623 1675 Vade
1647 1621 1699 1675 in
1721 1621 1914 1674 vestia-

339 1721 477 1774 rium
509 1734 710 1784 meum,
742 1728 795 1771 et
830 1718 1004 1772 scribe
1031 1717 1208 1771 omnia
1237 1729 1353 1784 quae
1385 1722 1509 1768 sunt
1538 1723 1642 1768 tam
1686 1714 1735 1767 iu
1783 1727 1913 1768 auro

334 1829 494 1886 quam
519 1815 570 1870 in
597 1821 839 1882 argento,
863 1812 944 1866 vel
975 1812 1028 1865 in
1055 1811 1387 1866 ornamentis
1416 1818 1507 1863 aut
1531 1808 1766 1862 vestibus
1796 1821 1912 1874 pre-

2025 626 2112 668 me
2143 613 2474 680 permisisset
2533 613 2630 678 ire,
2683 611 2810 666 dicit
2857 610 2924 667 ad
2957 626 3043 666 me
3075 628 3088 662 :
3123 609 3240 665 Tibi
3267 609 3404 672 dico,
3435 610 3598 663 frater

2021 700 2270 768 diacone,
2303 704 2426 757 dum
2474 704 2783 771 perveneris
2838 701 3243 772 ierosolymam,
3286 701 3497 770 require
3528 685 3610 753 ibi,

2019 796 2303 862 quemdam
2359 795 2574 848 fratrem
2628 794 2922 864 Pelagium,
2978 795 3294 848 monachum
3339 802 3391 846 et
3420 807 3593 846 eunu-

2018 888 2201 953 chum,
2232 887 2322 956 qui
2345 889 2541 944 multos
2566 902 2736 946 annos
2765 887 3040 944 habitabat
3067 888 3118 942 in
3150 885 3432 942 solitudine
3453 885 3592 940 clau-

2018 995 2129 1047 sus,
2162 981 2314 1050 quasi
2345 995 2467 1034 eum
2511 981 2852 1045 visitaturus;
2883 996 3012 1035 vere
3039 981 3178 1034 enim
3213 978 3410 1048 poteris
3434 977 3502 1031 ab
3531 991 3598 1031 eo

2013 1073 2213 1141 juvari.
2246 1071 2369 1126 "(BC
2395 1080 2571 1126 autem
2602 1073 2778 1126 omnia
2802 1071 3013 1132 dicebat
3041 1071 3172 1126 mihi
3202 1070 3268 1123 de
3289 1067 3479 1123 ancilla
3503 1065 3596 1120 Dei

2017 1165 2228 1234 Pelagia
2258 1181 2362 1219 non
2389 1165 2688 1222 manifeste.

2086 1257 2214 1312 Car.
2252 1257 2690 1313 XiV.-—Perveni
2723 1272 2850 1328 ergo
2879 1257 3358 1326 Jerosolymam,et
3378 1253 3592 1309 adoravi

2016 1360 2261 1404 sanctam
2293 1351 2745 1404 resurrectionem
2777 1348 2982 1402 Domini
3017 1348 3182 1402 nostri
3208 1347 3330 1401 Jesu
3358 1345 3551 1401 Christi
3579 1361 3593 1396 :

2025 1451 2084 1494 et
2107 1440 2205 1494 alia
2233 1442 2321 1497 die
2342 1441 2591 1512 requisivi
2618 1455 2829 1495 servum
2861 1439 2973 1493 Dei.
3007 1439 3070 1491 Et
3100 1437 3319 1501 accessi,
3345 1446 3399 1491 et
3418 1435 3594 1489 inveni

2021 1547 2142 1587 eum
2171 1535 2225 1587 iu
2254 1543 2432 1588 monte
2456 1533 2673 1595 Oliveti,
2699 1533 2786 1588 ubi
2816 1532 3070 1586 Dominus
3089 1532 3282 1598 oravit,
3311 1530 3359 1583 in
3387 1527 3594 1583 modica

2021 1624 2207 1676 cellula
2237 1624 2470 1692 undique
2516 1623 2889 1687 circmnclusa,
2917 1633 2969 1674 et
3011 1636 3226 1690 parvam
3261 1618 3594 1676 fenestellam

2024 1713 2283 1768 habuerat
2314 1716 2363 1767 in
2389 1715 2610 1784 pariete.
2649 1714 2713 1766 Et
2745 1713 2980 1783 percussi
3000 1713 3193 1766 ostium
3227 1709 3590 1774 fenestellulae,

2021 1817 2076 1860 et
2104 1809 2280 1860 statim
2315 1808 2522 1875 aperuit
2554 1806 2703 1873 mihi,
2738 1814 2790 1860 et
2821 1806 3068 1874 coguovit
3119 1819 3204 1857 me
3256 1821 3267 1854 :
3321 1818 3418 1871 ego
3466 1813 3596 1855 vero

336 1907 512 1972 tiosis,
538 1915 591 1959 et
619 1904 750 1959 aﬁ'er
779 1903 930 1957 mihi.
965 1903 1101 1957 Puer
1132 1902 1253 1954 fecit
1279 1901 1416 1954 sicut
1447 1900 1697 1967 przrcupit
1727 1901 1775 1951 ei
1809 1898 1912 1950 do-
1942 1888 1988 1946 B
2018 1913 2123 1953 non
2149 1897 2822 1967 cognovieam.Quomodo
2845 1897 2991 1950 enim
3008 1907 3244 1963 poteram
3271 1904 3592 1960 cognoscere

332 2002 478 2057 mina
509 2015 623 2065 sua,
655 2006 711 2054 et
734 2013 944 2052 omnem
978 1995 1325 2050 substantiam
1356 2008 1505 2048 suam
1538 1993 1745 2046 detulit.
1781 1991 1912 2062 Quae

337 2093 516 2146 statim
542 2089 748 2144 vocavit
770 2097 1006 2142 sanctum
1039 2086 1284 2139 Nonnum
1341 2084 1645 2152 episcomtm
1674 2098 1767 2150 per
1793 2059 1914 2134 sau-

333 2195 477 2240 ctam
533 2184 827 2238 Romanam
876 2189 1225 2235 commatrem
1255 2193 1424 2239 suam,
1459 2186 1514 2232 et
1538 2192 1752 2232 omnem
1791 2175 1916 2230 ειη)-

333 2277 585 2330 ειηιιιίληι
620 2288 768 2328 suam
796 2274 972 2342 posuit
1001 2275 1051 2324 in
1085 2271 1328 2336 manibus
1375 2270 1511 2338 ejus,
1562 2269 1746 2322 dicens
1777 2286 1792 2320 :
1826 2268 1916 2320 ila:

335 2379 485 2436 sunt,
518 2367 752 2432 domine,
786 2365 987 2420 divitia:
1035 2367 1230 2434 quibus
1278 2362 1465 2418 ditavit
1512 2376 1595 2416 me
1645 2359 1914 2413 Satanas:

341 2465 439 2515 has
477 2461 628 2513 trado
657 2459 706 2512 in
741 2456 960 2511 arbitrio
992 2456 1293 2510 sanctitatis
1325 2464 1448 2518 tuae,
1497 2460 1545 2504 ct
1597 2450 1734 2520 quod
1780 2449 1917 2502 nosti

341 2555 620 2622 expedire,
646 2552 808 2607 facias
831 2567 892 2605 ex
918 2552 1019 2611 eis,
1049 2548 1178 2603 mihi
1201 2548 1339 2601 enim
1367 2545 1611 2616 Optandm
1634 2553 1757 2598 sunt
1787 2542 1919 2595 divi-

343 2650 434 2703 tia:
462 2646 676 2703 Domini
701 2645 800 2699 mei
828 2643 951 2698 Jesu
981 2641 1197 2697 Christi.
1234 2639 1333 2706 Qui
1366 2639 1546 2691 statim
1590 2636 1796 2688 vocavit
1822 2649 1916 2689 cu—

340 2742 549 2795 stodem
580 2739 820 2792 PCt'leSiﬂ}
854 2737 1222 2799 seniorem;et
1247 2735 1356 2802 ipsa
1391 2741 1676 2802 praesente,
1705 2744 1916 2783 omnem

350 2835 709 2888 substantiam
740 2833 854 2899 ejus
887 2831 938 2884 in
987 2830 1226 2882 manibus
1256 2826 1391 2880 illius
1425 2824 1657 2889 tradidit,
1690 2822 1871 2876 dicens
1904 2839 1917 2873 :

349 2927 553 2995 Adiuro
602 2936 649 2978 te
701 2940 793 2994 per
843 2920 1250 2991 inseparabilem
1305 2918 1640 2980 Trinitatem,
1690 2929 1756 2968 ne
1794 2912 1921 2982 quid

343 3023 471 3077 hinc
502 3021 551 3074 in
581 3019 907 3088 episcopium
937 3027 1028 3071 aut
1054 3017 1104 3072 iu
1133 3014 1417 3070 ecclesiam
1447 3010 1790 3080 ingrediatur,
1826 3008 1918 3061 sed

343 3114 516 3184 magis
559 3112 729 3167 viduis
759 3120 809 3164 et
840 3109 1093 3178 orphanis
1118 3117 1169 3162 et
1197 3104 1518 3175 pauperibus
1563 3108 1831 3168 erogetur,
1866 3107 1924 3153 ut

347 3206 487 3274 quod
518 3205 658 3258 male
682 3212 963 3256 attractum
987 3210 1088 3266 est,
1115 3201 1246 3253 bene
1270 3197 1707 3257 distribuatur,et
1725 3192 1924 3247 divitia:

348 3296 663 3366 peccatricis
697 3294 823 3347 fiant
856 3295 1085 3346 thesauri
1111 3291 1352 3360 justitite.
1384 3287 1436 3343 Si
1468 3301 1599 3340 vero
1629 3293 1809 3351 spreto
1839 3298 1925 3338 sa-
1949 3259 1998 3322 ε

346 3399 650 3458 cramento,
683 3388 793 3443 sive
825 3402 918 3457 per
948 3397 1018 3452 te,
1043 3385 1153 3439 sive
1179 3399 1271 3453 per
1297 3381 1582 3452 quemlibet
1612 3380 1771 3431 alium
1801 3376 1925 3430 sub-

347 3487 576 3542 traxeris
605 3485 669 3538 de
702 3482 781 3535 his
803 3479 1108 3551 quidquam.
1139 3475 1422 3529 anathema
1466 3470 1793 3541 ingrediatur
1823 3471 1926 3522 do-

347 3598 492 3637 mum
527 3580 662 3647 ejus,
694 3588 743 3630 et
776 3591 897 3632 cum
927 3573 1030 3628 illis
1063 3569 1254 3624 habeat
1280 3577 1483 3642 partem
1515 3566 1603 3635 qui
1629 3566 1877 3618 dixerunt
1910 3579 1924 3615 :

348 3675 725 3740 Cruciligatur,
747 3669 1107 3736 crucifigatur.
1138 3664 1229 3717 illa
1255 3678 1380 3716 vero
1407 3659 1717 3715 convocavit
1743 3672 1929 3712 omnes

352 3785 547 3840 pueros
594 3775 648 3822 et
687 3765 888 3835 puellas
942 3775 1084 3828 suas,
1135 3768 1185 3813 et
1226 3756 1469 3812 liberavit
1521 3767 1736 3808 omnes:
1765 3751 1931 3806 dona-

353 3865 537 3931 vitque
571 3870 738 3914 tortos
775 3857 889 3928 (l5)
939 3868 1129 3909 aureos
1155 3853 1233 3906 eis
1264 3851 1330 3905 de
1371 3863 1529 3903 manu
1559 3862 1676 3913 sua,
1701 3846 1884 3899 dicens
1914 3860 1928 3896 :

355 3953 651 4015 Festinate,
700 3960 755 4003 et
786 3950 1008 4004 liberate
1032 3960 1126 3998 vos
1164 3943 1231 3998 de
1285 3941 1384 3995 hoc
1431 3939 1627 3992 saeculo
1680 3949 1928 4003 nequam,

355 4050 512 4118 pleno
544 4043 796 4114 peccatis,
829 4054 882 4094 ut
915 4042 1050 4095 sicut
1078 4039 1273 4092 fuimus
1302 4037 1354 4090 in
1399 4034 1498 4088 hoc
1529 4031 1726 4086 smculo
1750 4029 1930 4096 simul,

356 4143 425 4197 ita
457 4138 617 4200 simul
650 4148 1056 4207 permaneamus
1100 4132 1215 4186 sine
1255 4128 1440 4184 dolore
1473 4125 1524 4180 in
1557 4124 1667 4179 vita
1696 4122 1784 4178 illa
1813 4135 1933 4192 quae

355 4244 436 4289 est
459 4229 786 4287 beatissima.

424 4322 555 4378 CAP.
585 4317 974 4375 Xll.—Octava
1007 4325 1134 4367 vero
1182 4311 1288 4376 die,
1338 4309 1550 4380 quando
1582 4307 1812 4362 habebat
1837 4306 1931 4360 de-

353 4419 674 4488 positionem
696 4412 935 4467 albarum
961 4408 1156 4471 facere,
1175 4421 1398 4475 surgens
1420 4413 1596 4460 nocte.
1611 4401 1765 4456 nobis
1788 4401 1936 4465 igno-

359 4509 620 4575 rantibus,
655 4503 903 4573 deposuit
935 4509 1137 4555 vestem
1173 4496 1505 4566 baptismatis
1542 4493 1643 4555 sui,
1686 4503 1738 4545 et
1766 4490 1933 4543 induit

355 4618 413 4655 se
437 4599 666 4653 tunicam
694 4595 935 4649 tricinam
964 4591 1169 4662 (M),et
1197 4587 1391 4641 birrarn
1422 4583 1534 4654 (i5)
1563 4581 1731 4636 sancti
1759 4579 1928 4633 Nomii

354 4695 614 4763 episenpi,
659 4700 712 4745 et
741 4705 804 4744 ex
837 4689 923 4740 illa
955 4686 1044 4739 die
1076 4696 1332 4750 nusquam
1372 4678 1668 4745 comparuit
1720 4675 1770 4727 in
1803 4673 1931 4727 civi-

357 4795 462 4840 tate
493 4781 795 4837 Antiochia.
821 4780 990 4846 Quam
1017 4783 1200 4828 sancta
1245 4772 1482 4824 Romana
1525 4767 1685 4821 ﬂebat
1711 4764 1930 4818 amaris-

354 4880 509 4941 sime,
544 4885 597 4931 et
625 4885 843 4931 sanctus
870 4872 1090 4927 Nonnus
1119 4866 1489 4921 consulabatur
1529 4879 1664 4927 eam,
1698 4861 1882 4915 dicens
1917 4878 1929 4911 :

357 4969 476 5026 Noli
507 4969 660 5030 flere,
687 4969 812 5031 filia,
843 4968 935 5020 sed
967 4964 1149 5017 laetare
1194 4958 1386 5030 gaudio
1438 4970 1652 5025 magno,
1685 4953 1932 5022 quoniam

359 5062 569 5132 Pelagia
594 5061 848 5129 optimam
881 5055 1177 5125 portionem
1199 5052 1376 5120 elegit,
1403 5050 1541 5103 sicut
1568 5047 1750 5110 Malia,
1773 5060 1931 5116 quam

355 5159 616 5213 Dominus
662 5154 876 5224 praefert
918 5148 1136 5204 Martha:
1185 5147 1236 5200 in
1295 5144 1602 5212 Evangelio.
1632 5141 1725 5195 illa
1757 5148 1931 5193 autem

357 5251 493 5306 abiit
522 5248 935 5318 Jerosolymam,
967 5252 1021 5298 et
1071 5239 1365 5295 construxit
1418 5237 1518 5291 sibi
1575 5233 1820 5289 cellulam
1880 5231 1933 5285 in

357 5349 541 5398 monte
571 5337 784 5404 Oliveti,
817 5337 903 5391 ubi
940 5335 1196 5390 Dominus
1224 5331 1416 5384 oravit.

426 5435 558 5491 CAP.
584 5431 925 5492 Xlll.—Post
955 5429 1279 5498 aliQuantum
1309 5437 1436 5478 vero
1459 5418 1714 5488 temporis
1735 5432 1932 5472 convo-

357 5527 501 5583 cavit
551 5527 833 5595 episcopus
862 5518 1090 5575 civitatis
1135 5529 1323 5571 omnes
1351 5514 1652 5582 episcopos,
1680 5519 1737 5564 ut
1762 5524 1929 5564 unus-

352 5620 584 5691 quisque
629 5624 988 5671 reverteretur
1044 5609 1108 5664 ad
1153 5607 1385 5679 propria.
1420 5604 1582 5676 380
1611 5602 1737 5654 Post
1767 5602 1928 5656 trien-

352 5711 498 5768 nium
522 5719 613 5764 aut
635 5704 1042 5779 quadriennium
1082 5697 1357 5768 temporis,
1391 5693 1686 5750 desideravi
1724 5708 1823 5762 ego
1844 5691 1933 5746 Ja-

350 5807 518 5862 cobus
539 5804 793 5858 diaconus
820 5794 1082 5867 proficisci
1104 5791 1518 5859 Jerosolymam,
1555 5798 1612 5841 ttt
1640 5788 1709 5842 ibi
1738 5786 1931 5841 adora-

350 5912 466 5956 rcm
499 5895 944 5952 resurrectionem
979 5887 1188 5942 Domini
1242 5885 1407 5938 nostri
1461 5881 1584 5936 Jesu
1631 5879 1850 5941 Christi,
1879 5885 1932 5931 et

1960 4645 2011 4706 D

2020 1994 2188 2059 illam,
2220 2010 2378 2062 quam
2408 1999 2563 2045 antea
2613 1991 2848 2043 videram
2901 1987 3262 2042 inmstimabiii
3308 1983 3610 2054 pulchritu~

2023 2085 2169 2148 dine,
2198 2084 2306 2150 jam
2339 2084 2476 2138 facie
2513 2082 2802 2137 marcidam
2853 2080 3043 2134 factam
3078 2093 3186 2147 prze
3230 2077 3389 2130 nimia
3437 2073 3598 2126 absti-

2023 2178 2240 2231 nentia?
2271 2176 2420 2230 Oculi
2452 2190 2579 2230 vero
2607 2173 2728 2242 ejus
2753 2174 2891 2228 sicut
2918 2172 3074 2224 fossa:
3104 2168 3437 2224 videbantur.
3465 2163 3596 2230 Quae

2023 2267 2155 2322 dicit
2181 2267 2244 2320 ad
2265 2281 2379 2319 me:
2411 2263 2557 2319 Unde
2574 2265 2747 2330 venis,
2767 2263 2963 2317 frater?
2987 2263 3098 2332 Ego
3118 2258 3367 2326 respondi
3389 2267 3441 2309 et
3458 2254 3598 2308 dixi:

2027 2358 2220 2414 Missus
2251 2374 2366 2412 sum
2398 2357 2462 2410 ad
2499 2366 2569 2421 te,
2603 2357 2821 2424 jubente
2852 2356 3038 2408 Nouno
3065 2354 3336 2422 episcOpo.
3369 2350 3498 2414 Qua:
3527 2347 3600 2399 ait

1983 2440 1990 2446 ’
2024 2453 2091 2505 ad
2124 2467 2207 2505 me
2241 2468 2252 2503 :
2281 2449 2409 2504 Oret
2438 2465 2531 2518 pro
2560 2463 2664 2513 me,
2697 2449 2943 2517 quoniam
2975 2460 3099 2499 vere
3129 2451 3340 2497 sanctus
3380 2440 3472 2494 Dei
3494 2447 3594 2492 est.

2025 2543 2090 2597 Et
2119 2555 2298 2597 Statim
2330 2542 2520 2596 clausit
2541 2541 2794 2595 ostiolum
2826 2539 3139 2601 fenestellte,
3182 2545 3234 2590 et
3261 2533 3423 2607 erepit
3458 2530 3601 2601 psal-

2024 2637 2139 2691 lere
2186 2635 2371 2689 boram
2421 2635 2652 2688 tertiam.
2699 2633 2807 2701 Ego
2835 2646 2962 2686 vero
2989 2630 3138 2684 oravi
3166 2627 3316 2696 juxta
3350 2624 3601 2693 parietem

2028 2725 2231 2782 cellulae
2258 2725 2399 2794 ejus,
2439 2733 2492 2778 et
2516 2722 2734 2787 recessi,
2767 2721 2992 2775 multum
3013 2719 3226 2788 juvatus
3257 2713 3601 2782 de~angelica

2028 2818 2234 2873 visione
2263 2817 2399 2886 ejus.
2426 2816 2693 2870 Reversus
2722 2828 2852 2868 vero
2895 2811 3308 2880 Jerosolymam,
3337 2806 3475 2874 ccepi
3507 2817 3600 2873 per

2028 2911 2356 2967 monasteria
2379 2906 2701 2962 ambulando
2730 2906 2946 2960 visitare
2977 2905 3185 2957 fratres.

2101 3023 2231 3080 Cap.
2264 3018 2639 3087 XV.—Magna
2687 3031 2815 3072 vero
2865 3014 3134 3069 ferebatur
3192 3010 3328 3064 fama
3368 3020 3462 3075 per
3490 3018 3602 3059 mo-

2031 3116 2269 3171 nastcria
2313 3113 2379 3167 de
2420 3113 2637 3166 domino
2683 3108 2893 3175 Pelagio
2929 3124 2941 3158 :
2987 3113 3266 3175 propterea
3307 3097 3603 3155 deliberavi

2036 3211 2204 3264 etiam
2239 3210 2428 3260 iterato
2458 3205 2521 3256 ad
2547 3218 2666 3256 eum
2693 3201 2886 3260 redire,
2920 3207 2974 3252 et
3005 3194 3323 3250 salutaribus
3351 3187 3604 3243 doctrinis

2033 3299 2151 3369 ejus
2172 3297 2338 3352 refici.
2371 3296 2608 3361 Cumque
2648 3290 2712 3343 ad
2745 3287 2991 3343 cellulam
3023 3299 3170 3338 suam
3219 3279 3601 3350 pervenissent,

2033 3405 2084 3448 et
2117 3393 2346 3460 pulsare,
2382 3389 2486 3439 imo
2519 3384 2834 3437 nominatim
2862 3393 2982 3434 eum
3031 3375 3371 3444 interpellare
3398 3383 3603 3440 praesu-

2034 3499 2255 3544 merent,
2283 3481 2413 3535 nihil
2441 3475 2733 3547 respondit.
2789 3471 3105 3543 Exspectavi
3150 3466 3382 3526 secunda
3433 3463 3518 3517 die
3548 3469 3602 3514 et

2036 3578 2187 3634 tertia
2221 3587 2596 3646 perseverans,
2622 3579 2677 3625 et
2709 3568 2922 3639 preprio
2968 3562 3182 3620 nomine
3229 3558 3499 3626 Pelagium
3528 3555 3606 3609 in-

2037 3668 2347 3739 terpetlans,
2399 3666 2667 3720 neminem
2718 3659 2914 3715 audivi.
2963 3659 3136 3724 Quare
3184 3655 3321 3709 intra
3346 3665 3430 3704 me
3452 3647 3606 3702 dixi:

2034 3763 2141 3817 Aut
2166 3775 2322 3815 nemo
2349 3769 2430 3814 est
2464 3759 2569 3821 hic,
2600 3764 2689 3810 aut
2716 3753 2938 3809 recessit
2985 3751 3074 3819 qui
3126 3748 3212 3802 hic
3262 3753 3377 3800 crat
3429 3755 3606 3795 mona-

2036 3856 2189 3910 chus.
2225 3855 2362 3907 Nutu
2391 3866 2517 3906 vero
2547 3849 2641 3905 Dei
2667 3851 2917 3911 monitus,
2951 3845 3138 3898 iterum
3169 3839 3275 3894 dixi
3308 3855 3323 3892 ι
3353 3832 3608 3890 Conside-

2037 3962 2148 4003 rem
2180 3960 2245 3999 ne
2277 3945 2411 3998 [οι-ιθ
2440 3950 2688 3997 mortuus
2719 3942 2818 4005 sit;
2873 3947 2925 3992 et
2953 3935 3134 4006 aperui
3181 3930 3432 3986 ostiolum
3465 3925 3609 3980 fene-

2037 4041 2287 4105 stellulze,
2309 4047 2360 4094 et
2391 4035 2662 4106 prospexi,
2683 4042 2737 4088 et
2763 4032 2871 4086 vidi
2905 4046 3022 4082 eum
3056 4035 3347 4089 mortuum,
3370 4031 3426 4077 et
3446 4019 3609 4075 clausi

2037 4129 2317 4193 ostiolum;
2352 4136 2404 4181 et
2432 4127 2498 4179 de
2528 4125 2640 4178 luto
2667 4123 2882 4191 replens
2941 4121 3243 4186 diligenter,
3291 4127 3449 4169 cursu
3491 4107 3610 4165 veni

2037 4221 2445 4288 Jerosolymam,
2473 4226 2526 4271 et
2556 4214 2798 4270 nuntiavi
2827 4209 3311 4274 eommanentibus,
3335 4202 3473 4276 quod
3489 4215 3611 4256 sale-

2038 4324 2154 4368 ctus
2185 4313 2427 4379 Pelagius
2453 4307 2750 4362 monachus
2782 4303 3046 4359 mirabilia
3099 4301 3296 4354 faciens
3319 4295 3611 4364 requievis-

2038 4415 2140 4461 set.
2173 4406 2321 4457 Tunc
2347 4401 2513 4455 sancti
2549 4409 2725 4466 patres
2761 4403 3017 4451 venerunt
3054 4409 3174 4446 cum
3227 4388 3449 4443 diversis
3498 4399 3612 4438 mo-

2041 4495 2290 4551 nasteriis
2336 4491 2746 4553 monachorum,
2771 4497 2824 4540 et
2852 4489 2930 4540 sic
2979 4485 3209 4538 solutum
3250 4490 3332 4532 est
3362 4476 3608 4529 ostiolum

2039 4590 2286 4652 cellulae;
2319 4597 2367 4640 et
2395 4584 2629 4638 delatum
2661 4589 2744 4635 est
2787 4580 2928 4633 foras
2971 4584 3212 4630 sanctum
3242 4568 3610 4639 corpusculum

2041 4681 2178 4750 ejus.
2212 4677 2350 4746 quod
2382 4689 2513 4730 auro
2542 4683 2595 4728 et
2621 4670 2885 4740 lapidibus
2938 4664 3186 4736 pretiosis
3233 4661 3494 4731 condigne
3523 4674 3609 4726 po-

2040 4781 2279 4829 sueruut.
2311 4771 2373 4824 Et
2404 4769 2528 4821 dum
2553 4766 2724 4820 sancti
2755 4772 2931 4832 patres
2959 4768 3217 4829 ungerent
3255 4768 3450 4825 corpus
3472 4767 3614 4823 myr-

2040 4867 2159 4931 rha,
2187 4875 2311 4917 tunc
2334 4865 2704 4931 cognoverunt
2738 4857 2877 4922 quod
2926 4854 3113 4907 fuisset
3141 4850 3332 4905 mulier
3365 4865 3378 4901 ε
3407 4848 3492 4916 qui
3526 4859 3614 4898 vo-

2041 4961 2211 5014 lentes
2263 4955 2580 5011 miraculum
2614 4949 2964 5012 abscondere,
3015 4945 3108 4999 sed
3157 4942 3409 5013 populum
3443 4939 3614 5002 ipsum

2039 5052 2203 5106 latere
2233 5064 2336 5103 non
2371 5052 2577 5114 poterat
2603 5085 2618 5109 ,
2647 5042 3080 5097 exclamaverunt
3126 5049 3258 5088 voce
3298 5043 3508 5096 magna,
3538 5026 3616 5078 di-

2045 5152 2258 5199 centes:
2285 5138 2461 5194 Gloria
2495 5137 2609 5198 tibi,
2647 5133 2868 5187 Domine
2891 5129 3018 5184 .Iesu
3045 5125 3274 5187 (lhriste,
3297 5120 3387 5188 qui
3425 5117 3616 5171 multas

2043 5235 2255 5291 divitias
2286 5231 2576 5285 absconsas
2608 5227 2768 5280 habes
2813 5236 2974 5290 super
3022 5228 3240 5278 terram,
3293 5225 3396 5263 non
3441 5206 3612 5261 solum

2046 5329 2249 5393 viriles,
2309 5323 2404 5377 sed
2431 5322 2591 5376 etiam
2625 5318 2930 5372 muliebres.
2966 5308 3293 5376 Divulgatum
3321 5313 3404 5355 est
3433 5308 3607 5351 autem

2042 5419 2187 5474 omni
2234 5415 2453 5486 populo,
2503 5421 2557 5465 et
2603 5415 2862 5463 venerunt
2890 5402 3066 5455 omnia
3107 5390 3425 5449 monasteria
3453 5388 3613 5456 virgi-

2042 5525 2191 5573 num,
2225 5480 2330 5561 t-am
2360 5504 2430 5559 de
2455 5501 2691 5563 Iericho,
2735 5509 2891 5565 quam
2941 5506 3004 5545 ex
3031 5487 3284 5550 .lordane,
3319 5482 3407 5537 ubi
3436 5480 3616 5535 Domi-

2040 5616 2143 5656 nus
2167 5599 2464 5668 baptizatus
2495 5601 2596 5657 est,
2638 5603 2758 5643 cum
2787 5585 2978 5652 cereis,
3019 5579 3353 5650 lampadibus
3381 5587 3432 5631 et
3458 5576 3612 5645 bym-

2042 5693 2162 5754 nis;
2195 5698 2248 5742 et
2278 5687 2356 5741 sic
2379 5682 2634 5753 depositae
2661 5686 2784 5734 sunt
2812 5683 3012 5732 sancite
3040 5670 3279 5741 reliquize
3318 5670 3453 5737 ejus,
3487 5679 3612 5735 por-

2041 5791 2164 5835 tatae
2191 5795 2221 5832 a
2249 5777 2448 5833 sanctis
2474 5771 2732 5843 patribus.

2113 5874 2238 5929 llaec
2265 5871 2371 5929 vita
2393 5865 2718 5932 meretricis,
2751 5863 2864 5920 haec
2884 5857 3221 5918 conversatio
3272 5856 3566 5922 desperata:
3601 5867 3607 5904 :
