  <div class='ocr_page' id='page_1' title='image "/cluster/home/n/w/nwhite01/storage/ocr_20150623/73/hvd.32044011474434/341.png"; bbox 0 0 4162 6352; ppageno 0'>
   <div class='ocr_carea' id='block_1_1' title="bbox 654 403 3903 465">
    <p class='ocr_par' dir='ltr' id='par_1_1' title="bbox 654 403 3903 465">
     <span class='ocr_line' id='line_1_1' title="bbox 654 403 3903 465; baseline 0 -3"><span class='ocrx_word' id='word_1_1' title='bbox 654 410 716 464; x_wconf 78' lang='grc'>71</span> <span class='ocrx_word' id='word_1_2' title='bbox 1621 407 1712 463; x_wconf 89' lang='lat' dir='ltr'><strong>DE</strong></span> <span class='ocrx_word' id='word_1_3' title='bbox 1755 406 1932 465; x_wconf 80' lang='lat' dir='ltr'><strong>VITIS</strong></span> <span class='ocrx_word' id='word_1_4' title='bbox 1968 406 2249 465; x_wconf 79' lang='lat' dir='ltr'><strong>PATRUM</strong></span> <span class='ocrx_word' id='word_1_5' title='bbox 2285 406 2491 464; x_wconf 84' lang='lat' dir='ltr'><strong>LIBER</strong></span> <span class='ocrx_word' id='word_1_6' title='bbox 2529 403 2797 463; x_wconf 80' lang='lat' dir='ltr'><strong>PRIMUS.</strong></span> <span class='ocrx_word' id='word_1_7' title='bbox 3799 405 3903 462; x_wconf 72' lang='lat'><strong>67!</strong></span> 
     </span>
    </p>
   </div>
   <div class='ocr_carea' id='block_1_2' title="bbox 618 522 3897 603">
    <p class='ocr_par' dir='ltr' id='par_1_2' title="bbox 618 522 3897 603">
     <span class='ocr_line' id='line_1_2' title="bbox 618 522 3897 603; baseline 0 -19"><span class='ocrx_word' id='word_1_8' title='bbox 618 541 739 584; x_wconf 90' lang='lat' dir='ltr'><strong>cum</strong></span> <span class='ocrx_word' id='word_1_9' title='bbox 782 540 883 597; x_wconf 90' lang='lat' dir='ltr'><strong>qua</strong></span> <span class='ocrx_word' id='word_1_10' title='bbox 914 536 967 581; x_wconf 91' lang='lat' dir='ltr'><strong>et</strong></span> <span class='ocrx_word' id='word_1_11' title='bbox 999 527 1254 582; x_wconf 85' lang='lat' dir='ltr'><strong>Dominus</strong></span> <span class='ocrx_word' id='word_1_12' title='bbox 1302 541 1398 583; x_wconf 92' lang='lat' dir='ltr'><strong>nos</strong></span> <span class='ocrx_word' id='word_1_13' title='bbox 1424 526 1584 582; x_wconf 77' lang='lat' dir='ltr'><strong>iaciat</strong></span> <span class='ocrx_word' id='word_1_14' title='bbox 1612 526 1854 583; x_wconf 88' lang='lat' dir='ltr'><strong>invenire</strong></span> <span class='ocrx_word' id='word_1_15' title='bbox 1894 528 2199 582; x_wconf 86' lang='lat' dir='ltr'><strong>misericor-</strong></span> <span class='ocrx_word' id='word_1_16' title='bbox 2228 533 2278 592; x_wconf 73' lang='grc' dir='ltr'><strong>Α</strong></span> <span class='ocrx_word' id='word_1_17' title='bbox 2305 525 2492 596; x_wconf 80' lang='lat' dir='ltr'><strong>gloria,</strong></span> <span class='ocrx_word' id='word_1_18' title='bbox 2548 534 2783 596; x_wconf 78' lang='lat' dir='ltr'><strong>potestas</strong></span> <span class='ocrx_word' id='word_1_19' title='bbox 2834 533 2890 582; x_wconf 86' lang='lat' dir='ltr'><strong>et</strong></span> <span class='ocrx_word' id='word_1_20' title='bbox 2914 523 3202 603; x_wconf 88' lang='lat' dir='ltr'><strong>imperium</strong></span> <span class='ocrx_word' id='word_1_21' title='bbox 3235 525 3289 580; x_wconf 90' lang='lat' dir='ltr'><strong>in</strong></span> <span class='ocrx_word' id='word_1_22' title='bbox 3330 524 3524 581; x_wconf 76' lang='lat' dir='ltr'><strong>saecula</strong></span> <span class='ocrx_word' id='word_1_23' title='bbox 3556 522 3897 584; x_wconf 62' lang='lat' dir='ltr'><strong>saeculorum.</strong></span> 
     </span>
    </p>
   </div>
   <div class='ocr_carea' id='block_1_3' title="bbox 619 618 2499 691">
    <p class='ocr_par' dir='ltr' id='par_1_3' title="bbox 619 618 2499 691">
     <span class='ocr_line' id='line_1_3' title="bbox 619 618 2499 691; baseline -0.003 -12"><span class='ocrx_word' id='word_1_24' title='bbox 619 620 762 679; x_wconf 88' lang='lat' dir='ltr'><strong>diam</strong></span> <span class='ocrx_word' id='word_1_25' title='bbox 793 633 943 675; x_wconf 90' lang='lat' dir='ltr'><strong>suam</strong></span> <span class='ocrx_word' id='word_1_26' title='bbox 975 619 1029 674; x_wconf 92' lang='lat' dir='ltr'><strong>in</strong></span> <span class='ocrx_word' id='word_1_27' title='bbox 1058 619 1144 675; x_wconf 91' lang='lat' dir='ltr'><strong>die</strong></span> <span class='ocrx_word' id='word_1_28' title='bbox 1163 618 1349 689; x_wconf 89' lang='lat' dir='ltr'><strong>judicii</strong></span> <span class='ocrx_word' id='word_1_29' title='bbox 1373 638 1387 689; x_wconf 91' lang='lat'><strong>;</strong></span> <span class='ocrx_word' id='word_1_30' title='bbox 1413 619 1660 691; x_wconf 90' lang='lat' dir='ltr'><strong>quoniam</strong></span> <span class='ocrx_word' id='word_1_31' title='bbox 1700 619 1802 689; x_wconf 83' lang='lat' dir='ltr'><strong>ipsi</strong></span> <span class='ocrx_word' id='word_1_32' title='bbox 1847 628 1929 675; x_wconf 91' lang='lat' dir='ltr'><strong>est</strong></span> <span class='ocrx_word' id='word_1_33' title='bbox 1960 618 2131 674; x_wconf 85' lang='lat' dir='ltr'><strong>honor</strong></span> <span class='ocrx_word' id='word_1_34' title='bbox 2149 628 2203 675; x_wconf 90' lang='lat' dir='ltr'><strong>et</strong></span> <span class='ocrx_word' id='word_1_35' title='bbox 2309 619 2499 673; x_wconf 83' lang='lat' dir='ltr'><strong>Amen.</strong></span> 
     </span>
    </p>
   </div>
   <div class='ocr_carea' id='block_1_4' title="bbox 1892 756 2630 816">
    <p class='ocr_par' dir='ltr' id='par_1_4' title="bbox 1892 756 2630 816">
     <span class='ocr_line' id='line_1_4' title="bbox 1892 756 2630 816; baseline -0.005 0"><span class='ocrx_word' id='word_1_36' title='bbox 1892 757 2267 816; x_wconf 83' lang='lat' dir='ltr'><strong>ROSWEYDI</strong></span> <span class='ocrx_word' id='word_1_37' title='bbox 2305 756 2630 815; x_wconf 84' lang='lat' dir='ltr'><strong>NOTATIO.</strong></span> 
     </span>
    </p>
   </div>
   <div class='ocr_carea' id='block_1_5' title="bbox 687 878 3901 953">
    <p class='ocr_par' dir='ltr' id='par_1_5' title="bbox 687 878 3901 953">
     <span class='ocr_line' id='line_1_5' title="bbox 687 878 3901 953; baseline 0.002 -17"><span class='ocrx_word' id='word_1_38' title='bbox 687 880 765 953; x_wconf 86' lang='lat' dir='ltr'><strong>(l)</strong></span> <span class='ocrx_word' id='word_1_39' title='bbox 798 880 1071 953; x_wconf 51' lang='lat' dir='ltr'><strong>Pelagia]</strong></span> <span class='ocrx_word' id='word_1_40' title='bbox 1120 881 1460 953; x_wconf 82' lang='lat' dir='ltr'><strong>Martyrolog.</strong></span> <span class='ocrx_word' id='word_1_41' title='bbox 1522 881 1842 946; x_wconf 82' lang='lat' dir='ltr'><strong>Romanum,</strong></span> <span class='ocrx_word' id='word_1_42' title='bbox 1893 879 1927 932; x_wconf 89' lang='lat'>8</span> <span class='ocrx_word' id='word_1_43' title='bbox 1977 881 2197 936; x_wconf 79' lang='lat' dir='ltr'><strong>Octobr.</strong></span> <span class='ocrx_word' id='word_1_44' title='bbox 2380 881 2458 951; x_wconf 86' lang='lat'><strong>(7)</strong></span> <span class='ocrx_word' id='word_1_45' title='bbox 2492 878 2704 951; x_wconf 60' lang='lat' dir='ltr'><strong>Musei]</strong></span> <span class='ocrx_word' id='word_1_46' title='bbox 2734 879 3692 953; x_wconf 71' lang='lat' dir='ltr'><strong>lnl&#39;ra,in__Vita_sanct:e_Marcella3,</strong></span> <span class='ocrx_word' id='word_1_47' title='bbox 3742 896 3794 938; x_wconf 92' lang='lat' dir='ltr'><strong>c.</strong></span> <span class='ocrx_word' id='word_1_48' title='bbox 3846 885 3901 953; x_wconf 76' lang='lat'><strong>3,</strong></span> 
     </span>
    </p>
   </div>
   <div class='ocr_carea' id='block_1_6' title="bbox 617 950 3536 1025">
    <p class='ocr_par' dir='ltr' id='par_1_6' title="bbox 617 950 3536 1025">
     <span class='ocr_line' id='line_1_6' title="bbox 617 950 3536 1025; baseline -0.001 -18"><span class='ocrx_word' id='word_1_49' title='bbox 617 970 640 1007; x_wconf 76' lang='grc' dir='ltr'>ί</span> <span class='ocrx_word' id='word_1_50' title='bbox 690 950 1288 1025; x_wconf 57' lang='grc' dir='ltr'><strong>Ιθιίοεοιγῖιιίεέδιιοιεὲ</strong></span> <span class='ocrx_word' id='word_1_51' title='bbox 1338 950 1565 1022; x_wconf 76' lang='lat' dir='ltr'><strong>Pelagia:</strong></span> <span class='ocrx_word' id='word_1_52' title='bbox 1610 961 1970 1023; x_wconf 88' lang='lat' dir='ltr'><strong>cognomento</strong></span> <span class='ocrx_word' id='word_1_53' title='bbox 2020 953 2201 1009; x_wconf 73' lang='lat' dir='ltr'><strong>Pmni-</strong></span> <span class='ocrx_word' id='word_1_54' title='bbox 2310 950 2544 1025; x_wconf 66' lang='lat' dir='ltr'><strong>fragrare</strong></span> <span class='ocrx_word' id='word_1_55' title='bbox 2572 950 2744 1007; x_wconf 67' lang='lat' dir='ltr'><strong>musco</strong></span> <span class='ocrx_word' id='word_1_56' title='bbox 2774 968 2935 1005; x_wconf 68' lang='lat' dir='ltr'><strong>&quot;iure.</strong></span> <span class='ocrx_word' id='word_1_57' title='bbox 2970 951 3101 1005; x_wconf 83' lang='lat' dir='ltr'><strong>Vide</strong></span> <span class='ocrx_word' id='word_1_58' title='bbox 3131 950 3536 1025; x_wconf 81' lang='lat' dir='ltr'><strong>onomasticon.</strong></span> 
     </span>
    </p>
   </div>
   <div class='ocr_carea' id='block_1_7' title="bbox 614 1022 3905 1095">
    <p class='ocr_par' dir='ltr' id='par_1_7' title="bbox 614 1022 3905 1095">
     <span class='ocr_line' id='line_1_7' title="bbox 614 1022 3905 1095; baseline 0 -14"><span class='ocrx_word' id='word_1_59' title='bbox 614 1026 793 1081; x_wconf 75' lang='lat' dir='ltr'><strong>tantis.</strong></span> <span class='ocrx_word' id='word_1_60' title='bbox 835 1045 854 1078; x_wconf 72' lang='grc' dir='ltr'><strong>ι</strong></span> <span class='ocrx_word' id='word_1_61' title='bbox 902 1022 916 1025; x_wconf 72' lang='grc'><em>’</em></span> <span class='ocrx_word' id='word_1_62' title='bbox 1688 1022 1697 1023; x_wconf 28' lang='grc' dir='ltr'>ί</span> <span class='ocrx_word' id='word_1_63' title='bbox 2120 1094 2123 1095; x_wconf 16' lang='grc' dir='ltr'><em>ν</em></span> <span class='ocrx_word' id='word_1_64' title='bbox 2311 1022 2319 1024; x_wconf 63' lang='grc'><em>’</em></span> <span class='ocrx_word' id='word_1_65' title='bbox 2380 1024 2462 1091; x_wconf 87' lang='grc'><strong>(8)</strong></span> <span class='ocrx_word' id='word_1_66' title='bbox 2495 1022 2721 1077; x_wconf 76' lang='lat' dir='ltr'><strong>Dimisso</strong></span> <span class='ocrx_word' id='word_1_67' title='bbox 2750 1035 2822 1077; x_wconf 81' lang='lat' dir='ltr'><strong>est</strong></span> <span class='ocrx_word' id='word_1_68' title='bbox 2843 1025 3008 1077; x_wconf 83' lang='lat' dir='ltr'><strong>oratio</strong></span> <span class='ocrx_word' id='word_1_69' title='bbox 3026 1022 3556 1095; x_wconf 69' lang='lat' dir='ltr'><strong>catechumenorum.&#39;|</strong></span> <span class='ocrx_word' id='word_1_70' title='bbox 3582 1024 3697 1078; x_wconf 70' lang='lat' dir='ltr'><strong>Mox</strong></span> <span class='ocrx_word' id='word_1_71' title='bbox 3722 1028 3905 1093; x_wconf 81' lang='lat' dir='ltr'><strong>sequi-</strong></span> 
     </span>
    </p>
   </div>
   <div class='ocr_carea' id='block_1_8' title="bbox 689 1094 3905 1170">
    <p class='ocr_par' dir='ltr' id='par_1_8' title="bbox 689 1094 3905 1170">
     <span class='ocr_line' id='line_1_8' title="bbox 689 1094 3905 1170; baseline 0.001 -21"><span class='ocrx_word' id='word_1_72' title='bbox 689 1096 768 1167; x_wconf 74' lang='lat'><strong>(2)</strong></span> <span class='ocrx_word' id='word_1_73' title='bbox 793 1096 988 1170; x_wconf 81' lang='lat' dir='ltr'><strong>J_acobo</strong></span> <span class='ocrx_word' id='word_1_74' title='bbox 1017 1096 1294 1170; x_wconf 81' lang='lat' dir='ltr'><strong>Diacono.]</strong></span> <span class='ocrx_word' id='word_1_75' title='bbox 1324 1098 1403 1153; x_wconf 90' lang='lat' dir='ltr'><strong>lta</strong></span> <span class='ocrx_word' id='word_1_76' title='bbox 1454 1107 1639 1153; x_wconf 90' lang='lat' dir='ltr'><strong>auctor</strong></span> <span class='ocrx_word' id='word_1_77' title='bbox 1669 1097 1906 1167; x_wconf 92' lang='lat' dir='ltr'><strong>seipsum</strong></span> <span class='ocrx_word' id='word_1_78' title='bbox 1932 1106 2086 1151; x_wconf 83' lang='lat' dir='ltr'><strong>vocat</strong></span> <span class='ocrx_word' id='word_1_79' title='bbox 2116 1094 2201 1151; x_wconf 90' lang='lat' dir='ltr'><strong>hic</strong></span> <span class='ocrx_word' id='word_1_80' title='bbox 2311 1104 2418 1162; x_wconf 88' lang='lat' dir='ltr'><strong>tur,</strong></span> <span class='ocrx_word' id='word_1_81' title='bbox 2450 1097 2607 1149; x_wconf 80' lang='lat' dir='ltr'><strong>missa</strong></span> <span class='ocrx_word' id='word_1_82' title='bbox 2636 1097 2806 1170; x_wconf 71' lang='lat' dir='ltr'><strong>ﬁdelis</strong></span> <span class='ocrx_word' id='word_1_83' title='bbox 2838 1110 2931 1149; x_wconf 89' lang='lat' dir='ltr'><strong>seu</strong></span> <span class='ocrx_word' id='word_1_84' title='bbox 2966 1096 3219 1161; x_wconf 78' lang='lat' dir='ltr'><strong>ﬁdelium.</strong></span> <span class='ocrx_word' id='word_1_85' title='bbox 3251 1094 3323 1148; x_wconf 90' lang='lat' dir='ltr'><strong>lta</strong></span> <span class='ocrx_word' id='word_1_86' title='bbox 3350 1094 3475 1147; x_wconf 85' lang='lat' dir='ltr'><strong>olim</strong></span> <span class='ocrx_word' id='word_1_87' title='bbox 3507 1095 3744 1170; x_wconf 79' lang='lat' dir='ltr'><strong>ol’licium</strong></span> <span class='ocrx_word' id='word_1_88' title='bbox 3768 1098 3905 1153; x_wconf 88' lang='lat' dir='ltr'><strong>divi-</strong></span> 
     </span>
    </p>
   </div>
   <div class='ocr_carea' id='block_1_9' title="bbox 614 1166 3905 1235">
    <p class='ocr_par' dir='ltr' id='par_1_9' title="bbox 614 1166 3905 1235">
     <span class='ocr_line' id='line_1_9' title="bbox 614 1166 3905 1235; baseline -0 -12"><span class='ocrx_word' id='word_1_89' title='bbox 614 1168 669 1223; x_wconf 91' lang='lat' dir='ltr'><strong>in</strong></span> <span class='ocrx_word' id='word_1_90' title='bbox 700 1166 1032 1235; x_wconf 62' lang='lat' dir='ltr'><strong>prmfatiorie.</strong></span> <span class='ocrx_word' id='word_1_91' title='bbox 1282 1166 1294 1170; x_wconf 64' lang='grc'><strong>⁷</strong></span> <span class='ocrx_word' id='word_1_92' title='bbox 1760 1166 1763 1167; x_wconf 52' lang='grc'><strong><em>⁷</em></strong></span> <span class='ocrx_word' id='word_1_93' title='bbox 2314 1184 2439 1222; x_wconf 84' lang='grc' dir='ltr'>ιιιιιιι</span> <span class='ocrx_word' id='word_1_94' title='bbox 2471 1179 2587 1221; x_wconf 88' lang='lat' dir='ltr'><strong>erat</strong></span> <span class='ocrx_word' id='word_1_95' title='bbox 2614 1167 2948 1231; x_wconf 90' lang='lat' dir='ltr'><strong>distinctum,</strong></span> <span class='ocrx_word' id='word_1_96' title='bbox 2967 1175 3019 1219; x_wconf 90' lang='lat' dir='ltr'><strong>nt</strong></span> <span class='ocrx_word' id='word_1_97' title='bbox 3049 1180 3170 1230; x_wconf 85' lang='lat' dir='ltr'><strong>pars</strong></span> <span class='ocrx_word' id='word_1_98' title='bbox 3190 1175 3476 1221; x_wconf 84' lang='lat' dir='ltr'><strong>vocaretur</strong></span> <span class='ocrx_word' id='word_1_99' title='bbox 3492 1166 3644 1220; x_wconf 82' lang='lat' dir='ltr'><strong>missa</strong></span> <span class='ocrx_word' id='word_1_100' title='bbox 3666 1172 3905 1223; x_wconf 76' lang='lat' dir='ltr'><strong>catechu-</strong></span> 
     </span>
    </p>
   </div>
   <div class='ocr_carea' id='block_1_10' title="bbox 686 1238 3213 1312">
    <p class='ocr_par' dir='ltr' id='par_1_10' title="bbox 686 1238 3213 1312">
     <span class='ocr_line' id='line_1_10' title="bbox 686 1238 3213 1312; baseline -0.002 -17"><span class='ocrx_word' id='word_1_101' title='bbox 686 1240 765 1310; x_wconf 82' lang='grc'><strong>(5)</strong></span> <span class='ocrx_word' id='word_1_102' title='bbox 794 1238 1127 1312; x_wconf 57' lang='lat' dir='ltr'><strong>Eustochia]</strong></span> <span class='ocrx_word' id='word_1_103' title='bbox 1160 1240 1232 1295; x_wconf 88' lang='lat' dir='ltr'><strong>lta</strong></span> <span class='ocrx_word' id='word_1_104' title='bbox 1259 1242 1521 1312; x_wconf 91' lang='lat' dir='ltr'><strong>interpres</strong></span> <span class='ocrx_word' id='word_1_105' title='bbox 1546 1256 1699 1297; x_wconf 88' lang='lat' dir='ltr'><strong>suum</strong></span> <span class='ocrx_word' id='word_1_106' title='bbox 1724 1255 1919 1312; x_wconf 84' lang='lat' dir='ltr'><strong>nomen</strong></span> <span class='ocrx_word' id='word_1_107' title='bbox 1945 1239 2201 1306; x_wconf 73' lang='lat' dir='ltr'><strong>exprimit</strong></span> <span class='ocrx_word' id='word_1_108' title='bbox 2308 1255 2595 1312; x_wconf 63' lang='lat' dir='ltr'><strong>manarunt,</strong></span> <span class='ocrx_word' id='word_1_109' title='bbox 2630 1254 2751 1312; x_wconf 81' lang='lat' dir='ltr'><strong>pars</strong></span> <span class='ocrx_word' id='word_1_110' title='bbox 2781 1238 2937 1312; x_wconf 77' lang='lat' dir='ltr'><strong>missa</strong></span> <span class='ocrx_word' id='word_1_111' title='bbox 2964 1238 3213 1312; x_wconf 57' lang='lat' dir='ltr'><strong>ﬁdelium.</strong></span> 
     </span>
    </p>
   </div>
   <div class='ocr_carea' id='block_1_11' title="bbox 613 1305 3892 1382">
    <p class='ocr_par' dir='ltr' id='par_1_11' title="bbox 613 1305 3892 1382">
     <span class='ocr_line' id='line_1_11' title="bbox 613 1305 3892 1382; baseline 0.001 -17"><span class='ocrx_word' id='word_1_112' title='bbox 613 1309 667 1365; x_wconf 86' lang='lat' dir='ltr'><strong>in</strong></span> <span class='ocrx_word' id='word_1_113' title='bbox 694 1305 930 1379; x_wconf 75' lang='lat' dir='ltr'><strong>prologo.</strong></span> <span class='ocrx_word' id='word_1_114' title='bbox 965 1312 1051 1382; x_wconf 91' lang='lat' dir='ltr'><strong>qui</strong></span> <span class='ocrx_word' id='word_1_115' title='bbox 1077 1305 1229 1368; x_wconf 77' lang='lat' dir='ltr'><strong>deest</strong></span> <span class='ocrx_word' id='word_1_116' title='bbox 1254 1313 1381 1367; x_wconf 91' lang='lat' dir='ltr'><strong>edit.</strong></span> <span class='ocrx_word' id='word_1_117' title='bbox 1403 1305 1613 1377; x_wconf 76' lang='lat' dir='ltr'><strong>L‘olon.,</strong></span> <span class='ocrx_word' id='word_1_118' title='bbox 1638 1312 1733 1368; x_wconf 86' lang='lat' dir='ltr'><strong>sed</strong></span> <span class='ocrx_word' id='word_1_119' title='bbox 1762 1311 1989 1367; x_wconf 86' lang='lat' dir='ltr'><strong>habetur</strong></span> <span class='ocrx_word' id='word_1_120' title='bbox 2019 1312 2072 1365; x_wconf 91' lang='lat' dir='ltr'><strong>in</strong></span> <span class='ocrx_word' id='word_1_121' title='bbox 2097 1311 2193 1365; x_wconf 83' lang='lat' dir='ltr'><strong>Ms.</strong></span> <span class='ocrx_word' id='word_1_122' title='bbox 2378 1310 2456 1382; x_wconf 85' lang='grc'><strong>(9)</strong></span> <span class='ocrx_word' id='word_1_123' title='bbox 2493 1305 2799 1382; x_wconf 68' lang='lat' dir='ltr'><strong>Diptychum</strong></span> <span class='ocrx_word' id='word_1_124' title='bbox 2828 1305 3164 1382; x_wconf 70' lang='lat' dir='ltr'><strong>tabularum.]</strong></span> <span class='ocrx_word' id='word_1_125' title='bbox 3191 1308 3358 1382; x_wconf 73' lang='lat' dir='ltr'><strong>Erant</strong></span> <span class='ocrx_word' id='word_1_126' title='bbox 3398 1308 3656 1379; x_wconf 82' lang='lat' dir='ltr'><strong>Diptycba</strong></span> <span class='ocrx_word' id='word_1_127' title='bbox 3688 1309 3892 1367; x_wconf 78' lang='lat' dir='ltr'><strong>bifores</strong></span> 
     </span>
    </p>
   </div>
   <div class='ocr_carea' id='block_1_12' title="bbox 612 1378 3531 1447">
    <p class='ocr_par' dir='ltr' id='par_1_12' title="bbox 612 1378 3531 1447">
     <span class='ocr_line' id='line_1_12' title="bbox 612 1378 3531 1447; baseline -0 -12"><span class='ocrx_word' id='word_1_128' title='bbox 612 1383 784 1435; x_wconf 90' lang='lat' dir='ltr'><strong>sancti</strong></span> <span class='ocrx_word' id='word_1_129' title='bbox 817 1378 1129 1447; x_wconf 27' lang='lat' dir='ltr'><strong>A’ndoniari,</strong></span> <span class='ocrx_word' id='word_1_130' title='bbox 1156 1394 1211 1439; x_wconf 91' lang='lat' dir='ltr'><strong>et</strong></span> <span class='ocrx_word' id='word_1_131' title='bbox 1238 1394 1366 1438; x_wconf 82' lang='lat' dir='ltr'><strong>vett.</strong></span> <span class='ocrx_word' id='word_1_132' title='bbox 1401 1387 1530 1440; x_wconf 88' lang='lat' dir='ltr'><strong>edit.</strong></span> <span class='ocrx_word' id='word_1_133' title='bbox 2309 1378 2517 1437; x_wconf 63' lang='lat' dir='ltr'><strong>tabellae</strong></span> <span class='ocrx_word' id='word_1_134' title='bbox 2548 1381 2613 1433; x_wconf 79' lang='lat' dir='ltr'><strong>ad</strong></span> <span class='ocrx_word' id='word_1_135' title='bbox 2644 1382 2847 1434; x_wconf 86' lang='lat' dir='ltr'><strong>varium</strong></span> <span class='ocrx_word' id='word_1_136' title='bbox 2882 1396 3056 1434; x_wconf 89' lang='lat' dir='ltr'><strong>usum.</strong></span> <span class='ocrx_word' id='word_1_137' title='bbox 3087 1380 3217 1434; x_wconf 87' lang='lat' dir='ltr'><strong>Vide</strong></span> <span class='ocrx_word' id='word_1_138' title='bbox 3252 1378 3531 1435; x_wconf 68' lang='lat' dir='ltr'><strong>Ouoma~t.</strong></span> 
     </span>
    </p>
   </div>
   <div class='ocr_carea' id='block_1_13' title="bbox 686 1449 3901 1526">
    <p class='ocr_par' dir='ltr' id='par_1_13' title="bbox 686 1449 3901 1526">
     <span class='ocr_line' id='line_1_13' title="bbox 686 1449 3901 1526; baseline 0 -20"><span class='ocrx_word' id='word_1_139' title='bbox 686 1451 764 1526; x_wconf 67' lang='lat' dir='ltr'><strong>(-i)</strong></span> <span class='ocrx_word' id='word_1_140' title='bbox 800 1452 1065 1526; x_wconf 83' lang='lat' dir='ltr'><strong>Nonnus.]</strong></span> <span class='ocrx_word' id='word_1_141' title='bbox 1101 1456 1173 1509; x_wconf 93' lang='lat' dir='ltr'><strong>De</strong></span> <span class='ocrx_word' id='word_1_142' title='bbox 1215 1456 1315 1509; x_wconf 87' lang='lat' dir='ltr'><strong>hoc</strong></span> <span class='ocrx_word' id='word_1_143' title='bbox 1366 1454 1801 1526; x_wconf 74' lang='lat' dir='ltr'><strong>Martyrologium</strong></span> <span class='ocrx_word' id='word_1_144' title='bbox 1846 1452 2065 1526; x_wconf 71' lang='lat' dir='ltr'><strong>Rom.2</strong></span> <span class='ocrx_word' id='word_1_145' title='bbox 2097 1453 2198 1508; x_wconf 87' lang='lat' dir='ltr'><strong>De-</strong></span> <span class='ocrx_word' id='word_1_146' title='bbox 2355 1451 2489 1526; x_wconf 68' lang='grc' dir='ltr'><strong>(ω)</strong></span> <span class='ocrx_word' id='word_1_147' title='bbox 2520 1449 3066 1526; x_wconf 50' lang='lat' dir='ltr'><strong>Cononemjvetitum</strong></span> <span class='ocrx_word' id='word_1_148' title='bbox 3096 1453 3223 1526; x_wconf 87' lang='lat' dir='ltr'><strong>olim</strong></span> <span class='ocrx_word' id='word_1_149' title='bbox 3282 1451 3599 1526; x_wconf 81' lang='lat' dir='ltr'><strong>canonibus,</strong></span> <span class='ocrx_word' id='word_1_150' title='bbox 3651 1467 3738 1526; x_wconf 72' lang='lat' dir='ltr'><strong>ne</strong></span> <span class='ocrx_word' id='word_1_151' title='bbox 3776 1455 3901 1526; x_wconf 71' lang='lat' dir='ltr'><strong>quis</strong></span> 
     </span>
    </p>
   </div>
   <div class='ocr_carea' id='block_1_14' title="bbox 611 1522 3903 1595">
    <p class='ocr_par' dir='ltr' id='par_1_14' title="bbox 611 1522 3903 1595">
     <span class='ocr_line' id='line_1_14' title="bbox 611 1522 3903 1595; baseline -0.001 -18"><span class='ocrx_word' id='word_1_152' title='bbox 611 1524 844 1579; x_wconf 84' lang='lat' dir='ltr'><strong>cembris</strong></span> <span class='ocrx_word' id='word_1_153' title='bbox 880 1543 893 1579; x_wconf 91' lang='lat'>:</span> <span class='ocrx_word' id='word_1_154' title='bbox 930 1545 948 1579; x_wconf 76' lang='grc' dir='ltr'><strong>ι</strong></span> <span class='ocrx_word' id='word_1_155' title='bbox 987 1522 1203 1581; x_wconf 72' lang='lat' dir='ltr'><strong>Edessa:</strong></span> <span class='ocrx_word' id='word_1_156' title='bbox 1228 1528 1394 1581; x_wconf 86' lang='lat' dir='ltr'><strong>sancti</strong></span> <span class='ocrx_word' id='word_1_157' title='bbox 1422 1522 1594 1581; x_wconf 84' lang='lat' dir='ltr'><strong>Noiini</strong></span> <span class='ocrx_word' id='word_1_158' title='bbox 1619 1522 1877 1595; x_wconf 75' lang='lat' dir='ltr'><strong>episcopi,</strong></span> <span class='ocrx_word' id='word_1_159' title='bbox 1898 1526 2049 1593; x_wconf 86' lang='lat' dir='ltr'><strong>cujus</strong></span> <span class='ocrx_word' id='word_1_160' title='bbox 2074 1540 2198 1592; x_wconf 90' lang='lat' dir='ltr'><strong>pre-</strong></span> <span class='ocrx_word' id='word_1_161' title='bbox 2306 1522 2727 1592; x_wconf 22' lang='lat' dir='ltr'><strong>adibaptismum</strong></span> <span class='ocrx_word' id='word_1_162' title='bbox 2760 1524 3133 1577; x_wconf 83' lang='lat' dir='ltr'><strong>admitteretur</strong></span> <span class='ocrx_word' id='word_1_163' title='bbox 3153 1524 3271 1577; x_wconf 88' lang='lat' dir='ltr'><strong>sine</strong></span> <span class='ocrx_word' id='word_1_164' title='bbox 3303 1522 3513 1590; x_wconf 87' lang='lat' dir='ltr'><strong>patrino</strong></span> <span class='ocrx_word' id='word_1_165' title='bbox 3545 1538 3639 1595; x_wconf 89' lang='lat' dir='ltr'><strong>seu</strong></span> <span class='ocrx_word' id='word_1_166' title='bbox 3673 1522 3903 1593; x_wconf 70' lang='lat' dir='ltr'><strong>ﬁthjHS-</strong></span> 
     </span>
    </p>
   </div>
   <div class='ocr_carea' id='block_1_15' title="bbox 611 1594 3903 1667">
    <p class='ocr_par' dir='ltr' id='par_1_15' title="bbox 611 1594 3903 1667">
     <span class='ocr_line' id='line_1_15' title="bbox 611 1594 3903 1667; baseline -0.001 -17"><span class='ocrx_word' id='word_1_167' title='bbox 611 1594 764 1667; x_wconf 84' lang='lat' dir='ltr'><strong>cibus</strong></span> <span class='ocrx_word' id='word_1_168' title='bbox 798 1596 1006 1667; x_wconf 70' lang='lat' dir='ltr'><strong>Pelagia</strong></span> <span class='ocrx_word' id='word_1_169' title='bbox 1024 1599 1300 1667; x_wconf 16' lang='lat' dir='ltr'><strong>,pmnitens</strong></span> <span class='ocrx_word' id='word_1_170' title='bbox 1329 1598 1395 1653; x_wconf 86' lang='lat' dir='ltr'><strong>ad</strong></span> <span class='ocrx_word' id='word_1_171' title='bbox 1422 1594 1692 1653; x_wconf 84' lang='lat' dir='ltr'><strong>Christum</strong></span> <span class='ocrx_word' id='word_1_172' title='bbox 1732 1612 1991 1652; x_wconf 89' lang='lat' dir='ltr'><strong>conversa</strong></span> <span class='ocrx_word' id='word_1_173' title='bbox 2025 1604 2127 1650; x_wconf 89' lang='lat' dir='ltr'><strong>est.</strong></span> <span class='ocrx_word' id='word_1_174' title='bbox 2168 1614 2187 1648; x_wconf 78' lang='grc' dir='ltr'><strong>ι</strong></span> <span class='ocrx_word' id='word_1_175' title='bbox 2302 1608 2446 1659; x_wconf 88' lang='lat' dir='ltr'><strong>sore,</strong></span> <span class='ocrx_word' id='word_1_176' title='bbox 2483 1596 2823 1667; x_wconf 10' lang='lat' dir='ltr'><strong>quodgmulto</strong></span> <span class='ocrx_word' id='word_1_177' title='bbox 2863 1595 3165 1667; x_wconf 80' lang='lat' dir='ltr'><strong>accuratius</strong></span> <span class='ocrx_word' id='word_1_178' title='bbox 3220 1596 3560 1667; x_wconf 82' lang='lat' dir='ltr'><strong>observatum</strong></span> <span class='ocrx_word' id='word_1_179' title='bbox 3613 1594 3664 1647; x_wconf 87' lang='lat' dir='ltr'><strong>in</strong></span> <span class='ocrx_word' id='word_1_180' title='bbox 3718 1610 3903 1667; x_wconf 78' lang='lat' dir='ltr'><strong>mere-</strong></span> 
     </span>
    </p>
   </div>
   <div class='ocr_carea' id='block_1_16' title="bbox 684 1665 3902 1739">
    <p class='ocr_par' dir='ltr' id='par_1_16' title="bbox 684 1665 3902 1739">
     <span class='ocr_line' id='line_1_16' title="bbox 684 1665 3902 1739; baseline 0.001 -21"><span class='ocrx_word' id='word_1_181' title='bbox 684 1665 1035 1739; x_wconf 32' lang='lat' dir='ltr'><strong>(bLJulia’niJ</strong></span> <span class='ocrx_word' id='word_1_182' title='bbox 1074 1668 1213 1723; x_wconf 88' lang='lat' dir='ltr'><strong>Varii</strong></span> <span class='ocrx_word' id='word_1_183' title='bbox 1244 1682 1533 1724; x_wconf 87' lang='lat' dir='ltr'><strong>occurrunt</strong></span> <span class='ocrx_word' id='word_1_184' title='bbox 1561 1670 1757 1724; x_wconf 86' lang='lat' dir='ltr'><strong>Juliani</strong></span> <span class='ocrx_word' id='word_1_185' title='bbox 1791 1668 2191 1739; x_wconf 79' lang='lat' dir='ltr'><strong>inMartyrolo-</strong></span> <span class='ocrx_word' id='word_1_186' title='bbox 2307 1667 2526 1739; x_wconf 87' lang='lat' dir='ltr'><strong>tricibus</strong></span> <span class='ocrx_word' id='word_1_187' title='bbox 2552 1676 2609 1721; x_wconf 88' lang='lat' dir='ltr'><strong>et</strong></span> <span class='ocrx_word' id='word_1_188' title='bbox 2630 1665 3005 1731; x_wconf 85' lang='lat' dir='ltr'><strong>histrionibus,</strong></span> <span class='ocrx_word' id='word_1_189' title='bbox 3036 1680 3261 1735; x_wconf 86' lang='lat' dir='ltr'><strong>quorum</strong></span> <span class='ocrx_word' id='word_1_190' title='bbox 3287 1665 3569 1720; x_wconf 73' lang='lat' dir='ltr'><strong>conversio</strong></span> <span class='ocrx_word' id='word_1_191' title='bbox 3590 1666 3761 1734; x_wconf 87' lang='lat' dir='ltr'><strong>magis</strong></span> <span class='ocrx_word' id='word_1_192' title='bbox 3786 1677 3902 1721; x_wconf 89' lang='lat' dir='ltr'><strong>erat</strong></span> 
     </span>
    </p>
   </div>
   <div class='ocr_carea' id='block_1_17' title="bbox 610 1737 2885 1864">
    <p class='ocr_par' dir='ltr' id='par_1_17' title="bbox 610 1737 2885 1864">
     <span class='ocr_line' id='line_1_17' title="bbox 610 1737 2885 1864; baseline 0.003 -79"><span class='ocrx_word' id='word_1_193' title='bbox 610 1737 717 1864; x_wconf 57' lang='lat' dir='ltr'><strong>fio.</strong></span> <span class='ocrx_word' id='word_1_194' title='bbox 751 1737 1131 1794; x_wconf 34' lang='lat' dir='ltr'><strong>Existimo‘liie</strong></span> <span class='ocrx_word' id='word_1_195' title='bbox 1164 1741 1385 1810; x_wconf 77' lang='lat' dir='ltr'><strong>intelligi</strong></span> <span class='ocrx_word' id='word_1_196' title='bbox 1413 1756 1574 1795; x_wconf 86' lang='lat' dir='ltr'><strong>unum</strong></span> <span class='ocrx_word' id='word_1_197' title='bbox 1599 1757 1663 1795; x_wconf 81' lang='lat' dir='ltr'><strong>ex</strong></span> <span class='ocrx_word' id='word_1_198' title='bbox 1689 1741 1752 1795; x_wconf 90' lang='lat' dir='ltr'><strong>iis</strong></span> <span class='ocrx_word' id='word_1_199' title='bbox 1782 1738 1870 1808; x_wconf 88' lang='lat' dir='ltr'><strong>qui</strong></span> <span class='ocrx_word' id='word_1_200' title='bbox 1901 1737 2042 1808; x_wconf 80' lang='lat' dir='ltr'><strong>passi</strong></span> <span class='ocrx_word' id='word_1_201' title='bbox 2065 1746 2193 1793; x_wconf 86' lang='lat' dir='ltr'><strong>sunt</strong></span> <span class='ocrx_word' id='word_1_202' title='bbox 2296 1738 2478 1793; x_wconf 90' lang='lat' dir='ltr'><strong>dubia.</strong></span> <span class='ocrx_word' id='word_1_203' title='bbox 2876 1764 2885 1772; x_wconf 68' lang='grc' dir='ltr'><strong>ν</strong></span> 
     </span>
     <span class='ocr_line' id='line_1_18' title="bbox 632 1806 2885 1864; baseline 0 -1"><span class='ocrx_word' id='word_1_204' title='bbox 632 1825 664 1863; x_wconf 84' lang='grc' dir='ltr'><strong>ιι</strong></span> <span class='ocrx_word' id='word_1_205' title='bbox 694 1808 866 1864; x_wconf 87' lang='lat' dir='ltr'><strong>Svria.</strong></span> <span class='ocrx_word' id='word_1_206' title='bbox 903 1810 951 1863; x_wconf 88' lang='lat' dir='ltr'><strong>in</strong></span> <span class='ocrx_word' id='word_1_207' title='bbox 977 1826 1076 1864; x_wconf 86' lang='lat' dir='ltr'><strong>una</strong></span> <span class='ocrx_word' id='word_1_208' title='bbox 1101 1812 1403 1864; x_wconf 72' lang='lat' dir='ltr'><strong>Antiooliia.</strong></span> <span class='ocrx_word' id='word_1_209' title='bbox 2373 1809 2487 1864; x_wconf 81' lang='grc' dir='ltr'><strong>(Η)</strong></span> <span class='ocrx_word' id='word_1_210' title='bbox 2523 1806 2885 1864; x_wconf 76' lang='lat' dir='ltr'><strong>Diaconissis.l</strong></span> 
     </span>
    </p>
   </div>
   <div class='ocr_carea' id='block_1_18' title="bbox 632 1806 3894 1880">
    <p class='ocr_par' dir='ltr' id='par_1_18' title="bbox 632 1806 3894 1880">
     <span class='ocr_line' id='line_1_19' title="bbox 632 1806 3894 1880; baseline -0 -17"><span class='ocrx_word' id='word_1_211' title='bbox 632 1825 664 1863; x_wconf 85' lang='grc' dir='ltr'><strong>ιι</strong></span> <span class='ocrx_word' id='word_1_212' title='bbox 694 1808 866 1880; x_wconf 67' lang='lat' dir='ltr'><strong>Syria,</strong></span> <span class='ocrx_word' id='word_1_213' title='bbox 903 1810 1076 1879; x_wconf 81' lang='lat' dir='ltr'><strong>inqua</strong></span> <span class='ocrx_word' id='word_1_214' title='bbox 1101 1806 1403 1865; x_wconf 70' lang='lat' dir='ltr'><strong>Antiooliia.</strong></span> <span class='ocrx_word' id='word_1_215' title='bbox 1801 1806 1809 1808; x_wconf 11' lang='grc' dir='ltr'>ἡ</span> <span class='ocrx_word' id='word_1_216' title='bbox 1904 1806 1917 1808; x_wconf 62' lang='grc'><strong><em>“</em></strong></span> <span class='ocrx_word' id='word_1_217' title='bbox 2373 1809 2487 1880; x_wconf 81' lang='grc' dir='ltr'><strong>(Η)</strong></span> <span class='ocrx_word' id='word_1_218' title='bbox 2523 1806 2888 1879; x_wconf 81' lang='lat' dir='ltr'><strong>Diaconissis.]</strong></span> <span class='ocrx_word' id='word_1_219' title='bbox 2924 1807 3248 1864; x_wconf 71' lang='lat' dir='ltr'><strong>Diaconissze</strong></span> <span class='ocrx_word' id='word_1_220' title='bbox 3284 1807 3580 1878; x_wconf 87' lang='lat' dir='ltr'><strong>antiquitus</strong></span> <span class='ocrx_word' id='word_1_221' title='bbox 3610 1807 3894 1878; x_wconf 84' lang='lat' dir='ltr'><strong>baptizan-</strong></span> 
     </span>
    </p>
   </div>
   <div class='ocr_carea' id='block_1_19' title="bbox 681 1878 2981 1955">
    <p class='ocr_par' dir='ltr' id='par_1_19' title="bbox 681 1878 2981 1955">
     <span class='ocr_line' id='line_1_20' title="bbox 681 1878 2981 1955; baseline 0.001 -24"><span class='ocrx_word' id='word_1_222' title='bbox 681 1878 761 1955; x_wconf 73' lang='lat' dir='ltr'><strong>(ti)</strong></span> <span class='ocrx_word' id='word_1_223' title='bbox 793 1878 975 1955; x_wconf 69' lang='lat' dir='ltr'><strong>Primo</strong></span> <span class='ocrx_word' id='word_1_224' title='bbox 994 1878 1400 1955; x_wconf 73' lang='lat' dir='ltr'><strong>choreutriarum</strong></span> <span class='ocrx_word' id='word_1_225' title='bbox 1424 1882 1895 1955; x_wconf 72' lang='lat' dir='ltr'><strong>pantomimorum]</strong></span> <span class='ocrx_word' id='word_1_226' title='bbox 1922 1882 1994 1937; x_wconf 84' lang='lat' dir='ltr'><strong>lla</strong></span> <span class='ocrx_word' id='word_1_227' title='bbox 2014 1896 2197 1937; x_wconf 86' lang='lat' dir='ltr'><strong>emen-</strong></span> <span class='ocrx_word' id='word_1_228' title='bbox 2301 1878 2398 1955; x_wconf 82' lang='lat' dir='ltr'><strong>das</strong></span> <span class='ocrx_word' id='word_1_229' title='bbox 2416 1880 2685 1955; x_wconf 70' lang='lat' dir='ltr'><strong>mulieres</strong></span> <span class='ocrx_word' id='word_1_230' title='bbox 2711 1878 2981 1934; x_wconf 85' lang='lat' dir='ltr'><strong>velabant.</strong></span> 
     </span>
    </p>
   </div>
   <div class='ocr_carea' id='block_1_20' title="bbox 610 1948 3901 2023">
    <p class='ocr_par' dir='ltr' id='par_1_20' title="bbox 610 1948 3901 2023">
     <span class='ocr_line' id='line_1_21' title="bbox 610 1948 3901 2023; baseline -0 -18"><span class='ocrx_word' id='word_1_231' title='bbox 610 1948 821 2005; x_wconf 30' lang='lat' dir='ltr'><strong>davi’ex</strong></span> <span class='ocrx_word' id='word_1_232' title='bbox 850 1952 1177 2019; x_wconf 80' lang='lat' dir='ltr'><strong>coiijectura.</strong></span> <span class='ocrx_word' id='word_1_233' title='bbox 1224 1953 1365 2009; x_wconf 86' lang='lat' dir='ltr'><strong>Loco</strong></span> <span class='ocrx_word' id='word_1_234' title='bbox 1412 1948 1837 2014; x_wconf 73' lang='lat' dir='ltr'><strong>choreutriarum.</strong></span> <span class='ocrx_word' id='word_1_235' title='bbox 1878 1948 2035 2009; x_wconf 71' lang='lat' dir='ltr'><strong>vetus</strong></span> <span class='ocrx_word' id='word_1_236' title='bbox 2082 1958 2197 2007; x_wconf 84' lang='lat' dir='ltr'><strong>tho-</strong></span> <span class='ocrx_word' id='word_1_237' title='bbox 2379 1952 2495 2023; x_wconf 65' lang='lat'>(1&#39;2)</span> <span class='ocrx_word' id='word_1_238' title='bbox 2527 1948 3003 2020; x_wconf 80' lang='lat' dir='ltr'><strong>Cuteclmmenum.]</strong></span> <span class='ocrx_word' id='word_1_239' title='bbox 3035 1949 3284 2021; x_wconf 86' lang='lat' dir='ltr'><strong>lntelligit</strong></span> <span class='ocrx_word' id='word_1_240' title='bbox 3332 1950 3505 2005; x_wconf 91' lang='lat' dir='ltr'><strong>locum</strong></span> <span class='ocrx_word' id='word_1_241' title='bbox 3548 1950 3901 2006; x_wconf 84' lang='lat' dir='ltr'><strong>catechume-</strong></span> 
     </span>
    </p>
   </div>
   <div class='ocr_carea' id='block_1_21' title="bbox 611 2022 3897 2093">
    <p class='ocr_par' dir='ltr' id='par_1_21' title="bbox 611 2022 3897 2093">
     <span class='ocr_line' id='line_1_22' title="bbox 611 2022 3897 2093; baseline 0 -17"><span class='ocrx_word' id='word_1_242' title='bbox 611 2023 952 2093; x_wconf 62' lang='lat' dir='ltr'><strong>rentriaruni;</strong></span> <span class='ocrx_word' id='word_1_243' title='bbox 985 2023 1323 2078; x_wconf 76' lang='lat' dir='ltr'><strong>Coloniensis</strong></span> <span class='ocrx_word' id='word_1_244' title='bbox 1353 2027 1740 2081; x_wconf 81' lang='lat' dir='ltr'><strong>tliorentiarum.</strong></span> <span class='ocrx_word' id='word_1_245' title='bbox 1770 2024 1867 2079; x_wconf 87' lang='lat' dir='ltr'><strong>Ms.</strong></span> <span class='ocrx_word' id='word_1_246' title='bbox 1893 2025 2061 2079; x_wconf 86' lang='lat' dir='ltr'><strong>sancti</strong></span> <span class='ocrx_word' id='word_1_247' title='bbox 2092 2028 2201 2079; x_wconf 87' lang='lat' dir='ltr'><strong>Au-</strong></span> <span class='ocrx_word' id='word_1_248' title='bbox 2232 2029 2279 2089; x_wconf 86' lang='lat' dir='ltr'><strong>B</strong></span> <span class='ocrx_word' id='word_1_249' title='bbox 2308 2022 2499 2079; x_wconf 87' lang='lat' dir='ltr'><strong>norum</strong></span> <span class='ocrx_word' id='word_1_250' title='bbox 2542 2023 2594 2076; x_wconf 90' lang='lat' dir='ltr'><strong>in</strong></span> <span class='ocrx_word' id='word_1_251' title='bbox 2643 2022 2893 2090; x_wconf 88' lang='lat' dir='ltr'><strong>ecclesia,</strong></span> <span class='ocrx_word' id='word_1_252' title='bbox 2943 2023 3033 2093; x_wconf 89' lang='lat' dir='ltr'><strong>qui</strong></span> <span class='ocrx_word' id='word_1_253' title='bbox 3083 2023 3371 2077; x_wconf 88' lang='lat' dir='ltr'><strong>distinctus</strong></span> <span class='ocrx_word' id='word_1_254' title='bbox 3399 2033 3515 2077; x_wconf 90' lang='lat' dir='ltr'><strong>erat</strong></span> <span class='ocrx_word' id='word_1_255' title='bbox 3550 2038 3578 2076; x_wconf 92' lang='lat' dir='ltr'><strong>a</strong></span> <span class='ocrx_word' id='word_1_256' title='bbox 3610 2025 3726 2077; x_wconf 90' lang='lat' dir='ltr'><strong>loco</strong></span> <span class='ocrx_word' id='word_1_257' title='bbox 3760 2024 3897 2078; x_wconf 79' lang='lat' dir='ltr'><strong>lide-</strong></span> 
     </span>
    </p>
   </div>
   <div class='ocr_carea' id='block_1_22' title="bbox 611 2090 2457 2166">
    <p class='ocr_par' dir='ltr' id='par_1_22' title="bbox 611 2090 2457 2166">
     <span class='ocr_line' id='line_1_23' title="bbox 611 2090 2457 2166; baseline 0.005 -23"><span class='ocrx_word' id='word_1_258' title='bbox 611 2092 857 2166; x_wconf 79' lang='lat' dir='ltr'><strong>domari:</strong></span> <span class='ocrx_word' id='word_1_259' title='bbox 893 2090 1072 2166; x_wconf 72' lang='lat' dir='ltr'><strong>Prima</strong></span> <span class='ocrx_word' id='word_1_260' title='bbox 1102 2096 1255 2148; x_wconf 83' lang='lat' dir='ltr'><strong>chaos</strong></span> <span class='ocrx_word' id='word_1_261' title='bbox 1284 2096 1335 2148; x_wconf 84' lang='lat' dir='ltr'><strong>in</strong></span> <span class='ocrx_word' id='word_1_262' title='bbox 1383 2096 1631 2151; x_wconf 73' lang='lat' dir='ltr'><strong>theatrum</strong></span> <span class='ocrx_word' id='word_1_263' title='bbox 1672 2097 1994 2166; x_wconf 76' lang='lat' dir='ltr'><strong>pantomimi.</strong></span> <span class='ocrx_word' id='word_1_264' title='bbox 2031 2095 2202 2149; x_wconf 85' lang='lat' dir='ltr'><strong>Erunt</strong></span> <span class='ocrx_word' id='word_1_265' title='bbox 2308 2095 2457 2154; x_wconf 90' lang='lat' dir='ltr'><strong>lium.</strong></span> 
     </span>
    </p>
   </div>
   <div class='ocr_carea' id='block_1_23' title="bbox 611 2162 3741 2238">
    <p class='ocr_par' dir='ltr' id='par_1_23' title="bbox 611 2162 3741 2238">
     <span class='ocr_line' id='line_1_24' title="bbox 611 2162 3741 2238; baseline 0 -20"><span class='ocrx_word' id='word_1_266' title='bbox 611 2162 752 2219; x_wconf 80' lang='lat' dir='ltr'><strong>forte</strong></span> <span class='ocrx_word' id='word_1_267' title='bbox 782 2166 869 2233; x_wconf 85' lang='lat' dir='ltr'><strong>qui</strong></span> <span class='ocrx_word' id='word_1_268' title='bbox 898 2164 1418 2238; x_wconf 65' lang='lat' dir='ltr'><strong>locothorentiarum</strong></span> <span class='ocrx_word' id='word_1_269' title='bbox 1461 2162 1703 2223; x_wconf 83' lang='lat' dir='ltr'><strong>divinent</strong></span> <span class='ocrx_word' id='word_1_270' title='bbox 1732 2168 2011 2235; x_wconf 89' lang='lat' dir='ltr'><strong>legendum</strong></span> <span class='ocrx_word' id='word_1_271' title='bbox 2060 2168 2202 2238; x_wconf 77' lang='lat' dir='ltr'><strong>thea-</strong></span> <span class='ocrx_word' id='word_1_272' title='bbox 2379 2167 2492 2235; x_wconf 79' lang='grc'><strong>(15)</strong></span> <span class='ocrx_word' id='word_1_273' title='bbox 2523 2165 2753 2238; x_wconf 80' lang='lat' dir='ltr'><strong>Tortos.]</strong></span> <span class='ocrx_word' id='word_1_274' title='bbox 2786 2166 2859 2220; x_wconf 82' lang='lat' dir='ltr'><strong>ita</strong></span> <span class='ocrx_word' id='word_1_275' title='bbox 2895 2174 3047 2238; x_wconf 83' lang='lat' dir='ltr'><strong>vetus</strong></span> <span class='ocrx_word' id='word_1_276' title='bbox 3070 2164 3253 2238; x_wconf 73' lang='lat' dir='ltr'><strong>editio.</strong></span> <span class='ocrx_word' id='word_1_277' title='bbox 3284 2164 3499 2238; x_wconf 85' lang='lat' dir='ltr'><strong>Golon.,</strong></span> <span class='ocrx_word' id='word_1_278' title='bbox 3522 2175 3741 2235; x_wconf 78' lang='lat' dir='ltr'><strong>torques.</strong></span> 
     </span>
    </p>
   </div>
   <div class='ocr_carea' id='block_1_24' title="bbox 614 2233 3779 2313">
    <p class='ocr_par' dir='ltr' id='par_1_24' title="bbox 614 2233 3779 2313">
     <span class='ocr_line' id='line_1_25' title="bbox 614 2233 3779 2313; baseline 0.001 -26"><span class='ocrx_word' id='word_1_279' title='bbox 614 2240 883 2313; x_wconf 70' lang='lat' dir='ltr'><strong>tricarum.</strong></span> <span class='ocrx_word' id='word_1_280' title='bbox 916 2233 1037 2290; x_wconf 82' lang='lat' dir='ltr'><strong>Noti</strong></span> <span class='ocrx_word' id='word_1_281' title='bbox 1093 2242 1349 2313; x_wconf 59' lang='grc' dir='ltr'><strong>χορευταὶ</strong></span> <span class='ocrx_word' id='word_1_282' title='bbox 1388 2239 1597 2313; x_wconf 57' lang='lat' dir='ltr'><strong>Platoni</strong></span> <span class='ocrx_word' id='word_1_283' title='bbox 1626 2312 1629 2313; x_wconf 15' lang='grc' dir='ltr'><em>ν</em></span> <span class='ocrx_word' id='word_1_284' title='bbox 1662 2249 1716 2294; x_wconf 92' lang='lat' dir='ltr'><strong>et</strong></span> <span class='ocrx_word' id='word_1_285' title='bbox 1754 2233 2047 2313; x_wconf 40' lang='lat' dir='ltr'><strong>Ariswteli,</strong></span> <span class='ocrx_word' id='word_1_286' title='bbox 2099 2237 2190 2308; x_wconf 86' lang='lat' dir='ltr'><strong>qui</strong></span> <span class='ocrx_word' id='word_1_287' title='bbox 2382 2233 2499 2313; x_wconf 67' lang='grc'><strong>(14)</strong></span> <span class='ocrx_word' id='word_1_288' title='bbox 2530 2233 2835 2313; x_wconf 49' lang='lat' dir='ltr'><strong>Triduum]</strong></span> <span class='ocrx_word' id='word_1_289' title='bbox 2865 2236 3081 2313; x_wconf 66' lang='lat' dir='ltr'><strong>Addunt</strong></span> <span class='ocrx_word' id='word_1_290' title='bbox 3108 2236 3269 2304; x_wconf 89' lang='lat' dir='ltr'><strong>Editi,</strong></span> <span class='ocrx_word' id='word_1_291' title='bbox 3295 2237 3350 2290; x_wconf 72' lang='lat' dir='ltr'><strong>id</strong></span> <span class='ocrx_word' id='word_1_292' title='bbox 3382 2249 3478 2302; x_wconf 84' lang='lat' dir='ltr'><strong>est,</strong></span> <span class='ocrx_word' id='word_1_293' title='bbox 3507 2233 3779 2313; x_wconf 72' lang='lat' dir='ltr'><strong>cilicium&quot;.</strong></span> 
     </span>
    </p>
   </div>
   <div class='ocr_carea' id='block_1_25' title="bbox 613 2306 3900 2381">
    <p class='ocr_par' dir='ltr' id='par_1_25' title="bbox 613 2306 3900 2381">
     <span class='ocr_line' id='line_1_26' title="bbox 613 2306 3900 2381; baseline 0.002 -20"><span class='ocrx_word' id='word_1_294' title='bbox 613 2306 977 2381; x_wconf 79' lang='lat' dir='ltr'><strong>etcantabant</strong></span> <span class='ocrx_word' id='word_1_295' title='bbox 1001 2306 1409 2381; x_wconf 15' lang='lat' dir='ltr'><strong>etgsaliitabant.</strong></span> <span class='ocrx_word' id='word_1_296' title='bbox 1438 2308 1583 2365; x_wconf 84' lang='lat' dir='ltr'><strong>Talis</strong></span> <span class='ocrx_word' id='word_1_297' title='bbox 1621 2312 1736 2365; x_wconf 68' lang='grc' dir='ltr'>ιιωο</span> <span class='ocrx_word' id='word_1_298' title='bbox 1762 2310 1976 2381; x_wconf 79' lang='lat' dir='ltr'><strong>Pelagia</strong></span> <span class='ocrx_word' id='word_1_299' title='bbox 2012 2306 2201 2380; x_wconf 74' lang='lat' dir='ltr'><strong>paulo-</strong></span> <span class='ocrx_word' id='word_1_300' title='bbox 2378 2306 2496 2381; x_wconf 50' lang='lat'><strong>(&#39;15)</strong></span> <span class='ocrx_word' id='word_1_301' title='bbox 2529 2309 2782 2381; x_wconf 85' lang='lat' dir='ltr'><strong>Birram.]</strong></span> <span class='ocrx_word' id='word_1_302' title='bbox 2817 2306 2965 2381; x_wconf 64' lang='lat' dir='ltr'><strong>liirru</strong></span> <span class='ocrx_word' id='word_1_303' title='bbox 2984 2324 3143 2381; x_wconf 87' lang='lat' dir='ltr'><strong>nunc</strong></span> <span class='ocrx_word' id='word_1_304' title='bbox 3174 2316 3377 2363; x_wconf 85' lang='lat' dir='ltr'><strong>vestem</strong></span> <span class='ocrx_word' id='word_1_305' title='bbox 3411 2311 3698 2378; x_wconf 83' lang='lat' dir='ltr'><strong>pretiosam</strong></span> <span class='ocrx_word' id='word_1_306' title='bbox 3754 2324 3900 2366; x_wconf 82' lang='lat' dir='ltr'><strong>nunc</strong></span> 
     </span>
    </p>
   </div>
   <div class='ocr_carea' id='block_1_26' title="bbox 612 2377 3374 2452">
    <p class='ocr_par' dir='ltr' id='par_1_26' title="bbox 612 2377 3374 2452">
     <span class='ocr_line' id='line_1_27' title="bbox 612 2377 3374 2452; baseline 0 -19"><span class='ocrx_word' id='word_1_307' title='bbox 612 2378 775 2433; x_wconf 86' lang='lat' dir='ltr'><strong>mima</strong></span> <span class='ocrx_word' id='word_1_308' title='bbox 805 2377 1129 2435; x_wconf 83' lang='lat' dir='ltr'><strong>clioreutria.</strong></span> <span class='ocrx_word' id='word_1_309' title='bbox 1899 2377 1915 2381; x_wconf 60' lang='grc'>⁷</span> <span class='ocrx_word' id='word_1_310' title='bbox 2012 2377 2030 2380; x_wconf 61' lang='grc'>⁷</span> <span class='ocrx_word' id='word_1_311' title='bbox 2309 2377 2788 2452; x_wconf 61' lang='grc' dir='ltr'><strong>νίιὸιιιδὶεηὶίίοίιῐ.</strong></span> <span class='ocrx_word' id='word_1_312' title='bbox 2813 2380 2948 2436; x_wconf 82' lang='lat' dir='ltr'><strong>Vide</strong></span> <span class='ocrx_word' id='word_1_313' title='bbox 2970 2380 3374 2435; x_wconf 86' lang='lat' dir='ltr'><strong>Onomasticon.</strong></span> 
     </span>
    </p>
   </div>
   <div class='ocr_carea' id='block_1_27' title="bbox 3434 2518 3899 2549">
    <p class='ocr_par' dir='ltr' id='par_1_27' title="bbox 3434 2518 3899 2549">
     <span class='ocr_line' id='line_1_28' title="bbox 3434 2518 3899 2549; baseline 0.006 -4"><span class='ocrx_word' id='word_1_314' title='bbox 3434 2518 3899 2549; x_wconf 44' lang='grc' dir='ltr'><strong>επ</strong></span> 
     </span>
    </p>
   </div>
   <div class='ocr_carea' id='block_1_28' title="bbox 610 2514 3455 2551">
    <p class='ocr_par' dir='ltr' id='par_1_28' title="bbox 610 2514 3455 2551">
     <span class='ocr_line' id='line_1_29' title="bbox 610 2514 3455 2551; baseline -0 -5"><span class='ocrx_word' id='word_1_315' title='bbox 610 2514 3455 2551; x_wconf 56' lang='lat' dir='ltr'><strong><em>m</em></strong></span> 
     </span>
    </p>
   </div>
   <div class='ocr_carea' id='block_1_29' title="bbox 2059 2667 2407 2712">
    <p class='ocr_par' dir='ltr' id='par_1_29' title="bbox 2059 2667 2407 2712">
     <span class='ocr_line' id='line_1_30' title="bbox 2059 2667 2407 2712; baseline -0.006 -1"><span class='ocrx_word' id='word_1_316' title='bbox 2059 2668 2288 2712; x_wconf 77' lang='lat' dir='ltr'><strong>APRILIS</strong></span> <span class='ocrx_word' id='word_1_317' title='bbox 2339 2667 2407 2709; x_wconf 85' lang='grc' dir='ltr'><strong>ΙΙ.</strong></span> 
     </span>
    </p>
   </div>
   <div class='ocr_carea' id='block_1_30' title="bbox 1996 2815 2477 2927">
    <p class='ocr_par' dir='ltr' id='par_1_30' title="bbox 1996 2815 2477 2927">
     <span class='ocr_line' id='line_1_31' title="bbox 1996 2815 2477 2927; baseline -0.002 0"><span class='ocrx_word' id='word_1_318' title='bbox 1996 2815 2477 2927; x_wconf 75' lang='grc' dir='ltr'><strong>νιτΔ</strong></span> 
     </span>
    </p>
   </div>
   <div class='ocr_carea' id='block_1_31' title="bbox 914 3028 3560 3180">
    <p class='ocr_par' dir='ltr' id='par_1_31' title="bbox 914 3028 3560 3180">
     <span class='ocr_line' id='line_1_32' title="bbox 914 3028 3560 3180; baseline -0.004 -14"><span class='ocrx_word' id='word_1_319' title='bbox 914 3030 1571 3166; x_wconf 58' lang='grc' dir='ltr'><strong>ΞΑΝΟΤΖΕ</strong></span> <span class='ocrx_word' id='word_1_320' title='bbox 1670 3035 2224 3162; x_wconf 69' lang='grc' dir='ltr'><strong>ΜΑΒΙᾹΞ</strong></span> <span class='ocrx_word' id='word_1_321' title='bbox 2323 3087 2409 3169; x_wconf 76' lang='grc' dir='ltr'><strong>(ι)</strong></span> <span class='ocrx_word' id='word_1_322' title='bbox 2504 3028 3560 3180; x_wconf 61' lang='grc' dir='ltr'><strong>λίΕϐΥ-ΡΤΙΑΟᾸΕ,</strong></span> 
     </span>
    </p>
   </div>
   <div class='ocr_carea' id='block_1_32' title="bbox 1911 3268 2602 3346">
    <p class='ocr_par' dir='ltr' id='par_1_32' title="bbox 1911 3268 2602 3346">
     <span class='ocr_line' id='line_1_33' title="bbox 1911 3268 2602 3346; baseline -0.003 -2"><span class='ocrx_word' id='word_1_323' title='bbox 1911 3268 2602 3346; x_wconf 81' lang='lat' dir='ltr'><strong>MERETBICIS</strong></span> 
     </span>
    </p>
   </div>
   <div class='ocr_carea' id='block_1_33' title="bbox 822 3428 3663 3532">
    <p class='ocr_par' dir='ltr' id='par_1_33' title="bbox 822 3428 3663 3532">
     <span class='ocr_line' id='line_1_34' title="bbox 822 3428 3663 3532; baseline -0.003 -15"><span class='ocrx_word' id='word_1_324' title='bbox 822 3436 1293 3518; x_wconf 85' lang='lat' dir='ltr'><strong>AUCTORE</strong></span> <span class='ocrx_word' id='word_1_325' title='bbox 1349 3437 1931 3519; x_wconf 84' lang='lat' dir='ltr'><strong>SOPHRONIO</strong></span> <span class='ocrx_word' id='word_1_326' title='bbox 1988 3452 2076 3531; x_wconf 75' lang='lat'><strong>(2)</strong></span> <span class='ocrx_word' id='word_1_327' title='bbox 2151 3429 3073 3516; x_wconf 81' lang='lat' dir='ltr'><strong>JEROSOLYMITANO</strong></span> <span class='ocrx_word' id='word_1_328' title='bbox 3126 3428 3663 3532; x_wconf 86' lang='lat' dir='ltr'><strong>EPISCOPO,</strong></span> 
     </span>
    </p>
   </div>
   <div class='ocr_carea' id='block_1_34' title="bbox 1063 3584 3428 3665">
    <p class='ocr_par' dir='ltr' id='par_1_34' title="bbox 1063 3584 3428 3665">
     <span class='ocr_line' id='line_1_35' title="bbox 1063 3584 3428 3665; baseline -0.001 -17"><span class='ocrx_word' id='word_1_329' title='bbox 1063 3593 1497 3650; x_wconf 75' lang='lat' dir='ltr'><strong>INTEBPRETE</strong></span> <span class='ocrx_word' id='word_1_330' title='bbox 1539 3594 1765 3649; x_wconf 81' lang='lat' dir='ltr'><strong>PAULO</strong></span> <span class='ocrx_word' id='word_1_331' title='bbox 1805 3594 1885 3665; x_wconf 75' lang='grc'><strong>(3)</strong></span> <span class='ocrx_word' id='word_1_332' title='bbox 1931 3593 2231 3651; x_wconf 79' lang='lat' dir='ltr'><strong>DIACONO</strong></span> <span class='ocrx_word' id='word_1_333' title='bbox 2271 3591 2561 3649; x_wconf 63' lang='lat' dir='ltr'><strong>SANCTIE</strong></span> <span class='ocrx_word' id='word_1_334' title='bbox 2602 3587 3011 3646; x_wconf 83' lang='lat' dir='ltr'><strong>NEAPOLEOS</strong></span> <span class='ocrx_word' id='word_1_335' title='bbox 3052 3584 3428 3646; x_wconf 70' lang='lat' dir='ltr'><strong>ECCLESl/E.</strong></span> 
     </span>
    </p>
   </div>
   <div class='ocr_carea' id='block_1_35' title="bbox 1497 3854 3002 3942">
    <p class='ocr_par' dir='ltr' id='par_1_35' title="bbox 1497 3854 3002 3942">
     <span class='ocr_line' id='line_1_36' title="bbox 1497 3854 3002 3942; baseline -0.005 -3"><span class='ocrx_word' id='word_1_336' title='bbox 1497 3854 2113 3942; x_wconf 78' lang='lat' dir='ltr'><strong>PR/EFATIO</strong></span> <span class='ocrx_word' id='word_1_337' title='bbox 2189 3854 3002 3940; x_wconf 81' lang='lat' dir='ltr'><strong>INTERPRETIS.</strong></span> 
     </span>
    </p>
   </div>
   <div class='ocr_carea' id='block_1_36' title="bbox 684 3989 2278 4065">
    <p class='ocr_par' dir='ltr' id='par_1_36' title="bbox 684 3989 2278 4065">
     <span class='ocr_line' id='line_1_37' title="bbox 684 3989 2278 4065; baseline 0.004 -20"><span class='ocrx_word' id='word_1_338' title='bbox 684 3989 913 4045; x_wconf 87' lang='lat' dir='ltr'><strong>Domino</strong></span> <span class='ocrx_word' id='word_1_339' title='bbox 942 3992 1334 4062; x_wconf 89' lang='lat' dir='ltr'><strong>gloriosissimo</strong></span> <span class='ocrx_word' id='word_1_340' title='bbox 1356 4010 1421 4050; x_wconf 89' lang='lat' dir='ltr'><strong>ac</strong></span> <span class='ocrx_word' id='word_1_341' title='bbox 1450 3998 1897 4065; x_wconf 64' lang='lat' dir='ltr'><strong>praestantissimo</strong></span> <span class='ocrx_word' id='word_1_342' title='bbox 1928 3997 2036 4065; x_wconf 79' lang='lat' dir='ltr'><strong>regi</strong></span> <span class='ocrx_word' id='word_1_343' title='bbox 2064 3994 2278 4051; x_wconf 86' lang='lat' dir='ltr'><strong>Carolo.</strong></span> 
     </span>
    </p>
   </div>
   <div class='ocr_carea' id='block_1_37' title="bbox 676 4084 3896 4158">
    <p class='ocr_par' dir='ltr' id='par_1_37' title="bbox 676 4084 3896 4158">
     <span class='ocr_line' id='line_1_38' title="bbox 676 4084 3896 4158; baseline 0.002 -17"><span class='ocrx_word' id='word_1_344' title='bbox 676 4084 835 4156; x_wconf 76' lang='lat'><strong>381</strong></span> <span class='ocrx_word' id='word_1_345' title='bbox 869 4085 1059 4141; x_wconf 80' lang='lat' dir='ltr'><strong>Sciens</strong></span> <span class='ocrx_word' id='word_1_346' title='bbox 1083 4086 1524 4155; x_wconf 81' lang='lat' dir='ltr'><strong>gloriosissimam</strong></span> <span class='ocrx_word' id='word_1_347' title='bbox 1555 4092 1887 4158; x_wconf 86' lang='lat' dir='ltr'><strong>majestatem</strong></span> <span class='ocrx_word' id='word_1_348' title='bbox 1916 4098 2152 4146; x_wconf 81' lang='lat' dir='ltr'><strong>vestram</strong></span> <span class='ocrx_word' id='word_1_349' title='bbox 2202 4098 2309 4145; x_wconf 88' lang='lat' dir='ltr'><strong>tam</strong></span> <span class='ocrx_word' id='word_1_350' title='bbox 2367 4086 2564 4143; x_wconf 85' lang='lat' dir='ltr'><strong>divinis</strong></span> <span class='ocrx_word' id='word_1_351' title='bbox 2621 4087 2877 4156; x_wconf 84' lang='lat' dir='ltr'><strong>eloquiis,</strong></span> <span class='ocrx_word' id='word_1_352' title='bbox 2931 4102 3090 4158; x_wconf 85' lang='lat' dir='ltr'><strong>quam</strong></span> <span class='ocrx_word' id='word_1_353' title='bbox 3123 4097 3430 4143; x_wconf 89' lang='lat' dir='ltr'><strong>sanctorum</strong></span> <span class='ocrx_word' id='word_1_354' title='bbox 3463 4089 3896 4158; x_wconf 81' lang='lat' dir='ltr'><strong>praecedentium</strong></span> 
     </span>
    </p>
   </div>
   <div class='ocr_carea' id='block_1_38' title="bbox 604 4177 3888 4250">
    <p class='ocr_par' dir='ltr' id='par_1_38' title="bbox 604 4177 3888 4250">
     <span class='ocr_line' id='line_1_39' title="bbox 604 4177 3888 4250; baseline 0.003 -18"><span class='ocrx_word' id='word_1_355' title='bbox 604 4177 866 4246; x_wconf 78' lang='lat' dir='ltr'><strong>exemplis</strong></span> <span class='ocrx_word' id='word_1_356' title='bbox 891 4178 1044 4232; x_wconf 89' lang='lat' dir='ltr'><strong>valde</strong></span> <span class='ocrx_word' id='word_1_357' title='bbox 1073 4178 1349 4244; x_wconf 89' lang='lat' dir='ltr'><strong>delectari,</strong></span> <span class='ocrx_word' id='word_1_358' title='bbox 1381 4195 1502 4235; x_wconf 91' lang='lat' dir='ltr'><strong>cum</strong></span> <span class='ocrx_word' id='word_1_359' title='bbox 1530 4181 1842 4249; x_wconf 85' lang='lat' dir='ltr'><strong>jamdudum</strong></span> <span class='ocrx_word' id='word_1_360' title='bbox 1875 4181 2113 4237; x_wconf 86' lang='lat' dir='ltr'><strong>libellum</strong></span> <span class='ocrx_word' id='word_1_361' title='bbox 2143 4180 2509 4237; x_wconf 84' lang='lat' dir='ltr'><strong>conversionis</strong></span> <span class='ocrx_word' id='word_1_362' title='bbox 2534 4179 2712 4234; x_wconf 66' lang='lat' dir='ltr'><strong>Mariae</strong></span> <span class='ocrx_word' id='word_1_363' title='bbox 2735 4178 3092 4249; x_wconf 63' lang='lat' dir='ltr'><strong>Egyptiacae,</strong></span> <span class='ocrx_word' id='word_1_364' title='bbox 3122 4194 3241 4233; x_wconf 93' lang='lat' dir='ltr'><strong>cum</strong></span> <span class='ocrx_word' id='word_1_365' title='bbox 3270 4179 3470 4233; x_wconf 92' lang='lat' dir='ltr'><strong>tomqu</strong></span> <span class='ocrx_word' id='word_1_366' title='bbox 3504 4180 3573 4234; x_wconf 85' lang='lat' dir='ltr'><strong>de.</strong></span> <span class='ocrx_word' id='word_1_367' title='bbox 3598 4183 3888 4250; x_wconf 81' lang='lat' dir='ltr'><strong>cujusdam</strong></span> 
     </span>
    </p>
   </div>
   <div class='ocr_carea' id='block_1_39' title="bbox 606 4266 3896 4346">
    <p class='ocr_par' dir='ltr' id='par_1_39' title="bbox 606 4266 3896 4346">
     <span class='ocr_line' id='line_1_40' title="bbox 606 4266 3896 4346; baseline 0.004 -23"><span class='ocrx_word' id='word_1_368' title='bbox 606 4266 925 4323; x_wconf 81' lang='lat' dir='ltr'><strong>vicedomini</strong></span> <span class='ocrx_word' id='word_1_369' title='bbox 956 4268 1036 4341; x_wconf 75' lang='grc'><strong>(4)</strong></span> <span class='ocrx_word' id='word_1_370' title='bbox 1071 4271 1402 4339; x_wconf 63' lang='lat' dir='ltr'><strong>paenitentia,</strong></span> <span class='ocrx_word' id='word_1_371' title='bbox 1437 4272 1653 4327; x_wconf 89' lang='lat' dir='ltr'><strong>domino</strong></span> <span class='ocrx_word' id='word_1_372' title='bbox 1706 4289 1825 4328; x_wconf 91' lang='lat' dir='ltr'><strong>meo</strong></span> <span class='ocrx_word' id='word_1_373' title='bbox 1863 4273 2171 4341; x_wconf 87' lang='lat' dir='ltr'><strong>obtulerim,</strong></span> <span class='ocrx_word' id='word_1_374' title='bbox 2205 4275 2327 4343; x_wconf 88' lang='lat' dir='ltr'><strong>quia</strong></span> <span class='ocrx_word' id='word_1_375' title='bbox 2357 4272 2443 4326; x_wconf 91' lang='lat' dir='ltr'><strong>illc</strong></span> <span class='ocrx_word' id='word_1_376' title='bbox 2473 4272 2589 4341; x_wconf 87' lang='lat' dir='ltr'><strong>ipse</strong></span> <span class='ocrx_word' id='word_1_377' title='bbox 2614 4285 2740 4325; x_wconf 86' lang='lat' dir='ltr'><strong>casu</strong></span> <span class='ocrx_word' id='word_1_378' title='bbox 2769 4272 2998 4341; x_wconf 89' lang='lat' dir='ltr'><strong>quodam</strong></span> <span class='ocrx_word' id='word_1_379' title='bbox 3027 4272 3279 4342; x_wconf 87' lang='lat' dir='ltr'><strong>deperiit,</strong></span> <span class='ocrx_word' id='word_1_380' title='bbox 3304 4290 3443 4328; x_wconf 86' lang='lat' dir='ltr'><strong>nunc</strong></span> <span class='ocrx_word' id='word_1_381' title='bbox 3473 4273 3687 4329; x_wconf 86' lang='lat' dir='ltr'><strong>interim</strong></span> <span class='ocrx_word' id='word_1_382' title='bbox 3713 4280 3896 4346; x_wconf 88' lang='lat' dir='ltr'><strong>jussui</strong></span> 
     </span>
    </p>
   </div>
   <div class='ocr_carea' id='block_1_40' title="bbox 610 4361 3901 4438">
    <p class='ocr_par' dir='ltr' id='par_1_40' title="bbox 610 4361 3901 4438">
     <span class='ocr_line' id='line_1_41' title="bbox 610 4361 3901 4438; baseline 0.003 -22"><span class='ocrx_word' id='word_1_383' title='bbox 610 4370 788 4416; x_wconf 83' lang='lat' dir='ltr'><strong>vestro</strong></span> <span class='ocrx_word' id='word_1_384' title='bbox 817 4361 869 4415; x_wconf 89' lang='lat' dir='ltr'><strong>in</strong></span> <span class='ocrx_word' id='word_1_385' title='bbox 900 4361 1090 4416; x_wconf 89' lang='lat' dir='ltr'><strong>eodem</strong></span> <span class='ocrx_word' id='word_1_386' title='bbox 1125 4364 1476 4419; x_wconf 86' lang='lat' dir='ltr'><strong>restaurando</strong></span> <span class='ocrx_word' id='word_1_387' title='bbox 1521 4363 1744 4419; x_wconf 86' lang='lat' dir='ltr'><strong>devotus</strong></span> <span class='ocrx_word' id='word_1_388' title='bbox 1774 4365 2005 4420; x_wconf 88' lang='lat' dir='ltr'><strong>obedivi.</strong></span> <span class='ocrx_word' id='word_1_389' title='bbox 2034 4365 2290 4434; x_wconf 82' lang='lat' dir='ltr'><strong>Obsequii</strong></span> <span class='ocrx_word' id='word_1_390' title='bbox 2338 4380 2550 4434; x_wconf 88' lang='lat' dir='ltr'><strong>quoque</strong></span> <span class='ocrx_word' id='word_1_391' title='bbox 2579 4371 2635 4417; x_wconf 92' lang='lat' dir='ltr'><strong>et</strong></span> <span class='ocrx_word' id='word_1_392' title='bbox 2663 4363 2965 4421; x_wconf 89' lang='lat' dir='ltr'><strong>devotionis</strong></span> <span class='ocrx_word' id='word_1_393' title='bbox 3013 4380 3146 4421; x_wconf 77' lang='lat' dir='ltr'><strong>mea:</strong></span> <span class='ocrx_word' id='word_1_394' title='bbox 3192 4366 3287 4420; x_wconf 87' lang='lat' dir='ltr'><strong>luit</strong></span> <span class='ocrx_word' id='word_1_395' title='bbox 3327 4380 3384 4419; x_wconf 85' lang='lat' dir='ltr'><strong>ut</strong></span> <span class='ocrx_word' id='word_1_396' title='bbox 3429 4382 3535 4421; x_wconf 86' lang='lat' dir='ltr'><strong>non</strong></span> <span class='ocrx_word' id='word_1_397' title='bbox 3589 4368 3901 4438; x_wconf 86' lang='lat' dir='ltr'><strong>simplicem</strong></span> 
     </span>
    </p>
   </div>
   <div class='ocr_carea' id='block_1_41' title="bbox 607 4454 3897 4526">
    <p class='ocr_par' dir='ltr' id='par_1_41' title="bbox 607 4454 3897 4526">
     <span class='ocr_line' id='line_1_42' title="bbox 607 4454 3897 4526; baseline 0.002 -18"><span class='ocrx_word' id='word_1_398' title='bbox 607 4461 813 4509; x_wconf 84' lang='lat' dir='ltr'><strong>tantum</strong></span> <span class='ocrx_word' id='word_1_399' title='bbox 842 4463 1153 4510; x_wconf 76' lang='lat' dir='ltr'><strong>memorata:</strong></span> <span class='ocrx_word' id='word_1_400' title='bbox 1183 4454 1261 4510; x_wconf 88' lang='lat' dir='ltr'><strong>rei</strong></span> <span class='ocrx_word' id='word_1_401' title='bbox 1288 4462 1491 4511; x_wconf 83' lang='lat' dir='ltr'><strong>textum</strong></span> <span class='ocrx_word' id='word_1_402' title='bbox 1524 4455 1857 4521; x_wconf 80' lang='lat' dir='ltr'><strong>exhiberem,</strong></span> <span class='ocrx_word' id='word_1_403' title='bbox 1916 4457 2010 4512; x_wconf 90' lang='lat' dir='ltr'><strong>sed</strong></span> <span class='ocrx_word' id='word_1_404' title='bbox 2041 4464 2095 4511; x_wconf 90' lang='lat' dir='ltr'><strong>et</strong></span> <span class='ocrx_word' id='word_1_405' title='bbox 2122 4456 2224 4511; x_wconf 90' lang='lat' dir='ltr'><strong>alia</strong></span> <span class='ocrx_word' id='word_1_406' title='bbox 2249 4457 2479 4525; x_wconf 71' lang='lat' dir='ltr'><strong>quaesito</strong></span> <span class='ocrx_word' id='word_1_407' title='bbox 2508 4454 2665 4525; x_wconf 89' lang='lat' dir='ltr'><strong>digna</strong></span> <span class='ocrx_word' id='word_1_408' title='bbox 2695 4456 3170 4526; x_wconf 87' lang='lat' dir='ltr'><strong>superadjicerem,</strong></span> <span class='ocrx_word' id='word_1_409' title='bbox 3213 4456 3281 4510; x_wconf 92' lang='lat' dir='ltr'><strong>de</strong></span> <span class='ocrx_word' id='word_1_410' title='bbox 3321 4457 3640 4512; x_wconf 82' lang='lat' dir='ltr'><strong>venerandis</strong></span> <span class='ocrx_word' id='word_1_411' title='bbox 3681 4462 3897 4518; x_wconf 83' lang='lat' dir='ltr'><strong>scilicet</strong></span> 
     </span>
    </p>
   </div>
   <div class='ocr_carea' id='block_1_42' title="bbox 609 4545 3888 4623">
    <p class='ocr_par' dir='ltr' id='par_1_42' title="bbox 609 4545 3888 4623">
     <span class='ocr_line' id='line_1_43' title="bbox 609 4545 3888 4623; baseline 0.002 -20"><span class='ocrx_word' id='word_1_412' title='bbox 609 4547 916 4603; x_wconf 87' lang='lat' dir='ltr'><strong>constitutis</strong></span> <span class='ocrx_word' id='word_1_413' title='bbox 950 4545 1027 4618; x_wconf 85' lang='lat'><strong>(5)</strong></span> <span class='ocrx_word' id='word_1_414' title='bbox 1054 4556 1109 4602; x_wconf 90' lang='lat' dir='ltr'><strong>et</strong></span> <span class='ocrx_word' id='word_1_415' title='bbox 1135 4547 1303 4617; x_wconf 87' lang='lat' dir='ltr'><strong>gestis</strong></span> <span class='ocrx_word' id='word_1_416' title='bbox 1328 4546 1616 4617; x_wconf 63' lang='lat' dir='ltr'><strong>prwsulum</strong></span> <span class='ocrx_word' id='word_1_417' title='bbox 1640 4547 1896 4603; x_wconf 74' lang='lat' dir='ltr'><strong>Romana:</strong></span> <span class='ocrx_word' id='word_1_418' title='bbox 1927 4548 2187 4603; x_wconf 72' lang='lat' dir='ltr'><strong>Ecclesiae</strong></span> <span class='ocrx_word' id='word_1_419' title='bbox 2213 4563 2227 4601; x_wconf 90' lang='lat'><strong>:</strong></span> <span class='ocrx_word' id='word_1_420' title='bbox 2251 4561 2478 4617; x_wconf 90' lang='lat' dir='ltr'><strong>quorum</strong></span> <span class='ocrx_word' id='word_1_421' title='bbox 2500 4547 2864 4603; x_wconf 88' lang='lat' dir='ltr'><strong>sanctionibus</strong></span> <span class='ocrx_word' id='word_1_422' title='bbox 2885 4563 3041 4617; x_wconf 87' lang='lat' dir='ltr'><strong>quam</strong></span> <span class='ocrx_word' id='word_1_423' title='bbox 3070 4556 3381 4604; x_wconf 87' lang='lat' dir='ltr'><strong>reverenter</strong></span> <span class='ocrx_word' id='word_1_424' title='bbox 3409 4548 3649 4605; x_wconf 84' lang='lat' dir='ltr'><strong>Ecclesia</strong></span> <span class='ocrx_word' id='word_1_425' title='bbox 3678 4563 3888 4623; x_wconf 87' lang='lat' dir='ltr'><strong>utatur,</strong></span> 
     </span>
    </p>
   </div>
   <div class='ocr_carea' id='block_1_43' title="bbox 615 4638 3890 4715">
    <p class='ocr_par' dir='ltr' id='par_1_43' title="bbox 615 4638 3890 4715">
     <span class='ocr_line' id='line_1_44' title="bbox 615 4638 3890 4715; baseline 0.003 -24"><span class='ocrx_word' id='word_1_426' title='bbox 615 4638 869 4707; x_wconf 86' lang='lat' dir='ltr'><strong>majestas</strong></span> <span class='ocrx_word' id='word_1_427' title='bbox 896 4645 1075 4693; x_wconf 86' lang='lat' dir='ltr'><strong>vestra</strong></span> <span class='ocrx_word' id='word_1_428' title='bbox 1104 4639 1304 4707; x_wconf 89' lang='lat' dir='ltr'><strong>optime</strong></span> <span class='ocrx_word' id='word_1_429' title='bbox 1335 4639 1507 4693; x_wconf 89' lang='lat' dir='ltr'><strong>novit.</strong></span> <span class='ocrx_word' id='word_1_430' title='bbox 1541 4638 1651 4694; x_wconf 88' lang='lat' dir='ltr'><strong>Hoc</strong></span> <span class='ocrx_word' id='word_1_431' title='bbox 1678 4648 1854 4695; x_wconf 90' lang='lat' dir='ltr'><strong>autem</strong></span> <span class='ocrx_word' id='word_1_432' title='bbox 1887 4641 2166 4697; x_wconf 79' lang='lat' dir='ltr'><strong>brevitatis</strong></span> <span class='ocrx_word' id='word_1_433' title='bbox 2196 4641 2575 4710; x_wconf 89' lang='lat' dir='ltr'><strong>compendium</strong></span> <span class='ocrx_word' id='word_1_434' title='bbox 2613 4655 2800 4697; x_wconf 89' lang='lat' dir='ltr'><strong>servus</strong></span> <span class='ocrx_word' id='word_1_435' title='bbox 2830 4650 3007 4697; x_wconf 88' lang='lat' dir='ltr'><strong>vester</strong></span> <span class='ocrx_word' id='word_1_436' title='bbox 3056 4642 3179 4699; x_wconf 88' lang='lat' dir='ltr'><strong>ideo</strong></span> <span class='ocrx_word' id='word_1_437' title='bbox 3225 4646 3487 4715; x_wconf 80' lang='lat' dir='ltr'><strong>sumpsit,</strong></span> <span class='ocrx_word' id='word_1_438' title='bbox 3523 4652 3581 4699; x_wconf 89' lang='lat' dir='ltr'><strong>ut</strong></span> <span class='ocrx_word' id='word_1_439' title='bbox 3619 4652 3890 4706; x_wconf 75' lang='lat' dir='ltr'><strong>serenitas</strong></span> 
     </span>
    </p>
   </div>
   <div class='ocr_carea' id='block_1_44' title="bbox 612 4729 3892 4813">
    <p class='ocr_par' dir='ltr' id='par_1_44' title="bbox 612 4729 3892 4813">
     <span class='ocr_line' id='line_1_45' title="bbox 612 4729 3892 4813; baseline 0.006 -33"><span class='ocrx_word' id='word_1_440' title='bbox 612 4740 809 4793; x_wconf 81' lang='lat' dir='ltr'><strong>vestra,</strong></span> <span class='ocrx_word' id='word_1_441' title='bbox 842 4744 1001 4799; x_wconf 88' lang='lat' dir='ltr'><strong>quam</strong></span> <span class='ocrx_word' id='word_1_442' title='bbox 1030 4729 1359 4801; x_wconf 77' lang='lat' dir='ltr'><strong>Reipublica:</strong></span> <span class='ocrx_word' id='word_1_443' title='bbox 1390 4730 1626 4789; x_wconf 80' lang='lat' dir='ltr'><strong>fascibus</strong></span> <span class='ocrx_word' id='word_1_444' title='bbox 1642 4734 1796 4789; x_wconf 88' lang='lat' dir='ltr'><strong>valde</strong></span> <span class='ocrx_word' id='word_1_445' title='bbox 1822 4744 2102 4790; x_wconf 89' lang='lat' dir='ltr'><strong>oneratam</strong></span> <span class='ocrx_word' id='word_1_446' title='bbox 2125 4735 2365 4801; x_wconf 83' lang='lat' dir='ltr'><strong>attendo,</strong></span> <span class='ocrx_word' id='word_1_447' title='bbox 2392 4737 2475 4791; x_wconf 90' lang='lat' dir='ltr'><strong>cui</strong></span> <span class='ocrx_word' id='word_1_448' title='bbox 2504 4736 2730 4806; x_wconf 83' lang='lat' dir='ltr'><strong>sparsim</strong></span> <span class='ocrx_word' id='word_1_449' title='bbox 2762 4736 2973 4791; x_wconf 89' lang='lat' dir='ltr'><strong>diversa</strong></span> <span class='ocrx_word' id='word_1_450' title='bbox 3000 4752 3104 4791; x_wconf 91' lang='lat' dir='ltr'><strong>non</strong></span> <span class='ocrx_word' id='word_1_451' title='bbox 3133 4746 3286 4793; x_wconf 87' lang='lat' dir='ltr'><strong>vacat</strong></span> <span class='ocrx_word' id='word_1_452' title='bbox 3316 4756 3631 4809; x_wconf 85' lang='lat' dir='ltr'><strong>percurrere</strong></span> <span class='ocrx_word' id='word_1_453' title='bbox 3657 4745 3892 4813; x_wconf 85' lang='lat' dir='ltr'><strong>scripto-</strong></span> 
     </span>
    </p>
   </div>
   <div class='ocr_carea' id='block_1_45' title="bbox 609 4822 3897 4905">
    <p class='ocr_par' dir='ltr' id='par_1_45' title="bbox 609 4822 3897 4905">
     <span class='ocr_line' id='line_1_46' title="bbox 609 4822 3897 4905; baseline 0.006 -29"><span class='ocrx_word' id='word_1_454' title='bbox 609 4836 729 4876; x_wconf 88' lang='lat' dir='ltr'><strong>rum</strong></span> <span class='ocrx_word' id='word_1_455' title='bbox 763 4822 1057 4888; x_wconf 88' lang='lat' dir='ltr'><strong>volumina,</strong></span> <span class='ocrx_word' id='word_1_456' title='bbox 1089 4826 1347 4895; x_wconf 87' lang='lat' dir='ltr'><strong>quasdain</strong></span> <span class='ocrx_word' id='word_1_457' title='bbox 1373 4830 1793 4885; x_wconf 88' lang='lat' dir='ltr'><strong>consuetudines</strong></span> <span class='ocrx_word' id='word_1_458' title='bbox 1820 4830 2218 4886; x_wconf 87' lang='lat' dir='ltr'><strong>ecclesiasticas</strong></span> <span class='ocrx_word' id='word_1_459' title='bbox 2248 4832 2302 4885; x_wconf 90' lang='lat' dir='ltr'><strong>in</strong></span> <span class='ocrx_word' id='word_1_460' title='bbox 2330 4831 2505 4895; x_wconf 90' lang='lat' dir='ltr'><strong>brevi,</strong></span> <span class='ocrx_word' id='word_1_461' title='bbox 2531 4834 2683 4903; x_wconf 88' lang='lat' dir='ltr'><strong>quasi</strong></span> <span class='ocrx_word' id='word_1_462' title='bbox 2716 4832 2769 4886; x_wconf 94' lang='lat' dir='ltr'><strong>in</strong></span> <span class='ocrx_word' id='word_1_463' title='bbox 2798 4832 3027 4901; x_wconf 88' lang='lat' dir='ltr'><strong>quodam</strong></span> <span class='ocrx_word' id='word_1_464' title='bbox 3061 4833 3377 4892; x_wconf 86' lang='lat' dir='ltr'><strong>Enchiridio</strong></span> <span class='ocrx_word' id='word_1_465' title='bbox 3406 4838 3670 4905; x_wconf 83' lang='lat' dir='ltr'><strong>inclusas.</strong></span> <span class='ocrx_word' id='word_1_466' title='bbox 3706 4851 3897 4898; x_wconf 79' lang='lat' dir='ltr'><strong>tenere</strong></span> 
     </span>
    </p>
   </div>
   <div class='ocr_carea' id='block_1_46' title="bbox 609 4914 3898 4997">
    <p class='ocr_par' dir='ltr' id='par_1_46' title="bbox 609 4914 3898 4997">
     <span class='ocr_line' id='line_1_47' title="bbox 609 4914 3898 4997; baseline 0.007 -29"><span class='ocrx_word' id='word_1_467' title='bbox 609 4914 809 4985; x_wconf 85' lang='lat' dir='ltr'><strong>possit,</strong></span> <span class='ocrx_word' id='word_1_468' title='bbox 840 4924 895 4970; x_wconf 91' lang='lat' dir='ltr'><strong>et</strong></span> <span class='ocrx_word' id='word_1_469' title='bbox 938 4916 1063 4987; x_wconf 88' lang='lat' dir='ltr'><strong>quia</strong></span> <span class='ocrx_word' id='word_1_470' title='bbox 1094 4920 1387 4973; x_wconf 88' lang='lat' dir='ltr'><strong>secundum</strong></span> <span class='ocrx_word' id='word_1_471' title='bbox 1421 4922 1653 4989; x_wconf 89' lang='lat' dir='ltr'><strong>regalem</strong></span> <span class='ocrx_word' id='word_1_472' title='bbox 1704 4922 2019 4978; x_wconf 89' lang='lat' dir='ltr'><strong>industriam</strong></span> <span class='ocrx_word' id='word_1_473' title='bbox 2065 4922 2299 4978; x_wconf 89' lang='lat' dir='ltr'><strong>studium</strong></span> <span class='ocrx_word' id='word_1_474' title='bbox 2327 4923 2529 4978; x_wconf 87' lang='lat' dir='ltr'><strong>domini</strong></span> <span class='ocrx_word' id='word_1_475' title='bbox 2562 4924 2668 4978; x_wconf 89' lang='lat' dir='ltr'><strong>mei</strong></span> <span class='ocrx_word' id='word_1_476' title='bbox 2698 4925 2751 4979; x_wconf 91' lang='lat' dir='ltr'><strong>in</strong></span> <span class='ocrx_word' id='word_1_477' title='bbox 2783 4925 2882 4981; x_wconf 84' lang='lat' dir='ltr'><strong>hoc</strong></span> <span class='ocrx_word' id='word_1_478' title='bbox 2915 4924 3124 4983; x_wconf 81' lang='lat' dir='ltr'><strong>fervere</strong></span> <span class='ocrx_word' id='word_1_479' title='bbox 3176 4928 3375 4997; x_wconf 87' lang='lat' dir='ltr'><strong>didici,</strong></span> <span class='ocrx_word' id='word_1_480' title='bbox 3410 4942 3466 4987; x_wconf 92' lang='lat' dir='ltr'><strong>ut</strong></span> <span class='ocrx_word' id='word_1_481' title='bbox 3499 4934 3633 4988; x_wconf 79' lang='lat' dir='ltr'><strong>facta</strong></span> <span class='ocrx_word' id='word_1_482' title='bbox 3679 4936 3898 4992; x_wconf 83' lang='lat' dir='ltr'><strong>dictave</strong></span> 
     </span>
    </p>
   </div>
   <div class='ocr_carea' id='block_1_47' title="bbox 607 5008 3895 5095">
    <p class='ocr_par' dir='ltr' id='par_1_47' title="bbox 607 5008 3895 5095">
     <span class='ocr_line' id='line_1_48' title="bbox 607 5008 3895 5095; baseline 0.008 -34"><span class='ocrx_word' id='word_1_483' title='bbox 607 5019 785 5064; x_wconf 82' lang='lat' dir='ltr'><strong>vestra</strong></span> <span class='ocrx_word' id='word_1_484' title='bbox 813 5008 966 5079; x_wconf 79' lang='lat' dir='ltr'><strong>juxta</strong></span> <span class='ocrx_word' id='word_1_485' title='bbox 997 5014 1365 5067; x_wconf 82' lang='lat' dir='ltr'><strong>auctoritatem</strong></span> <span class='ocrx_word' id='word_1_486' title='bbox 1390 5012 1810 5082; x_wconf 77' lang='lat' dir='ltr'><strong>irrefragabilem</strong></span> <span class='ocrx_word' id='word_1_487' title='bbox 1838 5016 2097 5087; x_wconf 82' lang='lat' dir='ltr'><strong>dirigere,</strong></span> <span class='ocrx_word' id='word_1_488' title='bbox 2117 5026 2173 5071; x_wconf 90' lang='lat' dir='ltr'><strong>et</strong></span> <span class='ocrx_word' id='word_1_489' title='bbox 2192 5017 2316 5087; x_wconf 90' lang='lat' dir='ltr'><strong>quid</strong></span> <span class='ocrx_word' id='word_1_490' title='bbox 2342 5032 2468 5087; x_wconf 87' lang='lat' dir='ltr'><strong>erga</strong></span> <span class='ocrx_word' id='word_1_491' title='bbox 2492 5018 2691 5072; x_wconf 91' lang='lat' dir='ltr'><strong>cultum</strong></span> <span class='ocrx_word' id='word_1_492' title='bbox 2716 5018 2949 5075; x_wconf 86' lang='lat' dir='ltr'><strong>divinum</strong></span> <span class='ocrx_word' id='word_1_493' title='bbox 2983 5022 3297 5088; x_wconf 90' lang='lat' dir='ltr'><strong>tenendum,</strong></span> <span class='ocrx_word' id='word_1_494' title='bbox 3321 5024 3515 5093; x_wconf 83' lang='lat' dir='ltr'><strong>quidve</strong></span> <span class='ocrx_word' id='word_1_495' title='bbox 3538 5026 3895 5095; x_wconf 74' lang='lat' dir='ltr'><strong>rejieienduin</strong></span> 
     </span>
    </p>
   </div>
   <div class='ocr_carea' id='block_1_48' title="bbox 608 5100 3892 5191">
    <p class='ocr_par' dir='ltr' id='par_1_48' title="bbox 608 5100 3892 5191">
     <span class='ocr_line' id='line_1_49' title="bbox 608 5100 3892 5191; baseline 0.008 -39"><span class='ocrx_word' id='word_1_496' title='bbox 608 5101 697 5162; x_wconf 87' lang='lat' dir='ltr'><strong>sit,</strong></span> <span class='ocrx_word' id='word_1_497' title='bbox 733 5100 959 5156; x_wconf 87' lang='lat' dir='ltr'><strong>sollicite</strong></span> <span class='ocrx_word' id='word_1_498' title='bbox 987 5101 1286 5171; x_wconf 86' lang='lat' dir='ltr'><strong>disquirere</strong></span> <span class='ocrx_word' id='word_1_499' title='bbox 1326 5113 1381 5158; x_wconf 90' lang='lat' dir='ltr'><strong>et</strong></span> <span class='ocrx_word' id='word_1_500' title='bbox 1422 5105 1777 5173; x_wconf 85' lang='lat' dir='ltr'><strong>perscrutari,</strong></span> <span class='ocrx_word' id='word_1_501' title='bbox 1803 5107 2225 5162; x_wconf 90' lang='lat' dir='ltr'><strong>elucubrationis</strong></span> <span class='ocrx_word' id='word_1_502' title='bbox 2256 5108 2327 5162; x_wconf 90' lang='lat' dir='ltr'><strong>sit</strong></span> <span class='ocrx_word' id='word_1_503' title='bbox 2354 5108 2585 5165; x_wconf 66' lang='lat' dir='ltr'><strong>assidua:</strong></span> <span class='ocrx_word' id='word_1_504' title='bbox 2606 5154 2619 5178; x_wconf 94' lang='lat'><strong>,</strong></span> <span class='ocrx_word' id='word_1_505' title='bbox 2652 5111 2879 5180; x_wconf 90' lang='lat' dir='ltr'><strong>qualiter</strong></span> <span class='ocrx_word' id='word_1_506' title='bbox 2904 5112 3023 5181; x_wconf 87' lang='lat' dir='ltr'><strong>ejus</strong></span> <span class='ocrx_word' id='word_1_507' title='bbox 3044 5113 3345 5169; x_wconf 87' lang='lat' dir='ltr'><strong>divinitatis</strong></span> <span class='ocrx_word' id='word_1_508' title='bbox 3383 5130 3484 5185; x_wconf 85' lang='lat' dir='ltr'><strong>ope</strong></span> <span class='ocrx_word' id='word_1_509' title='bbox 3517 5120 3730 5185; x_wconf 89' lang='lat' dir='ltr'><strong>muniti,</strong></span> <span class='ocrx_word' id='word_1_510' title='bbox 3766 5138 3892 5191; x_wconf 80' lang='lat' dir='ltr'><strong>pro-</strong></span> 
     </span>
    </p>
   </div>
   <div class='ocr_carea' id='block_1_49' title="bbox 605 5190 2070 5257">
    <p class='ocr_par' dir='ltr' id='par_1_49' title="bbox 605 5190 2070 5257">
     <span class='ocr_line' id='line_1_50' title="bbox 605 5190 2070 5257; baseline 0.006 -15"><span class='ocrx_word' id='word_1_511' title='bbox 605 5190 781 5257; x_wconf 82' lang='lat' dir='ltr'><strong>speris</strong></span> <span class='ocrx_word' id='word_1_512' title='bbox 811 5193 1151 5247; x_wconf 86' lang='lat' dir='ltr'><strong>successibus</strong></span> <span class='ocrx_word' id='word_1_513' title='bbox 1179 5194 1247 5247; x_wconf 89' lang='lat' dir='ltr'><strong>ad</strong></span> <span class='ocrx_word' id='word_1_514' title='bbox 1278 5195 1457 5249; x_wconf 87' lang='lat' dir='ltr'><strong>omnia</strong></span> <span class='ocrx_word' id='word_1_515' title='bbox 1488 5210 1704 5252; x_wconf 89' lang='lat' dir='ltr'><strong>currere</strong></span> <span class='ocrx_word' id='word_1_516' title='bbox 1733 5198 2070 5254; x_wconf 88' lang='lat' dir='ltr'><strong>mereamiui.</strong></span> 
     </span>
    </p>
   </div>
   <div class='ocr_carea' id='block_1_50' title="bbox 606 5316 3896 5358">
    <p class='ocr_par' dir='ltr' id='par_1_50' title="bbox 606 5316 3896 5358">
     <span class='ocr_line' id='line_1_51' title="bbox 606 5316 3896 5358; baseline 0 -30"><span class='ocrx_word' id='word_1_517' title='bbox 606 5316 3896 5358; x_wconf 60' lang='lat'><strong>________________________________________</strong></span> 
     </span>
    </p>
   </div>
   <div class='ocr_carea' id='block_1_51' title="bbox 1572 5412 2917 5589">
    <p class='ocr_par' dir='ltr' id='par_1_51' title="bbox 1572 5412 2917 5589">
     <span class='ocr_line' id='line_1_52' title="bbox 1572 5412 2917 5589; baseline 0.004 -43"><span class='ocrx_word' id='word_1_518' title='bbox 1572 5413 2241 5589; x_wconf 50' lang='lat' dir='ltr'><strong>abrotogua</strong></span> <span class='ocrx_word' id='word_1_519' title='bbox 2318 5412 2917 5559; x_wconf 67' lang='lat' dir='ltr'><strong>auctoris.</strong></span> 
     </span>
    </p>
   </div>
   <div class='ocr_carea' id='block_1_52' title="bbox 682 5624 3892 5718">
    <p class='ocr_par' dir='ltr' id='par_1_52' title="bbox 682 5624 3892 5718">
     <span class='ocr_line' id='line_1_53' title="bbox 682 5624 3892 5718; baseline 0.007 -37"><span class='ocrx_word' id='word_1_520' title='bbox 682 5624 844 5696; x_wconf 80' lang='lat'><strong>382</strong></span> <span class='ocrx_word' id='word_1_521' title='bbox 864 5626 1145 5684; x_wconf 87' lang='lat' dir='ltr'><strong>Secretum</strong></span> <span class='ocrx_word' id='word_1_522' title='bbox 1174 5628 1315 5700; x_wconf 84' lang='lat' dir='ltr'><strong>regis</strong></span> <span class='ocrx_word' id='word_1_523' title='bbox 1335 5627 1531 5695; x_wconf 84' lang='lat' dir='ltr'><strong>celare,</strong></span> <span class='ocrx_word' id='word_1_524' title='bbox 1550 5628 1745 5684; x_wconf 90' lang='lat' dir='ltr'><strong>bonum</strong></span> <span class='ocrx_word' id='word_1_525' title='bbox 1770 5638 1878 5695; x_wconf 87' lang='lat' dir='ltr'><strong>est;</strong></span> <span class='ocrx_word' id='word_1_526' title='bbox 1912 5644 2070 5699; x_wconf 83' lang='lat' dir='ltr'><strong>opera</strong></span> <span class='ocrx_word' id='word_1_527' title='bbox 2100 5640 2279 5687; x_wconf 89' lang='lat' dir='ltr'><strong>autem</strong></span> <span class='ocrx_word' id='word_1_528' title='bbox 2315 5633 2409 5689; x_wconf 88' lang='lat' dir='ltr'><strong>Dei</strong></span> <span class='ocrx_word' id='word_1_529' title='bbox 2442 5634 2679 5689; x_wconf 84' lang='lat' dir='ltr'><strong>revelare</strong></span> <span class='ocrx_word' id='word_1_530' title='bbox 2707 5645 2759 5690; x_wconf 91' lang='lat' dir='ltr'><strong>et</strong></span> <span class='ocrx_word' id='word_1_531' title='bbox 2788 5637 3056 5705; x_wconf 80' lang='lat' dir='ltr'><strong>conﬁteri,</strong></span> <span class='ocrx_word' id='word_1_532' title='bbox 3088 5638 3447 5697; x_wconf 80' lang='lat' dir='ltr'><strong>honoriﬁcum</strong></span> <span class='ocrx_word' id='word_1_533' title='bbox 3479 5651 3557 5697; x_wconf 68' lang='lat' dir='ltr'><strong>est</strong></span> <span class='ocrx_word' id='word_1_534' title='bbox 3589 5644 3743 5716; x_wconf 68' lang='grc' dir='ltr'><strong>(Τοῦ.</strong></span> <span class='ocrx_word' id='word_1_535' title='bbox 3769 5648 3892 5718; x_wconf 64' lang='grc' dir='ltr'>λιι).</span> 
     </span>
    </p>
   </div>
   <div class='ocr_carea' id='block_1_53' title="bbox 616 5720 3891 5811">
    <p class='ocr_par' dir='ltr' id='par_1_53' title="bbox 616 5720 3891 5811">
     <span class='ocr_line' id='line_1_54' title="bbox 616 5720 3891 5811; baseline 0.008 -39"><span class='ocrx_word' id='word_1_536' title='bbox 616 5720 687 5774; x_wconf 89' lang='lat' dir='ltr'><strong>lta</strong></span> <span class='ocrx_word' id='word_1_537' title='bbox 717 5720 863 5775; x_wconf 90' lang='lat' dir='ltr'><strong>enim</strong></span> <span class='ocrx_word' id='word_1_538' title='bbox 894 5721 1108 5793; x_wconf 88' lang='lat' dir='ltr'><strong>legitur,</strong></span> <span class='ocrx_word' id='word_1_539' title='bbox 1132 5722 1379 5793; x_wconf 81' lang='lat' dir='ltr'><strong>angelum</strong></span> <span class='ocrx_word' id='word_1_540' title='bbox 1414 5722 1612 5780; x_wconf 82' lang='lat' dir='ltr'><strong>dixisse</strong></span> <span class='ocrx_word' id='word_1_541' title='bbox 1638 5724 1821 5781; x_wconf 70' lang='lat' dir='ltr'><strong>Tobiae</strong></span> <span class='ocrx_word' id='word_1_542' title='bbox 1850 5733 1971 5796; x_wconf 84' lang='lat' dir='ltr'><strong>post</strong></span> <span class='ocrx_word' id='word_1_543' title='bbox 2003 5727 2278 5782; x_wconf 89' lang='lat' dir='ltr'><strong>oculorum</strong></span> <span class='ocrx_word' id='word_1_544' title='bbox 2310 5728 2686 5796; x_wconf 85' lang='lat' dir='ltr'><strong>amissionem,</strong></span> <span class='ocrx_word' id='word_1_545' title='bbox 2718 5732 3124 5805; x_wconf 86' lang='lat' dir='ltr'><strong>gloriosamque</strong></span> <span class='ocrx_word' id='word_1_546' title='bbox 3166 5734 3615 5793; x_wconf 79' lang='lat' dir='ltr'><strong>illuminatioucm</strong></span> <span class='ocrx_word' id='word_1_547' title='bbox 3637 5783 3651 5805; x_wconf 91' lang='lat'><strong>,</strong></span> <span class='ocrx_word' id='word_1_548' title='bbox 3684 5753 3735 5797; x_wconf 86' lang='lat' dir='ltr'><strong>et</strong></span> <span class='ocrx_word' id='word_1_549' title='bbox 3766 5754 3891 5811; x_wconf 74' lang='lat' dir='ltr'><strong>post</strong></span> 
     </span>
    </p>
   </div>
   <div class='ocr_carea' id='block_1_54' title="bbox 613 5813 3890 5903">
    <p class='ocr_par' dir='ltr' id='par_1_54' title="bbox 613 5813 3890 5903">
     <span class='ocr_line' id='line_1_55' title="bbox 613 5813 3890 5903; baseline 0.007 -34"><span class='ocrx_word' id='word_1_550' title='bbox 613 5813 701 5869; x_wconf 88' lang='lat' dir='ltr'><strong>illa</strong></span> <span class='ocrx_word' id='word_1_551' title='bbox 734 5821 998 5868; x_wconf 81' lang='lat' dir='ltr'><strong>transacta</strong></span> <span class='ocrx_word' id='word_1_552' title='bbox 1029 5815 1284 5883; x_wconf 87' lang='lat' dir='ltr'><strong>pericula,</strong></span> <span class='ocrx_word' id='word_1_553' title='bbox 1310 5829 1348 5891; x_wconf 9' lang='lat' dir='ltr'><strong>re</strong></span> <span class='ocrx_word' id='word_1_554' title='bbox 1374 5815 1565 5885; x_wconf 90' lang='lat' dir='ltr'><strong>quibus</strong></span> <span class='ocrx_word' id='word_1_555' title='bbox 1597 5816 1875 5883; x_wconf 86' lang='lat' dir='ltr'><strong>liberatus,</strong></span> <span class='ocrx_word' id='word_1_556' title='bbox 1902 5825 2223 5876; x_wconf 91' lang='lat' dir='ltr'><strong>consecutus</strong></span> <span class='ocrx_word' id='word_1_557' title='bbox 2248 5826 2331 5875; x_wconf 84' lang='lat' dir='ltr'><strong>est</strong></span> <span class='ocrx_word' id='word_1_558' title='bbox 2359 5818 2452 5877; x_wconf 82' lang='lat' dir='ltr'><strong>Dei</strong></span> <span class='ocrx_word' id='word_1_559' title='bbox 2483 5823 2758 5892; x_wconf 88' lang='lat' dir='ltr'><strong>pietatem.</strong></span> <span class='ocrx_word' id='word_1_560' title='bbox 2787 5824 2999 5881; x_wconf 88' lang='lat' dir='ltr'><strong>Etenim</strong></span> <span class='ocrx_word' id='word_1_561' title='bbox 3035 5828 3178 5898; x_wconf 86' lang='lat' dir='ltr'><strong>regis</strong></span> <span class='ocrx_word' id='word_1_562' title='bbox 3210 5841 3477 5885; x_wconf 88' lang='lat' dir='ltr'><strong>secretum</strong></span> <span class='ocrx_word' id='word_1_563' title='bbox 3511 5834 3890 5903; x_wconf 79' lang='lat' dir='ltr'><strong>manifestare,</strong></span> 
     </span>
    </p>
   </div>
   <div class='ocr_carea' id='block_1_55' title="bbox 612 5903 3891 6000">
    <p class='ocr_par' dir='ltr' id='par_1_55' title="bbox 612 5903 3891 6000">
     <span class='ocr_line' id='line_1_56' title="bbox 612 5903 3891 6000; baseline 0.008 -40"><span class='ocrx_word' id='word_1_564' title='bbox 612 5905 865 5960; x_wconf 71' lang='lat' dir='ltr'><strong>nocivum</strong></span> <span class='ocrx_word' id='word_1_565' title='bbox 892 5911 948 5959; x_wconf 82' lang='lat' dir='ltr'><strong>et</strong></span> <span class='ocrx_word' id='word_1_566' title='bbox 976 5903 1133 5959; x_wconf 87' lang='lat' dir='ltr'><strong>valde</strong></span> <span class='ocrx_word' id='word_1_567' title='bbox 1162 5905 1518 5973; x_wconf 88' lang='lat' dir='ltr'><strong>periculosum</strong></span> <span class='ocrx_word' id='word_1_568' title='bbox 1550 5916 1664 5975; x_wconf 84' lang='lat' dir='ltr'><strong>est;</strong></span> <span class='ocrx_word' id='word_1_569' title='bbox 1696 5918 1753 5966; x_wconf 86' lang='lat' dir='ltr'><strong>et</strong></span> <span class='ocrx_word' id='word_1_570' title='bbox 1781 5909 1877 5967; x_wconf 90' lang='lat' dir='ltr'><strong>Dei</strong></span> <span class='ocrx_word' id='word_1_571' title='bbox 1914 5911 2147 5982; x_wconf 87' lang='lat' dir='ltr'><strong>gloriosa</strong></span> <span class='ocrx_word' id='word_1_572' title='bbox 2177 5912 2338 5972; x_wconf 83' lang='lat' dir='ltr'><strong>silere</strong></span> <span class='ocrx_word' id='word_1_573' title='bbox 2366 5930 2565 5987; x_wconf 78' lang='lat' dir='ltr'><strong>opera,</strong></span> <span class='ocrx_word' id='word_1_574' title='bbox 2591 5933 2840 5990; x_wconf 86' lang='lat' dir='ltr'><strong>maguum</strong></span> <span class='ocrx_word' id='word_1_575' title='bbox 2881 5930 2964 5978; x_wconf 86' lang='lat' dir='ltr'><strong>est</strong></span> <span class='ocrx_word' id='word_1_576' title='bbox 3002 5922 3197 5979; x_wconf 82' lang='lat' dir='ltr'><strong>anima:</strong></span> <span class='ocrx_word' id='word_1_577' title='bbox 3227 5923 3626 5983; x_wconf 87' lang='lat' dir='ltr'><strong>detrimentum.</strong></span> <span class='ocrx_word' id='word_1_578' title='bbox 3661 5928 3891 6000; x_wconf 73' lang='lat' dir='ltr'><strong>Propter</strong></span> 
     </span>
    </p>
   </div>
  </div>
