4162 6352
316 354 421 420 6ἷὸ
1080 364 1239 424 νιτΑ
1278 364 1572 427 ΞᾹΝΟΤΑΕ
1613 362 1855 424 MANE
1893 363 1924 419 Α

2028 362 2353 436 ῩΡΤΙΑΟᾸΕ,
2400 366 2841 425 MEBETRICIS.
3495 368 3601 425 674

312 484 455 550 quod
487 494 589 551 ego
610 479 792 534 divina
821 488 1001 550 tegere
1028 480 1246 537 silentio
1272 483 1545 547 dubitans,
1572 489 1627 538 et
1667 479 1799 550 pigri
1838 478 1981 533 servi
2021 489 2267 536 metuens
2312 481 2772 536 condemnationis
2813 481 3100 537 imminens
3135 479 3420 551 judicium,
3448 482 3535 551 qui
3564 496 3594 537 a

314 574 536 631 domino
566 576 823 631 talentum
855 576 1149 646 accipiens,
1175 579 1383 634 fodiens
1414 579 1468 633 in
1496 589 1692 633 terram
1724 575 2027 642 abscondit,
2060 585 2113 632 et
2143 577 2328 632 datum
2353 578 2421 633 ad
2452 576 2823 648 operationem
2855 579 3051 633 celavit
3089 586 3237 633 extra
3282 579 3603 646 negotiatio-

316 684 443 726 rtem
475 668 695 740 (Matth.
722 670 871 741 xxv),
901 686 1113 725 sacram
1148 672 1211 726 ad
1241 688 1328 727 me
1359 673 1618 742 prolatam
1652 670 2013 725 narrationem
2055 685 2389 741 nequaquam
2438 672 2629 727 silebo.
2663 671 2780 734 Sed,
2811 672 2985 727 nullus
3026 671 3157 743 mihi
3186 671 3257 725 sit
3285 671 3597 727 incredulus

314 768 574 823 scribenti
603 768 673 823 de
700 766 779 823 eis
806 783 927 837 qum
951 768 1152 835 audivi,
1184 784 1285 824 nec
1313 769 1593 838 quisquam
1622 780 1709 820 me
1734 764 1946 821 mentiri
1977 767 2231 829 aestimet,
2252 765 2320 821 de
2344 767 2418 821 rei
2442 767 2809 833 magnitudine
2838 766 3109 820 dubitans.
3133 765 3255 819 Mihi
3286 767 3429 820 enim
3453 765 3602 823 absit

313 859 491 915 sacris
519 858 736 914 mentiri
768 859 950 924 rebus,
980 867 1038 914 et
1064 859 1351 915 adulterari
1384 859 1629 927 verbum,
1680 857 1766 913 ubi
1830 856 1968 911 Deus
2007 865 2360 913 memoratur.
2406 858 2537 927 Ejus
2575 868 2775 925 autem,
2823 860 2912 929 qui
2956 858 3173 912 minima
3220 858 3503 927 intelligit,
3544 864 3601 913 et

322 950 592 1021 indignius
623 950 688 1006 de
718 950 815 1006 Dei
854 951 1251 1020 magnitudine,
1286 951 1373 1020 qui
1405 966 1621 1005 carnem
1647 950 1967 1018 assumpsit,
1999 956 2055 1003 et
2086 947 2394 1003 incredulus
2440 960 2522 1005 est
2564 950 2663 1005 ista
2711 951 2947 1016 dicenti,
2981 966 3086 1005 non
3132 950 3258 1004 mihi
3308 948 3598 1020 pertinebit

328 1041 649 1113 periculum.
682 1040 853 1111 Siqui
884 1049 1061 1097 autem
1090 1041 1166 1095 illi
1196 1050 1323 1095 sunt
1343 1041 1432 1111 qui
1457 1040 1615 1110 hujus
1645 1040 1927 1110 scriptura:
1958 1039 2188 1110 legerint
2220 1050 2443 1105 textum,
2480 1043 2875 1112 gloriosamque
2916 1044 2990 1098 rei
3032 1042 3438 1098 admirationem
3468 1057 3602 1101 sane

322 1137 549 1193 credere
579 1139 875 1204 renuerint,
909 1148 960 1193 et
994 1138 1098 1192 illis
1128 1137 1389 1192 Dominus
1415 1135 1755 1203 misereatur,
1788 1136 2054 1204 faciatque
2082 1149 2307 1203 capaces
2338 1136 2509 1191 sancti
2536 1137 2704 1204 verbi,
2733 1153 2799 1192 ne
2826 1138 2901 1192 rei
2931 1140 3165 1191 existant
3191 1137 3281 1192 Dei
3307 1138 3599 1192 miraculo-

314 1244 465 1297 rum,
500 1246 619 1300 qua:
650 1230 799 1300 plura
831 1230 884 1284 in
916 1230 1028 1285 suis
1055 1229 1168 1285 fieri
1201 1228 1604 1299 praedestinavit
1633 1228 1823 1284 electis
1850 1244 1866 1285 :
1897 1227 2153 1297 quoniam
2183 1236 2237 1282 et
2263 1227 2364 1296 ipsi
2392 1228 2640 1284 humanae
2681 1238 2884 1284 naturae
2918 1228 3129 1284 inﬁrma
3159 1229 3599 1298 considerantes,

317 1318 674 1390 impossibilia
716 1322 1011 1378 decernunt
1038 1336 1101 1377 ea
1130 1338 1247 1392 qutn
1292 1322 1359 1377 de
1404 1320 1714 1377 hominibus
1742 1320 1944 1374 sanctis
1975 1320 2208 1392 gloriosa
2237 1320 2513 1376 dicuntur.
2546 1322 2828 1378 Assumam
2867 1323 2935 1378 de
2964 1335 3167 1379 czetero
3198 1326 3557 1380 narrationem
3580 1363 3597 1389 ,

320 1416 495 1486 ipsam
528 1432 640 1472 rem
669 1415 938 1474 referens.
970 1431 1089 1487 qua:
1110 1416 1165 1470 in
1194 1417 1294 1471 hac
1323 1425 1505 1471 nostra
1529 1415 1875 1486 generatione
1906 1412 2044 1469 facta
2075 1413 2427 1483 dignoscitur,
2461 1430 2620 1485 quam
2644 1431 2797 1470 sacer
2821 1417 2924 1482 vir,
2960 1416 3136 1472 divina
3160 1426 3213 1472 et
3241 1432 3401 1487 agere
3428 1426 3477 1471 et
3503 1416 3608 1470 do-

316 1524 445 1564 oere
476 1510 755 1575 educatus,
791 1510 1048 1567 narravit.
1084 1510 1190 1566 Sed
1220 1520 1279 1566 ut
1309 1525 1469 1580 supra
1494 1510 1694 1565 dictum
1728 1518 1831 1575 est,
1857 1508 2037 1563 nullus
2068 1507 2183 1562 lucc
2207 1508 2272 1563 ad
2302 1508 2731 1564 incredulitatem
2768 1510 2978 1577 trahat,
3026 1510 3373 1567 considerans
3399 1510 3605 1579 impos-

315 1603 473 1659 sibile
505 1603 619 1660 fieri
650 1605 702 1659 in
736 1604 837 1660 hac
865 1613 1047 1660 nostra
1074 1604 1427 1675 generatione
1475 1613 1581 1659 tam
1630 1602 1835 1671 grande
1879 1600 2233 1665 miraculum,
2285 1603 2407 1671 quia
2453 1596 2629 1672 gratia
2659 1603 2752 1658 Dei
2795 1620 2887 1674 per
2916 1620 3105 1661 omnes
3140 1606 3518 1678 generationes
3549 1604 3603 1660 in

314 1708 534 1755 sanctas
563 1699 934 1769 pertransiens
964 1699 1193 1764 animas,
1228 1698 1432 1754 amicos
1455 1697 1549 1753 Dei
1575 1697 1701 1751 facit
1723 1706 1777 1751 et
1804 1696 2091 1764 prophetas
2115 1735 2128 1758 ,
2157 1694 2609 1764 quemadmodum
2656 1694 2913 1751 Salomon
2949 1697 3240 1752 secundum
3275 1698 3440 1752 Deum
3471 1696 3608 1753 edo-

316 1793 432 1850 cuit
458 1793 612 1864 (Sap.
647 1794 766 1865 vn).
802 1794 1038 1863 Tempus
1065 1808 1297 1863 namque
1326 1801 1411 1848 est
1439 1806 1605 1849 sacrae
1636 1791 1867 1861 prodere
1896 1787 2221 1841 narrationis
2251 1788 2483 1857 initium,
2510 1803 2760 1859 magnum
2785 1790 3045 1861 virileque
3070 1800 3344 1846 certamen
3378 1805 3603 1847 venera-

316 1884 441 1941 bi.is
471 1886 651 1941 Maria:
684 1886 1044 1957 Egyptiacre,
1077 1886 1325 1941 videlicet
1355 1886 1585 1956 qualiter
1610 1884 1907 1953 expleverit
1938 1890 2179 1950 tempora
2211 1880 2331 1936 vitae
2358 1895 2490 1935 suae.

1721 2138 2218 2269 VITA.

391 2346 571 2400 Cum
610 2356 828 2398 relusit.
850 2339 995 2395 —ln
1025 2335 1354 2393 monasterio
1376 2333 1782 2389 Palaestinornm
1808 2329 1910 2383 fuit
1938 2331 1990 2387 A
2016 2335 2076 2381 ut
2105 2329 2173 2381 ita
2202 2325 2396 2392 dicam,
2420 2329 2673 2385 maternis
2694 2330 2835 2386 ulnis
2852 2330 2903 2385 in
2930 2329 3030 2386 hoc
3055 2344 3114 2387 se
3139 2345 3259 2387 esse
3282 2327 3613 2389 monasterio

1206 2028 2547 2053 *Μ

318 2441 407 2496 vir
434 2442 556 2494 vitae
582 2436 821 2492 moribus
849 2444 905 2489 et
924 2432 1091 2488 verbo
1118 2437 1361 2495 ornatus,
1378 2427 1470 2499 qui
1490 2426 1559 2481 ab
1584 2424 1716 2495 ipsis
1745 2439 1911 2478 cuna-

318 2534 461 2591 bulis
484 2576 499 2602 ,
531 2529 860 2587 monachicis
883 2537 966 2584 est
1006 2526 1215 2583 actibus
1252 2524 1544 2593 diligenter
1575 2520 1907 2582 instructus,

318 2635 377 2683 et
405 2622 906 2682 conversationibus
940 2620 1202 2676 veraciter
1236 2615 1516 2679 educatus,
1550 2612 1769 2667 nomine
1798 2608 1914 2661 Zo-

319 2719 488 2774 simas
529 2715 633 2785 (6).
676 2715 741 2769 Et
788 2712 967 2768 nullus
1012 2726 1113 2767 nos
1159 2708 1392 2765 aestimet
1428 2706 1610 2762 dicere
1641 2703 1910 2759 Zosimam

320 2810 472 2867 illum
504 2809 556 2863 in
589 2804 982 2878 praedicationis
1023 2818 1265 2860 erroneze
1307 2800 1647 2872 dogmatibus
1691 2810 1913 2852 accusa-

320 2912 433 2958 tum
474 2909 632 2957 seem
670 2899 924 2963 alterius;
955 2896 1095 2951 alius
1139 2896 1283 2951 enim
1317 2894 1433 2960 hic,
1467 2902 1521 2948 et
1544 2891 1683 2945 alius
1706 2889 1826 2955 ille,
1860 2896 1915 2944 et

320 2994 486 3050 multa
517 2994 658 3048 inter
685 3001 941 3059 utrosque
970 2989 1225 3044 distantia
1245 3030 1260 3053 ,
1303 2986 1431 3042 licet
1478 3001 1641 3040 unum
1689 2994 1913 3054 uterque

322 3088 498 3144 sortiti
543 3087 650 3141 sint
686 3083 933 3141 vocabuli
985 3097 1205 3139 nomen.
1238 3082 1335 3136 Hic
1365 3081 1545 3151 itaque
1571 3078 1816 3133 Zosimas
1846 3079 1914 3133 ab

324 3180 477 3236 initio
509 3180 559 3234 in
589 3194 698 3234 uno
723 3177 1125 3233 Palatstinorum
1154 3184 1507 3230 conversatus
1528 3181 1610 3227 est
1636 3179 1914 3227 monaste-

322 3273 428 3340 rio,
449 3281 503 3327 et
526 3285 740 3326 omnem
764 3267 1130 3340 pertransiens
1157 3266 1524 3323 monachicam
1549 3263 1911 3333 disciplinam,

324 3363 380 3418 in
411 3363 749 3419 abstinentia:
780 3376 944 3431 opere
983 3359 1221 3415 omnium
1255 3358 1427 3414 factus
1469 3367 1554 3413 est
1592 3356 1917 3426 probatissi-

322 3470 466 3512 mus.
495 3454 667 3509 Omne
692 3453 837 3509 enim
880 3461 1211 3523 praeceptum
1257 3450 1361 3506 sibi
1407 3449 1659 3504 traditum
1694 3450 1917 3504 canonis

324 3548 395 3603 ab
424 3548 506 3602 his
528 3547 618 3617 qui
646 3546 714 3601 ab
741 3546 960 3601 infantia
1007 3545 1217 3600 educati
1244 3554 1367 3599 sunt
1387 3584 1403 3608 ,
1436 3544 1632 3599 luctam
1661 3542 1919 3613 perfecta:

325 3640 623 3708 disciplinae
653 3639 985 3694 monachicae
1035 3636 1583 3705 irreprehensibiliter
1622 3649 1917 3691 conserva-

2019 2417 2314 2485 traditnm,
2372 2428 2427 2475 et
2483 2435 2654 2492 usque
2708 2422 2773 2477 ad
2829 2423 3329 2492 quinquagesimum
3388 2424 3604 2478 tertium

2013 2524 2213 2565 annum
2257 2510 2309 2566 in
2341 2526 2408 2567 eo
2446 2528 2663 2569 cursum
2710 2515 3087 2571 monachicum
3136 2516 3428 2587 peregisse.
3480 2515 3608 2572 Post

2015 2603 2130 2659 haec
2158 2611 2336 2659 autem
2370 2606 2612 2674 pulsatus
2644 2617 2727 2662 est
2749 2623 2777 2661 a
2809 2607 3127 2677 quibusdam
3156 2608 3602 2678 cogitationibus,

2014 2697 2165 2767 quasi
2213 2697 2321 2766 jam
2359 2697 2409 2751 in
2445 2698 2694 2753 omnibus
2727 2708 2874 2754 esset
2906 2699 3174 2768 perfectus
3196 2742 3212 2768 ,
3241 2700 3469 2756 alterius
3498 2715 3607 2757 non

2016 2789 2260 2860 indigens
2287 2791 2339 2844 in
2370 2790 2478 2844 ullo
2502 2791 2770 2846 doctrina.
2799 2792 2923 2847 Haec
2948 2802 3127 2847 autem
3151 2833 3166 2859 ,
3193 2802 3250 2847 ut.
3271 2794 3483 2849 dicebat
3503 2834 3521 2863 ,
3553 2792 3609 2849 in

1986 2898 2077 2957 (se
2103 2885 2411 2953 cogitabat:
2445 2883 2693 2955 Nunquid
2728 2895 2807 2939 est
2841 2886 2893 2940 in
2942 2887 3100 2941 terris
3149 2887 3474 2952 monachus,
3520 2886 3611 2956 qui

2017 2995 2213 3034 novum
2245 2978 2444 3048 aliquid
2479 2981 2649 3049 possit
2680 2978 2893 3035 tradere
2922 2980 3077 3041 mihi.
3100 2979 3291 3048 juvare
3315 2995 3402 3035 me
3430 2980 3615 3045 valens

2019 3073 2074 3128 in
2101 3073 2279 3142 aliquo
2311 3071 2451 3142 quod
2477 3074 2740 3141 ignorem,
2766 3082 2858 3127 aut
2882 3071 3024 3141 quod
3066 3087 3167 3143 ego
3207 3074 3257 3126 in
3290 3072 3607 3128 monachico

2020 3183 2127 3221 non
2154 3165 2483 3235 expleverim
2514 3165 2712 3234 opere?
2735 3164 2982 3234 Nunquid
3006 3165 3275 3218 invenitur
3296 3179 3481 3219 eorum
3511 3163 3604 3233 qui

2020 3259 2366 3315 solitudinem
2395 3258 2668 3313 duxerunt
2696 3259 2779 3313 vir
2806 3259 2893 3328 qui
2920 3259 3065 3327 prior
3087 3274 3175 3313 me
3198 3259 3248 3311 in
3275 3257 3483 3312 actibus
3506 3257 3611 3312 sit?

2022 3353 2146 3408 Ilaec
2175 3362 2228 3407 et
2260 3350 2342 3406 his
2371 3352 2533 3422 383
2560 3351 2756 3405 similia
2789 3366 2855 3406 eo
2881 3351 3169 3420 cogitante,
3193 3350 3362 3405 astitit
3391 3348 3607 3419 quidam

2023 3456 2077 3501 et
2112 3445 2246 3500 dixit
2268 3444 2356 3499 ei:
2387 3442 2429 3497 Ο
2451 3442 2685 3507 Zosima,
2716 3443 2853 3498 bene
2880 3442 3135 3512 quidem,
3167 3453 3220 3497 et
3259 3442 3400 3497 sicut
3428 3440 3603 3510 possi-

2024 3538 2130 3595 bile
2154 3537 2255 3591 fuit
2276 3535 2480 3590 homini
2505 3578 2520 3603 ,
2549 3534 2837 3590 decretasti
2860 3575 2875 3599 ,
2907 3533 3045 3588 bene
3087 3548 3301 3589 cursum
3332 3530 3614 3587 monachi-

2026 3646 2149 3687 cum
2199 3629 2609 3684 eonsnmmasti.
2636 3627 2837 3682 Tamen
2867 3626 3046 3682 nullus
3076 3635 3159 3682 cst
3197 3628 3249 3681 in
3300 3626 3613 3681 hominibus

327 3736 440 3791 bat.
474 3735 635 3790 Multa
660 3733 822 3789 etiam
859 3743 914 3788 et
940 3733 1055 3803 ipse
1082 3731 1187 3787 sibi
1211 3731 1471 3801 adjiciens
1498 3729 1875 3800 superaddidit
1896 3770 1912 3796 ,
1948 3729 1997 3789 B
2023 3723 2114 3793 qui
2144 3736 2203 3777 se
2228 3720 2524 3790 perfectum
2549 3733 2670 3774 esse
2697 3718 3051 3772 demonstret.
3088 3717 3255 3785 Major
3275 3717 3418 3771 enim
3462 3716 3606 3769 lucta

326 3830 553 3897 cupiens
583 3843 798 3884 carnem
828 3827 1038 3897 spiritui
1068 3826 1382 3896 subjugare.
1413 3826 1523 3881 Nec
1554 3825 1697 3880 enim
1733 3824 1785 3878 in
1812 3824 1921 3879 ali-

326 3936 437 3991 quo
460 3920 749 3976 offendisse
775 3920 1180 3989 comprobatur.
1218 3918 1292 3973 lta
1323 3918 1466 3973 enim
1498 3917 1598 3972 fuit
1629 3919 1681 3972 in
1713 3917 1920 3970 cunctis

329 4015 599 4087 perfectus
632 4014 963 4070 monachicis
993 4013 1219 4079 actibus,
1244 4021 1302 4067 ut
1325 4013 1600 4067 multoties
1627 4010 1780 4066 multi
1804 4025 1920 4065 mo-

328 4107 488 4162 nachi
538 4107 606 4163 de
636 4108 873 4177 praedicti
914 4105 1017 4162 loci
1058 4106 1397 4161 monasteriis
1427 4104 1575 4161 etde
1613 4103 1921 4174 longinquis

333 4201 574 4270 partibus
620 4201 687 4255 ad
731 4215 854 4256 eum
903 4199 1268 4268 conﬂuentes,
1299 4198 1415 4269 ejus
1458 4198 1719 4267 exemplis
1763 4205 1922 4267 atque

330 4290 597 4348 doctrinis
621 4308 679 4348 se
704 4294 1136 4363 constringerent
1155 4335 1168 4357 ,
1196 4302 1249 4347 et
1288 4292 1357 4346 ad
1389 4291 1532 4346 illius
1566 4290 1920 4346 imitationem

333 4384 675 4440 abstinentiae
704 4399 764 4440 se
792 4384 961 4440 multo
984 4384 1156 4455 magis
1183 4384 1547 4454 subjugarent.

411 4480 543 4537 CAP.
572 4481 635 4537 ll.
663 4510 735 4521 —
761 4481 887 4537 Hatc
915 4481 1094 4551 itaque
1117 4479 1298 4535 omnia
1330 4480 1383 4533 in
1415 4493 1475 4533 se
1503 4476 1727 4544 habens,
1757 4490 1787 4530 a
1810 4489 1924 4530 me-
1970 4525 1976 4531 .

334 4574 602 4630 ditatione
650 4574 793 4629 sacri
840 4572 1041 4644 eloquii
1088 4586 1355 4641 nunquam
1402 4570 1691 4637 discessit,
1735 4568 1829 4624 sed
1870 4568 1925 4621 in

337 4676 509 4722 stratu
534 4681 633 4721 suo
654 4665 958 4736 quiescens,
983 4666 1097 4721 sive
1121 4677 1366 4733 surgens,
1383 4672 1474 4719 aut
1493 4677 1711 4731 operam
1738 4670 1927 4716 tenens

337 4758 613 4826 manibus,
637 4758 721 4813 vel
748 4758 927 4813 cibum
953 4798 967 4825 ,
991 4755 1037 4810 si
1068 4755 1421 4812 conveniebat
1448 4762 1508 4808 ut
1534 4760 1803 4817 sumeret,
1831 4751 1929 4806 bo-

339 4867 491 4919 num,
519 4866 627 4919 quo
650 4850 736 4905 ille
768 4850 842 4904 uti
880 4856 1259 4913 consueverat,
1286 4845 1639 4917 spiritualiter
1656 4844 1927 4908 utebatur,

340 4958 508 4996 unum
534 4957 671 5013 opus
702 4940 932 4997 habebat
962 4938 1239 4994 intacitum
1271 4948 1325 4992 et
1348 4952 1618 5006 nunquam
1642 4936 1927 5001 deﬁciens,

342 5034 575 5105 psallere
606 5034 913 5105 frequenter
933 5043 986 5088 et
1011 5030 1415 5088 meditationem
1446 5032 1623 5088 facere
1648 5031 1787 5086 sacri
1820 5030 1931 5085 elo-

2026 3828 2263 3885 praesens
2286 3828 2446 3883 quam
2474 3812 2558 3866 illa
2582 3826 2704 3882 qua:
2736 3810 3015 3880 praeteriit,
3044 3810 3168 3864 licet
3195 3818 3249 3863 tu
3281 3810 3510 3865 nescias.
3541 3807 3614 3865 Ut

2024 3915 2200 3959 autem
2230 3917 2523 3973 cognoscas
2562 3910 2778 3972 quanta‘.
2828 3902 2936 3957 sint
2980 3911 3035 3956 et
3083 3901 3204 3955 aliae
3241 3902 3339 3957 via:
3386 3900 3616 3970 salutis,

2026 3997 2285 4070 egredere
2311 3996 2378 4051 de
2411 4006 2551 4051 terra
2581 4004 2634 4050 et
2668 3995 2737 4049 de
2766 3995 3087 4064 cegnatione
3117 4004 3202 4049 tua
3225 4036 3239 4060 ,
3270 4005 3324 4050 et
3354 3994 3422 4051 de
3450 3995 3616 4050 domo

2027 4088 2193 4161 patris
2237 4088 2333 4157 tui,
2383 4097 2443 4143 ut
2481 4085 2753 4144 Abraham
2785 4087 2873 4142 ille
2913 4087 3342 4157 patriarcharum
3383 4087 3615 4143 eximius

2029 4181 2187 4254 (Gen.
2210 4181 2335 4248 ιιι),
2366 4190 2421 4236 et
2444 4181 2565 4236 veni
2596 4180 2660 4235 ad
2689 4180 3074 4237 monasterium
3103 4181 3245 4249 quod
3289 4179 3439 4250 juxta
3488 4178 3614 4237 Jor-

2028 4274 2223 4330 dauem
2248 4273 2456 4343 adjacet
2479 4273 2677 4329 ﬂumen

2104 4389 2231 4443 CAP.
2262 4387 2350 4442 lll.
2372 4417 2443 4427 -
2463 4388 2582 4443 Mox
2616 4387 2774 4457 igitur
2799 4396 3014 4443 secutus
3042 4387 3303 4441 dicentem
3324 4428 3337 4450 ,
3363 4400 3615 4458 egressus

2031 4479 2101 4536 de
2147 4479 2475 4535 monasterio
2502 4521 2515 4543 ,
2546 4479 2598 4533 in
2630 4494 2737 4549 quo
2767 4479 2833 4532 ab
2865 4478 3085 4533 infantia
3118 4488 3468 4533 conversatus
3496 4487 3579 4533 est
3604 4517 3621 4545 ,

2034 4584 2087 4628 et
2117 4572 2441 4642 perveniens
2492 4570 2557 4624 ad
2600 4570 3155 4635 .lordauem,tluvium
3213 4569 3448 4624 omnium
3497 4584 3620 4624 san-

2035 4666 2282 4731 ctiorem,
2305 4662 2552 4733 dirigitur
2578 4663 2644 4717 ab
2674 4676 2739 4718 co
2763 4661 2854 4732 qui
2885 4662 3096 4717 vocavit
3116 4676 3237 4717 eum
3268 4663 3321 4717 in
3352 4671 3625 4718 monaste-

2040 4758 2180 4814 rium
2218 4757 2272 4810 in
2307 4755 2450 4826 quod
2495 4754 2643 4809 illum
2680 4755 2819 4811 Deus
2864 4755 3049 4810 venire
3090 4755 3365 4827 praecepit.
3399 4756 3626 4812 Pulsans

2040 4852 2202 4923 igitur
2242 4849 2553 4905 monasterii
2600 4847 2840 4919 januam,
2891 4849 3125 4919 loquitur
3170 4849 3316 4920 prius
3360 4849 3626 4906 monacho

2040 4945 2129 5014 qui
2156 4943 2370 5011 januam
2401 4942 2739 5010 observabat,
2775 4952 2827 4997 et
2849 4943 2939 4998 ille
2968 4944 3239 4998 nuntiavit
3266 4958 3389 4999 eum
3422 4942 3623 5001 abbati.

2044 5036 2144 5103 Qui
2184 5035 2481 5103 suscipiens
2510 5049 2654 5102 eum,
2697 5034 2985 5105 habituque
3011 5042 3066 5090 et
3093 5034 3274 5102 specie
3317 5032 3624 5103 religiosum

339 5128 473 5197 quii.
508 5127 777 5181 Multoties
797 5126 939 5182 enim
965 5135 1212 5181 asserunt
1245 5126 1367 5195 quia
1396 5134 1449 5180 et
1478 5123 1671 5179 divinae
1697 5125 1934 5179 illustra-
1955 5110 2010 5178 C
2041 5128 2401 5197 conspiciens,
2436 5136 2712 5197 postquam
2738 5128 2886 5183 llexit
2910 5143 3071 5198 genu,
3100 5135 3157 5181 ut
3188 5140 3306 5179 mos
3336 5134 3419 5179 est
3449 5139 3632 5179 mona-

349 5217 515 5274 tionis
545 5218 738 5289 dignus
783 5216 1040 5283 effectus,
1072 5232 1102 5271 a
1131 5218 1241 5272 Deo
1282 5217 1383 5273 sibi
1426 5217 1659 5271 visiones
1699 5224 1932 5271 ostensa:

343 5320 494 5376 sunt,
524 5320 580 5366 et
609 5312 800 5367 mirum
834 5326 939 5366 non
971 5321 1053 5367 est
1086 5326 1186 5367 nec
1212 5311 1544 5367 incredibile.
1577 5310 1632 5366 Si
1661 5310 1802 5366 enim
1830 5349 1845 5374 ,
1874 5318 1933 5364 ut

343 5405 421 5459 ait
445 5405 728 5470 Dominus,
757 5405 896 5460 beati
925 5404 1125 5460 mundo
1152 5405 1336 5470 corde,
1359 5405 1609 5474 quoniam
1633 5403 1735 5473 ipsi
1764 5403 1932 5458 Deum

345 5498 605 5554 videbunt
631 5496 856 5568 (Matth.
889 5498 978 5569 v);
1010 5507 1210 5569 quanto
1238 5498 1409 5568 magis
1435 5497 1525 5568 qui
1557 5512 1709 5552 suam
1748 5496 1935 5566 purifi-

346 5592 593 5648 caverint
620 5608 839 5650 carnem
860 5635 877 5661 ,
908 5594 1074 5649 sobrii
1108 5608 1341 5662 semper,
1374 5595 1782 5662 animorumque
1814 5605 1937 5660 per-

347 5685 581 5756 vigiles,
641 5688 825 5745 oculos
880 5687 1076 5742 divina:
1137 5687 1466 5757 prospiciunt
1521 5685 1937 5750 illustrationis,

351 5779 578 5836 visionis
628 5780 887 5837 indicium
942 5781 1065 5835 hinc
1103 5790 1419 5851 praeparata:
1463 5780 1656 5835 futura:
1684 5779 1943 5835 bonitatis

354 5873 719 5941 accipientes?
761 5874 987 5933 Dicebat
1028 5883 1206 5932 autem
1244 5862 1647 5944 ipse‘Zosimas,
1678 5875 1746 5931 ab
1780 5874 1941 5944 ipsis,

2044 5224 2183 5289 chis,
2215 5234 2433 5293 accepta
2466 5224 2729 5288 oratione,
2757 5222 2859 5278 hoc
2888 5238 3007 5277 eum
3044 5220 3430 5285 interrogavit:
3458 5218 3633 5274 Unde.

2042 5319 2229 5387 frater,
2280 5317 2576 5373 advenisti?
2625 5326 2681 5373 et
2718 5333 2875 5389 quam
2907 5316 2979 5371 ob
3009 5331 3120 5370 rem
3151 5315 3289 5383 apud
3323 5314 3550 5369 humiles
3584 5322 3636 5370 le

2045 5410 2372 5482 conjunxisti
2422 5410 2750 5467 monachos?
2799 5406 3040 5463 Zosimas
3091 5415 3267 5460 autem
3315 5405 3632 5474 respondit:

2048 5503 2201 5561 Unde
2255 5503 2470 5573 quidem
2518 5502 2662 5568 veni,
2696 5518 2801 5555 non
2853 5508 2981 5571 puto
3013 5499 3380 5555 necessarium
3413 5499 3637 5566 dicere;

2049 5594 2418 5650 :edilicationis
2448 5602 2624 5649 autem
2654 5593 2845 5662 gratia,
2888 5592 3064 5657 Pater,
3095 5591 3306 5646 adveni.
3354 5592 3545 5647 Audivi
3570 5591 3641 5650 de

2052 5685 2206 5740 vobis
2232 5684 2493 5755 magnalia
2519 5693 2572 5739 et
2602 5683 2757 5737 laude
2783 5682 2967 5751 digna,
2996 5691 3049 5737 et
3076 5697 3234 5753 posse
3266 5682 3376 5738 Leo
3404 5683 3639 5737 animam

2051 5778 2282 5835 sociare.
2316 5778 2457 5832 Dixit
2497 5786 2678 5833 autem
2711 5778 2759 5834 ei
2792 5776 2995 5832 abbas:
3024 5778 3184 5845 Deus,
3211 5776 3393 5843 frater,
3424 5777 3514 5847 qui
3546 5792 3639 5829 so-

2004 5954 2014 5965 ,
2051 5872 2136 5929 lus
2166 5879 2320 5929 sanat
2364 5871 2557 5928 animae
2587 5871 2977 5933 inﬁrmitatem.
3011 5874 3124 5944 ipse
3152 5882 3203 5930 te
3230 5880 3283 5929 et
3311 5885 3410 5929 nos
3448 5870 3640 5927 doceat
