4162 6352
596 394 609 409 ί-
642 366 747 426 675
1665 362 1756 424 ot:
1791 360 1971 423 vt‘rts
2017 356 2301 423 parum
2342 358 2543 421 Lmen
2584 361 2858 423 Pontus.
3823 364 3914 433 ista

639 490 819 548 divina
870 488 1117 544 mandata
1145 528 1159 552 ,
1191 493 1247 543 et
1291 486 1484 557 dirigat
1530 499 1718 541 omnes
1762 486 1829 541 ad
1874 501 1939 542 ea
1982 485 2229 541 facienda
2265 486 2313 547 Α
2338 483 3108 553 bant,etpsallentcsconsona
3127 485 3917 547 roce:Dominusillumiuatio

594 598 599 603 '
639 598 759 654 quae
786 589 1082 652 opportuna
1115 589 1260 634 sunt.
1287 580 1456 634 Homo
1479 580 1622 634 enim
1656 579 1929 634 hominem
1959 578 2227 633 aediﬁcare
2332 592 2452 633 mea
2481 586 2533 632 et
2560 578 2706 632 salus
2734 592 2876 645 mea,
2905 592 3065 647 quem
3108 579 3345 635 timebo?
3378 580 3637 637 Dominus
3664 585 3914 643 defensor

636 690 745 733 non
774 676 937 740 valet,
964 674 1062 727 nisi
1098 673 1461 742 unusquisque
1482 670 1722 726 attendat
1741 673 2096 739 semetipsum
2118 672 2227 725 fre-

636 778 883 839 quenter,
901 777 957 822 et
986 767 1167 820 sobrio
1187 766 1456 820 intellecto
1487 766 1627 835 quod
1649 766 1953 836 expedibile
1980 775 2063 821 est
2090 778 2223 835 opes

637 870 805 927 retur,
835 862 1003 916 Deum
1031 860 1237 915 habens
1259 870 1686 929 coeperatorem.
1714 860 1916 916 Tamen
1948 864 2223 931 quoniam,

636 967 693 1013 ut
720 958 922 1023 dixisti,
954 956 1189 1011 charitas
1214 955 1412 1010 Christi
1444 968 1495 1011 te
1525 955 1706 1010 videre
1732 969 1832 1011 nos
1858 955 2089 1009 humiles
2110 969 2227 1009 mo-

634 1053 833 1105 nachos
865 1049 1133 1117 perduxit,
1159 1061 1314 1103 mane
1352 1047 1655 1112 nobiscum,
1688 1048 1735 1103 si
1762 1048 1837 1101 ob
1878 1046 1981 1101 hoc
2007 1046 2220 1112 venisti,

632 1154 692 1199 ut
724 1157 913 1199 omnes
962 1157 1059 1197 nos
1103 1143 1301 1197 nutriet
1340 1149 1525 1209 pastor
1558 1140 1731 1195 bonus
1769 1140 1939 1195 sancti
1988 1140 2223 1208 Spiritus

602 1236 712 1291 .sui
742 1236 930 1305 gratia,
962 1237 1053 1305 qui
1085 1236 1319 1290 animam
1348 1250 1505 1290 suam
1536 1234 1687 1290 dedit
1718 1235 2093 1289 liberationem
2124 1247 2219 1301 pro

596 1358 597 1361 η
629 1330 807 1392 nobis,
840 1340 894 1384 et
925 1330 1168 1399 proprias
1195 1342 1325 1384 oves
1351 1338 1507 1383 vocat
1533 1343 1601 1383 ex
1634 1328 1853 1383 nomine
1880 1326 2099 1399 (Matth.
2126 1341 2217 1392 xx;

586 1432 595 1437 '
627 1421 784 1477 Joan.
818 1421 897 1493 x).
932 1423 1056 1477 llaec
1083 1423 1293 1477 dicente
1334 1422 1558 1486 abbate,
1590 1421 1813 1477 flectens
1840 1423 2033 1477 iterum
2066 1418 2220 1474 Zosi~

626 1528 743 1568 mas
790 1527 982 1583 genus,
1031 1524 1246 1583 accepta
1291 1512 1576 1578 oratione,
1609 1511 1887 1581 respondit
1937 1512 2132 1577 Amen,
2162 1519 2220 1567 et

626 1609 822 1663 mansit
854 1611 905 1662 in
936 1608 1125 1663 eodem
1158 1609 1505 1663 monasterio.

697 1699 824 1756 Car.
858 1698 946 1759 IV.
970 1730 1040 1741 -——
1062 1700 1207 1755 Vidit
1231 1709 1411 1755 autem
1445 1700 1515 1755 ibi
1543 1700 1785 1753 seniores
1813 1698 2021 1752 actibus
2049 1704 2105 1752 et
2132 1695 2213 1751 vi-

588 1810 595 1815 τ
624 1794 779 1848 sione
805 1794 1176 1863 splendentes,
1208 1793 1401 1863 spiritu
1430 1792 1734 1856 ferventes,
1760 1798 1815 1844 et
1846 1790 2071 1844 Domino
2097 1803 2213 1843 ser-

2330 670 2451 724 vitte
2492 684 2651 735 mem,
2678 686 2707 724 a
2744 685 2851 741 quo
2897 670 3216 740 trepidabo?
3241 683 3344 727 etc.
3380 672 3551 743 (Psal.
3585 681 3765 745 xxvi),
3800 682 3911 734 exi-

2328 761 2477 828 bant,
2509 778 2671 816 unutn
2712 761 2988 817 multoties
3023 772 3115 816 ant
3143 766 3277 819 duos
3322 766 3633 823 munaSterii
3665 772 3910 826 custodes

2327 854 2725 921 relinquentes,
2749 868 2853 907 non
2902 864 2960 907 ut
2986 856 3324 911 custodirent
3350 872 3410 912 ea
3444 874 3563 927 qua:
3594 861 3739 915 intus
3767 871 3912 915 erant

2326 950 2561 1017 reposita
2592 950 2721 1019 (non
2752 951 2895 1004 enim
2942 960 3095 1005 erant
3143 952 3281 1020 apud
3332 954 3454 1008 illos
3502 953 3675 1023 aliqua
3708 958 3911 1011 furibus

2327 1039 2608 1110 congrua),
2638 1040 2733 1095 sed
2765 1055 2834 1096 ne
2862 1043 3159 1097 oratorium
3191 1043 3393 1113 absque
3422 1044 3616 1099 divinis
3644 1048 3908 1117 relinque-

2325 1144 2444 1185 rent
2466 1134 2761 1188 solemniis.
2791 1135 3165 1205 Unusquisque
3185 1148 3361 1191 autem
3389 1152 3452 1192 se
3471 1143 3784 1195 annonabat
3805 1141 3907 1211 (9),

2325 1235 2482 1294 prout
2520 1235 2733 1298 poterat
2769 1239 2862 1283 aut
2903 1228 3140 1285 volebat.
3192 1228 3324 1286 Nam
3353 1248 3494 1288 unus
3524 1236 3766 1302 portabat
3794 1242 3910 1293 coi-

2325 1318 2438 1385 pori
2462 1318 2528 1391 ad
2554 1334 2860 1374 mensuram
2890 1320 3167 1376 sufﬁciens
3185 1323 3327 1394 (l0),
3348 1325 3486 1379 alios
3508 1340 3749 1397 caricas,
3776 1331 3907 1385 alius

2321 1410 2621 1481 palmarum
2683 1413 2887 1469 fructus
2941 1416 3223 1485 dactylos,
3275 1418 3411 1473 alius
3464 1432 3594 1474 vero
3647 1422 3907 1491 legumina

2318 1502 2484 1574 384
2503 1506 2658 1574 aquis
2680 1506 2875 1572 infusa,
2889 1508 3027 1562 alius
3049 1508 3181 1563 nihil
3204 1520 3401 1579 prteter
3418 1524 3610 1582 corpus
3632 1514 3901 1583 proprium

2321 1605 2374 1651 et
2416 1600 2797 1654 vestimentum
2844 1615 2952 1670 quo
2980 1601 3253 1657 utebatur.
3298 1603 3678 1660 Nutriehantur
3707 1617 3903 1670 autem,

2317 1690 2537 1759 quando
2554 1694 2851 1748 necessitas
2869 1694 3118 1761 exigebat
3140 1703 3364 1762 naturae,
3383 1698 3564 1752 herbis
3592 1713 3711 1767 qua:
3734 1712 3905 1755 nasce-

2316 1781 2515 1838 bantur
2548 1799 2643 1853 per
2672 1786 3036 1842 solitudinem.
3063 1786 3250 1843 Canon
3271 1797 3453 1843 autem
3477 1799 3594 1845 erat
3622 1795 3903 1863 unusquis-

626 1889 850 1943 vientes.
902 1888 1187 1942 Psallentia
1235 1886 1313 1956 (7)
1355 1886 1429 1941 ibi
1476 1895 1611 1954 erat,
1658 1885 2005 1941 incessabiles
2049 1885 2211 1940 totius
2242 1875 2421 1943 Bque
2465 1878 2567 1932 Sibi
2597 1877 2701 1947 ipsi
2744 1888 2802 1935 ει
2830 1880 2919 1934 lex
2947 1880 3153 1949 absque
3195 1883 3661 1952 pmvaricatione,
3693 1894 3756 1939 ιιι
3802 1902 3900 1940 non

623 1982 797 2037 noctis
838 1980 1042 2035 habens
1090 1980 1451 2048 stabilitates,
1502 1989 1559 2035 et
1603 1980 1659 2035 in
1699 1980 1948 2034 manibus
1994 1993 2212 2049 semper

624 2074 886 2143 operatio,
909 2082 964 2127 et
986 2074 1037 2127 in
1060 2088 1155 2128 ore
1186 2071 1375 2143 psalmi
1405 2072 1576 2127 divini
1607 2075 1808 2143 absque
1834 2072 2209 2128 diminutione.

625 2166 815 2222 Sermo
849 2165 919 2219 ibi
946 2174 1150 2220 otiosos
1190 2180 1295 2219 non
1329 2164 1671 2234 proﬁciebat;
1700 2166 1954 2234 cOgitatio
1982 2164 2097 2221 auri
2128 2180 2214 2219 ar-

619 2260 902 2331 gentique,
932 2267 1022 2313 aut
1062 2261 1138 2315 rei
1187 2260 1413 2331 alicujus
1457 2260 1595 2329 apud
1628 2260 1749 2315 illos
1781 2277 1887 2315 non
1936 2271 2086 2327 erat;
2113 2276 2211 2316 ex-

482 2386 487 2397 κ
578 2352 579 2355 “
620 2363 788 2420 pensa
820 2348 946 2405 anni
977 2351 1158 2417 totius,
1191 2360 1285 2406 aut
1315 2362 1585 2417 mensura,
1618 2349 1701 2405 vel
1746 2352 2060 2420 temporalis
2091 2353 2214 2407 vita:

621 2444 1019 2510 meditationes,
1052 2443 1327 2500 doloribus
1378 2460 1655 2517 congruae,
1686 2460 1785 2501 nec
1836 2460 2029 2502 nomen
2072 2446 2211 2515 apud

618 2534 738 2590 illos
765 2537 1222 2606 cognoscebatur;
1253 2537 1347 2592 sed
1396 2552 1561 2593 unum
1598 2547 1709 2593 erat
1745 2538 1976 2609 primum
2008 2540 2214 2595 solum-

618 2628 801 2697 modo,
826 2627 965 2697 quod
988 2627 1339 2685 festinabatur
1361 2632 1428 2684 ab
1455 2629 1739 2697 omnibus;
1771 2643 1830 2685 ut
1851 2636 2212 2704 unusquisque

619 2731 862 2779 mortuus
909 2732 1055 2779 esset
1093 2738 1349 2793 corpore,
1380 2723 1517 2779 sicut
1564 2724 1733 2779 semel
1779 2726 1999 2793 saeculo,
2033 2735 2087 2780 et
2132 2718 2213 2782 eis

618 2826 735 2886 quae
764 2818 813 2869 in
846 2816 1043 2872 saeculo
1070 2826 1193 2872 sunt
1222 2818 1578 2872 mortiﬁcatus
1600 2860 1613 2883 ,
1649 2827 1701 2873 et
1724 2820 1835 2889 iam
1866 2835 1973 2874 non
2002 2819 2209 2875 vivens.

616 2906 805 2961 Cibum
834 2917 1009 2963 autem
1039 2909 1307 2963 habebant
1336 2908 1754 2981 indeﬁcicntcm,
1781 2912 2072 2967 divinitatis
2096 2912 2211 2969 elo-

618 3000 772 3070 quia;
822 3001 1128 3057 nutriebant
1150 3018 1276 3059 vero
1299 3018 1494 3073 corpus
1527 3019 1662 3075 pane
1693 3015 1746 3061 et
1771 3021 1928 3075 aqua,
1960 3018 2021 3062 ut
2043 3006 2211 3061 multo

616 3096 785 3168 magis
807 3096 947 3167 apud
972 3097 1204 3153 divinam
1228 3098 1568 3155 clementiam
1595 3110 1917 3169 apparerent
1939 3101 2209 3157 efﬁcaces.

689 3189 818 3247 CAP.
856 3190 917 3245 ν.
947 3222 1017 3233 -
1050 3191 1173 3247 Htec
1202 3191 1467 3259 Zositnas,
1500 3202 1557 3248 ut
1586 3191 1819 3259 dicebat,
1853 3194 2210 3264 perspiciens,

2316 1986 2673 2044 cognosceret
2715 1976 2906 2047 aliquis
2934 1978 3271 2045 consocium,
3302 1978 3529 2047 qualiter
3580 1980 3898 2045 absdnebat,

2315 2078 2406 2120 aut
2456 2068 2728 2136 quomodo
2776 2069 2987 2139 agebat.
3020 2069 3310 2124 Jordanem
3361 2072 3503 2125 enim
3557 2086 3681 2124 mox
3725 2082 3899 2125 trans-

2315 2169 2577 2227 meantes,
2600 2160 2759 2227 longe
2778 2161 2847 2215 ab
2870 2161 3096 2215 invicem
3125 2176 3183 2215 se
3205 2162 3636 2231 sequestrabant,
3651 2171 3704 2217 et
3725 2163 3900 2217 nullus

2315 2267 2373 2308 se
2400 2252 2655 2323 iungebat
2698 2254 2763 2307 ad
2795 2254 3019 2318 socium,
3045 2254 3319 2310 civitatem
3353 2256 3685 2310 aestimantes
3714 2257 3900 2310 solitu-

2314 2344 2520 2400 dinem.
2550 2344 2657 2401 Sed
2690 2355 2744 2401 et
2772 2345 2817 2400 si
2844 2359 2984 2401 unus
3006 2356 3075 2401 ex
3104 2346 3240 2414 ipsis
3262 2360 3290 2399 a
3320 2346 3480 2415 longe
3501 2347 3804 2402 venientem
3833 2347 3895 2401 ad

2312 2451 2372 2493 se
2400 2438 2631 2509 aliquem
2679 2438 2897 2495 videbat
2923 2481 2938 2504 ,
2966 2452 3091 2494 mox
3141 2434 3446 2493 declinabat
3486 2440 3554 2495 de
3598 2441 3815 2504 itinere,
3845 2448 3898 2496 et

2314 2533 2380 2587 ad
2427 2532 2585 2588 aliam
2645 2544 2850 2604 partem
2894 2532 3169 2603 pergebat.
3213 2533 3437 2589 Vivebat
3480 2542 3659 2590 autem
3711 2534 3815 2589 sibi
3844 2541 3895 2590 et

2313 2621 2446 2693 Deo,
2478 2624 2713 2695 psallens
2760 2620 3070 2695 frequenter
3099 2634 3154 2681 et
3181 2627 3477 2681 constituto
3502 2636 3726 2697 gustaris
3764 2637 3897 2682 tem-

2311 2731 2447 2787 pore
2473 2716 2672 2775 cibum.
2708 2719 2783 2774 Ita
2811 2720 2993 2774 omnia
3031 2718 3233 2789 ieiunia
3264 2721 3629 2788 celebrantes,
3664 2733 3898 2777 reverte-

2311 2807 2507 2867 bantur
2533 2811 2599 2868 ad
2632 2814 3018 2869 monasterium
3060 2820 3184 2869 ante
3235 2813 3502 2869 vivificum
3548 2814 3690 2869 diem
3722 2828 3898 2869 resor-

2313 2906 2567 2962 rectionis
2619 2908 2829 2963 Domini
2858 2917 2913 2964 et
2940 2908 3233 2964 Salvatoris
3280 2910 3449 2963 nostri
3497 2908 3627 2964 Jesu
3675 2910 3894 2973 Christi,

2312 3014 2472 3069 quam
2500 3000 2690 3056 festam
2726 3000 3057 3057 Dominicam
3082 3015 3204 3056 cum
3236 3002 3399 3056 ramis
3430 3003 3726 3070 palmarqu
3758 3001 3896 3055 cele-

2312 3090 2468 3149 brare
2495 3105 2675 3150 sancta
2707 3094 2914 3165 accepit
2940 3095 3196 3151 Ecclesia.
3234 3095 3664 3150 Revertebantnr
3691 3105 3895 3163 autem,

2318 3186 2687 3256 unusquisque
2712 3186 2916 3241 habens
2946 3188 3143 3256 proprii
3174 3186 3377 3241 laboris
3399 3195 3595 3241 testem
3628 3186 3896 3255 propriam

614 3284 977 3339 aediﬁcabatur
1025 3285 1180 3341 valde
1200 3326 1217 3353 ,
1246 3285 1586 3355 praetendens
1612 3301 1672 3343 se
1699 3287 1765 3341 ad
1796 3288 2200 3357 perfectionem,
2232 3279 2279 3344 C
2309 3278 2717 3347 consolenllam.
2742 3290 3157 3351 cugnoscenlem
3207 3281 3441 3351 qualiter
3486 3290 3743 3350 operatus
3791 3285 3896 3347 θεῑ,

584 3362 667 3434 et
696 3391 940 3434 crescere
985 3378 1187 3433 faciens
1234 3381 1511 3448 preprium
1560 3395 1795 3449 cursum,
1826 3391 2207 3451 cooperatores

614 3469 891 3525 inveniens
920 3514 933 3535 ,
965 3472 1167 3541 optime
1219 3471 1461 3527 divinum
1502 3474 1823 3530 innovantes
1872 3476 2204 3545 paradisum.

612 3559 921 3615 Transactis
976 3571 1151 3616 autem
1209 3560 1415 3633 aliquot
1480 3563 1711 3630 diebus,
1763 3566 2207 3634 apprOpinquavit

617 3661 850 3722 tempus,
893 3653 1104 3722 quando
1136 3668 1285 3708 sacra
1329 3653 1534 3725 ieiunia
1584 3655 1905 3711 Christianis
1950 3658 2203 3712 traditum

614 3750 697 3798 est
719 3743 1016 3803 eclebrare.
1042 3752 1096 3798 et
1132 3742 1412 3812 puriﬁcare
1440 3745 1644 3814 seipsos
1675 3745 1744 3800 ob
1774 3744 1968 3802 divina:
1999 3748 2205 3816 passio-

614 3836 696 3890 nis
730 3834 870 3891 diem
902 3836 1421 3906 resurrectionisque
1453 3837 1854 3893 salutationem.
1910 3837 2071 3908 Regia
2120 3839 2203 3910 (δ)

614 3935 793 3982 autem
823 3928 1135 3983 monasterii
1167 3940 1439 3999 nunquam
1471 3929 1833 4000 aperiebatur,
1868 3930 1960 3987 sed
1989 3946 2205 4002 semper

616 4031 734 4077 erat
764 4024 973 4087 clausa,
1002 4031 1057 4077 et
1095 4022 1301 4092 absque
1348 4022 1454 4078 ulla
1505 4023 1910 4092 perturbatione
1954 4025 2203 4081 monachi

615 4129 830 4169 cursum
862 4130 1016 4169 suum
1044 4116 1361 4183 explebant;
1400 4130 1496 4169 nec
1520 4117 1661 4170 enim
1693 4124 1810 4170 erat
1838 4117 2039 4171 licitum
2073 4133 2199 4187 ape-

614 4207 723 4263 rire
752 4208 1060 4277 aliquando,
1095 4208 1197 4263 nisi
1238 4208 1479 4262 fortassis
1518 4208 1811 4264 monachus
1853 4218 2071 4281 propter
2099 4212 2199 4266 ali-

611 4302 751 4369 quod
784 4316 916 4369 opus
948 4301 1313 4357 necessarium
1351 4300 1690 4356 adveniebat.
1743 4301 2027 4359 Solitarius
2057 4304 2199 4359 enim

580 4422 583 4423 ν
607 4396 728 4448 erat
763 4393 914 4448 locus
940 4390 1049 4460 ille,
1075 4402 1130 4449 et
1155 4392 1398 4463 plurimis
1424 4394 1717 4449 vicinorum
1744 4409 1851 4449 non
1876 4396 2049 4450 solum
2082 4399 2200 4450 inu—

607 4485 819 4551 sitatus,
844 4485 939 4541 sed
966 4495 1019 4540 et
1048 4487 1365 4555 incognitus.
1392 4486 1574 4541 Canon
1601 4496 1779 4543 autem
1806 4488 1925 4543 talis
1954 4503 1983 4543 a
2010 4489 2199 4558 priscis

608 4581 927 4635 Servahatur
955 4580 1287 4648 temporibus
1313 4599 1325 4633 ε
1357 4589 1577 4652 propter
1614 4582 1776 4652 quod,
1806 4592 1862 4638 ut
1891 4583 2195 4651 considero,

610 4669 753 4727 Deus
795 4670 1063 4729 Zositnam
1096 4674 1339 4743 perduxit
1381 4675 1433 4729 in
1465 4674 1605 4730 idem
1646 4677 2049 4732 monasterium.

680 4763 810 4820 Car.
842 4764 1019 4821 VL—
1061 4767 1261 4823 Dehinc
1308 4783 1437 4840 ergo
1482 4768 1711 4825 referam
1758 4771 1987 4840 qualiter
2028 4771 2196 4840 ipsius

566 4878 569 4881 ν
610 4861 924 4916 monasterii
956 4861 1268 4917 servabatur
1300 4863 1536 4917 traditio.
1566 4861 1841 4918 Dominica
1883 4879 2044 4935 quam
2080 4867 2195 4935 pri-

560 4975 565 4981 ι
608 4966 753 5008 mam
797 4950 1125 5023 ieiuniorum
1178 4954 1567 5010 hebdomadam
1617 4957 1879 5012 nominari
1935 4974 2052 5013 mos
2088 4969 2192 5025 est,

560 5048 563 5051 ί
602 5046 899 5115 agebantur
926 5046 1104 5101 divina
1133 5059 1475 5104 sacramenta
1503 5057 1781 5113 consuete,
1812 5058 1865 5105 et
1904 5054 2192 5121 unusquis-

604 5154 709 5211 que
735 5141 1002 5210 particeps
1030 5141 1365 5197 efiicicbatur
1393 5143 1585 5197 viviﬁci
1625 5160 1686 5198 ac
1718 5144 2019 5201 intemerati
2065 5160 2188 5202 cor—

603 5234 753 5303 poris
787 5244 841 5288 et
867 5234 1141 5303 sanguinis
1194 5228 1621 5290 Domini'nostri
1671 5234 1798 5292 Jesu
1851 5237 2077 5291 Christi.
2125 5238 2192 5292 Et

603 5325 766 5380 solito
821 5325 1087 5379 modicum
1138 5325 1315 5381 cibum
1362 5336 1671 5391 sumentes,
1725 5328 2190 5398 congregabantur

600 5430 792 5471 omnes
843 5416 895 5470 in
940 5420 1259 5482 oratorium,
1289 5426 1343 5471 et
1390 5418 1620 5472 curvatis
1664 5419 1914 5488 genibus,
1944 5419 2188 5490 factaQue

602 5508 916 5578 suppliciter
945 5511 1206 5573 oratione,
1239 5509 1543 5564 salutabant
1566 5524 1625 5565 se
1653 5510 1880 5565 invicem
1913 5513 2181 5579 monachi,

602 5610 658 5657 et
688 5604 1054 5674 unusquisque
1082 5603 1369 5673 geuuﬁexo
1396 5604 1609 5677 publice
1639 5606 2067 5676 amplectebatur
2092 5609 2187 5664 ab-

600 5693 801 5765 batem,
834 5696 1168 5767 postulantes
1212 5697 1541 5766 orationem,
1570 5707 1632 5753 ut
1676 5696 1935 5753 haberent
1985 5697 2051 5753 ad
2097 5699 2181 5753 in-

600 5788 850 5842 choatum
898 5798 1170 5843 certamen
1217 5803 1341 5846 eum
1388 5804 1790 5862 cooperatorem
1822 5802 1878 5844 et
1905 5794 2189 5846 comitate-

602 5892 739 5934 rem.
770 5880 868 5938 His
896 5881 967 5939 ita
996 5897 1055 5939 se
1080 5884 1426 5953 habentibus,
1454 5887 1593 5943 fores
1623 5887 1935 5943 monasterii
1966 5888 2189 5956 pateﬁe-

2308 3382 2361 3427 et
2389 3374 2566 3441 qualia
2613 3372 2856 3427 laborum
2901 3374 3109 3429 semina
3152 3375 3454 3429 seminavit.
3484 3373 3549 3429 Et
3579 3373 3760 3429 nullos
3790 3364 3898 3429 ullo

2305 3464 2469 3521 modo
2518 3467 2881 3537 interrogabat
2933 3467 3119 3533 alium,
3146 3467 3421 3537 quomodo
3448 3475 3538 3522 aut
3574 3467 3805 3538 qualiter
3826 3466 3895 3520 la~

2305 3556 2453 3613 boris
2483 3560 2775 3614 certamina
2802 3568 3249 3615 consummasset.

2377 3653 2505 3710 Car.
2540 3652 2841 3710 Vll.—Hic
2866 3664 2947 3710 est
2969 3656 3146 3724 itaque
3176 3653 3332 3722 huius
3360 3654 3669 3709 monasterii
3698 3666 3890 3719 canon,

2305 3754 2357 3802 et
2387 3747 2458 3803 ita
2489 3745 2724 3817 perfecte
2753 3757 2809 3803 et
2838 3748 3039 3818 optime
3065 3746 3483 3802 custodiebatur.
3517 3747 3895 3817 Unusquisque

2305 3844 2471 3907 enim,
2514 3853 2573 3898 ut
2600 3843 2797 3898 dictum
2828 3850 2931 3908 est,
2964 3857 3059 3912 per
3104 3841 3446 3897 solitudinem
3482 3841 3596 3896 Deo
3629 3841 3892 3912 iungeba-

2303 3944 2414 4003 tur,
2439 3934 2566 3990 etin
2597 3936 2885 4005 semetipso
2916 3933 3247 4002 decertabat,
3274 3949 3341 3990 ne
3372 3934 3678 3989 hominibus
3709 3935 3892 4002 place-

2304 4037 2408 4093 ret,
2435 4026 2527 4083 sed
2575 4029 2672 4082 soli
2722 4028 2851 4081 Deo.
2886 4022 2979 4082 Illa
3024 4028 3168 4083 enim
3224 4038 3341 4098 qute
3382 4034 3601 4097 propter
3642 4026 3894 4081 homines

2303 4120 2461 4187 ﬁunt,
2492 4130 2545 4175 et
2590 4136 2706 4191 qua:
2745 4129 2805 4176 ut
2854 4120 3162 4176 hominibus
3202 4122 3450 4191 placeant
3494 4130 3756 4191 aguntur,
3786 4134 3894 4176 non

2304 4214 2476 4270 solum
2508 4227 2613 4269 non
2646 4216 2941 4283 proderunt
2989 4213 3331 4279 facientibus,
3359 4214 3456 4269 sed
3503 4222 3557 4268 et
3602 4228 3695 4282 per
3727 4213 3894 4270 multa

2302 4306 2495 4363 damna
2541 4305 2845 4362 efﬁciuntur
2893 4304 3174 4379 agentibus
3213 4306 3462 4363 obnoxia.
3506 4306 3655 4360 Tunc
3712 4307 3893 4377 itaque

2304 4398 2550 4453 Zosimas
2602 4410 2854 4454 consueta
2894 4398 3204 4453 monasterii
3232 4398 3348 4467 lege
3397 4400 3741 4453 transmeavit
3770 4398 3895 4452 Jor-

2302 4490 2517 4559 danem,
2551 4490 2817 4547 modicum
2866 4490 2991 4561 quid
3028 4500 3127 4561 pro
3175 4491 3417 4560 corporis
3450 4494 3767 4546 necessitate
3798 4491 3893 4543 de-

2301 4594 2525 4656 portans
2561 4600 2819 4657 congrua,
2850 4592 2905 4639 et
2934 4592 3135 4639 vestem
3177 4598 3278 4654 qua
3331 4584 3613 4649 utebatur;
3644 4594 3700 4638 et
3722 4598 3892 4637 cano-

2228 4687 2280 4747 ι)
2305 4695 2426 4735 nem
2456 4678 2672 4751 quidem
2700 4679 3026 4744 celebrabat,
3049 4678 3390 4732 solitudinem
3416 4678 3811 4747 pertrausieus,
3837 4683 3891 4729 et

2303 4782 2547 4846 tempore
2596 4787 2735 4830 esca:
2788 4772 3162 4829 necessitatem
3219 4769 3891 4825 taciebatnaturre.Sede-

2296 4868 2390 4926 hat
2437 4878 2615 4925 autem
2667 4875 2823 4923 nocte
2866 4865 2919 4921 in
2967 4873 3132 4929 terra,
3174 4863 3442 4918 modicum
3487 4862 3799 4932 quiescens,
3834 4869 3891 4914 et

2298 4978 2547 5021 somnum
2580 4963 2645 5017 ad
2678 4961 2947 5016 modicum
2979 4968 3197 5030 gustans
3219 5000 3235 5023 ,
3274 4971 3590 5027 quocunque
3616 4970 3737 5009 eum
3767 4970 3891 5010 vcs-

2295 5056 2559 5127 pertinum
2602 5052 2903 5123 reperiebat
2935 5063 3163 5123 tempus.
3200 5050 3442 5106 Diluculo
3472 5059 3653 5105 autem
3689 5066 3890 5119 prope-

2296 5165 2417 5207 rare
2476 5148 2806 5219 incipiebat,
2854 5162 3066 5216 semper
3113 5145 3429 5201 inccssahilc
3482 5144 3622 5200 idem
3681 5146 3888 5199 habens

2298 5240 2658 5311 propositum,
2680 5242 2729 5291 in
2748 5236 3069 5293 desiderium
3094 5235 3313 5305 habens,
3335 5245 3389 5290 ut
3410 5235 3641 5299 dicebat,
3661 5237 3888 5289 inlru:rc

2296 5330 2348 5387 in
2380 5329 2723 5384 solitudinem
2748 5372 2762 5395 ,
2794 5342 3016 5397 sperans
3047 5326 3283 5382 invenire
3315 5328 3546 5396 aliquem
3578 5336 3781 5395 panem
3834 5328 3885 5377 in

2298 5439 2360 5479 ea
2410 5421 2770 5491 habitantem,
2801 5420 2891 5490 qui
2942 5435 3064 5475 eum
3116 5430 3294 5488 posset
3346 5419 3539 5487 aliquid
3586 5418 3883 5480 :ttdilieare,

2294 5519 2433 5573 sicut
2480 5514 2839 5581 desiderabat,
2872 5523 2923 5569 ct
2965 5513 3080 5569 sine
3125 5515 3426 5569 cessatione
3454 5514 3552 5567 iter
3578 5512 3793 5580 agebat.
3822 5526 3885 5567 ac

2292 5608 2337 5664 si
2363 5607 2500 5677 apud
2531 5607 2761 5676 aliquem
2793 5607 3127 5661 manifestum
3155 5606 3433 5659 festinans.
3471 5604 3664 5674 Viginti
3697 5612 3886 5660 autem

2294 5700 2499 5755 dierum
2543 5702 2764 5767 exigi-ns
2795 5701 2917 5763 iter,
2952 5714 3068 5752 cum
3100 5707 3264 5753 scatrc
3292 5698 3440 5752 horte
3469 5705 3677 5766 tempus
3720 5698 3890 5752 adve-

2294 5795 2483 5859 nisset,
2511 5793 2657 5847 stetit
2699 5792 2966 5845 modicum
3021 5792 3089 5847 ab
3132 5790 3323 5845 itinere
3350 5807 3363 5843 :
3390 5799 3443 5845 et
3468 5802 3762 5843 conversus
3817 5789 3888 5841 nd

2291 5884 2607 5950 Orientem,
2638 5885 2827 5955 agebat
2876 5885 3085 5939 solitam
3130 5889 3454 5942 ouationem.
3508 5884 3793 5941 Consueve
3828 5894 3887 5937 at
