4162 6352
290 395 400 460 677

1044 399 1203 457 νιτΑ
1249 393 1543 457 SANCTE
1581 387 1824 456 MANE
1869 391 2340 466 IECYPTIACA),
2383 395 2830 456 MERETRICIS.

3482 400 3585 458 678

287 516 435 573 enim
465 515 756 569 constituto
780 510 884 569 diei
921 519 1164 581 tempore
1209 511 1372 581 figere
1404 511 1612 567 itineris
1641 523 1886 574 cursum,
1917 498 1966 572 λ
1991 512 2135 583 piam
2165 515 2457 569 orationes.
2511 515 2659 570 Tunc
2711 525 2913 571 tremor
2966 511 3265 585 nimiosque
3312 525 3484 570 metus
3534 527 3589 572 et

287 609 347 665 ει
389 611 538 663 stans
585 606 847 675 psallere,
879 611 930 659 et
973 604 1256 677 genuflexo
1299 618 1474 660 orare.
1527 604 1659 659 Dum
1707 610 1885 658 autem

287 701 562 776 psalleret.
593 712 645 757 et
675 701 728 755 in
758 701 952 755 cmlum
997 699 1290 771 inspiceret
1331 700 1551 755 intentis
1591 699 1885 765 obtutibus,

287 801 429 854 vidit
455 815 482 850 a
522 806 672 865 parte
703 794 922 859 dextra,
950 793 1038 848 ubi
1069 793 1288 860 orabat,
1314 792 1556 848 umbram
1605 793 1758 864 quasi
1791 792 1889 846 bu-

289 891 435 945 mani
465 887 706 956 corporis
735 897 1113 955 apparentem;
1138 894 1194 942 et
1222 887 1393 956 primo
1423 887 1634 957 quidem
1662 896 1884 942 contur-

287 984 447 1037 batus
465 983 572 1047 "est,
605 994 665 1035 ac
687 983 1031 1043 contremuit.
1054 981 1391 1050 phantasiam
1414 983 1640 1052 alicujus
1666 982 1887 1053 spiritus

287 1076 605 1130 Existimans
631 1088 691 1128 se
715 1073 932 1139 vidisse,
955 1075 1106 1145 signo
1129 1085 1308 1131 autem
1335 1078 1511 1133 crucis
1535 1093 1593 1133 se
1610 1075 1882 1144 muniens,

285 1173 338 1240 at
371 1183 402 1222 a
432 1179 492 1222 se
525 1169 770 1221 timorem
812 1166 1102 1236 projiciens
1131 1165 1279 1237 (jam
1330 1170 1471 1224 enim
1516 1179 1570 1224 et
1623 1171 1888 1225 orationis

286 1257 407 1330 ejus
436 1255 557 1314 finis
588 1257 866 1326 instabat),
898 1268 1220 1314 convertens
1251 1261 1457 1328 oculos,
1493 1260 1624 1315 vidit
1651 1262 1885 1331 aliquem

285 1356 341 1408 in
365 1352 592 1408 veritate
616 1363 990 1422 properantem
1015 1351 1080 1405 ad
1106 1362 1312 1421 partem
1344 1353 1667 1409 Occidentis.
1699 1351 1887 1409 Mulier

286 1457 465 1501 autem
498 1455 634 1511 erat,
666 1441 809 1515 quod
837 1442 1140 1510 videbatur,
1171 1459 1400 1512 corpore
1440 1445 1749 1514 nigerrimo,
1777 1461 1887 1515 prae

257 1551 262 1554 '
287 1540 420 1594 solis
469 1538 663 1593 ardore
692 1533 966 1608 denigrata
994 1578 1010 1604 ,
1042 1546 1098 1593 et
1127 1537 1350 1607 capillos
1380 1540 1568 1607 capitis
1597 1536 1801 1591 habens
1831 1546 1890 1592 ut

285 1635 406 1691 lana
433 1635 601 1700 altius,
624 1631 861 1687 modicos
881 1642 937 1685 et
960 1633 1124 1701 ipsos,
1154 1647 1258 1686 non
1282 1631 1514 1701 amplius
1534 1645 1690 1700 quam
1711 1645 1884 1701 usque

285 1729 354 1783 ad
383 1727 648 1782 cervicem
673 1723 1088 1780 descendentes.

358 1817 489 1872 Car.
523 1811 656 1872 Vill.
685 1847 754 1856 —
775 1809 888 1870 Hoc
917 1817 1095 1885 itaque
1121 1812 1365 1870 Zosimas
1394 1811 1608 1881 videns,
1637 1824 1691 1869 et
1738 1814 1883 1870 desi-

1994 608 2188 662 mentis
2236 621 2485 662 excessus
2539 609 2745 679 accepit
2797 607 3087 664 Zosimam.
3139 609 3400 665 Strenuus
3442 612 3586 666 enim

1989 701 2205 755 ‘eratvir
2230 699 2320 754 ille
2342 701 2516 767 valde,
2540 711 2593 756 et
2615 703 2904 758 divinitatis
2928 704 3068 758 dono
3105 705 3578 771 prudentissimus,

1997 807 2051 850 et
2078 794 2328 865 cognovit
2355 794 2476 864 quia
2506 811 2568 850 ex
2601 797 2815 852 nomine
2859 812 2963 851 non
2997 806 3242 853 vocasset
3269 813 3392 852 eum
3427 814 3578 867 quem

1991 903 2264 954 nunquam
2296 889 2518 953 viderat,
2570 889 2637 943 de
2663 903 2768 958 quo
2797 904 2894 943 nec
2919 903 3150 959 unquam
3183 891 3445 956 audierat,
3482 891 3580 943 nisi

1989 979 2429 1035 manifestissime
2471 979 2824 1049 providentia:
2854 982 3024 1049 gratia
3069 981 3257 1035 fuisset
3293 982 3578 1036 illustrata.

1991 1070 2146 1127 Fecit
2174 1084 2349 1127 autem
2382 1087 2500 1126 cum
2552 1071 2892 1128 festinatione
2945 1073 3081 1141 quod
3127 1073 3336 1144 jussum
3385 1085 3487 1139 est,
3539 1084 3584 1129 t-l

1987 1175 2198 1217 exuens
2245 1169 2304 1217 se
2358 1163 2519 1233 pallio
2571 1177 2676 1232 quo
2726 1173 2842 1218 erat
2896 1163 3136 1232 indutus,
3196 1167 3345 1236 terga
3401 1165 3588 1218 versus

1989 1253 2218 1324 projecit
2248 1254 2318 1309 ei.
2357 1254 2446 1309 Illa
2503 1256 2794 1324 accipiens,
2828 1256 2880 1309 in
2919 1267 3175 1325 quantum
3204 1261 3375 1326 potuit
3404 1267 3588 1326 legens

1995 1357 2201 1416 partem
2258 1347 2522 1416 corporis,
2558 1365 2715 1417 quant
2750 1359 2961 1418 oportet
3023 1352 3138 1419 plus
3197 1350 3302 1420 tegi
3357 1351 3586 1416 caeteris,

1993 1439 2280 1507 praecinxit
2325 1454 2404 1506 se,
2439 1449 2492 1494 et
2519 1450 2778 1494 conversa
2809 1443 2874 1497 ad
2907 1441 3195 1506 Zosimam,
3225 1445 3298 1497 ait
3325 1445 3371 1497 ei
3406 1461 3418 1498 :
3449 1445 3590 1510 Quid

1991 1533 2093 1586 tibi
2121 1533 2293 1587 visum
2321 1542 2424 1598 est,
2459 1533 2616 1600 abba,
2649 1535 3007 1603 peccatricem
3057 1536 3242 1591 videre
3270 1535 3585 1591 mulierem?

1987 1624 2132 1691 Quid
2161 1627 2362 1694 quaeris
2393 1642 2420 1679 a
2474 1643 2562 1681 me
2621 1626 2802 1682 videre
2832 1637 2920 1681 aut
2964 1629 3190 1694 discere,
3235 1625 3355 1697 quia
3387 1637 3592 1682 tantum

2005 1723 2111 1770 non
2144 1715 2409 1785 pigritasti
2441 1717 2668 1773 tolerate
2720 1717 2991 1773 laborem?
3029 1719 3118 1773 llie
3155 1723 3331 1772 autem
3364 1719 3416 1773 in
3449 1728 3590 1776 terra

1995 1816 2322 1876 prostratus,
2339 1810 2595 1878 poscebat
2622 1811 3050 1866 benedictiOnem
3069 1811 3361 1866 secundum
3379 1827 3588 1866 morem

288 1910 496 1967 deratae
537 1906 831 1963 dulcedinis
857 1907 1074 1977 gavisus
1105 1905 1352 1972 effectus,
1377 1908 1541 1976 coepit
1569 1901 1885 1960 festinanter
1915 1901 2255 1973 Baccipere.
2305 1899 2604 1956 Prostravit
2654 1913 2831 1958 autem
2883 1919 2942 1958 se
2992 1913 3046 1959 et
3098 1904 3247 1973 ipsa,
3282 1913 3334 1959 et
3383 1906 3592 1974 utrique

285 2015 510 2057 Currere
556 2015 606 2054 in
655 2013 773 2054 eam
824 2010 1054 2067 partem,
1083 1999 1172 2053 ubi
1203 2007 1259 2054 et
1290 1998 1431 2053 aliud
1464 1997 1606 2067 quod
1636 1997 1881 2068 apparuit

283 2095 596 2152 feStiuabat.
643 2093 918 2150 Gaudebat
949 2096 1090 2150 enim
1121 2094 1317 2164 gaudio
1348 2105 1560 2164 magno.
1594 2091 1708 2147 Non
1738 2093 1880 2147 enim

281 2191 492 2245 viderat
523 2191 573 2243 in
609 2190 778 2258 spatio
823 2189 1028 2243 dierum
1075 2188 1292 2244 illorum
1342 2190 1576 2258 speciem
1625 2187 1879 2252 hominis,

285 2293 382 2337 aut
404 2281 731 2346 animalium,
762 2283 846 2337 vel
877 2284 1175 2347 volucrum,
1204 2283 1606 2352 bestiarumque
1631 2283 1877 2337 formam.

283 2373 637 2432 Desiderabat
680 2378 821 2431 enim
865 2391 1195 2447 cognoscere
1235 2390 1354 2446 qua:
1396 2375 1479 2431 vel
1511 2375 1681 2445 qualis
1713 2376 1881 2432 bestia

282 2477 430 2522 esset
459 2482 580 2537 qua:
610 2465 919 2532 videbatur,
951 2481 1173 2536 sperans
1202 2467 1456 2536 quoniam
1490 2467 1753 2538 majorum
1785 2467 1883 2523 ali-

281 2561 439 2630 cujus
457 2559 759 2615 efficeretur
790 2557 1080 2627 prnfectus.
1106 2557 1198 2613 llla
1222 2569 1398 2614 autem
1424 2569 1481 2614 ut
1501 2558 1634 2614 vidit
1664 2569 1884 2616 econtra

279 2653 552 2712 Zosimam
603 2656 937 2723 venientem,
993 2654 1155 2723 coepit
1203 2652 1414 2722 fugiens
1463 2664 1683 2709 currere
1742 2649 1883 2724 apud

281 2745 600 2805 inferiorem
629 2748 992 2803 solitudinem.
1036 2741 1290 2802 Zosimas
1317 2757 1496 2801 autem
1523 2747 1697 2802 aetatis
1729 2761 1885 2802 sene-

284 2852 430 2897 ctam
462 2841 782 2897 obliviscens
809 2885 822 2907 ,
852 2850 906 2896 et
935 2838 1172 2895 laborem
1224 2853 1327 2893 non
1366 2848 1621 2907 reputans
1651 2838 1882 2907 itineris,

280 2932 516 2987 'tetendit
569 2931 916 3000 rapidissimo
959 2945 1155 2996 cursu,
1203 2929 1517 2984 desiderans
1569 2929 1884 2999 conspicere

285 3029 600 3097 fugientem.
627 3025 723 3080 llic
747 3025 888 3079 enim
925 3021 1380 3093 persequebatur;
1415 3019 1506 3076 illa
1538 3032 1716 3076 autem
1763 3033 1886 3091 pro-

287 3120 654 3193 grediebatur.
683 3119 809 3174 Erat
835 3127 1013 3172 autem
1037 3131 1227 3170 cursus
1258 3111 1487 3170 Zosimre
1536 3115 1797 3180 velocior,
1833 3123 1887 3169 et

281 3213 448 3285 paulo
463 3213 797 3267 efficiebatur
813 3209 1184 3282 propinquior.
1206 3204 1308 3262 Ubi
1331 3216 1508 3260 autem
1529 3205 1883 3275 appropiavit,

1985 1999 2237 2066 iacebant
2263 1996 2317 2050 in
2339 2004 2502 2064 terra,
2519 2009 2655 2052 unus
2673 2013 2744 2052 ex
2761 1998 2868 2053 alio
2885 1997 3308 2054 benedictionem
3335 2013 3586 2069 poscens.

2056 2108 2186 2163 Car.
2226 2107 2295 2162 Χ.
2326 2138 2396 2148 -
2426 2106 2553 2164 Post
2604 2110 2891 2165 multarum
2921 2119 3095 2165 autem
3131 2113 3382 2166 horarum
3414 2113 3583 2180 spatia

1988 2202 2124 2257 dixit
2154 2203 2344 2260 mulier
2372 2203 2438 2258 ad
2496 2202 2760 2258 Zositnam
2798 2223 2809 2258 :
2844 2207 2992 2260 Abba
3025 2203 3259 2272 Zosima,
3298 2207 3389 2261 tibi
3437 2221 3590 2260 com-

1987 2296 2121 2364 petit
2148 2295 2471 2351 benedicere
2495 2305 2545 2351 et
2572 2311 2761 2363 orare;
2791 2305 2844 2352 tu
2873 2299 3015 2352 enim
3041 2299 3356 2370 presbyterii
3381 2299 3585 2354 honore

1991 2376 2161 2442 fultus
2191 2401 2271 2452 es,
2304 2394 2359 2441 et
2407 2387 2648 2455 plurimis
2690 2388 2801 2458 jam
2835 2390 2988 2444 anuis
3033 2398 3220 2443 sancto
3267 2390 3473 2446 assistis
3504 2390 3584 2444 al-

2001 2479 2125 2545 tari,
2178 2488 2228 2533 et
2284 2477 2439 2534 donis
2492 2481 2784 2535 divinitatis
2832 2481 3030 2536 Christi
3085 2491 3292 2538 secreta
3350 2483 3584 2537 rimaris.

1989 2569 2118 2627 llaec
2152 2572 2316 2627 verba
2347 2572 2619 2628 Zositnam
2647 2572 2703 2629 in
2738 2586 2986 2644 magnum
3023 2577 3272 2631 timorem
3327 2588 3381 2632 et
3408 2586 3582 2632 certa-

1989 2679 2116 2720 men
2167 2667 2336 2734 magis
2367 2666 2715 2736 iuducebant,
2766 2669 2822 2723 et
2865 2673 3105 2724 tremens
3153 2685 3318 2724 senex
3375 2670 3590 2725 sudoris

1987 2759 2153 2828 guttis
2189 2759 2582 2815 infundebatur.
2619 2761 2756 2815 Dicit
2802 2768 2981 2816 autem
3013 2761 3060 2816 ei
3090 2761 3334 2816 defessus
3384 2761 3589 2818 viribus

1988 2861 2048 2906 et
2079 2853 2229 2921 quasi
2257 2851 2418 2906 halitu
2441 2854 2550 2920 jam
2581 2854 2863 2908 conclusus
2889 2869 2904 2906 :
2938 2852 3210 2908 Manifesta
3241 2854 3350 2925 jam
3374 2855 3590 2925 quidem

1991 2957 2051 2998 es
2091 2957 2162 2997 ex
2203 2943 2319 3012 ipsa
2362 2943 2569 2998 visi0ne
2590 2985 2607 3012 ,
2646 2958 2678 2997 0
2703 2943 3001 3014 spiritualis
3030 2953 3228 3010 mater,
3261 2947 3512 3016 quoitiam
3541 2958 3592 3003 tu

1993 3036 2061 3092 ad
2120 3036 2404 3091 Dominum
2459 3039 2695 3106 profecta
2726 3053 2805 3105 es,
2837 3047 2889 3092 et
2942 3039 3150 3093 fortiori
3181 3050 3332 3110 parte
3386 3051 3591 3098 mortua

1995 3147 2074 3187 es.
2108 3130 2387 3186 Manifesta
2443 3141 2620 3186 autem
2655 3131 2776 3201 plus
2829 3135 3070 3188 omnium
3127 3133 3324 3187 tributa
3383 3143 3464 3187 est
3495 3131 3590 3186 tibi

1993 3223 2194 3294 gratia,
2229 3233 2286 3277 ut
2342 3239 2426 3276 me
2485 3237 2705 3277 vocares
2740 3238 2803 3276 ex
2839 3223 3076 3289 nomine,
3112 3238 3269 3291 quem
3322 3240 3590 3292 nunquam

283 3313 346 3360 ιιι
372 3307 480 3375 ,ἰδίη
505 3307 666 3360 etiam
694 3312 875 3374 ilo-“Sel
900 3317 1001 3356 νοκ
1022 3301 1214 3367 andi“,
1236 3298 1420 3369 αἴθρη»
1445 3297 1544 3352 has
1561 3312 1724 3354 V0065
1742 3298 1890 3351 emi"
1917 3317 1966 3384 (ς
1995 3311 2195 3367 vidisti.
2224 3311 2333 3368 Sed
2365 3311 2486 3380 quia
2514 3313 2683 3380 gratia
2718 3326 2820 3365 non
2851 3327 2918 3366 ex
2944 3311 3200 3380 dignitate
3231 3315 3593 3382 cognoscitur,

281 3405 441 3467 lens,
471 3399 703 3453 clamate
727 3395 967 3450 Zosimas
1014 3409 1133 3450 cum
1165 3392 1416 3463 lacrymis
1438 3387 1581 3446 :Cur
1627 3402 1714 3444 me
1749 3389 1886 3460 fugis

281 3479 622 3564 decrepitum
672 3507 734 3547 ac
775 3501 1110 3559 peccatorcm
1130 3529 1144 3553 ,
1173 3499 1329 3542 serve
1359 3481 1490 3540 Dei?
1519 3481 1658 3539 Vere
1683 3483 1888 3537 sustine

283 3600 380 3643 me
407 3601 502 3656 per
534 3585 722 3650 Deum,
753 3586 1054 3656 quicunque
1082 3594 1164 3649 es,
1193 3594 1292 3650 pro
1321 3578 1475 3650 cujus
1502 3579 1722 3633 nomine
1753 3577 1891 3632 hanc

285 3679 562 3735 inhabitas
594 3673 960 3734 solitudinem.
990 3675 1208 3732 Sustine
1235 3688 1322 3729 me
1368 3671 1641 3728 infirmum
1673 3680 1725 3726 et
1755 3671 1892 3726 indi-

285 3785 478 3843 gnum.
533 3771 750 3827 Sustine
799 3784 884 3824 me
942 3783 1037 3840 pro
1069 3783 1187 3839 spe,
1212 3781 1370 3838 quam
1417 3765 1586 3820 babes
1630 3779 1729 3834 pro
1762 3765 1894 3818 tanti

291 3869 499 3924 laboris
550 3867 1004 3924 remuneratione.
1057 3868 1170 3935 Sta,
1197 3873 1252 3921 et
1293 3865 1469 3920 tribue
1511 3863 1809 3919 orationem
1839 3869 1895 3917 et

285 3963 721 4020 benedictionem
746 3963 860 4017 seni
877 3977 973 4031 per
997 3961 1183 4028 Deum,
1202 3959 1293 4031 qui
1310 3961 1578 4014 neminem
1603 3955 1892 4028 aliquando

293 4056 545 4128 proiecit.
582 4055 704 4110 [hec
734 4068 854 4109 cum
890 4053 1142 4124 lacrymis
1187 4049 1402 4107 Zosima
1433 4049 1762 4118 postulante,
1795 4059 1889 4101 ve-

285 4159 495 4206 ‘nerunt
546 4159 822 4204 currentes
863 4149 916 4204 iu
963 4147 1247 4216 quemdam
1278 4145 1456 4201 locum
1479 4187 1494 4212 ,
1527 4145 1578 4198 in
1609 4159 1713 4214 quo
1743 4141 1891 4212 quasi

295 4246 482 4300 aridus
514 4260 719 4300 torrens
752 4241 1149 4312 designabatur,
1182 4241 1236 4296 in
1269 4256 1378 4311 quo
1408 4239 1574 4294 fuisse
1603 4246 1893 4292 torrentem

297 4338 690 4404 consideravit;
723 4338 816 4392 sed
864 4336 1009 4390 locus
1039 4335 1128 4389 ille
1160 4335 1316 4389 talem
1346 4333 1618 4399 convenit,
1646 4340 1702 4385 ut
1733 4330 1897 4384 habe-

295 4441 383 4489 ret
412 4430 818 4486 similitudinem
837 4472 852 4494 ,
878 4428 1149 4500 quomodo
1178 4427 1230 4480 in
1267 4437 1407 4480 terra
1461 4425 1550 4478 illa
1582 4422 1891 4494 apparebat.

295 4521 371 4580 Ut
402 4533 666 4578 venerunt
717 4523 897 4591 itaque
925 4522 977 4574 in
1011 4517 1327 4588 praedictum
1363 4519 1556 4582 locum,
1593 4515 1720 4569 illud
1754 4513 1894 4584 qttod

297 4617 533 4687 fugiebat
557 4615 852 4684 descendit,
868 4625 922 4669 ct
946 4616 1135 4668 iterum
1156 4610 1397 4665 ascendit
1415 4611 1466 4663 in
1489 4619 1692 4678 partem
1713 4609 1892 4660 aliam.

1991 3407 2085 3464 sed
2139 3421 2208 3463 ex
2255 3407 2555 3461 animarum
2600 3406 2806 3462 actibus
2859 3405 3145 3475 significari
3196 3420 3454 3462 consueta
3485 3417 3590 3472 est,

1986 3503 2225 3560 benedie
2256 3511 2476 3572 propter
2531 3500 2724 3566 Deum,
2757 3510 2810 3555 et
2860 3502 3159 3557 orationem
3221 3503 3393 3558 tribue
3421 3501 3594 3557 indul-

1993 3601 2184 3670 gentia:
2245 3608 2349 3654 ture
2423 3599 2788 3669 perfectionis.
2839 3597 3130 3654 Stabilitati
3203 3608 3379 3652 autem
3449 3597 3595 3652 senis

1978 3695 2175 3749 Sancti
2232 3707 2538 3760 compassa,
2588 3692 2763 3746 dixit:
2795 3691 3113 3747 Benedictus
3165 3691 3442 3754 Dominus,
3504 3689 3595 3756 qui

2001 3789 2231 3841 salutem
2265 3793 2518 3852 procurat
2546 3782 2844 3836 animarum
2869 3799 2882 3848 ;
2908 3791 2961 3836 ct
2989 3779 3202 3834 Zosinta
3229 3777 3594 3847 respondente

1999 3878 2201 3943 Amen,
2256 3883 2603 3929 surrexerunt
2653 3872 2867 3942 utrique
2906 3872 2972 3927 de
3005 3882 3165 3926 terra.
3200 3869 3269 3924 Et
3299 3870 3373 3924 ait
3404 3868 3595 3922 mulier

2001 3967 2164 4024 seni:
2217 3961 2410 4032 llomo,
2464 3977 2623 4034 quam
2681 3961 2750 4017 ob
2809 3978 2919 4018 rem
2968 3963 3034 4017 ad
3091 3977 3175 4016 me
3235 3961 3594 4030 peccatricem

1982 4060 2230 4118 "venisti?
2279 4057 2482 4114 Tamen
2535 4056 2781 4127 quoniam
2817 4056 3030 4126 quidem
3063 4067 3116 4112 te
3168 4058 3335 4128 gratia
3368 4055 3598 4125 Spiritus

2001 4155 2172 4211 sancti
2200 4149 2416 4220 direxit,
2453 4160 2514 4206 ut
2541 4149 2757 4221 aliquod
2788 4149 3145 4205 ministerium
3179 4148 3434 4204 exhibeas
3467 4159 3599 4200 mea:

1999 4246 2307 4316 exiguitatis
2358 4245 2569 4313 corpori
2621 4257 2937 4313 congruum,
2995 4243 3078 4296 dic
3125 4242 3275 4308 mihi,
3326 4240 3598 4311 quomodo

2002 4337 2164 4394 hodie
2193 4336 2649 4392 Cbristianissima
2699 4336 2902 4405 regitur
2955 4335 3141 4398 tribus,
3195 4333 3465 4404 quomodo
3496 4334 3597 4386 im-

1998 4440 2296 4501 peratores,
2331 4427 2599 4498 quomodo
2650 4439 2850 4481 sancta:
2883 4425 3134 4480 Ecclesiae
3165 4424 3396 4493 pascitur
3428 4425 3598 4493 grex?

2017 4519 2259 4575 Zosimas
2287 4529 2466 4574 autem
2519 4521 2793 4589 respondit
2843 4519 2943 4573 hoc
2971 4519 3190 4572 verbum
3223 4534 3237 4571 ε
3273 4517 3458 4582 Mater,
3493 4518 3600 4570 tuis

2003 4614 2336 4670 orationibus
2401 4613 2606 4666 sanctis
2659 4627 2844 4681 pacem
2896 4610 3138 4664 stabilem
3193 4607 3330 4664 Deus
3377 4609 3599 4678 largitus

297 4709 542 4764 Zosimas
569 4721 748 4763 autem
777 4708 1019 4762 clamans
1041 4715 1095 4759 et
1119 4719 1375 4774 nusquam
1401 4700 1651 4770 progredi
1684 4700 1888 4764 valens,

2001 4720 2120 4777 est;
2175 4709 2268 4764 sed
2299 4707 2513 4776 suscipe
2543 4705 2744 4776 indigni
2775 4703 3019 4759 monachi
3063 4703 3508 4770 consolationem,
3544 4711 3600 4759 et

298 4803 450 4859 Stetit
479 4805 529 4856 in
555 4804 710 4856 aliam
738 4810 944 4870 partem
977 4799 1253 4860 torrentis,
1288 4797 1377 4865 qui
1410 4795 1642 4863 speciem
1678 4793 1896 4848 videba—

299 4907 388 4952 tur
419 4898 616 4952 habere
647 4898 921 4965 torrentis,
956 4907 1008 4948 et
1039 4887 1693 4963 addidit385larrymas
1721 4890 1894 4958 lacry-

298 4989 425 5052 mis,
455 5000 508 5044 et
538 4989 769 5057 snSpir'a
815 4986 1060 5054 suspiriis
1091 4983 1393 5053 ampliavit,
1425 4992 1484 5035 ut
1529 4983 1694 5035 multo
1729 4980 1895 5051 magis

299 5100 364 5138 ex
400 5083 700 5152 propinquo
723 5079 956 5134 stridore
979 5075 1154 5132 luctus
1182 5078 1409 5130 audiret.

371 5176 500 5231 Cap.
540 5174 608 5228 XI
642 5203 704 5212 -—
732 5171 885 5226 Tune
909 5171 1038 5224 illttd
1086 5184 1280 5236 corpus
1328 5167 1467 5237 quod
1499 5164 1758 5236 fugiebat,
1794 5181 1887 5219 vo-

299 5287 418 5326 cem
481 5269 642 5323 talem
691 5266 876 5321 emisit
934 5281 950 5319 :
1004 5264 1150 5318 Abba
1207 5261 1442 5327 Zositna,
1495 5259 1711 5329 ignosce
1766 5258 1895 5313 mihi

301 5374 522 5434 irnpter
557 5361 750 5426 Deum,
787 5359 1047 5429 quoniam
1103 5355 1441 5411 manifestare
1487 5368 1573 5407 me
1622 5354 1715 5407 tibi
1771 5366 1899 5406 con-

303 5472 456 5509 versa
489 5469 592 5508 non
621 5459 859 5523 possum.
912 5451 1096 5504 Mulier
1147 5449 1290 5502 enim
1337 5463 1480 5513 sum,
1510 5455 1563 5500 et
1607 5446 1755 5501 omni
1789 5460 1900 5499 cor-

302 5561 470 5615 poreo
499 5546 732 5611 tegmine
761 5545 924 5603 nuda,
957 5553 1013 5595 ut
1049 5543 1161 5610 ipse
1190 5541 1358 5603 vides,
1379 5547 1434 5594 et
1463 5539 1706 5608 corporis
1736 5539 1902 5606 turpi-

302 5639 544 5695 tudinem
582 5642 784 5694 habens
809 5639 1088 5693 inlectam.
1124 5636 1227 5691 Sed
1275 5637 1320 5688 si
1353 5635 1430 5688 vis
1473 5636 1753 5703 peccatrici
1787 5651 1903 5688 mu-

303 5735 420 5788 lieri
453 5736 751 5788 orationem
779 5747 910 5786 vere
936 5730 1197 5797 tribuere,
1225 5728 1429 5797 projice
1459 5729 1587 5782 mihi
1623 5728 1902 5781 indumen-

304 5837 419 5881 tum
477 5841 586 5895 quo
634 5825 994 5880 circumdatus
1049 5837 1107 5876 es
1141 5861 1154 5885 ,
1214 5829 1271 5874 ut
1326 5822 1525 5888 possim
1581 5820 1898 5875 muliebrem

301 5920 671 5976 infirmitatem
701 5917 917 5988 Operire
944 5915 1010 5971 ad
1066 5925 1117 5969 te
1145 5925 1487 5980 convertens,
1520 5921 1574 5970 et
1603 5922 1722 5969 tuas
1753 5915 1895 5970 acci-

2004 4818 2098 4873 per
2129 4802 2410 4856 Dominum
2439 4813 2532 4852 ora
2564 4813 2659 4866 pro
2686 4797 2828 4852 omni
2859 4797 3077 4861 mundo,
3103 4806 3156 4853 et
3180 4812 3272 4867 ιιι-ο
3302 4814 3386 4851 me
3411 4809 3600 4866 pecca-

2007 4904 2147 4958 tore,
2200 4901 2258 4947 ut
2310 4907 2414 4947 non
2465 4891 2620 4961 hujus
2665 4906 2864 4947 cursus
2917 4902 2969 4947 et
3024 4891 3231 4946 itineris
3282 4890 3434 4944 labor
3486 4892 3601 4943 sine

2001 4987 2173 5040 fructu
2223 4984 2350 5038 mihi
2405 4983 2668 5037 efficiatur
2727 4994 2885 5039 tantae
2932 4984 3237 5038 solitudinis
3281 4983 3383 5036 via.
3419 4983 3484 5034 Et
3512 4979 3599 5034 illa

2005 5078 2282 5148 reSpontlit
2318 5077 2381 5130 ad
2411 5091 2536 5132 eum
2569 5095 2582 5131 :
2615 5075 2691 5132 Te
2743 5077 2961 5146 quidem
3008 5086 3242 5146 Oportet,
3278 5073 3414 5129 abba
3452 5073 3602 5128 Zosi—

2005 5188 2113 5235 tna,
2137 5171 2449 5234 sacerdotii,
2473 5181 2534 5223 ut
2559 5170 2692 5239 dixi,
2716 5172 3001 5226 habentem
3036 5172 3312 5233 honorem,
3339 5185 3436 5237 pro
3479 5181 3598 5222 om-

2007 5265 2165 5319 nibus
2187 5274 2241 5319 et
2271 5281 2364 5334 pro
2389 5280 2474 5318 me
2489 5280 2669 5330 orare,
2697 5266 2747 5319 in
2773 5265 2872 5319 hoc
2894 5265 3036 5318 enim
3064 5273 3118 5317 et
3146 5273 3365 5315 vocatus
3389 5278 3474 5326 es;
3506 5262 3596 5315 sed

2007 5359 2129 5428 quia
2157 5357 2480 5413 obedientiae
2505 5367 2828 5428 prmceptum
2856 5358 3134 5423 habemus,
3161 5353 3302 5424 quod
3332 5356 3458 5406 mihi
3492 5370 3518 5406 a
3553 5361 3601 5408 te

2007 5455 2211 5524 iussum
2235 5462 2335 5518 est,
2363 5452 2500 5507 bona
2531 5451 2724 5507 faciam
2745 5450 3038 5504 voluntate.
3071 5447 3135 5504 Et
3162 5447 3275 5501 haec
3301 5447 3505 5514 dicens,
3538 5449 3600 5502 ad

2009 5548 2283 5604 Orientem
2316 5560 2570 5601 conversa
2591 5589 2604 5611 ,
2637 5554 2691 5599 et
2721 5543 2945 5598 elevatis
2975 5542 3031 5596 in
3081 5541 3352 5597 excelsum
3406 5543 3597 5606 oculis,

2003 5641 2360 5709 manibusque
2401 5637 2660 5702 extensis,
2697 5637 2859 5704 cmpit
2887 5650 3042 5690 orare
3065 5644 3218 5689 metu
3261 5644 3470 5690 tantum
3522 5636 3600 5688 la-

2003 5733 2214 5788 biornm
2248 5732 2298 5784 in
2327 5730 2561 5792 silentio,
2597 5744 2804 5797 voxque
2831 5728 3039 5798 penitus
3063 5743 3168 5784 non
3193 5729 3511 5783 audiebatur
3540 5737 3600 5781 nt

2001 5832 2183 5894 posset
2213 5821 2459 5891 intelligi.
2499 5821 2650 5876 Unde
2679 5832 2732 5876 et
2761 5821 3004 5877 Zosimas
3035 5823 3177 5878 nulla
3223 5824 3392 5892 potuit
3440 5822 3595 5875 verba

1993 5933 2064 5974 ex
2093 5916 2206 5986 ipsa
2253 5915 2496 5972 oratione
2519 5932 2830 5986 agnoscere.
2862 5916 3047 5974 Stabat
3069 5927 3271 5983 autem,
3301 5925 3357 5972 ut
3378 5913 3597 5971 dicebat
