4162 6352
602 345 705 403 4379

1631 343 1721 403 DE
1764 342 1943 401 VITIS
1987 338 2270 399 PATRUM
2308 338 2514 397 LIBER
2551 339 2827 403 PRIMUS.

3784 346 3885 406 680

605 474 863 527 tremens,
896 471 1093 518 terram
1115 462 1472 532 conspiciens,
1499 469 1554 517 et
1598 461 1729 516 nihil
1772 462 1883 516 ullo
1910 461 2069 517 modo
2113 462 2194 516 lo-
2222 461 2275 521 Δ
2304 474 2422 515 sum
2455 471 2699 531 operata.
2735 461 2916 517 Dicam
2944 468 3148 532 autem,
3172 462 3308 519 nihil
3336 478 3562 537 negans,
3590 465 3690 524 Sed
3709 467 3889 523 verius

601 572 792 627 quens.
818 556 1042 611 Jurabat
1061 566 1260 623 autem,
1282 555 1445 610 Deum
1469 563 1655 611 testem
1682 555 1831 609 verbi
1861 569 2196 625 proponens,

602 653 853 722 quoniam
905 660 961 705 ut
1006 650 1135 704 vidit
1176 665 1294 706 eum
1344 659 1782 719 perseverantem
1833 651 1885 704 in
1935 649 2195 703 orationis

602 745 921 809 conStantia,
946 745 1217 815 paululum
1234 745 1456 801 elevatis
1472 746 1539 801 ab
1569 757 1786 815 aspectu
1815 754 1971 801 terra:
1995 744 2158 800 oculis
2175 789 2190 814 ,

601 838 731 891 vidit
757 852 874 893 eam
906 837 1169 893 elevatam
1207 838 1360 908 quasi
1388 838 1625 892 cubitum
1659 854 1822 892 unum
1851 852 1879 890 a
1926 845 2065 891 terra
2089 877 2106 901 ,
2139 844 2194 890 et

602 928 654 981 itt
677 943 802 983 aere
830 928 1151 996 pendentem
1182 943 1359 984 orare.
1386 929 1499 985 Hoc
1522 940 1703 985 autem
1736 938 1793 985 ut
1841 928 1994 995 vidit,
2029 928 2194 984 nimio

603 1035 802 1088 pavore
849 1030 1152 1093 correptus,
1182 1023 1478 1091 prostravit
1524 1038 1584 1079 se
1630 1025 1684 1078 in
1732 1031 1963 1091 terram,
1995 1025 2195 1079 sudore

600 1115 853 1184 suffusus,
882 1124 936 1171 et
962 1116 1183 1171 nimium
1221 1119 1567 1186 perterritus,
1600 1115 1733 1170 nihil
1762 1115 1941 1171 dicere
1990 1130 2195 1185 praesu-

598 1208 799 1276 mebat,
833 1210 885 1264 in
918 1209 1099 1282 seipso
1124 1221 1303 1267 autem
1334 1209 1545 1266 dicebat
1591 1228 1604 1263 :
1660 1210 1905 1277 Domine,
1939 1208 2195 1268 miserere

598 1315 723 1356 ιιιθι.

670 1391 795 1446 Cxe.
824 1392 913 1447 XI.
936 1424 1005 1433 —
1028 1393 1086 1448 In
1109 1401 1251 1448 terra
1277 1402 1456 1448 autem
1484 1402 1782 1464 prostratus
1801 1394 2013 1463 jaceus,
2037 1407 2219 1460 scano,

597 1481 926 1540 dalizabatur
955 1486 1008 1540 in
1043 1495 1254 1554 mente,
1286 1496 1479 1556 putans
1508 1501 1575 1541 ne
1604 1486 1823 1554 Spiritus
1847 1493 1992 1540 esset
2015 1486 2107 1554 qui
2136 1499 2194 1540 se

599 1576 827 1649 ﬁngeret
852 1594 1029 1635 orare.
1059 1580 1335 1635 Conversa
1364 1589 1541 1634 autem
1574 1577 1787 1645 mulier,
1815 1578 1988 1633 erexit
2010 1592 2195 1633 mona-

598 1670 759 1725 chum
792 1672 1017 1728 dicens:
1052 1672 1188 1741 Quid
1223 1683 1292 1738 te,
1330 1672 1488 1738 abba,
1537 1674 1890 1741 cogitationes
1934 1678 2040 1726 tute
2069 1687 2193 1743 per-

602 1765 820 1817 turbant
857 1764 1208 1819 scandalizari
1248 1764 1301 1817 in
1362 1781 1466 1827 me,
1529 1765 1650 1834 quia
1696 1764 1915 1833 spiritus
1953 1778 2094 1831 sum,
2141 1772 2196 1819 et

2299 553 2551 621 referam,
2573 555 2881 625 supplicans
2908 564 2960 611 te
2990 556 3138 626 prius
3165 566 3345 612 utnon
3369 557 3592 613 deficias
3606 573 3766 614 orare
3798 572 3888 628 pro

2298 659 2405 707 me,
2433 654 2492 699 ut
2518 647 2942 703 misericordiam
2975 664 3186 704 merear
3215 658 3270 704 et
3301 650 3571 705 inveniam
3601 651 3656 705 in
3688 650 3779 707 die
3800 653 3889 719 ju-

2298 733 2446 790 dicii.
2481 737 2546 790 Et
2574 750 2737 791 senex
2769 736 3003 793 suffusus
3029 739 3304 810 lacrymis,
3338 739 3520 795 flebat.
3555 740 3706 797 Tunc
3726 741 3889 813 coepit

2298 828 2490 884 mulier
2516 844 2736 886 narrare
2764 845 2824 886 ea
2855 848 2973 902 quae
3000 832 3067 888 de
3096 848 3154 889 se
3185 844 3359 897 erant,
3389 836 3460 888 ita
3488 834 3675 890 dicens
3701 854 3715 890 τ

2369 923 2499 980 CAP.
2520 924 2735 980 Xll|.—
2754 928 2888 999 Ego,
2904 928 3083 995 Pater,
3099 930 3321 998 patriam
3346 929 3561 999 quidem
3591 930 3884 1002 .EgypIum

2298 1013 2457 1070 habui
2487 1035 2498 1069 :
2536 1020 2855 1086 parentibus
2905 1030 3083 1075 autem
3116 1022 3251 1076 meis
3282 1022 3607 1087 viventibus,
3640 1024 3892 1079 duodeci-

2298 1120 2447 1160 mum
2501 1122 2667 1178 agens
2711 1108 2885 1164 :etatis
2927 1126 3159 1177 annum,
3199 1111 3449 1167 affectum
3490 1114 3698 1168 illorum
3737 1130 3891 1185 sper-

2298 1210 2457 1260 nens,
2491 1198 2871 1254 Alexandriam
2906 1203 3061 1267 veni,
3094 1212 3148 1256 et
3170 1204 3442 1271 quomodo
3473 1205 3687 1273 quidem
3724 1203 3891 1277 virgi-

2297 1285 2520 1343 nitatem
2552 1304 2725 1345 meam
2759 1292 2811 1345 iu
2843 1292 3030 1362 primis
3060 1294 3368 1351 violaverim
3396 1339 3411 1360 ,
3442 1306 3497 1351 et
3527 1297 3762 1367 qualiter
3813 1298 3892 1354 in-

2299 1378 2606 1436 desinenter
2628 1392 2683 1437 et
2713 1382 3081 1440 insatiabiliter
3130 1386 3260 1442 vitio
3302 1387 3560 1443 -libidinis
3604 1389 3891 1463 subjugata

2297 1471 2582 1542 jacuerim,
2608 1476 2871 1531 erubesco
2897 1476 3262 1534 considerare.
3288 1478 3402 1534 Hoc
3430 1481 3573 1535 enim
3598 1496 3703 1535 non
3729 1483 3890 1538 breve

2303 1573 2388 1619 est
2414 1566 2593 1622 dicere
2627 1585 2640 1622 :
2672 1568 2802 1623 illud
2833 1579 3008 1625 autem
3056 1571 3214 1628 citius
3260 1570 3456 1638 dicam,
3486 1583 3545 1628 ut
3590 1573 3765 1643 possis
3804 1590 3869 1631 co

2303 1671 2565 1728 gnoscere
2595 1658 2949 1716 insatiabilem
2978 1662 3093 1717 vitii
3117 1661 3223 1719 mei
3248 1664 3525 1733 ardorem,
3549 1681 3708 1737 quem
3738 1664 3893 1721 habui

2299 1747 2351 1799 in
2382 1763 2621 1804 amorem
2649 1751 2840 1819 stupri.
2872 1751 3065 1808 Decem
3092 1762 3147 1809 et
3167 1763 3371 1825 septem
3396 1767 3451 1812 et
3476 1772 3541 1812 eo
3558 1756 3787 1827 amplius
3812 1774 3894 1815 an-

597 1856 778 1912 fictam
809 1857 1107 1914 orationem
1137 1857 1318 1912 facio?
1352 1856 1669 1913 Satisfactus
1695 1866 1831 1925 esto,
1863 1859 2044 1926 homo,
2073 1872 2196 1927 pec-

2308 1854 2398 1895 nos
2430 1841 2659 1913 transegi
2688 1843 2898 1913 publice
2921 1846 2973 1900 iu
3001 1846 3250 1903 incendio
3271 1848 3461 1919 jaceus
3493 1850 3749 1906 luxurias.
3778 1850 3892 1907 Non

598 1949 851 2004 catricein
910 1965 998 2005 me
1057 1964 1175 2005 esse
1216 1950 1619 2017 mulierculam,
1660 1958 1841 2004 tamen
1882 1964 2037 2005 sacro
2074 1965 2193 2004 sum

598 2042 931 2097 circumdata
963 2042 1321 2115 baptismate;
1355 2052 1410 2099 et
1435 2059 1541 2098 non
1568 2059 1685 2098 sum
1714 2043 1956 2113 spiritus,
1989 2044 2082 2098 sed
2114 2043 2193 2098 fa-

597 2135 722 2190 villa
754 2146 809 2192 et
836 2137 972 2192 cinis
1003 2147 1058 2193 et
1088 2147 1255 2193 totum
1287 2153 1436 2205 caro,
1469 2150 1522 2191 et
1545 2138 1676 2192 nihil
1706 2137 1998 2208 spiritualis
2028 2136 2197 2205 phan-

599 2228 752 2283 tasite
769 2229 1059 2300 aliquando
1083 2231 1163 2287 vel
1186 2232 1252 2286 ad
1278 2242 1511 2287 mentem
1536 2233 1818 2287 reducens.
1846 2233 1970 2287 llazc
1988 2232 2195 2299 dicens,

595 2320 751 2391 signo
775 2323 950 2377 crucis
977 2324 1152 2393 signat
1179 2324 1407 2380 frontem
1431 2341 1602 2392 suam,
1627 2326 1922 2396 oculosque
1944 2334 1998 2381 et
2021 2326 2194 2393 labia;

595 2407 860 2481 simulque
888 2422 942 2468 et
971 2415 1177 2481 pectori
1208 2417 1460 2471 vexillum
1486 2418 1660 2472 crucis
1705 2418 1933 2487 inﬁgens
1954 2459 1969 2483 ,
2002 2419 2073 2472 ita
2116 2417 2197 2472 dio

596 2506 671 2559 xit
701 2523 713 2559 :
747 2504 907 2573 Deus,
938 2508 1077 2562 abba
1108 2507 1321 2563 Zozima
1341 2551 1356 2577 ,
1391 2510 1460 2566 de
1488 2511 1799 2567 adversario
1826 2522 1879 2566 et
1908 2512 2201 2567 immissio-

596 2596 752 2654 nibus
800 2598 919 2669 ejus
966 2600 1157 2656 liberet
1201 2618 1321 2669 nos,
1370 2604 1622 2673 quoniam
1677 2603 1841 2659 multa
1890 2620 2052 2674 super
2100 2620 2198 2661 nos

597 2700 680 2745 est
710 2691 906 2747 invidia
952 2692 1089 2763 ejus.
1128 2694 1253 2749 Haec
1304 2695 1530 2751 audiens
1561 2712 1751 2765 senex,
1797 2700 2086 2767 prosternit
2116 2714 2196 2765 se,

602 2794 657 2839 et
684 2785 1039 2853 apprehendit
1071 2788 1235 2858 pedes
1279 2787 1417 2858 ejus,
1468 2789 1656 2845 dicens
1709 2806 1831 2846 cum
1884 2792 2135 2863 lacrymis
2182 2808 2197 2847 :

600 2874 841 2931 Obsecro
890 2888 941 2933 te
991 2894 1086 2949 per
1136 2880 1415 2935 Dominum
1463 2880 1647 2936 Jesum
1692 2883 1984 2953 Christum,
2015 2900 2199 2940 verum

598 2967 764 3041 386
794 2970 1080 3025 Dominum
1109 2982 1371 3037 nostrum,
1395 2973 1485 3043 qui
1508 2974 1575 3028 dc
1600 2989 1806 3044 Virgine
1836 2975 1984 3030 nasci
2013 2976 2200 3047 digna-

600 3068 687 3116 tus
718 3072 819 3129 est,
847 3079 944 3133 pro
972 3079 1079 3133 quo
1109 3064 1249 3121 hanc
1276 3065 1458 3121 induta
1489 3082 1549 3122 es
1598 3068 1917 3134 nuditatem,
1951 3084 2047 3138 pro
2092 3084 2199 3140 quo

600 3152 697 3211 has
717 3171 909 3213 carnes
932 3157 1263 3228 expendisti,
1290 3168 1346 3214 ut
1371 3160 1503 3216 nihil
1526 3162 1828 3217 abscondas
1847 3177 1876 3217 a
1901 3178 2057 3218 servo
2081 3172 2193 3231 tuo,

2304 1945 2523 2004 propter
2546 1937 2774 2007 alicujus
2798 1938 2998 1994 donum
3038 1941 3401 2012 virginitatem
3433 1959 3605 2000 meam
3633 1945 3843 2015 perdidi
3875 1964 3891 2014 ;

2304 2042 2482 2097 neque
2535 2029 2680 2084 enim
2730 2030 2800 2086 ab
2848 2031 3114 2101 aliquibus
3159 2034 3287 2089 dare
3333 2036 3635 2091 volentibus
3698 2036 3896 2106 aliquid

2300 2120 2627 2191 accipiebam
2653 2140 2668 2189 ;
2699 2123 2802 2180 hoc
2829 2126 2971 2181 enim
3010 2125 3244 2181 libidinis
3277 2126 3454 2182 furore
3482 2142 3742 2183 succensa
3770 2143 3898 2184 con-

2301 2215 2628 2283 siderabam,
2650 2227 2708 2272 ut
2738 2218 2967 2289 amplius
2998 2220 3064 2274 ad
3095 2235 3181 2275 me
3211 2218 3443 2276 facerem
3476 2235 3717 2287 currere,
3735 2220 3897 2293 gratis

2302 2309 2533 2381 implens
2586 2313 2756 2383 stupri
2814 2317 2918 2369 mei
2970 2323 3027 2371 et
3080 2315 3298 2371 sceleris
3324 2315 3675 2372 desiderium.
3712 2318 3897 2384 Neque

2300 2417 2431 2459 vero
2462 2406 2772 2462 consideres
2819 2408 2943 2479 quia
2987 2424 3084 2478 pro
3120 2409 3319 2465 divitiis
3350 2407 3482 2464 nihil
3515 2410 3844 2480 accipiebam
3874 2424 3891 2476 ;

2307 2497 2622 2553 mendicans
2662 2500 2804 2555 enim
2858 2499 3099 2556 vivebam
3134 2543 3148 2567 ,
3199 2509 3291 2555 aut
3330 2502 3599 2558 multoties
3648 2511 3897 2571 stuppam

2302 2588 2524 2645 filando.
2558 2591 2894 2646 Desiderium
2922 2594 3088 2659 enim,
3125 2602 3183 2647 ut
3208 2594 3347 2660 dixi,
3377 2592 3637 2649 habebant
3678 2593 3899 2648 insatia-

2302 2685 2432 2755 bile,
2467 2687 2540 2741 ita
2571 2695 2631 2740 ut
2664 2686 3035 2743 indesinenter
3064 2703 3151 2744 me
3196 2689 3249 2743 iu
3292 2689 3627 2759 sternuilinio
3673 2688 3899 2744 luxuria:

2303 2780 2625 2835 volutarem.
2658 2781 2724 2833 Et
2754 2780 2853 2835 hoc
2882 2782 3013 2836 mihi
3041 2790 3159 2837 erat
3187 2781 3467 2852 placibile,
3499 2791 3555 2835 et
3601 2782 3703 2836 hoc
3738 2781 3900 2835 vitam

2309 2873 2712 2938 existimabam,
2744 2872 2788 2927 si
2815 2872 3181 2929 indesinenter
3224 2886 3429 2929 natura:
3478 2873 3730 2943 injuriam
3777 2887 3899 2944 per-

2304 2965 2561 3034 egissem.
2586 2965 2702 3020 Huc
2720 2966 2881 3020 modo
2904 2981 2990 3020 me
3008 2966 3163 3021 vitam
3189 2966 3436 3034 ducente,
3467 2965 3571 3020 vidi
3592 2967 3645 3019 in
3668 2964 3900 3033 quodam

2306 3065 2471 3113 testus
2503 3066 2749 3128 tempore
2790 3057 3185 3114 multitudinem
3214 3058 3502 3130 Libyorum
3529 3068 3585 3114 et
3614 3058 3902 3130 Egyptio—

2305 3166 2425 3207 rum
2455 3149 2607 3221 quasi
2636 3150 2703 3205 ad
2735 3165 2883 3205 mare
2911 3162 3342 3208 concurrentem.
3370 3149 3565 3220 Reperi
3596 3152 3777 3220 itaque
3802 3148 3905 3205 ali-

601 3262 722 3319 qua;
747 3264 827 3318 es,
863 3258 919 3305 ει
964 3250 1142 3319 unde,
1172 3261 1228 3307 ει
1258 3253 1492 3323 quando,
1527 3254 1610 3309 νει
1658 3254 1729 3310 οι)
1772 3271 1931 3325 quam
1980 3271 2196 3311 causam
2222 3244 2272 3309 C
2305 3260 2465 3316 quem
2492 3285 2509 3309 ,
2564 3252 2622 3299 et
2668 3245 2996 3315 interrogavi
3026 3261 3041 3298 :
3074 3243 3173 3300 Ubi
3203 3244 3461 3300 festinant
3509 3244 3612 3298 viri
3658 3244 3770 3309 isti,
3809 3242 3903 3314 qui

599 3343 942 3401 solitudinem
965 3345 1100 3400 hanc
1116 3345 1445 3415 inhabitasti,
1461 3349 1555 3403 sed
1581 3357 1633 3405 et
1655 3350 1980 3422 omnia,qua:
1997 3352 2136 3407 circa
2152 3361 2205 3408 te

605 3444 751 3500 sunt,
777 3436 971 3493 edicito
1002 3439 1166 3507 mihi,
1202 3448 1258 3495 ut
1284 3442 1375 3497 Dei
1416 3445 1677 3513 magnalia
1708 3443 1871 3499 facias
1900 3446 2200 3502 manifesta.

607 3530 881 3599 Sapientia
926 3534 1070 3589 enim
1120 3535 1434 3592 abscondita
1495 3545 1549 3593 et
1608 3539 1893 3593 thesaurus
1939 3541 2180 3595 occultus

608 3639 727 3695 quae
764 3626 968 3681 utilitas
1014 3627 1067 3681 in
1107 3628 1389 3699 utrisque?
1427 3630 1567 3686 sicut
1604 3632 1862 3699 scriptum
1929 3642 2011 3687 est
2061 3632 2207 3703 (Ec-

604 3716 691 3771 cli.
742 3715 901 3788 xx)?
936 3718 1027 3773 Dic
1060 3719 1192 3775 mihi
1225 3722 1404 3777 omnia
1444 3731 1661 3793 pr0pter
1698 3722 1896 3789 Deum;
1945 3739 2042 3779 nec
2063 3725 2205 3781 enim

603 3823 701 3878 pro
740 3808 1056 3878 gloriatione
1102 3820 1193 3867 aut
1246 3817 1605 3871 ostentatione
1656 3814 1856 3886 aliquid
1900 3816 2073 3885 dicis,
2103 3818 2200 3873 sed

604 3908 660 3953 ut
732 3901 860 3955 mihi
926 3903 1223 3959 satisfacias
1296 3907 1562 3974 peccaturi
1628 3917 1683 3962 et
1749 3908 1987 3979 indigno.
2064 3908 2201 3964 Cre-

605 3993 675 4045 do
729 3992 871 4047 enim
924 3992 1066 4060 Deo,
1094 3996 1182 4050 cui
1231 3996 1396 4065 vivis,
1424 4013 1546 4055 cum
1588 4014 1694 4070 quo
1739 4009 1795 4056 et
1835 4003 2203 4069 conversaris,

610 4084 863 4152 quoniam
893 4085 961 4142 ob
992 4085 1367 4156 hujuscemodi
1398 4106 1512 4147 rem
1541 4093 1783 4149 directus
1808 4108 1924 4149 sum
1958 4095 2009 4149 in
2067 4096 2206 4151 hanc

611 4174 989 4246 solitudinem,
1016 4187 1073 4233 ut
1100 4194 1161 4235 ea
1188 4196 1307 4251 qua:
1337 4182 1478 4238 circa
1507 4191 1557 4239 te
1586 4193 1713 4241 sunt
1739 4185 1882 4241 Deus
1909 4186 2069 4242 faciat
2092 4203 2209 4244 ma-

613 4269 828 4325 nifesta.
860 4270 976 4325 Non
1018 4273 1160 4329 enim
1193 4285 1392 4331 nostrae
1423 4278 1644 4334 virtutis
1673 4288 1755 4334 est
1803 4280 2021 4349 judiciis
2075 4283 2209 4339 resi-

615 4373 759 4420 stere
790 4365 903 4421 Dei.
953 4364 1066 4420 Nisi
1113 4367 1301 4425 fuisset
1346 4370 1674 4443 acceptabile
1720 4373 1933 4431 Christo
1983 4377 2208 4434 Domino

607 4457 956 4517 manifestare
988 4470 1039 4516 te
1073 4470 1128 4518 et
1194 4463 1423 4534 qualiter
1472 4465 1784 4532 decertasti,
1835 4483 1935 4525 nec
1984 4471 2206 4540 teipsatu

613 4553 935 4621 permiserat
952 4555 1123 4611 videri
1149 4558 1217 4610 ab
1246 4559 1427 4629 aliquo
1447 4601 1462 4627 ,
1494 4576 1591 4616 nec
1620 4579 1706 4618 me
1735 4563 2063 4621 confortaret
2094 4577 2209 4621 tan-

2309 3338 2575 3395 currunt?
2608 3338 2750 3394 Dixit
2779 3350 2958 3394 autem
2984 3338 3115 3394 mihi
3142 3357 3153 3393 ε
3189 3340 3244 3394 lu
3275 3338 3668 3411 Jerosolymam
3711 3353 3903 3394 omnes

2310 3431 2607 3485 ascendunt
2633 3430 2703 3484 ob
2734 3440 2933 3485 sanctae,
2961 3430 3136 3485 crucis
3164 3430 3547 3487 exaltationem
3575 3472 3589 3497 ,
3623 3445 3746 3502 quae
3784 3436 3905 3500 post

2309 3523 2516 3593 aliquot
2540 3523 2660 3579 dies
2684 3524 2842 3579 solito
2869 3523 3190 3580 celebratur.
3226 3524 3343 3580 Dixi
3386 3539 3567 3580 autem
3596 3525 3645 3580 ei
3668 3533 3726 3579 et
3756 3538 3857 3595 ego
3886 3540 3903 3583 :

2310 3616 2475 3674 Putas
2504 3618 2797 3687 suscipient
2828 3632 2949 3685 me,
2992 3616 3036 3674 si
3076 3618 3294 3674 voluero
3335 3620 3415 3675 ire
3465 3634 3586 3676 cum
3622 3620 3803 3689 ipsis?
3841 3618 3907 3675 Et

2310 3709 2402 3765 ille
2429 3710 2562 3765 dixit
2600 3728 2614 3765 :
2656 3711 2715 3768 Si
2759 3711 2926 3767 habes
2970 3713 3188 3767 naulum
3214 3754 3229 3779 ,
3261 3712 3440 3767 nullus
3489 3722 3541 3769 te
3576 3712 3901 3783 prohibebit.

2311 3804 2431 3860 Dixi
2467 3805 2517 3861 ei
2554 3824 2567 3859 :
2605 3805 2766 3874 Vere,
2797 3804 2982 3874 frater,
3012 3808 3228 3862 naulum
3260 3808 3344 3862 vel
3371 3816 3643 3873 sumptum
3673 3821 3780 3861 non
3808 3808 3908 3861 ha-

2312 3896 2437 3953 beo.
2471 3898 2673 3954 Vadam
2720 3909 2897 3954 autem
2942 3910 2996 3954 et
3024 3900 3315 3956 ascendam
3369 3901 3426 3955 in
3472 3914 3634 3954 uuam
3677 3900 3908 3969 navim,

2313 4008 2473 4065 quam
2506 3993 2903 4050 conduxerunt.
2951 3994 3020 4048 Et
3068 3995 3194 4050 licet
3234 4002 3500 4059 renuant,
3534 3994 3910 4061 memetipsam

2314 4088 2555 4155 tradam;
2601 4103 2797 4157 corpus
2826 4089 2969 4145 enim
2999 4104 3177 4145 meum
3209 4088 3263 4143 in
3306 4096 3569 4159 potestate
3599 4087 3862 4142 habentes
3891 4126 3909 4146 .

2319 4195 2418 4251 pro
2447 4180 2608 4235 naulo
2638 4182 2925 4251 accipient.
2954 4181 3244 4251 Propterea
3277 4191 3458 4237 autem
3491 4197 3613 4238 cum
3656 4185 3739 4237 eis
3766 4180 3912 4238 volui

2313 4275 2592 4331 ambulare
2638 4275 2795 4344 (abba
2840 4290 3011 4339 meus,
3062 4275 3299 4348 ignosce)
3330 4286 3387 4331 ut
3424 4266 3625 4332 multds
3650 4276 3913 4331 haberem

2314 4378 2701 4439 cooperatores
2734 4369 2787 4425 in
2817 4386 2950 4425 mea:
2980 4370 3217 4426 libidinis
3251 4374 3520 4441 passione.

2387 4463 2511 4517 CAP.
2548 4461 2687 4517 XIV.
2719 4492 2791 4502 —
2820 4461 2939 4516 Dixi
2966 4462 3083 4530 tibi,
3121 4462 3193 4517 mi
3232 4465 3448 4518 domine
3476 4480 3661 4530 senex,
3696 4464 3915 4535 ignosce

2314 4556 2465 4620 mihi,
2506 4572 2575 4611 ne
2604 4557 2895 4625 compellas
2923 4572 3010 4611 me
3057 4572 3229 4613 meam
3281 4558 3464 4614 dicere
3515 4560 3914 4616 confusionem.

614 4654 723 4700 tam
776 4663 1065 4718 properare
1113 4652 1276 4718 viam,
1308 4668 1568 4724 nusquam
1618 4656 1887 4713 valentem
1936 4660 2208 4730 progredi,
2236 4646 2289 4707 Ι)
2320 4650 2691 4705 Coutremisco
2715 4649 2878 4716 enim,
2905 4653 3053 4708 novit
3081 4652 3360 4722 Dominus,
3382 4655 3654 4708 maculant
3683 4655 3833 4710 enim
3863 4662 3915 4709 et

616 4750 708 4797 aut
733 4752 1007 4812 potentem
1032 4746 1100 4801 de
1129 4748 1265 4803 cella
1297 4765 1411 4806 mea
1444 4752 1753 4820 procedere.

684 4834 816 4891 CAP.
853 4835 969 4892 XII.
1002 4868 1071 4878 —
1104 4840 1228 4896 Ηωο
1258 4857 1326 4897 eo
1373 4844 1606 4912 dicente,
1634 4848 1727 4901 sed
1777 4856 1831 4902 et
1878 4848 1980 4901 alia
2034 4848 2208 4919 plura,

616 4927 839 4982 elevans
868 4942 990 4984 eum
1021 4930 1236 5001 mulier,
1268 4932 1402 4988 dixit
1436 4952 1449 4988 :
1487 4934 1624 4991 Vere
1650 4937 1935 5003 erubesco,
1966 4938 2205 5008 ignosce,

613 5018 751 5073 abba
772 5036 943 5089 meus,
960 5022 1141 5078 dicere
1162 5025 1257 5081 tibi
1287 5027 1671 5097 turpitudinem
1694 5045 1935 5085 meorum
1963 5042 2205 5097 actuum;

612 5122 793 5170 tamen
823 5116 947 5186 quia
996 5116 1175 5172 vidisti
1227 5120 1427 5175 nudum
1457 5136 1652 5191 corpus
1684 5138 1887 5192 meum,
1920 5125 2205 5180 denudabo

614 5204 708 5260 tibi
732 5215 786 5262 et
804 5222 965 5278 opera
990 5225 1230 5267 meorum
1256 5224 1469 5269 actuum
1489 5256 1504 5281 ,
1535 5228 1900 5285 utcognoscas
1914 5234 2076 5289 quam
2099 5228 2210 5274 tur-

612 5300 695 5368 pis
723 5299 947 5355 luxuria:
965 5311 1019 5357 et
1039 5303 1300 5372 Opprobio
1327 5306 1659 5361 confusionis
1682 5311 1884 5379 repleta
1910 5321 1994 5365 est
2030 5311 2207 5365 anima

612 5406 753 5448 mea.
769 5392 884 5449 Non
901 5397 1043 5452 enim
1055 5442 1070 5466 ,
1087 5407 1141 5452 ut
1155 5408 1209 5453 tu
1222 5400 1338 5466 ipse
1350 5400 1722 5465 considerasti,
1741 5414 1961 5473 propter
1976 5405 2207 5474 aliquam

610 5483 861 5556 gloriam,
880 5503 999 5558 qua:
1027 5491 1168 5545 circa
1200 5501 1287 5548 me
1306 5503 1458 5560 sunt,
1485 5494 1609 5549 volo
1625 5511 1868 5551 narrare.
1899 5497 2036 5563 Quid
2063 5497 2208 5553 enim

611 5585 802 5645 potero
827 5578 1065 5648 gloriari,
1099 5596 1220 5651 quae
1247 5584 1463 5655 diabolo
1500 5600 1591 5640 vas
1631 5585 1705 5641 fui
1751 5587 2031 5643 electionis
2081 5588 2213 5643 effe-

608 5673 741 5727 cta?
772 5673 899 5727 Scio
926 5686 1108 5731 autem
1136 5679 1261 5747 quia
1292 5682 1337 5735 si
1370 5695 1589 5751 coepero
1619 5697 1842 5738 narrare
1862 5697 1923 5738 ea
1946 5697 2066 5752 qua:
2088 5692 2213 5737 sunt

612 5763 680 5819 dc
723 5780 825 5831 me,
861 5766 1032 5838 fugies
1058 5784 1088 5824 a
1121 5787 1224 5833 me,
1255 5776 1403 5842 quasi
1430 5776 1548 5847 quis
1576 5775 1741 5848 fugiat
1767 5793 1795 5830 a
1826 5775 1959 5832 facie
1987 5791 2209 5846 serpen-

612 5856 705 5922 tis,
743 5856 963 5915 auribus
993 5876 1099 5916 non
1128 5866 1311 5923 valens
1340 5869 1549 5939 audire,
1576 5869 1646 5926 ob
1674 5869 2053 5941 inexpedibilia
2089 5885 2209 5941 quae

2330 4744 2503 4813 ipsum
2537 4758 2717 4799 aerem
2743 4743 2828 4797 isti
2858 4758 3136 4799 sermones
3163 4744 3289 4799 mei.
3320 4744 3563 4801 Zosimas
3593 4755 3779 4801 autem
3808 4758 3933 4817 ter-p

2326 4852 2440 4891 ram
2494 4835 2745 4908 lacrymis
2787 4835 3073 4893 infundens
3100 4881 3116 4906 ,
3165 4842 3443 4910 respondit
3489 4841 3556 4896 ad
3608 4856 3729 4898 eam
3765 4860 3779 4896 :
3822 4842 3918 4897 Dic

2318 4936 2538 4999 propter
2558 4930 2759 4996 ,Dcum,
2783 4945 2816 4985 o
2838 4939 3011 4985 mater
3039 4946 3179 4997 mea,
3212 4932 3317 4999 dic,
3352 4942 3406 4988 et
3435 4949 3503 4989 ne
3534 4934 3921 5003 praetermittas

2317 5022 2593 5091 sequentia
2638 5030 2745 5077 tam
2791 5023 3084 5079 salutiferae
3112 5026 3457 5081 narrationis.
3489 5026 3581 5081 Illa
3608 5039 3791 5083 autem
3824 5027 3920 5081 ad-

2315 5116 2543 5187 jungens
2583 5118 2752 5187 priori
2804 5122 3121 5187 narrationi,
3171 5121 3379 5176 addidit
3408 5122 3523 5177 haec
3562 5122 3703 5179 :llle
3733 5133 3919 5178 autem

2318 5209 2635 5268 adolescens
2667 5212 2892 5268 audiens
2943 5229 3253 5270 sermonum
3312 5231 3553 5273 meorum
3609 5218 3922 5274 obscurita-

2319 5312 2425 5360 tem
2449 5305 2589 5377 (Η),
2637 5307 2822 5362 ridens
2848 5307 3122 5365 discessit.
3155 5308 3269 5378 Ego
3296 5322 3472 5365 autem
3512 5310 3714 5377 fusum,
3750 5328 3918 5383 quem

2316 5413 2476 5452 manu
2508 5399 2779 5469 tenebam,
2826 5402 3117 5473 projiciens
3144 5403 3313 5474 (hunc
3350 5406 3493 5462 enim
3535 5416 3657 5475 post
3703 5418 3924 5476 tempus

2315 5494 2678 5549 conveniebat
2716 5510 2803 5549 me
2847 5495 3078 5567 tenere),
3108 5497 3320 5553 cucurri
3344 5499 3409 5553 ad
3437 5515 3609 5564 mare,
3652 5501 3742 5554 ubi
3796 5500 3925 5556 illos

2317 5589 2564 5657 persnexi
2595 5596 2876 5644 currentes
2901 5629 2916 5654 ,
2948 5599 3004 5644 et
3027 5588 3136 5643 vidi
3164 5590 3394 5659 juvenes
3423 5593 3628 5663 aliqum
3647 5592 3701 5646 in
3728 5592 3921 5648 littore

2317 5690 2542 5749 stantes,
2568 5698 2794 5739 numero
2823 5684 2973 5754 quasi
3004 5684 3215 5749 decem,
3243 5686 3377 5743 satis
3397 5702 3627 5758 Corpore
3650 5691 3923 5759 vultuque

2314 5777 2623 5841 acerrimos,
2649 5784 2703 5831 et
2732 5776 2797 5830 ad
2830 5776 2882 5831 id
2918 5778 3059 5848 quod
3093 5780 3225 5834 mihi
3274 5791 3394 5837 erat
3439 5780 3722 5851 placabile,
3774 5783 3926 5852 opti-

2313 5884 2450 5926 mos.
2488 5869 2653 5926 Erant
2682 5880 2863 5927 autem
2894 5880 2950 5927 et
2983 5872 3110 5937 alii.
3141 5873 3233 5945 qui
3270 5872 3384 5946 jam
3435 5889 3600 5933 naves
3640 5874 3922 5933 ascende-

2359 5985 2453 6012 “vi.
