4208 6352
302 411 394 470 681

1058 414 1215 473 VITA
1255 410 1548 472 SANCTIE
1589 401 1827 466 mam
1871 403 2333 467 aeramnae.
2377 401 2808 473 MERETRICIS.

3463 418 3570 474 682

301 539 442 586 rant.
478 524 816 598 Impudenter
840 538 1042 597 autem,
1070 541 1126 586 ut
1155 533 1282 587 mihi
1314 531 1646 588 consuetudo
1669 538 1800 594 erat,
1831 527 1883 580 in
1916 528 1966 586 A
1991 528 2242 597 progredi
2273 531 2456 587 valens
2486 535 2710 602 (factum
2737 534 2934 603 quippe
2962 532 3137 588 fuerat
3159 546 3353 603 corpus
3383 550 3568 590 meum

306 621 488 677 medio
518 635 702 676 eorum
744 637 830 677 me
871 623 1136 678 irruenter
1177 622 1336 689 dedi,
1372 624 1554 678 dicens
1588 640 1600 676 :
1647 619 1880 689 Accipite

303 724 352 769 et
384 727 472 769 me
499 713 774 767 vobiscum
816 728 922 782 quo
965 716 1218 784 pergitis,
1275 729 1377 769 non
1415 715 1554 770 enim
1605 728 1698 767 ero
1733 712 1884 766 vobis

304 808 676 878 Implacabilis.
702 807 807 862 Sed
843 818 897 861 et
941 808 1076 864 alios
1104 809 1437 865 sordidiores
1467 809 1742 876 proferens
1771 823 1884 863 ser-

304 916 520 964 mones,
571 914 759 955 omnes
807 899 873 953 ad
927 900 1208 955 ridendum
1258 903 1543 956 commovi.
1591 902 1669 955 Illi
1708 911 1885 955 autem

307 994 770 1048 inerubescentetn
804 1000 1004 1046 motum
1040 1009 1215 1048 meum
1247 995 1492 1050 videntes
1517 1036 1532 1060 ,
1560 993 1886 1064 accipientes

305 1083 461 1155 387
493 1099 599 1150 me,
649 1083 702 1136 in
732 1083 1026 1138 naviculam
1065 1095 1432 1154 portaverant.
1468 1087 1673 1141 Exinde
1707 1095 1885 1152 autem

304 1178 693 1247 navigationem
725 1178 1008 1249 coepimus.
1038 1167 1167 1246 Quae
1215 1191 1390 1238 autem
1440 1191 1562 1252 post
1610 1182 1725 1238 haec
1769 1193 1885 1237 acta

305 1281 449 1335 sunt,
481 1271 748 1340 quomodo
779 1273 874 1327 tibi
905 1288 1160 1329 enarrare
1188 1285 1372 1343 potero
1393 1318 1407 1343 ,
1457 1291 1489 1332 ο
1534 1277 1696 1330 Ιιοιιιο
1741 1278 1834 1331 Dei
1865 1277 1889 1330 ?

305 1367 434 1431 Qua:
481 1365 658 1436 lingua
701 1366 882 1421 dicere
915 1376 1091 1436 potest
1123 1409 1137 1433 ,
1167 1372 1248 1424 vel
1287 1371 1433 1424 auris
1459 1371 1598 1425 valet
1619 1371 1804 1425 audire
1824 1384 1887 1424 ea

307 1474 424 1530 quae
454 1461 506 1512 in
533 1461 772 1513 navicula
801 1459 883 1515 vel
916 1458 1108 1515 itinere
1153 1459 1287 1516 facta
1327 1463 1495 1517 sunt?
1528 1463 1798 1531 quomodo
1821 1462 1888 1517 ad

310 1550 638 1620 peccandum
672 1560 725 1606 et
755 1552 940 1606 volens
976 1553 1204 1608 miseros
1242 1570 1341 1624 ego
1372 1557 1758 1624 compcllebam
1788 1573 1888 1611 no-

307 1643 501 1701 lentes.
541 1644 657 1700 Non
690 1655 774 1700 est
803 1646 1107 1711 narrabilis,
1139 1647 1233 1702 sed
1274 1647 1644 1706 inenarrabilis
1669 1654 1888 1721 nequis-

305 1738 436 1792 sima
475 1727 714 1808 species,
756 1740 908 1809 cujus
959 1750 1085 1796 tunc
1133 1757 1250 1796 sum
1305 1743 1604 1800 infelicibus
1635 1745 1910 1822 magistra

306 1831 597 1887 sceleribus
641 1833 850 1888 effecta.
887 1835 1028 1905 Ergo
1073 1850 1216 1890 nunc
1263 1837 1566 1893 satisfactus
1595 1849 1732 1898 esto.
1764 1840 1886 1909 quia

1989 633 2018 673 a
2073 619 2123 675 vi
2170 625 2639 692 comprimentium
2686 626 2838 681 valde
2889 627 3276 695 confractum),
3313 628 3575 685 recedens

1988 711 2234 779 discessi,
2283 725 2338 770 et
2359 718 2483 771 steti
2527 720 2576 771 in
2605 719 2832 785 quodam
2861 718 3055 786 angulo
3094 719 3212 772 atrii
3251 721 3465 787 templi;
3518 731 3575 776 et

1989 807 2074 860 vix
2101 807 2404 877 aliquando,
2456 825 2524 864 on
2553 827 2710 880 quain
2757 826 2972 866 causam
3026 812 3347 880 prohibebar
3391 812 3575 867 videre

1991 897 2259 952 vivificum
2305 900 2505 967 lignum
2564 900 2615 953 iu
2672 901 3047 972 cogitationem
3105 903 3316 956 reduxi.
3380 901 3578 972 Tetigit

1990 990 2132 1044 enim
2167 999 2402 1046 mentem
2433 1002 2486 1047 et
2515 992 2695 1048 cordis
2727 994 2832 1047 mei
2866 997 3052 1048 oculos
3096 995 3395 1050 intellectus
3426 997 3573 1050 salu-

1992 1079 2081 1144 tis,
2115 1085 2416 1150 recogitans
2444 1085 2567 1152 quia
2597 1083 2833 1154 sqttalida
2862 1095 3073 1139 actuum
3104 1100 3343 1139 mearum
3374 1087 3577 1141 scelera

1993 1173 2122 1226 mihi
2178 1174 2487 1230 introeundi
2536 1175 2734 1230 aditum
2793 1177 3139 1232 obserabant.
3197 1177 3346 1246 (Ζωμί
3401 1180 3581 1247 itaque

1991 1269 2125 1324 flens
2157 1271 2380 1326 nimium
2412 1273 2720 1327 conturbari
2771 1281 2825 1328 et
2879 1282 3065 1342 pectus
3121 1272 3365 1338 tundere,
3418 1283 3582 1342 atque

1995 1364 2227 1430 suspiria
2257 1365 2325 1419 de
2353 1365 2616 1432 profundo
2669 1367 2849 1420 cordis
2904 1363 3206 1435 proferens,
3261 1374 3313 1419 et
3364 1379 3583 1433 gemens

1996 1456 2310 1526 ejulansque
2341 1459 2588 1527 prOSpexi
2619 1458 2670 1512 in
2717 1458 2835 1513 loco
2866 1459 2918 1512 in
2953 1473 3054 1526 quo
3094 1458 3320 1515 stabam.
3370 1472 3584 1512 sursum

1994 1550 2276 1619 imaginem
2306 1563 2504 1605 sanctae
2533 1554 2627 1608 Det
2671 1553 2946 1622 genitricis
2975 1562 3230 1618 stantem,
3262 1560 3317 1606 et
3371 1553 3476 1616 aio,
3514 1551 3582 1606 ad

1993 1657 2110 1696 eam
2138 1641 2420 1696 intendens
2465 1652 2519 1696 et
2561 1643 2957 1698 indeclinanter
2989 1644 3272 1699 attendens
3303 1658 3318 1704 ;
3353 1642 3579 1696 Domina

1993 1736 2164 1804 virgo,
2195 1751 2313 1804 qua:
2345 1736 2510 1790 Deum
2563 1736 2792 1806 genuisti
2821 1737 3120 1792 secundum
3170 1752 3412 1803 carnem,
3470 1739 3585 1790 scio

1994 1827 2115 1894 quia
2141 1841 2240 1880 nec
2269 1827 2569 1881 condecens
2610 1842 2707 1882 nec
2737 1836 3094 1896 opportunum
3131 1828 3199 1880 sit
3229 1843 3314 1881 me
3346 1830 3424 1883 sic
3458 1828 3584 1882 hor-

306 1934 575 1992 slupegco’
626 1925 893 1996 quomodo
933 1943 1084 1982 meas
1137 1943 1284 1984 mare
1337 1930 1463 1984 illud
1504 1932 1754 1986 ευειεηυίι
1791 1932 1893 1986 ini-
1929 1909 1977 1970 B
2006 1917 2172 1972 ridam
2204 1918 2427 1972 adorare
2468 1919 2752 1989 itnaginem
2789 1929 2932 1974 tuam
2963 1920 3046 1973 vel
3082 1920 3429 1987 contemplari
3460 1935 3585 1973 ocu-

306 2017 563 2086 quitatnm
610 2017 885 2083 luxurias,
936 2020 1202 2087 quomodo
1249 2033 1390 2077 terra
1425 2039 1527 2077 non
1579 2024 1789 2092 aperuit
1827 2040 1889 2078 os

307 2121 483 2172 suum,
515 2117 571 2164 et
609 2109 659 2163 in
691 2109 957 2165 infernum
994 2113 1268 2168 viventem
1298 2129 1386 2169 me
1421 2113 1716 2180 demersit,
1773 2131 1891 2184 quae

308 2208 488 2255 tantas
527 2202 577 2255 in
612 2203 857 2270 laqueum
895 2206 1085 2260 mortis
1126 2206 1310 2260 induxi
1359 2208 1586 2262 animas.
1631 2208 1733 2263 Sed
1762 2251 1776 2274 ,
1836 2218 1894 2263 ut

310 2291 560 2358 arbitror,
608 2309 780 2349 meam
813 2296 989 2359 Deus,
1021 2298 1108 2366 qui
1134 2299 1400 2353 neminem
1431 2302 1542 2353 vult
1566 2302 1762 2368 perire,
1796 2301 1890 2355 sed

311 2398 492 2439 omnes
540 2383 652 2439 fieri
697 2387 876 2441 salvos
907 2385 957 2454 (Ι
983 2388 1117 2442 Tim.
1154 2389 1236 2458 tt),
1278 2391 1582 2459 requirebat
1630 2391 1893 2458 paeniten-

311 2475 459 2531 tiam.
499 2476 614 2532 Non
642 2479 784 2534 enim
817 2481 929 2535 vult
961 2491 1187 2538 mortem
1218 2485 1515 2552 peccatoris
1539 2526 1552 2546 ,
1584 2485 1678 2538 sed
1709 2486 1894 2556 longa-

312 2565 524 2623 nimiter
554 2582 850 2638 exspectat.
892 2571 1164 2628 sustinens
1213 2574 1624 2629 conversionem
1674 2574 1888 2644 (Ezerh.

313 2660 486 2727 xvnt).
508 2660 599 2714 Sic
627 2663 803 2732 itaque
829 2679 949 2719 cum
974 2680 1159 2735 magna
1195 2666 1531 2720 festinatione
1552 2668 1894 2722 ascendimus

313 2747 736 2823 Jcrosolymam;
769 2763 822 2812 et
849 2767 1075 2826 quantos
1106 2759 1319 2826 quidem
1351 2760 1467 2812 dies
1499 2769 1621 2814 ante
1647 2759 1896 2814 festivita-

313 2852 418 2898 tem
448 2848 499 2900 in
528 2847 742 2903 civitate
757 2862 1079 2904 commorata
1097 2867 1240 2915 sum,
1261 2853 1524 2908 similibus
1551 2854 1894 2924 nequissimis

315 2935 496 2988 vacavi
523 2938 770 3003 cperibus
795 2981 810 3005 ,
843 2943 1115 3011 magisque
1150 2943 1439 3012 pejoribus.
1472 2944 1586 2998 Non
1609 2945 1751 2998 enim
1782 2946 1895 2999 suf-

314 3023 500 3080 liciens
535 3029 606 3082 fui
649 3029 931 3099 juvenibus
982 3050 1190 3089 mecum
1239 3037 1290 3090 in
1339 3037 1470 3091 mari
1501 3038 1896 3093 luxuriantibus

314 3120 434 3176 etin
462 3121 650 3179 itinere
672 3169 684 3191 ,
714 3126 810 3180 sed
841 3136 894 3182 et
923 3128 1059 3183 alios
1090 3129 1285 3183 multos
1325 3133 1639 3200 peregrinos
1669 3140 1724 3185 et
1748 3132 1894 3186 cives

315 3210 367 3265 in
421 3214 524 3268 mei
565 3215 767 3272 scelere
809 3229 963 3274 actus
1009 3234 1338 3290 congregans
1366 3262 1379 3286 ,
1432 3222 1769 3291 coinquinavi
1809 3238 1895 3277 se-

314 3301 534 3359 ducens.

381 3394 506 3450 CAP.
540 3395 656 3452 XV.
689 3429 758 3440 —
777 3401 998 3468 Quando
1019 3412 1194 3458 autem
1218 3403 1363 3459 venit
1391 3412 1594 3458 sanctae
1617 3406 1902 3460 exaltatio-

315 3489 396 3543 nis
425 3489 682 3547 festivitas
726 3496 972 3561 pretiosa:
1015 3497 1208 3562 crucis,
1255 3512 1353 3566 ego
1399 3500 1634 3569 quidem,
1669 3501 1806 3554 sicut
1846 3509 1902 3555 et

315 3584 484 3655 prius,
516 3589 792 3658 praeibam,
823 3591 1074 3660 juvenum
1107 3594 1404 3661 illaqueans
1431 3604 1485 3649 et
1525 3598 1744 3664 capiens
1787 3595 1902 3650 ani-

315 3693 449 3734 mas.
479 3680 597 3734 Vidi
625 3693 799 3738 autem
825 3687 995 3750 primo
1025 3687 1259 3742 diluculo
1286 3703 1473 3742 omnes
1514 3691 1577 3742 ad
1614 3690 1896 3745 ecclesiam

314 3773 637 3827 unanimiter
661 3786 1064 3832 concurrentes.
1109 3779 1228 3834 Abii
1256 3791 1309 3835 et
1357 3795 1477 3849 ego,
1511 3796 1734 3836 currens
1779 3797 1899 3836 eum

315 3865 675 3923 currentibus.
702 3877 756 3922 et
800 3871 922 3923 veni
953 3884 1073 3924 cum
1127 3872 1231 3925 illis
1263 3873 1314 3924 in
1366 3873 1559 3926 atrium
1596 3874 1814 3941 templi;
1847 3881 1904 3928 et

315 3969 436 4011 cum
465 3969 698 4012 venisset
721 3972 848 4014 nora
879 3963 1216 4016 exaltationis
1242 3962 1434 4019 divinae
1471 3980 1668 4030 crucrs,
1702 3967 1897 4035 impin-

316 4047 508 4118 gebam
537 4056 591 4104 et
631 4050 981 4119 impingebar,
1030 4054 1433 4126 repellebarque
1482 4055 1900 4126 quodammodo,

316 4135 576 4193 festinans
615 4141 820 4210 ingredi
852 4157 971 4197 cum
1003 4145 1217 4213 populo,
1249 4155 1494 4202 coarctor
1534 4163 1700 4218 usque
1731 4149 1795 4203 ad
1818 4149 1902 4218 ja-

316 4240 478 4282 nuam
507 4231 686 4299 templi
718 4249 835 4287 cum
876 4235 957 4288 his
997 4237 1083 4304 qui
1130 4239 1582 4305 ingrediebantur,
1614 4256 1734 4294 cum
1779 4256 1895 4295 ma-

321 4333 422 4387 gna
453 4320 646 4375 laboris
679 4325 1023 4382 tribulatione
1065 4330 1499 4398 appropinquans
1529 4341 1584 4386 et
1621 4347 1722 4403 ego
1769 4334 1902 4388 infe-

322 4408 440 4464 lix:
485 4414 694 4479 quando
743 4426 920 4470 autem
977 4419 1183 4488 ingredi
1234 4423 1498 4491 volebam,
1556 4424 1632 4478 illi
1686 4425 1900 4494 quidem

319 4514 508 4557 omnes
538 4505 653 4559 sine
679 4507 1055 4575 impedimento
1103 4510 1563 4579 ingrediebantur,
1610 4531 1695 4571 me
1723 4531 1896 4573 autem

319 4592 493 4648 divina
531 4597 703 4664 aliqua
734 4599 903 4655 virtus
951 4601 1288 4670 prohibebat,
1339 4621 1445 4661 non
1495 4607 1774 4677 indulgens
1817 4610 1901 4664 in-

1998 2007 2065 2061 lis
2097 2009 2258 2062 tantis
2287 2008 2536 2064 sordibus
2571 2009 2811 2078 pollutis,
2843 2026 2961 2080 qua!
2989 2025 3107 2064 esse
3131 2011 3278 2080 virgo
3308 2011 3586 2079 dignosce-

1997 2098 2070 2151 ris
2101 2107 2155 2153 et
2185 2111 2355 2164 casta,
2381 2115 2498 2168 quae
2521 2115 2716 2170 corpus
2745 2111 2800 2155 et
2832 2102 3064 2156 animam
3113 2103 3274 2157 babes
3327 2103 3586 2156 immacu-

1998 2189 2159 2243 lalam
2189 2209 2200 2242 :
2229 2191 2428 2257 justum
2463 2200 2542 2244 est
2573 2206 2658 2245 me
2709 2191 3035 2245 luxuriosam
3081 2207 3109 2244 a
3165 2204 3249 2246 tua
3305 2194 3585 2260 purissima

2001 2283 2262 2336 castitatis
2287 2282 2545 2336 munditia
2581 2282 2879 2336 abominari
2907 2293 2960 2338 et
2992 2283 3202 2350 projici.
3229 2284 3428 2337 Tamen
3455 2299 3587 2349 quo-

2000 2375 2162 2436 niam,
2199 2384 2254 2428 ut
2286 2374 2492 2438 audivi,
2547 2375 2615 2427 ob
2656 2375 2756 2428 hoc
2807 2374 3028 2429 effectus
3080 2383 3160 2428 est
3211 2374 3350 2428 Deus
3404 2378 3583 2440 homo,

2001 2482 2156 2532 quem
2191 2469 2304 2533 ipsa
2353 2467 2509 2536 digna
2553 2466 2803 2534 genuisti,
2836 2477 2892 2518 ut
2937 2475 3248 2534 peccatores
3280 2476 3494 2520 vocaret
3521 2465 3589 2520 ad

2001 2560 2392 2632 pwnitentiam,
2426 2559 2613 2629 adjuva
2645 2575 2728 2614 me
2754 2559 3047 2613 solitariam
3078 2569 3131 2613 et
3154 2560 3356 2613 nullum
3385 2560 3585 2613 haben-

2002 2664 2108 2708 tcm
2160 2655 2512 2723 adjutorium,
2566 2655 2778 2722 percipe
2843 2654 3234 2708 confessionem
3292 2669 3485 2716 meam,
3536 2661 3590 2708 et

2001 2745 2130 2799 mihi
2165 2746 2436 2800 licentiam
2497 2745 2671 2798 tribue
2722 2743 2966 2799 ecclesia:
3017 2743 3333 2812 patefactum
3387 2745 3591 2812 ingredi

2000 2839 2222 2902 aditum,
2258 2846 2313 2894 et
2352 2853 2453 2892 non
2483 2838 2687 2892 efficiar
2717 2839 2887 2892 aliena
2928 2852 2956 2890 a
2986 2838 3190 2892 visione
3221 2839 3592 2905 pretiosissimi

2002 2931 2154 3002 ligni,
2200 2933 2249 2985 in
2280 2947 2384 2998 quo
2429 2928 2620 2985 affixus
2671 2931 2808 2985 Deus
2857 2929 3037 2995 homo,
3084 2945 3241 2999 quem
3287 2932 3592 2998 concipiens

2003 3026 2114 3094 ipsa
2162 3026 2310 3094 virgo
2342 3024 2616 3093 peperisti,
2671 3034 2723 3077 et
2779 3023 3051 3092 proprium
3102 3023 3412 3091 sanguinein
3445 3023 3591 3076 dedit

2003 3134 2100 3188 pro
2140 3134 2254 3172 mea
2287 3119 2622 3172 liberatione.
2664 3115 2820 3180 Jube,
2851 3133 2884 3171 0
2916 3117 3160 3180 Domina,
3197 3127 3250 3170 ct
3280 3117 3406 3170 mihi
3457 3118 3594 3171 indi-

2002 3224 2120 3276 gnte
2147 3210 2214 3263 ob
2241 3209 2432 3263 divina:
2469 3208 2642 3262 crucis
2673 3208 3045 3262 salutationem
3076 3207 3292 3275 januztm
3324 3210 3586 3277 patefieri,

1925 3291 1972 3354 C
2002 3312 2055 3357 et
2076 3310 2128 3356 te
2155 3317 2218 3356 ex
2253 3310 2304 3356 te
2335 3303 2511 3371 genito
2537 3301 2755 3355 Christo
2795 3300 3159 3370 dignissimam
3193 3301 3262 3354 do
3301 3301 3586 3370 fidejusso-

2003 3409 2136 3460 rem,
2171 3394 2290 3462 quia
2320 3408 2586 3460 nunquam
2613 3391 2749 3445 ultra
2782 3407 2953 3446 meam
2986 3408 3202 3448 carnem
3226 3393 3592 3460 coinquinabo

2005 3503 2100 3558 per
2131 3487 2342 3542 horrida
2378 3486 2758 3541 immistionutn
2810 3486 3065 3551 ludibria;
3119 3489 3212 3541 sed
3245 3503 3364 3540 mox
3394 3497 3450 3541 ut
3498 3487 3592 3540 lilii

2010 3583 2109 3649 tui,
2143 3582 2304 3651 Virgo
2325 3591 2532 3648 sancta,
2581 3581 2764 3634 videro
2811 3579 3030 3649 lignum,
3080 3580 3275 3634 seculo
3306 3589 3357 3632 et
3385 3578 3592 3634 acubus

2005 3677 2161 3746 ejus,
2214 3686 2265 3730 et
2321 3675 2566 3730 omnibus
2621 3689 2737 3743 quae
2787 3673 2839 3726 in
2903 3688 2966 3727 eo
3023 3682 3146 3727 sunt
3203 3674 3488 3735 renuntio,
3539 3683 3594 3728 et

2005 3770 2259 3824 continuo
2307 3768 2552 3838 egredior
2595 3766 2895 3835 ubicunque
2939 3767 3049 3833 ipsa
3082 3775 3138 3819 ut
3192 3765 3474 3834 fidejussor
3505 3778 3594 3822 me

2008 3863 2245 3917 duxeris.

2078 3953 2207 4008 CAP.
2241 3951 2404 4007 XVII.
2439 3982 2507 3994 —
2548 3953 2672 4008 Ητεο
2698 3952 2904 4016 dicens,
2933 3959 2982 4006 et
3011 3952 3159 4021 quasi
3186 3952 3414 4022 aliquam
3439 3951 3595 4006 satis-

2007 4047 2287 4102 factionem
2314 4046 2598 4114 recipiens,
2632 4046 2752 4100 ﬁdei
2783 4061 3038 4101 succensa
3061 4047 3260 4111 calore,
3289 4054 3342 4100 et
3370 4046 3437 4099 de
3481 4045 3593 4115 pie-

2007 4140 2129 4194 tatis
2157 4138 2449 4194 visceribus
2478 4137 2574 4192 Dei
2604 4139 2878 4208 genitricis
2918 4153 3266 4208 prtesnmens,
3314 4138 3454 4191 movi
3507 4150 3594 4192 me

2006 4233 2075 4288 de
2103 4233 2290 4288 eodem
2323 4233 2460 4299 loco,
2509 4233 2559 4285 in
2603 4248 2710 4301 quo
2737 4241 2885 4287 stans
2927 4232 3022 4286 feci
3055 4235 3384 4295 orationem;
3420 4241 3472 4285 et
3501 4245 3592 4286 ve-

2007 4326 2178 4389 niens,
2212 4327 2398 4380 iterum
2434 4326 2852 4395 ingredientibus
2884 4341 2968 4379 me
3001 4327 3207 4391 miscui,
3234 4335 3287 4379 et
3315 4328 3451 4378 u‘tra
3485 4339 3592 4380 non

2007 4428 2122 4471 erat
2151 4417 2239 4485 qui
2271 4431 2354 4470 me
2384 4417 2688 4484 repelleret,
2733 4432 2901 4484 neque
2924 4418 3010 4485 qui
3045 4432 3127 4469 me
3158 4416 3464 4483 prohiberet
3497 4431 3592 4482 ap-

2010 4507 2371 4577 prOpinquare
2399 4507 2597 4574 januis,
2633 4508 2822 4576 quibus
2869 4509 2921 4560 in
2973 4509 3228 4573 templum
3277 4507 3591 4562 introibant.

2009 4604 2228 4672 Accepit
2252 4618 2378 4672 ergo
2409 4618 2492 4656 me
2521 4616 2719 4655 tremor
2760 4599 2965 4653 validus
2996 4599 3158 4670 383
3205 4609 3259 4654 ct
3290 4600 3510 4666 ellasis,
3542 4610 3590 4655 et

320 4690 560 4742 troitum.
605 4689 722 4745 Mox
755 4693 913 4758 igitur
949 4695 1180 4765 repulsa,
1215 4696 1470 4766 ejiciebar
1501 4699 1676 4764 foras;
1704 4710 1758 4755 et
1786 4701 1900 4768 eje-
1930 4689 1980 4751 Ι)
2008 4705 2113 4753 tota
2145 4713 2208 4750 ex
2238 4695 2484 4749 omnibus
2516 4693 2862 4748 tremebunda
2915 4696 3186 4747 turbabar.
3237 4692 3416 4763 Itaque
3457 4711 3590 4748 con-

319 4786 427 4844 cta,
459 4781 763 4837 inveniebar
792 4785 906 4840 sola
936 4787 988 4839 in
1033 4788 1170 4841 atrio
1212 4799 1379 4845 stans.
1426 4792 1786 4847 Considerans
1815 4809 1906 4848 au-

324 4880 431 4926 tem
463 4887 556 4942 per
583 4878 899 4933 muliebrem
929 4879 1293 4938 infirmitatem
1324 4884 1426 4940 hoc
1476 4885 1606 4940 mihi
1637 4887 1901 4953 accidere,

320 4963 514 5020 iterum
544 4968 662 5023 aliis
692 4985 780 5025 me
817 4970 1188 5038 immiscendo,
1219 4975 1322 5029 vim
1354 4976 1480 5030 mihi
1508 4977 1904 5047 quodammodo

320 5050 579 5112 faciebam
638 5061 962 5128 introeundi,
1003 5063 1095 5118 sed
1145 5065 1286 5120 enim
1346 5066 1655 5122 laborabam
1706 5067 1758 5122 in
1815 5083 1904 5122 va—

317 5161 496 5204 cuum.

389 5238 517 5298 CAP.
551 5242 686 5300 XVI.
716 5275 786 5286 —
827 5245 898 5302 Ut
926 5262 1068 5303 enim
1129 5249 1309 5302 limina
1359 5248 1584 5320 vestigio
1634 5249 1906 5319 continge-

320 5329 442 5385 bant
469 5376 483 5397 ,
512 5349 700 5390 omnes
725 5337 949 5394 interius
975 5341 1389 5408 recipiebantur,
1423 5342 1624 5396 nullum
1649 5341 1904 5398 habentes

321 5424 793 5496 impedimentum,
837 5448 924 5489 me
979 5445 1156 5491 autem
1215 5439 1382 5493 solam
1440 5455 1543 5494 non
1577 5439 1901 5508 recipiebat;

320 5514 418 5572 sed
445 5516 600 5585 quasi
648 5519 890 5575 militaris
919 5526 1201 5582 multitudo
1238 5539 1381 5584 esset
1429 5538 1605 5583 taxata
1656 5539 1712 5584 ut
1771 5530 1900 5584 mihi

320 5607 640 5678 ingredienti
672 5611 872 5668 aditum
900 5616 1193 5684 clauderet,
1215 5620 1284 5674 ita
1318 5637 1402 5676 me
1421 5622 1694 5689 repentina
1724 5621 1898 5689 aliqua

323 5700 643 5769 prohibebat
671 5704 858 5770 virtus,
893 5715 948 5762 et
977 5707 1167 5763 iterum
1192 5711 1501 5766 inveniebar
1525 5712 1576 5766 in
1609 5712 1764 5766 atrio.
1795 5711 1903 5766 Hoc

325 5801 414 5847 ter
439 5802 496 5850 et
524 5804 712 5866 quater
751 5812 903 5864 passa
951 5807 1008 5853 et
1054 5800 1233 5858 facere
1263 5818 1483 5867 conans,
1518 5805 1754 5872 nihilque
1787 5820 1904 5871 pro-

324 5887 532 5958 ficiens,
564 5893 859 5963 desperans
888 5893 957 5950 de
999 5903 1216 5963 cancro,
1273 5905 1327 5952 et
1369 5897 1598 5966 amplius
1645 5911 1905 5966 nusquam

569 6029 842 6096 Ρηιιοι..
871 6027 1137 6093 LXXIII

2006 4792 2234 4860 jungens
2265 4803 2348 4842 me
2401 4787 2465 4840 ad
2517 4787 2758 4856 januam,
2816 4784 2969 4854 cujus
3026 4785 3152 4838 mihi
3198 4785 3371 4838 aditus
3419 4786 3589 4852 primo

2008 4884 2354 4939 claudebatur
2385 4878 2559 4950 (quasi
2591 4879 2764 4932 omnis
2810 4878 2980 4931 virtus
3027 4892 3147 4946 qua:
3197 4878 3341 4944 prius
3390 4875 3592 4941 ingredi

2010 4991 2097 5031 me
2137 4973 2475 5044 prohibebat,
2518 4979 2638 5041 post
2665 4979 2840 5024 autem
2874 4970 3013 5023 viam
3064 4965 3393 5036 ingrediendi
3441 4979 3592 5032 para-

2009 5066 2138 5133 ret),
2188 5065 2257 5117 ita
2287 5061 2487 5131 absque
2535 5059 2898 5129 impedimenti
2943 5059 3122 5112 labore
3170 5055 3401 5115 introivi,
3433 5064 3485 5108 et
3514 5054 3591 5107 sic

2011 5156 2148 5209 intra
2179 5161 2360 5208 sancta
2389 5160 2694 5206 sanctorum
2748 5158 2955 5220 reperta
3002 5162 3142 5211 sum,
3195 5155 3248 5200 et
3281 5142 3495 5211 pretiosi
3528 5157 3591 5197 ac

2008 5249 2202 5304 vivifici
2234 5248 2407 5304 crucis
2434 5247 2562 5316 ligni
2611 5246 2835 5299 adorare
2885 5240 3194 5312 mysterium
3223 5239 3377 5307 digna
3413 5236 3590 5291 habita

2009 5360 2124 5398 sum
2159 5362 2171 5396 :
2203 5353 2252 5397 et
2305 5352 2428 5396 tunc
2459 5338 2563 5393 vidi
2595 5339 2686 5393 Dei
2741 5343 3094 5398 sacramenta,
3151 5342 3205 5386 et
3252 5330 3481 5400 qualiter
3506 5339 3590 5384 est

2008 5447 2222 5505 paratus
2252 5435 2521 5501 suscipere
2573 5430 2912 5500 pmnitentes.
2968 5426 3119 5480 Tunc
3168 5422 3452 5492 projiciens
3503 5437 3588 5475 me.

2009 5543 2187 5583 coram
2220 5526 2273 5580 in
2315 5535 2532 5588 terram,
2565 5533 2618 5576 ct
2657 5530 2894 5577 sanctum
2928 5516 3051 5571 illud
3085 5505 3398 5570 exoscul'ans
3432 5513 3585 5582 pavi-

2010 5627 2268 5680 mentum,
2299 5617 2528 5670 exibam.
2561 5613 2792 5666 Currcns
2816 5619 2988 5664 autem
3036 5607 3099 5662 ad
3152 5608 3294 5662 illam
3338 5622 3453 5676 quzc
3506 5622 3591 5658 mc

2011 5711 2268 5773 Iidedixit,
2291 5711 2410 5764 veni
2440 5715 2664 5761 restans.
2692 5704 2953 5774 Conjumi
2999 5705 3152 5772 igitur
3206 5718 3290 5756 me
3339 5702 3387 5753 in
3440 5699 3587 5754 illum

2010 5804 2185 5858 locum
2230 5801 2316 5855 ubi
2350 5797 2698 5853 lidedictionis
2743 5798 3099 5866 conscriptum
3155 5805 3269 5852 erat
3317 5794 3592 5859 chirogra-

2014 5895 2198 5965 phum,
2228 5903 2281 5951 et
2308 5908 2445 5964 genu
2475 5905 2702 5948 curvans
2741 5905 2920 5948 coram
2949 5891 3094 5945 vultu
3126 5897 3322 5944 sancta:
3357 5883 3590 5952 Virginis

3034 6020 3114 6080 22
