4162 6352
504 418 609 489 687

1537 415 1627 480 bs
1666 418 1843 478 vms
1880 400 2167 476 PATRUM
2193 399 2402 471 Linea
2428 408 2705 471 PRIMUS.

3670 388 3783 457 688

506 545 650 605 etiim
670 552 798 602 tunc
821 538 996 601 noctis
1019 540 1267 599 tenebras
1286 538 1539 611 splendor
1558 535 1893 592 illuminabat
1915 533 2079 601 lunae,
2106 533 2162 593 Α
2188 529 2378 584 tuitum
2417 527 2698 583 oculorum
2721 518 3017 584 deducens,
3053 526 3110 575 et
3146 511 3379 574 lustrans
3408 514 3611 588 ubique
3637 518 3794 576 sicut

505 641 635 712 quia
665 647 874 709 tempus
904 651 1155 695 recursus
1182 636 1321 692 illius
1342 644 1477 691 erat.
1506 632 1697 689 Statim
1728 640 1905 686 autem
1936 634 1994 682 ut
2019 627 2091 682 si-

506 746 670 803 gnum
699 731 874 787 crucis
902 730 1193 798 impressit,
1218 727 1457 784 ascendit
1482 740 1645 795 super
1668 738 1866 795 aquas;
1898 733 1952 778 et
1972 736 2091 776 am-

504 822 700 879 bulans
746 837 909 892 super
954 820 1214 889 liquidum
1263 818 1493 891 a'qunris
1535 818 1785 882 ﬂuctum,
1841 813 2094 871 veniebat

501 913 658 986 quasi
694 928 791 983 per
832 913 1059 969 solidum
1110 912 1233 969 iter.
1278 912 1519 966 Zosimas
1554 921 1733 966 autem
1774 918 2016 979 stnpens,
2038 914 2094 963 et

504 1019 679 1076 genua
705 1004 921 1062 ﬂectere
962 1005 1159 1072 nitens,
1194 1005 1432 1060 clamans
1457 1005 1689 1073 desuper
1714 1016 1880 1072 aquas
1912 999 2092 1070 prohi-

504 1095 642 1163 buit,
668 1097 887 1152 dicens:
916 1096 1055 1163 Quid
1079 1095 1230 1162 facis,
1268 1095 1426 1162 abba,
1454 1094 1575 1165 quia
1618 1105 1673 1150 et
1711 1092 1968 1148 sacerdos
1996 1089 2094 1147 Dei

502 1205 583 1259 es,
626 1200 681 1245 et
718 1190 896 1246 divina
937 1200 1117 1259 portas
1160 1188 1455 1261 mysteria?
1488 1189 1588 1258 Qui
1636 1191 1815 1243 statim
1857 1186 2095 1242 obedivit

504 1286 723 1341 dicenti.
760 1285 853 1341 Illa
886 1296 1065 1341 autem
1088 1285 1419 1341 descendens
1458 1284 1525 1339 de
1553 1284 1725 1355 aquis,
1769 1282 1903 1338 dixit
1941 1281 2092 1337 seni:

503 1378 765 1444 Benedic,
790 1378 970 1445 Pater,
998 1378 1242 1434 benedic.
1289 1378 1383 1432 llle
1412 1386 1590 1431 autem
1620 1391 1742 1431 cum
1786 1389 1975 1445 magna
2018 1374 2096 1429 fe-

512 1470 803 1525 stinatione
843 1471 1121 1540 respondit
1160 1470 1371 1541 (stupor
1421 1470 1562 1523 enim
1589 1466 1788 1521 nimius
1827 1466 2098 1520 invaserat

504 1582 629 1622 eum
678 1566 731 1620 in
772 1573 879 1620 tam
921 1565 1158 1636 glorioso
1200 1563 1505 1634 miraculo),
1531 1572 1586 1619 et
1625 1564 1795 1618 dixit:
1822 1562 1959 1617 Vere
1990 1577 2095 1617 non

504 1657 763 1714 mentitur
788 1659 948 1726 Deus,
972 1660 1061 1729 qui
1097 1659 1363 1729 pollicitus
1392 1669 1474 1713 est
1502 1658 1601 1713 sibi
1624 1657 1826 1713 similes
1855 1671 1975 1712 esse
2001 1670 2097 1712 eos

503 1750 595 1824 qui
634 1754 951 1823 semetipsos
994 1752 1295 1821 purilieant.
1339 1750 1522 1807 Gloria
1562 1750 1913 1819 tibi,Cliriste
1954 1751 2098 1806 Deus

503 1857 710 1911 noster,
745 1847 834 1917 qui
861 1845 1143 1901 ostendisti
1173 1845 1302 1900 mihi
1329 1860 1421 1915 per
1464 1844 1711 1899 ancillam
1745 1853 1888 1898 tuam
1932 1842 2093 1907 hanc,

2193 618 2485 678 citissimus
2524 627 2765 682 venator,
2792 614 2962 669 sicubi
2993 613 3367 670 Suavissimam
3415 610 3784 678 comprehen-

2200 711 2350 768 deret
2380 711 2570 766 leram.
2599 710 2665 765 Ut
2687 718 2862 763 autem
2886 705 3019 760 nihil
3044 705 3153 758 ullo
3177 722 3206 756 ιι
3230 703 3336 758 odo
3355 702 3486 757 vidit
3510 717 3793 773 quoquam

2196 811 2499 860 moventem
2515 844 2530 867 ,
2557 801 2721 871 ccepit
2740 799 2974 867 seipsum
2999 796 3189 867 lugens
3210 794 3488 850 infundere
3509 782 3791 864 lacrymis.

2197 895 2347 951 Tunc
2378 896 2595 951 elevans
2633 893 2839 959 oculos,
2871 890 3061 946 orabat
3109 888 3337 944 dicens:
3367 888 3604 942 Obsecro
3648 885 3794 940 mihi

2196 991 2440 1057 ostende,
2473 988 2715 1054 Domine,
2740 988 2791 1041 in
2821 1000 3046 1054 corpore
3067 982 3313 1055 angelum
3329 1021 3346 1048 ,
3370 982 3455 1037 cui
3482 990 3623 1038 totus
3645 994 3800 1036 com-

2198 1083 2371 1153 parari
2400 1081 2648 1153 indignus
2674 1088 2757 1134 est
2784 1082 3033 1134 mundus.

2267 1174 2399 1231 Car.
2432 1173 2601 1229 XXV.
2634 1203 2702 1213 —
2736 1171 2861 1228 Haec
2905 1170 3130 1233 orando,
3180 1167 3422 1238 pervenit
3464 1163 3530 1221 ad
3578 1166 3804 1235 locum,

2197 1271 2288 1341 qni
2319 1269 2371 1323 in
2402 1264 2753 1323 simil.tudine
2785 1263 2956 1320 fuerat
2980 1261 3287 1333 designatus
3327 1258 3613 1324 torrentis,
3642 1264 3698 1311 ct
3730 1257 3793 1312 its

2199 1371 2440 1418 extrema
2471 1359 2591 1429 ejus
2621 1367 2773 1427 parte
2811 1356 3088 1423 superiore
3129 1351 3259 1408 vidit
3296 1350 3671 1421 splendentem
3695 1363 3798 1404 so-

2201 1455 2306 1511 lem
2328 1471 2341 1521 ;
2362 1462 2429 1531 jet
2456 1451 2746 1518 aspiciens,
2775 1448 2909 1504 vidit
2935 1456 3131 1503 sancta:
3157 1452 3425 1500 mortuum
3453 1443 3638 1514 iacens
3665 1457 3791 1499 cora

2201 1560 2321 1615 pus,
2362 1557 2418 1601 et
2463 1560 2673 1611 manus,
2716 1551 2773 1598 ut
2816 1549 3061 1611 Oportet,
3109 1538 3187 1594 sic
3232 1537 3579 1606 compositas,
3623 1544 3679 1592 et
3719 1535 3795 1591 ad

2200 1639 2475 1694 Orientem
2516 1638 2705 1707 jacens
2744 1647 2939 1704 corpus
2967 1630 3250 1701 aspiciens.
3295 1629 3533 1685 Currens
3575 1638 3802 1695 autem,

2203 1731 2455 1803 lacrymis
2484 1730 2611 1786 lavit
2636 1727 2961 1785 beatissima
2986 1726 3170 1795 pedes,
3198 1738 3302 1777 non
3326 1724 3466 1777 enim
3498 1721 3643 1775 aliud
3668 1734 3806 1775 cor-

2202 1825 2344 1889 poris
2376 1822 2673 1878 membrum
2702 1819 2932 1875 audebat
2960 1816 3287 1886 contingere.
3332 1813 3656 1885 Lacrymans
3684 1827 3804 1866 auo-

505 1947 765 2009 quantum
806 1953 923 1993 mea
951 1937 1385 1994 consideratione
1427 1936 1646 1993 inferior
1683 1952 1803 1992 sum
1842 1950 2094 1991 mensura

2214 1925 2311 1972 lem
2351 1914 2692 1986 aliquandiu,
2731 1924 2788 1969 et
2824 1913 3061 1982 psalmos
3118 1910 3303 1965 dicens
3346 1906 3573 1977 tempori
3614 1916 3669 1962 et
3712 1904 3803 1963 rei

504 2046 650 2088 verae
674 2028 1037 2101 perfectionis.
1060 2028 1187 2085 Haec
1218 2044 1284 2085 eo
1313 2029 1547 2095 dicente,
1576 2029 1865 2097 postulavit
1904 2029 2098 2082 mulier

505 2132 564 2179 ut
592 2131 833 2178 sanctum
864 2121 1072 2177 diceret
1092 2120 1425 2194 Symbolum,
1465 2128 1521 2175 et
1550 2120 1628 2176 sic
1650 2117 1980 2176 Dominicam
2014 2117 2097 2171 in-

503 2214 730 2271 choaret
767 2214 1086 2270 orationem.
1131 2212 1198 2267 Et
1234 2212 1447 2283 expleto
1469 2211 1629 2267 Pater
1658 2219 1862 2279 uoster,
1889 2218 2095 2274 sancta,

503 2309 642 2365 sicut
674 2322 790 2364 mos
829 2316 941 2375 est,
967 2307 1111 2376 pacis
1140 2306 1383 2362 osculum
1414 2304 1608 2360 obtulit
1640 2305 1875 2370 seniori;
1916 2311 1972 2359 et
2021 2302 2099 2358 sic

504 2402 716 2457 vivifica
758 2400 1134 2472 mysteriorum
1178 2399 1475 2470 suscipiens
1494 2399 1657 2463 dona,
1687 2400 1741 2454 in
1781 2399 1978 2454 ccelum
2001 2413 2096 2454 ex-

507 2495 676 2550 tensis
697 2493 941 2548 manibus
982 2491 1337 2563 ingemiscens
1360 2507 1481 2547 cum
1502 2491 1772 2562 lacrymis,
1798 2490 1872 2545 ita
1895 2489 2097 2546 clama-

505 2586 638 2643 bat:
663 2586 814 2643 Nunc
854 2586 1101 2655 dimittis,
1137 2587 1391 2653 Domine,
1432 2584 1681 2641 ancillam
1725 2594 1869 2639 tuam
1910 2597 2103 2639 secun-

508 2680 636 2737 dum
660 2679 885 2737 verbum
914 2686 1063 2735 tuum
1096 2679 1149 2733 in
1192 2692 1352 2748 pace;
1380 2678 1503 2747 quia
1529 2676 1777 2731 viderunt
1816 2672 1954 2729 oculi
1994 2674 2102 2731 mei

480 2804 481 2809 η
507 2773 745 2829 salutare
771 2782 914 2827 tuum
940 2773 1093 2843 (Luc.
1121 2768 1202 2840 tt).
1230 2771 1294 2825 Et
1322 2769 1437 2825 seni
1475 2768 1609 2824 dixit
1634 2785 1647 2822 :
1672 2768 1914 2838 Ignosce,
1939 2766 2096 2835 abba,

508 2875 565 2922 et
592 2864 734 2920 aliud
763 2879 896 2918 meae
922 2862 1197 2933 petitionis
1224 2863 1389 2932 imple
1414 2862 1745 2916 mandatum.
1776 2860 1921 2916 Vade
1960 2875 2103 2916 nunc

509 2959 578 3015 ad
616 2956 1023 3023 monasterium,
1049 2955 1142 3011 Dei
1172 2970 1301 3024 pace
1339 2954 1700 3025 gubernatus;
1743 2967 1965 3009 recursu
2004 2968 2103 3009 au-

510 3062 620 3110 tem
656 3052 780 3107 anni
812 3050 1145 3107 advenientis
1182 3050 1375 3106 iterum
1399 3049 1521 3106 veni
1556 3050 1609 3104 in
1644 3048 1740 3104 illo
1771 3057 2026 3114 torrente,
2048 3048 2105 3103 in

511 3165 620 3221 quo
643 3158 817 3204 tecum
839 3161 958 3202 sum
983 3149 1129 3215 prius
1152 3145 1347 3199 locuta.
1379 3143 1482 3198 Per
1504 3142 1682 3198 omnia
1724 3158 1831 3197 non
1863 3143 2101 3210 omittas,

512 3243 605 3299 sed
635 3250 854 3312 pr0pter
886 3241 1052 3296 Deum
1081 3240 1201 3295 veni
1236 3255 1250 3292 :
1282 3247 1336 3292 et
1367 3235 1571 3293 videbis
1603 3251 1690 3291 me
1723 3235 1945 3303 iterum,
1977 3252 2106 3308 qua-

2203 2019 2580 2081 congruentes,
2630 2007 2759 2064 fecit
2801 2004 3088 2077 sepulturae
3131 2003 3459 2070 orationem,
3487 2010 3542 2057 et
3582 2000 3796 2056 dicebat

2202 2101 2304 2157 sibi
2334 2100 2471 2170 ipsi:
2508 2099 2759 2155 Forsitan
2788 2113 2897 2153 non
2940 2096 3240 2166 complacet
3265 2104 3465 2150 sancta:
3503 2095 3617 2148 hzec
3655 2092 3794 2150 fieri.

2203 2194 2330 2251 Haec
2361 2207 2426 2249 eo
2455 2196 2745 2262 cogitante,
2790 2192 3064 2261 designata
3095 2190 3360 2260 scriptura
3391 2198 3507 2245 erat
3535 2190 3589 2242 in
3629 2198 3797 2255 terra,

2205 2289 2295 2344 ubi
2335 2287 2438 2343 hoc
2485 2287 2804 2358 legebatur:
2844 2304 2863 2339 ι
2889 2284 3100 2354 Sepeli,
3131 2284 3267 2339 abba
3310 2284 3542 2345 Zosima,
3586 2283 3803 2337 misem

2204 2386 2384 2440 Mariae
2414 2384 2815 2454 corpusculum.
2860 2380 3042 2436 Redde
3084 2390 3240 2434 terrae
3282 2378 3417 2449 (l5),
3462 2376 3601 2447 quod
3640 2389 3809 2431 suum

2203 2485 2316 2540 est,
2349 2482 2406 2529 et
2435 2474 2637 2543 pulveri
2676 2472 2850 2544 adjice
2879 2471 3176 2541 pulverem.
3205 2469 3309 2523 Ora
3340 2480 3541 2524 tantum
3575 2482 3670 2535 pro
3711 2480 3813 2523 me.

2204 2578 2423 2639 propter
2452 2567 2735 2622 Dominum
2766 2572 3077 2620 transeunte
3121 2577 3305 2618 mense
3351 2560 3625 2616 Parmothi
3678 2557 3809 2629 (l4).

2206 2658 2501 2715 secundum
2553 2658 2875 2730 A‘Igypnos;
2916 2656 3006 2725 qui
3052 2663 3135 2709 est
3182 2653 3473 2709 secundum
3524 2652 3812 2707 Romanos-

2206 2755 2406 2824 Aprilis
2434 2754 2522 2809 die
2571 2768 2733 2819 nona,
2784 2752 2833 2806 id
2879 2758 2995 2817 est,
3025 2765 3058 2804 ν
3097 2748 3218 2804 ldus
3267 2749 3463 2817 Aprilis
3509 2746 3815 2801 salutilem:

2211 2850 2514 2921 passionis,
2545 2856 2667 2919 post
2709 2845 2906 2902 divina:
2935 2856 2990 2901 et
3029 2856 3198 2900 sacra:
3246 2856 3417 2899 coenae
3461 2839 3814 2896 communiov

2208 2956 2354 2998 nem.
2375 2958 2395 2994 ι

2278 3053 2409 3108 Car.
2434 3050 2622 3108 XXVI.
2647 3080 2717 3092 —
2746 3049 2857 3106 Has
2881 3063 3047 3106 senex
3068 3064 3189 3105 cum
3220 3047 3436 3121 legisset
3460 3048 3682 3111 litteras,
3714 3060 3817 3102 co-

2209 3145 2410 3218 gitabat
2433 3144 2650 3215 quidem
2683 3146 2832 3214 prius
2859 3144 3104 3213 quisnam
3136 3150 3277 3198 esset
3303 3140 3393 3211 qui
3424 3141 3637 3210 scripsit
3666 3156 3679 3193 :
3713 3139 3814 3195 illa

2212 3240 2394 3307 enim,
2430 3246 2490 3292 ut
2518 3236 2759 3303 dixerat,
2792 3236 3001 3291 litteras
3047 3235 3345 3305 ignorabat.
3376 3233 3433 3288 In
3474 3232 3573 3287 hoc
3621 3241 3805 3286 tamen

512 3310 651 3390 liter
676 3334 819 3390 Deus
860 3331 1108 3388 voluerit.
1155 3330 1248 3386 Ille
1294 3337 1471 3386 autem
1524 3327 1803 3399 respondit
1839 3328 1909 3383 ad
1946 3343 2099 3384 eam:
2131 3310 2178 3374 ο
2212 3331 2370 3387 valde
2398 3329 2676 3387 exsultans
2716 3327 3011 3399 gaudebat,
3042 3328 3164 3398 quia
3194 3325 3309 3397 ejus
3336 3336 3577 3382 sanctum
3622 3323 3821 3378 didicit

513 3427 731 3484 Utinam
768 3435 914 3482 esset
950 3423 1209 3494 possibile
1247 3438 1387 3478 nunc
1426 3432 1515 3477 tua
1553 3423 1703 3493 sequi
1746 3421 1970 3492 vestigia
1993 3462 2007 3488 ,
2055 3431 2111 3477 et

514 3522 591 3576 tui
625 3519 993 3590 pretiosissimi
1043 3517 1218 3573 vultus
1246 3517 1452 3571 visione
1480 3515 1609 3571 frui!
1649 3515 1780 3584 Oro,
1827 3523 2019 3580 mater,
2051 3523 2112 3570 ut

516 3624 678 3666 unam
711 3609 855 3664 senis
888 3607 1287 3678 petitiunculam
1316 3607 1499 3676 facias,
1533 3614 1587 3661 et
1617 3607 1883 3661 modicum
1916 3606 2020 3661 cibi
2042 3621 2109 3663 ex

518 3720 583 3761 eo
610 3701 751 3773 quod
776 3702 879 3757 huc
910 3700 1086 3765 attuli,
1113 3699 1349 3770 digneris
1376 3698 1642 3768 accipere.
1673 3699 1736 3753 Et
1765 3698 1877 3754 haec
1901 3700 2109 3766 dicens,

518 3796 752 3852 ostendit
780 3794 831 3850 ei
859 3793 1000 3865 quod
1030 3808 1209 3850 secum
1246 3792 1509 3848 detulerat
1536 3791 1851 3847 canistrum.
1885 3792 1977 3847 Illa
2016 3807 2112 3847 au-

517 3896 628 3943 tem
665 3887 922 3943 extremis
948 3887 1128 3957 digitis
1166 3883 1472 3941 lenticulam
1514 3885 1758 3956 contigit,
1788 3894 1841 3940 et
1874 3884 1970 3939 tria
2003 3884 2110 3939 tol-

518 3980 638 4036 lens
670 3994 835 4050 grana
868 3979 1086 4049 proprio
1128 3978 1307 4033 intulit
1337 3978 1448 4043 ori,
1490 3974 1739 4034 sufticere
1769 3975 1954 4032 dicens
1995 3992 2114 4047 gra-

519 4075 650 4129 tiam
673 4073 927 4141 Spiritus,
963 4081 1021 4126 ut
1059 4071 1360 4127 custodiret
1402 4071 1595 4126 animus
1630 4071 1984 4127 substantiam
2015 4070 2116 4125 im-

523 4165 875 4222 maculatam.
925 4163 1075 4219 Tunc
1112 4163 1246 4218 dicit
1284 4162 1397 4218 seni
1434 4180 1447 4215 :
1485 4164 1590 4218 Ora
1626 4178 1723 4234 pro
1762 4176 1849 4218 me
1899 4171 2117 4233 propter

526 4259 721 4326 Deum,-
748 4269 801 4314 et
836 4273 970 4314 mea:
1006 4272 1213 4314 memor
1240 4269 1359 4313 esto
1387 4272 1600 4328 semper
1643 4256 1991 4313 infelicitatis.
2024 4258 2117 4315 Ille

523 4352 689 4421 pedes
719 4351 835 4422 ejus
871 4359 1087 4407 sanctos
1127 4351 1469 4422 contingens,
1516 4352 1675 4424 391
1708 4367 1831 4409 cum
1863 4354 2116 4425 lacrymis

526 4446 935 4517 deprecabatur,
963 4453 1022 4501 ut
1047 4456 1228 4501 oraret
1252 4461 1348 4516 pro
1371 4445 1636 4514 Ecclesia,
1661 4456 1717 4503 et
1740 4463 1837 4517 pro
1862 4448 2113 4518 imperio,

524 4550 579 4595 et
611 4554 706 4605 pro
732 4554 811 4606 se,
845 4548 900 4595 et
927 4539 1006 4594 sic
1033 4538 1236 4595 dimisit
1264 4554 1380 4596 eam
1423 4538 1573 4596 abire
1616 4540 1754 4597 llens
1791 4552 1845 4597 et
1884 4541 2114 4614 ejulans.

526 4631 645 4689 Non
672 4634 816 4688 enim
845 4633 1075 4690 audebat
1104 4650 1223 4691 eam
1256 4635 1483 4692 multum
1528 4636 1791 4705 detinere,
1828 4654 1949 4708 qua:
1988 4655 2115 4709 nec,

528 4725 577 4781 si
608 4725 790 4783 vellet.
824 4735 1031 4793 poterat
1057 4728 1309 4784 detineri.

600 4818 731 4874 Car.
759 4816 944 4878 XXIII.
976 4848 1044 4861 -—-
1075 4821 1166 4877 Illa
1209 4832 1387 4879 autem
1433 4827 1606 4882 crucis
1646 4827 1839 4883 iterum
1887 4827 2118 4896 impres-

527 4913 681 4969 sione
718 4913 1010 4969 Iordanem
1058 4916 1296 4986 signans,
1342 4918 1581 4975 ascendit
1629 4920 1911 4976 ambulans
1955 4935 2121 4991 super

526 5004 790 5075 liquidum
824 5005 1183 5074 elementum,
1212 5017 1267 5064 et
1297 5010 1542 5065 transivit
1571 5011 1707 5067 sicut
1736 5022 1861 5068 ante
1899 5012 2121 5069 veniens

528 5096 752 5155 fecerat.
780 5098 957 5157 Senex
986 5108 1166 5156 autem
1196 5116 1442 5159 reversus
1472 5111 1556 5158 est
1581 5105 1777 5173 gaudio
1803 5113 1856 5160 et
1887 5114 2121 5162 tremore

531 5193 794 5264 repletus.
833 5192 901 5248 Et
940 5194 1290 5265 semetipsum
1337 5195 1797 5263 reprehendebat,
1832 5197 2121 5266 paenitens,

529 5290 655 5359 quia
686 5303 881 5345 nomen
919 5298 1118 5345 sanctae
1162 5298 1219 5344 ut
1247 5301 1625 5361 cognosceret,
1660 5308 1763 5347 non
1808 5292 2120 5362 inquisivit;

530 5380 783 5450 sperabat
808 5387 984 5436 tamen
1011 5380 1315 5438 advenienti
1341 5383 1441 5438 hoc
1465 5382 1724 5453 consequi
1746 5396 1904 5438 anno.

601 5470 732 5525 Car.
756 5468 951 5524 XXIV.
974 5500 1032 5510 -νη
1065 5471 1356 5527 Transacto
1377 5481 1555 5528 autem
1579 5472 1917 5543 eodem‘anm
1938 5487 2125 5544 cursu,

532 5566 680 5620 venit
710 5565 901 5622 iterum
938 5565 992 5621 in
1023 5572 1228 5621 vastam
1260 5565 1458 5623 deserti
1486 5566 1859 5635 solitudinem,
1890 5569 2127 5637 eXpIetis

532 5656 783 5712 omnibus
834 5655 1131 5713 secundum
1188 5658 1665 5727 consuetudinem,
1721 5660 2009 5719 festinabat
2057 5662 2127 5718 ad

531 5750 822 5821 gloriosam
867 5748 1011 5804 illam
1061 5746 1320 5804 visionem
1368 5750 1701 5807 intuendam.
1734 5752 2127 5809 Perambulans

534 5854 714 5900 autem
756 5842 1131 5907 solitudinem,
1164 5850 1219 5898 et
1265 5859 1371 5899 non
1420 5845 1702 5903 inveniens
1743 5847 1920 5918 aliqua
1961 5847 2129 5917 cupiti

535 5936 639 5993 loci
668 5935 961 5995 indicantia
1002 5936 1175 6007 signa,
1206 5935 1391 5993 dextra
1427 5939 1665 6010 laevaque
1714 5939 2001 6010 aspiciens,
2034 5940 2125 5997 iu-

2218 3439 2437 3481 nomen.
2460 3421 2730 3492 Cogitavit
2755 3434 2886 3476 vero
2910 3419 3030 3489 quia
3053 3433 3181 3473 mox
3207 3426 3263 3473 ut
3288 3417 3468 3473 divina
3492 3415 3545 3469 in
3571 3413 3821 3469 Iordane

2215 3515 2473 3588 mysteria
2504 3513 2876 3584 participavit,
2903 3509 2958 3566 in
2990 3510 3176 3566 eadem
3206 3510 3338 3564 hora
3371 3509 3422 3562 in
3454 3508 3627 3562 locum
3660 3504 3812 3559 illum

2216 3612 2393 3675 venit,
2421 3608 2507 3664 ubi
2531 3622 2655 3662 mox
2679 3607 2745 3661 de
2774 3605 2877 3661 hoc
2900 3603 3104 3659 mundo
3129 3600 3412 3670 transivit,
3438 3609 3491 3655 et
3516 3600 3655 3654 idem
3682 3600 3818 3663 iter,

2215 3701 2356 3773 quod
2382 3700 2624 3755 Zosimas
2649 3712 2744 3768 per
2770 3697 2885 3753 dies
2916 3697 3099 3767 viginti
3130 3693 3411 3749 ambulans
3440 3692 3526 3746 vix
3553 3703 3814 3745 consum-

2216 3798 2381 3852 mavit
2404 3794 2674 3858 laborans,
2701 3791 2859 3847 unius
2884 3791 3029 3845 horae
3053 3803 3215 3843 cursu
3242 3784 3407 3841 Maria
3436 3782 3820 3853 consumpsit,

2216 3899 2273 3943 et
2311 3887 2490 3942 statim
2522 3883 2772 3955 migravit
2821 3881 2884 3936 ad
2937 3880 3239 3935 Dominum.
3268 3874 3586 3931 Gloriticans
3630 3880 3824 3927 autem

2219 3980 2467 4035 Zozimas
2502 3976 2815 4039 Dominum,
2857 3982 2911 4029 et
2940 3972 3187 4044 lacrymis
3227 3984 3424 4039 corpus
3465 3968 3581 4039 ejus
3631 3966 3825 4022 infun-

2218 4071 2353 4127 dens
2391 4087 2403 4124 :
2446 4068 2683 4137 Tempus
2739 4073 2856 4132 est,
2911 4063 3117 4134 inquit,
3169 4062 3331 4116 miser
3378 4058 3619 4123 Zosima,
3672 4058 3823 4128 quod

2220 4178 2371 4226 tuum
2393 4175 2506 4232 est,
2539 4164 2756 4233 perlice.
2784 4159 2888 4216 Sed
2914 4159 3041 4230 quid
3072 4157 3259 4213 faciam
3290 4154 3494 4219 infelix,
3516 4153 3638 4223 quia
3671 4151 3826 4207 unde

2222 4261 2409 4317 fodere
2439 4258 2647 4314 valeam
2666 4297 2682 4321 ,
2714 4271 2819 4310 non
2849 4254 3058 4309 habeo?
3088 4252 3247 4308 Deest
3268 4250 3566 4314 sarculum,
3597 4262 3705 4302 non
3734 4254 3827 4302 est

2222 4363 2484 4417 rastrum,
2514 4350 2752 4419 nihilque
2780 4362 2846 4403 ex
2887 4346 3134 4402 onmibus
3172 4344 3345 4400 habeo
3389 4358 3496 4412 prae
3541 4340 3822 4395 manibus.

2224 4448 2351 4504 [lare
2380 4446 2472 4501 illo
2500 4445 2551 4499 in
2580 4443 2745 4499 corde
2777 4456 2875 4497 suo
2916 4440 3153 4507 dicente,
3184 4437 3320 4493 vidit
3347 4451 3568 4507 parvum
3613 4434 3827 4504 lignum

2224 4551 2281 4597 et
2306 4540 2575 4596 modicum
2612 4536 2837 4606 jacere:
2869 4533 3010 4605 quod
3059 4546 3360 4595 assumens,
3406 4527 3567 4596 carpit
3611 4527 3827 4582 fodere.

2228 4630 2396 4687 Valde
2422 4640 2602 4685 autem
2631 4627 2818 4683 durior
2845 4633 2962 4681 erat
2985 4634 3143 4689 terra,
3168 4632 3222 4679 et
3248 4622 3473 4678 multum
3504 4619 3831 4687 fortissima,

2147 4715 2205 4781 D
2230 4730 2285 4780 et
2306 4720 2648 4792 nequaquam
2694 4718 2905 4773 valebat
2953 4716 3154 4782 fodere,
3196 4715 3317 4784 quia
3366 4724 3420 4769 et
3442 4712 3649 4785 jejunio
3689 4728 3836 4767 eon-

2228 4815 2421 4881 fectus,
2450 4822 2505 4869 et
2535 4810 2681 4878 longi
2724 4806 2930 4865 itineris
2974 4806 3280 4877 fatigatione
3326 4806 3485 4860 nimis
3518 4812 3638 4858 erat
3675 4802 3832 4859 defe-

2232 4918 2374 4965 ctus.
2408 4907 2707 4962 Laborabat
2732 4902 2908 4969 enim,
2937 4913 2990 4958 et
3017 4902 3263 4972 suspiriis
3290 4900 3471 4955 nimiis
3504 4897 3825 4969 urgebatur,

2232 5010 2288 5057 et
2315 4999 2603 5057 sudoribus
2648 4994 3002 5060 madefactus,
3034 4993 3290 5063 ingemuit
3333 4991 3571 5061 graviter
3611 5004 3677 5043 ex
3711 4992 3839 5058 ipso

2232 5095 2411 5153 cordis
2463 5094 2545 5149 sui
2598 5088 2883 5163 profundo.
2934 5088 3004 5142 Et
3050 5085 3365 5155 I‘CSpiclells,
3409 5082 3543 5136 vidit
3596 5081 3837 5150 ingentis

2234 5191 2425 5247 formae
2456 5187 2665 5242 leonem
2692 5183 2845 5253 juxta
2888 5196 3084 5249 corpus
3109 5187 3309 5235 sancta:
3337 5185 3596 5237 stantem,
3627 5186 3681 5228 et
3710 5175 3839 5244 ejus

2236 5284 2447 5355 plautas
2489 5281 2834 5335 lambentem.
2866 5275 3071 5331 Videns
3115 5287 3328 5335 autem,
3361 5277 3689 5325 contremuit
3721 5283 3839 5337 pra:

2236 5392 2439 5447 pavore
2466 5374 2838 5447 grandissimas
2887 5369 3018 5425 ferae
3060 5368 3226 5433 illius,
3262 5365 3531 5433 praecipue
3575 5362 3699 5433 quia
3730 5377 3837 5415 au-

2239 5474 2415 5530 dierat
2453 5478 2693 5526 sanctam
2741 5466 2990 5521 feminam
3035 5462 3183 5517 illam
3216 5458 3479 5515 dicentem
3527 5456 3649 5526 quia
3702 5470 3845 5507 unn-

2243 5581 2402 5639 quam
2434 5563 2667 5635 aliquam
2698 5561 2863 5615 feram
2891 5556 3117 5613 viderat.
3152 5552 3318 5621 Signo
3357 5558 3538 5605 autem
3569 5561 3630 5602 se
3660 5548 3843 5601 crucis

2242 5658 2584 5716 confirmavit
2627 5653 2862 5723 undique
2894 5648 3123 5705 credens
3147 5644 3271 5717 quia
3305 5642 3529 5698 illaesum
3560 5639 3842 5695 custodire

2243 5753 2389 5807 valet
2418 5765 2543 5806 eum
2571 5747 2743 5802 virtus
2784 5742 3035 5813 jacentis.
3066 5739 3177 5794 Leo
3206 5745 3383 5791 autem
3414 5734 3578 5803 coepit
3608 5733 3839 5786 innuere

2244 5845 2392 5910 seni,
2427 5842 2637 5898 blandis
2666 5854 2790 5895 eum
2822 5836 3037 5892 nutibus
3078 5832 3336 5888 salutans.
3381 5825 3627 5882 Zozimas
3655 5834 3837 5879 autem

2246 5938 2381 5999 dixit
2411 5934 2555 5995 leoni
2581 5950 2594 5991 :
2623 5931 2885 6000 Quoniam
2913 5942 2944 5985 a
2988 5928 3099 5986 Deo
3126 5924 3324 5984 missus
3349 5932 3573 5979 vetusti.
3605 5930 3841 5976 maxime
