4162 6352
566 518 3823 574 NW

1934 679 2280 726 FEBDUABII
2324 678 2440 722 XII.

1160 814 1551 969 VITA
1645 810 2301 964 SANCTZE
2396 814 3059 953 MARIN/E
3152 868 3239 955 ιι)

1922 1060 2400 1137 VIRGINIS
2431 1100 2461 1154 ς

1593 1229 2167 1316 AUCTORE
2223 1223 2789 1313 INCERTO.

627 1481 807 1537 Cum
836 1482 1057 1537 animus.
1083 1509 1152 1523 —-
1172 1480 1331 1552 393
1355 1474 1483 1536 seu
1505 1478 1717 1551 quidam
1738 1478 2007 1537 saecularis
2036 1483 2128 1538 ha-
2151 1488 2205 1549 Α
2236 1482 2476 1548 tendum,
2528 1481 2775 1538 manebat
2820 1479 2875 1535 in
2919 1480 3036 1550 ipso
3084 1462 3385 1549 pandocbio
3429 1491 3551 1533 cuin
3603 1477 3825 1533 caeteris

555 1574 687 1631 hens
715 1576 922 1632 unicam
967 1568 1127 1632 ﬁliam
1163 1578 1455 1647 parvulam.
1484 1577 1598 1645 Ipse
1627 1578 1865 1634 converti
1893 1580 2134 1648 cupiens,

557 1665 947 1722 eomtnendavit
973 1683 1089 1723 eam
1114 1667 1322 1723 cuidam
1345 1664 1544 1737 patenti
1574 1683 1692 1731 sno,
1712 1678 1766 1723 et
1786 1668 1913 1724 abiit
1934 1669 1998 1723 ad
2025 1684 2141 1724 mo-

567 1761 879 1825 nasterium,
907 1758 1043 1829 quod
1070 1761 1222 1827 longe
1270 1771 1383 1815 erat
1408 1761 1475 1814 tle
1502 1758 1715 1815 civitate
1758 1761 2002 1815 milliaria
2042 1762 2135 1815 tri-

564 1852 708 1920 ginta
723 1848 849 1904 duo.
870 1851 930 1904 Et
951 1851 1216 1917 ingressus
1233 1850 1533 1918 perficiebat
1548 1866 1704 1903 omne
1725 1852 1858 1919 opus
1872 1852 2011 1919 quod
2024 1852 2139 1907 crat

562 1938 909 2006 monasterii,
945 1942 1013 1995 ita
1069 1938 1125 1995 ut
1165 1940 1330 1995 abbas
1376 1942 1489 2010 ejus
1539 1942 1765 2011 amplius
1806 1958 1927 1997 cum
1977 1958 2137 2013 quam

564 2036 789 2088 Creteros
817 2030 907 2102 qui
945 2032 997 2087 in
1043 2034 1368 2088 monasterio
1416 2045 1569 2089 erant
1596 2035 1862 2105 diligeret,
1903 2051 1969 2091 eo
1994 2036 2136 2104 quod

554 2126 725 2181 ﬁdelis
747 2136 961 2182 essetet
981 2127 1254 2182 obediens.
1286 2126 1517 2197 Contigit
1540 2138 1735 2191 autem,
1771 2135 1887 2198 post
1911 2128 2126 2200 aliquod

558 2234 789 2290 tempus,
856 2232 911 2275 ut
964 2223 1342 2277 recordaretur
1390 2222 1668 2277 cbaritatis
1722 2221 1845 2277 tiliae
1886 2238 2028 2289 suae,
2081 2230 2137 2279 et

552 2312 720 2380 coepit
755 2313 1069 2399 contristari
1109 2322 1267 2383 atque
1297 2313 1461 2379 affligi
1488 2314 1622 2368 intra
1654 2329 1733 2369 se.
1770 2314 1836 2368 Et
1878 2330 2000 2369 cum
2043 2331 2136 2383 per

554 2403 749 2457 multos
778 2402 891 2459 dies
925 2402 1023 2459 hoc
1052 2401 1275 2470 faceret,
1306 2405 1437 2460 vidit
1466 2421 1587 2461 eum
1616 2407 1782 2460 abbas
1811 2407 1928 2476 ejus
1965 2409 2137 2462 tribu-

552 2492 775 2558 lantem,
822 2510 873 2547 et
916 2496 1051 2549 dixit
1098 2496 1185 2550 ei:
1219 2495 1356 2561 Quid
1404 2495 1587 2561 habes,
1638 2498 1825 2563 frater,
1870 2498 2011 2567 quod
2054 2499 2135 2554 sic

550 2582 718 2639 tristis
756 2586 1032 2642 ambulas?
1061 2588 1148 2642 dic
1197 2585 1346 2649 mihi,
1396 2576 1450 2641 et
1502 2587 1641 2641 Deus
1671 2588 1763 2657 qui
1816 2588 2130 2643 consolatur

550 2686 759 2741 omnes,
790 2676 937 2731 dabit
969 2675 1060 2732 tibi
1091 2676 1368 2731 auxilium.
1402 2677 1552 2731 Tunc
1584 2676 1668 2732 ille
1697 2677 1984 2745 pt'ucidcns
2010 2693 2130 2733 cum

550 2762 805 2833 lacrymis
831 2768 895 2822 ad
927 2770 1087 2837 pedes
1117 2769 1252 2838 ejus,
1285 2768 1416 2823 dixit
1442 2786 1454 2820 :
1481 2769 1661 2823 Habeo
1687 2785 1847 2822 unum
1881 2768 2051 2824 filium
2082 2770 2135 2825 in

552 2857 767 2945 civitate
796 2868 953 2929 quem
987 2860 1174 2929 reliqui
1206 2860 1504 2952 parvulum.
1536 2868 1591 2915 et
1632 2862 1961 2927 recordatus,
1994 2862 2135 2916 afﬂi-
2165 2860 2214 2935 ιζ
2244 2896 2374 2952 dim

555 2944 656 3020 gor
682 2961 897 3019 propter
935 2960 1077 3006 eum.
1114 2952 1180 3007 Et
1208 2951 1380 3008 noluit
1427 2953 1668 3007 indicare
1715 2953 1762 3007 ei
1792 2954 1931 3021 quod
1963 2956 2137 3023 puella

555 3054 721 3099 esset.
756 3034 934 3098 Abbas
960 3060 1086 3099 vero
1105 3045 1220 3115 ejus
1240 3046 1492 3113 igu0rans
1517 3046 1658 3111 quod
1686 3059 1847 3111 esset,
1875 3059 1929 3102 et
1952 3049 2138 3104 nolens

552 3138 673 3191 eum
727 3139 996 3203 amittere,
1051 3122 1175 3208 quia
1230 3132 1568 3195 tteCessaritts
1622 3146 1737 3195 erat
1785 3140 2136 3209 monasterio,

553 3227 682 3283 dicit
711 3234 757 3284 ei
787 3248 798 3282 :
823 3228 877 3285 Si
907 3224 1080 3299 diligis
1106 3242 1251 3298 eum,
1275 3230 1430 3294 vatle',
1458 3242 1511 3285 et
1541 3229 1718 3286 adduc
1761 3248 1883 3287 eum
1930 3235 2055 3297 huc,
2087 3244 2141 3290 et

552 3317 620 3373 sit
672 3329 869 3373 tecum.
921 3318 989 3373 Et
1035 3316 1219 3375 abiens
1271 3316 1494 3374 adduxit
1535 3335 1654 3374 eam
1684 3362 1699 3386 ,
1755 3321 2142 3392 dicebaturque

553 3410 772 3464 Marino.
810 3412 875 3466 Et
902 3414 1126 3466 mutavit
1166 3412 1215 3466 ei
1244 3420 1463 3475 nomen,
1502 3419 1555 3464 et
1580 3411 1795 3466 vocavit
1830 3424 1948 3467 eam
1983 3413 2141 3469 Mari-

555 3515 701 3552 num.
730 3500 795 3555 Et
823 3501 964 3556 dedit
994 3517 1115 3556 eam
1140 3501 1206 3556 ad
1235 3501 1516 3557 discendas
1547 3502 1754 3557 litteras
1788 3504 1924 3558 intra
1956 3520 2143 3561 mona-

560 3596 819 3662 sterium,
870 3603 924 3651 et
976 3602 1092 3651 erat
1147 3595 1265 3651 cum
1314 3613 1423 3651 ea:
1474 3596 1756 3656 nullusque
1810 3594 2025 3666 agnovit
2073 3600 2142 3655 de

557 3668 813 3742 irati-ibus
838 3688 981 3758 quod
1007 3688 1179 3758 puella
1204 3697 1370 3754 esset,
1398 3693 1491 3745 sed
1521 3688 1786 3745 vocabant
1810 3704 1928 3743 eam
1952 3705 2140 3747 omnes

558 3780 845 3835 Marinum.
909 3781 976 3837 Et
1028 3778 1153 3836 dum
1197 3790 1339 3836 esset
1396 3786 1657 3836 annorum
1710 3782 2139 3851 quattuordecim,

557 3876 722 3939 C(Bpil
748 3874 865 3929 eani
900 3876 1092 3930 docere
1124 3882 1273 3944 pater
1319 3868 1447 3929 situs
1485 3874 1622 3927 viam’
1652 3872 1885 3939 Domini,
1918 3883 1971 3930 et
1997 3874 2141 3931 dice-

561 3966 651 4021 bat
698 3967 748 4021 ei
778 3984 789 4019 :
820 3966 969 4031 Vide,
1002 3966 1127 4031 tilia,
1172 3976 1229 4021 ut
1272 3965 1447 4019 nullus
1492 3974 1779 4033 cognoscat
1827 3968 2138 4035 mysterium

558 4068 705 4112 tuum
734 4072 903 4128 usque
926 4058 977 4113 in'
1008 4061 1166 4113 linem
1196 4068 1364 4121 tuum,
1396 4066 1454 4113 et
1480 4057 1705 4111 soliicita
1735 4058 1810 4111 sis
1835 4056 1904 4110 ab
1933 4055 2140 4113 insidiis

562 4152 780 4221 diaboli,
815 4166 884 4206 ne
911 4152 1183 4205 seducaris
1212 4151 1280 4205 ab
1306 4166 1392 4216 eo,
1423 4158 1478 4205 et
1507 4148 1645 4228 istud
1676 4154 1917 4203 sanctum
1948 4164 2136 4204 mona-

559 4246 782 4299 sterium
838 4226 1083 4298 videatur
1132 4257 1226 4311 per
1280 4257 1379 4299 nos
1435 4226 1592 4308 solvi,
1640 4249 1698 4294 ut
1744 4241 1796 4294 itt
1843 4253 2133 4311 conspectu
2166 4264 2213 4329 ρ

558 4338 762 4395 Christi
805 4354 928 4394 cum
974 4338 1173 4393 Sanctis
1221 4338 1423 4407 angelis
1471 4336 1589 4405 ejus
1625 4348 1898 4400 coronam,
1930 4347 1984 4391 et
2030 4353 2135 4392 non

558 4436 680 4491 cum
725 4434 901 4506 impiis
946 4430 1201 4489 mternam
1248 4431 1643 4487 damnationem
1693 4429 2037 4498 accipiamus.
2077 4433 2142 4486 Et

560 4528 666 4583 alia
706 4526 870 4582 multa
917 4524 1143 4583 docebat
1179 4539 1295 4579 eam
1352 4538 1447 4595 per
1490 4526 1727 4594 singulos
1776 4520 1892 4578 dies
1941 4524 2009 4579 de
2052 4537 2139 4581 re-

553 4636 662 4692 gno
690 4621 803 4677 Dei.

632 4715 762 4771 Car.
790 4715 852 4771 ll.
879 4745 947 4755 —
968 4714 1100 4768 Dum
1130 4722 1307 4769 autem
1334 4712 1471 4767 facta
1492 4720 1633 4767 esset
1664 4725 1928 4766 annorum
1955 4706 2141 4767 decem

559 4810 615 4863 et
642 4815 872 4876 septem,
897 4796 1178 4860 defunctus
1220 4802 1305 4858 est
1349 4812 1497 4873 pater
1527 4801 1663 4872 ejus.
1697 4796 1969 4855 Bemaosit
2012 4817 2142 4857 vero

562 4904 682 4959 haec
702 4904 815 4957 sola
849 4902 901 4956 in
931 4902 1062 4957 cella
1094 4899 1259 4970 patris
1299 4900 1403 4964 sui,
1438 4905 1492 4954 et
1517 4899 1629 4967 ipsa
1662 4896 1965 4951 observavit
2002 4911 2059 4950 se
2091 4898 2143 4952 in

561 4996 812 5052 omnibus
837 4993 1093 5051 doctrinis
1124 4992 1290 5062 patris
1317 4992 1422 5056 sui,
1456 4999 1507 5043 et
1535 4998 1649 5043 erat
1676 4988 1932 5044 obediens
1966 4990 2141 5043 omni-

559 5091 662 5149 bus
718 5092 768 5146 in
830 5089 1174 5153 monasterio,
1228 5088 1297 5142 ita
1352 5092 1412 5139 ut
1455 5083 1522 5138 ab
1570 5080 1763 5137 abbate
1828 5097 1925 5137 suo
1974 5091 2028 5137 et
2073 5082 2143 5137 ab

559 5184 810 5241 omnibus
859 5182 1193 5251 diligeretur.
1248 5177 1487 5233 llabebat
1527 5183 1703 5229 autem
1757 5173 2143 5228 monasterium

555 5295 654 5352 par
683 5282 843 5334 boum
884 5286 939 5333 et
987 5282 1222 5339 carrum,
1275 5273 1397 5342 quia
1426 5270 1661 5325 vicinum
1700 5269 1929 5323 habebat
1970 5282 2140 5335 mare,

557 5372 646 5428 ubi
679 5382 794 5427 erat
818 5370 1116 5439 emporium
1147 5362 1211 5421 ad
1239 5363 1402 5420 millia
1436 5362 1536 5418 tria
1564 5379 1577 5427 ;
1610 5366 1663 5417 et
1696 5362 1840 5415 ibant
1869 5359 2139 5424 menachi,

557 5476 612 5521 et
640 5464 933 5520 alferebant
959 5479 1078 5531 quac
1124 5458 1425 5517 necessaria
1457 5464 1615 5512 erant
1643 5453 1989 5508 monasterio.
2028 5450 2142 5507 Una

561 5572 693 5613 vero
721 5558 809 5611 die
836 5557 968 5611 dicit
987 5555 1151 5611 abbas
1172 5552 1291 5625 ejus
1313 5568 1328 5607 :
1349 5550 1537 5607 Frater
1561 5546 1783 5613 Marine,
1807 5558 1971 5614 quare
2002 5552 2057 5599 et
2087 5549 2143 5596 tu

559 5666 667 5709 non
696 5650 845 5705 vadis
869 5664 987 5704 cum
1017 5648 1268 5702 fratribus
1294 5654 1349 5702 et
1368 5643 1588 5713 adjuvas
1610 5641 1738 5697 eos?
1760 5640 1891 5707 Quae
1920 5651 2143 5705 respon-

556 5745 638 5802 dit
672 5742 947 5807 :Jussisti,
1002 5740 1195 5795 Pater?
1228 5738 1355 5794 Erat
1405 5746 1580 5790 autem
1630 5734 1683 5789 in
1734 5732 1848 5802 ipso
1902 5728 2143 5798 emporio

559 5836 917 5909 pandochium
942 5833 1042 5906 (ἓ).
1067 5830 1242 5901 Οωρίι
1280 5844 1408 5899 ergo
1435 5828 1600 5882 frater
1631 5825 1863 5881 Marinus
1890 5823 2140 5892 frequen-

561 5940 646 5992 ter
672 5943 892 6004 pergere
918 5941 1038 5985 cum
1062 5937 1241 5993 carro,
1275 5930 1331 5980 et
1358 5922 1405 5979 si
1431 5919 1661 5977 faciebat
1688 5919 1841 5975 tarde
1866 5915 1936 5972 ad
1962 5928 2143 5970 rever-

2244 1570 2542 1633 monachis.

2311 1700 2441 1753 CAP.
2476 1697 2564 1752 Ill.
2589 1726 2661 1738 —
2680 1696 2913 1763 Contigit
2941 1700 3118 1751 autem
3142 1708 3234 1763 per
3262 1692 3480 1748 insidias
3508 1692 3735 1758 inim.ci,
3761 1700 3822 1748 ut

2240 1793 2451 1863 pandox
2486 1792 2574 1846 ille
2627 1791 2851 1846 haberet
2890 1790 3049 1843 tiliam
3085 1789 3360 1861 virginem.
3408 1786 3487 1840 Ad
3533 1802 3689 1853 quam
3739 1787 3819 1839 in-

2238 1900 2458 1957 gressus
2483 1886 2638 1940 miles
2668 1884 2878 1954 aliquis,
2911 1882 3194 1938 concubuit
3217 1896 3333 1935 cum
3366 1895 3451 1948 ea,
3480 1889 3534 1935 et
3570 1878 3823 1947 concepit

2241 1978 2414 2047 puella
2464 1980 2530 2031 de
2590 1978 2681 2031 illo
2729 1976 2919 2031 milite.
2970 1975 3031 2027 Et
3077 1974 3203 2027 dum
3251 1972 3516 2039 cognitum
3565 1970 3752 2025 fuisset
3792 1986 3824 2025 a

2245 2068 2566 2140 parentibus
2605 2067 2745 2136 ejus,
2788 2076 3065 2133 ctepernnt
3094 2065 3330 2133 afﬂigere
3360 2064 3610 2128 puellam,
3644 2061 3826 2116 dicen-

2239 2172 2321 2215 tes
2348 2179 2360 2214 :
2391 2160 2483 2213 llic
2511 2160 2663 2213 nobis
2702 2159 2772 2212 de
2803 2174 2907 2226 quo
2937 2154 3261 2223 concepisti?
3290 2154 3580 2223 neapondit
3617 2169 3727 2207 ets:
3753 2152 3826 2208 De

2242 2254 2338 2308 illo
2380 2254 2670 2316 monacho,
2725 2252 2813 2319 qui
2863 2251 3056 2304 dicitur
3097 2250 3260 2305 frater
3298 2250 3553 2311 Marinus,
3600 2247 3692 2315 qui
3741 2246 3828 2301 hic

2239 2343 2550 2414 frequenter
2580 2358 2703 2399 cum
2731 2357 2888 2396 carro
2912 2341 3132 2408 mansit;
3180 2340 3296 2409 ipse
3333 2352 3417 2393 me
3446 2338 3735 2407 oppressit,
3767 2347 3822 2390 et

2241 2436 2486 2507 concepi.
2528 2432 2717 2495 Stltim
2750 2438 2925 2489 autem
2959 2440 3307 2502 perrexerunt
3337 2439 3584 2499 parentes
3610 2432 3725 2497 ejus
3755 2427 3822 2482 ad

2244 2516 2654 2589 nmnasteriutn,
2687 2533 2741 2580 et
2768 2527 2951 2579 dicunt
2979 2523 3157 2578 abbati
3182 2539 3197 2577 ε
3227 2522 3380 2588 Ecce,
3412 2520 3628 2573 domine
3659 2520 3815 2587 abba,

2240 2620 2366 2689 quid
2397 2619 2522 2675 fecit
2550 2618 2844 2674 monachus
2878 2626 3001 2672 tuus
3047 2614 3322 2671 Marinus?
3354 2627 3459 2682 quo
3482 2613 3640 2666 modo
3668 2612 3825 2666 decc-

2241 2712 2319 2781 pit
2351 2711 2515 2765 ﬁliam
2561 2707 2840 2764 nostratui
2873 2707 3006 2762 Dicit
3051 2707 3130 2760 eis
3169 2703 3332 2758 abbas
3362 2720 3377 2759 :
3410 2702 3604 2767 Sinite,
3635 2701 3822 2756 videa-

2242 2818 2359 2857 mus
2390 2802 2432 2856 si
2467 2799 2746 2855 manifesta
2788 2806 2913 2855 sunt
2937 2788 3057 2864 quae
3094 2796 3295 2851 dicitis.
3331 2784 3395 2849 Et
3436 2794 3689 2848 veniente
3734 2808 3802 2847 eo

2419 2896 2469 2950 ei
2511 2887 2676 2949 abbas
2719 2893 2872 2963 ejus:
2902 2890 3087 2946 Frater
3134 2888 3357 2951 Marine,
3404 2895 3459 2940 ιιι
3493 2889 3594 2939 hoc
3651 2889 3827 2939 scelus

2245 3003 2499 3061 operatus
2528 3006 2586 3045 es
2616 2990 2668 3044 in
2698 2989 2803 3043 lilia
2851 2986 3085 3044 eorum?
3123 2991 3283 3039 Stans
3314 2984 3512 3039 diutius
3552 2980 3829 3051 cogitavit,

2245 3085 2382 3138 intra
2410 3099 2469 3137 se
2495 3072 2852 3151 ingemiscens
2875 3080 3041 3133 dixit:
3076 3066 3318 3142 Peccavi,
3353 3072 3528 3135 Pater,
3561 3073 3828 3141 poeniten-

2245 3174 2374 3232 tiam
2400 3189 2503 3245 ago
2534 3172 2658 3229 huic
2697 3182 2946 3242 peccato;
2991 3183 3083 3223 ora
3114 3183 3208 3235 pro
3245 3182 3356 3222 me.
3389 3158 3468 3220 Ad
3500 3166 3828 3219 iracundiam

2244 3280 2419 3326 autem
2462 3274 2765 3322 cernmotus
2818 3264 3024 3329 abbas,-
3069 3262 3229 3331 jussit
3274 3275 3400 3315 eum
3462 3257 3719 3313 contundi
3777 3265 3831 3314 et

2245 3365 2429 3435 afﬂigi.
2486 3360 2554 3418 Et
2604 3362 2715 3416 ait:
2754 3359 2808 3415 In
2855 3354 3080 3413 veritate
3124 3344 3267 3419 dico,
3316 3354 3437 3423 quia
3490 3362 3545 3407 tu
3584 3350 3675 3421 qui
3729 3351 3833 3405 hoc

2247 3448 2445 3514 malum
2478 3446 2733 3524 operatus
2760 3469 2841 3517 es,
2867 3467 2971 3508 non
2996 3450 3234 3506 manebis
3272 3450 3322 3503 in
3354 3450 3454 3502 hoc
3477 3445 3828 3499 monasterio.

2250 3553 2315 3606 Et
2342 3549 2565 3622 jactavit
2612 3562 2730 3601 eam
2758 3544 2926 3599 foras.
2955 3544 3071 3613 ipsa
3101 3556 3229 3596 vero
3272 3552 3543 3608 nunquam
3576 3538 3668 3590 ulli
3706 3550 3831 3590 eon-

2245 3634 2389 3701 fessa
2433 3654 2517 3699 est
2558 3638 2864 3712 mysterium
2914 3651 3091 3701 suum,
3144 3634 3238 3689 se’d
3288 3633 3474 3688 abiens
3494 3626 3735 3701 iactavit
3766 3643 3827 3684 se

2250 3749 2375 3794 ante
2407 3735 2548 3791 fores
2603 3726 2940 3796 monasterii,
2979 3738 3034 3786 et
3076 3716 3286 3800 jacebat
3332 3739 3493 3792 super
3535 3733 3729 3776 terram
3773 3720 3827 3774 in

2244 3828 2587 3901 ptenitentia,
2620 3825 2862 3892 afﬂigens
2904 3836 2963 3877 se
2994 3832 3244 3887 tanquam
3273 3814 3436 3887 39h.
3463 3815 3575 3883 ipsa
3605 3824 3827 3881 peccas-

2247 3928 2349 3994 set,
2397 3933 2451 3981 et
2476 3923 2544 3977 ab
2581 3916 3001 3991 ingredientibus
3027 3913 3281 3999 fratribus
3312 3906 3620 3980 posmlabat'
3659 3916 3713 3960 ut
3746 3905 3829 3960 vel

2246 4032 2351 4075 una
2385 4000 2622 4072 bucceila
2654 4014 2805 4083 panis
2833 4012 2883 4067 ei
2924 4011 3163 4066 daretur.
3213 4004 3323 4061 Hoc
3356 4001 3552 4058 faciens
3586 4015 3679 4069 per
3716 4009 3829 4052 tres

2245 4122 2439 4175 annos,
2485 4126 2592 4164 non
2624 4107 2849 4164 recessit
2878 4105 2944 4161 de
2978 4099 3328 4161 moneaterio.
3372 4094 3673 4152 Pandocbis
3700 4107 3830 4148 vero

2248 4208 2353 4263 filia
2385 4206 2594 4276 peperit
2639 4204 2804 4259 illium
2845 4201 3163 4264 masculum,
3208 4202 3264 4251 et
3293 4180 3597 4255 ablactarit,
3650 4194 3700 4245 et
3729 4188 3826 4243 ad-

2245 4299 2392 4353 duxit
2436 4312 2558 4352 eum
2592 4305 2762 4350 mater
2799 4290 2985 4363 puellae
3020 4292 3223 4353 secum,
3253 4293 3306 4340 et
3339 4282 3559 4353 iactavit
3588 4294 3707 4359 eum
3753 4278 3829 4334 ibi

2244 4401 2367 4447 ante
2398 4388 2804 4451 monasterium,
2835 4392 2892 4440 et
2931 4382 3060 4437 dicit
3084 4382 3132 4435 ei
3159 4396 3174 4433 :
3205 4381 3361 4441 Ecce,
3407 4375 3572 4429 frater
3600 4373 3827 4437 Marine,

2241 4483 2515 4556 quomodo
2544 4479 2683 4536 nosti
2723 4478 2927 4534 hutrica
2959 4475 3123 4529 illium
3155 4481 3319 4526 tuum.
3355 4468 3421 4523 Et
3448 4462 3664 4534 reliquit
3702 4456 3839 4519 eum'

2243 4577 2337 4644 ibi,
2361 4588 2415 4631 et
2443 4574 2591 4629 abiit.
2634 4572 2832 4628 Sancta
2863 4566 3012 4639 virgo
3059 4562 3376 4630 suscipiens,
3406 4569 3660 4629 tanquam
3702 4570 3831 4625 pro-

2248 4675 2426 4745 prium
2451 4670 2643 4735 tilium,
2677 4670 2745 4723 de
2774 4667 2886 4735 ipsa
2912 4662 3149 4720 buccella
3183 4658 3356 4729 panis,
3397 4668 3553 4724 quam
3595 4651 3827 4719 accipie-

2244 4743 2335 4821 bat
2383 4765 2450 4817 ab
2500 4758 2893 4816 introeuntibus
2946 4757 2999 4808 in
3045 4754 3466 4811 monasterium,
3525 4743 3832 4799 nutricabat

2245 4857 2412 4914 ﬁlium
2442 4856 2696 4911 alienum.
2725 4852 2947 4909 Factum
2977 4856 3058 4904 est
3077 4846 3177 4901 hoc
3207 4852 3302 4914 per
3321 4842 3454 4896 alios
3475 4838 3610 4893 duos
3633 4849 3826 4891 annos.

2317 4982 2451 5035 Car.
2498 4977 2585 5033 IV.
2616 4972 3054 5030 —-Pustmodum
3097 4977 3274 5025 autem
3327 4964 3568 5019 ridentes
3608 4962 3825 5026 fratres,

2246 5072 2611 5131 misericordia
2635 5066 2961 5139 compuncti.
2997 5060 3218 5134 ingressi
3259 5061 3324 5113 ad
3350 5056 3595 5111 abbatem
3638 5069 3832 5123 rogare

2244 5176 2522 5240 cteperunt
2564 5172 2623 5219 ut
2651 5179 2771 5217 eum
2810 5160 3067 5227 reciperet
3101 5156 3153 5210 in
3187 5150 3594 5211 monasterium,
3640 5149 3829 5202 dicen-

2249 5259 2590 5320 teszAbba,
2638 5254 2855 5323 indulge
2902 5260 2957 5305 et
3006 5250 3218 5317 suscipe
3272 5244 3490 5299 fratrem
3542 5240 3831 5295 Marinum.

2246 5354 2387 5410 Ecce
2433 5349 2665 5421 quinque
2710 5345 2836 5402 anni
2883 5352 3029 5407 sunt,
3065 5338 3205 5411 quod
3257 5337 3309 5393 in
3342 5333 3659 5403 pmttitentia
3706 5341 3836 5385 ante

2243 5448 2458 5518 jztlluaﬂl
2513 5439 2824 5497 monasterii
2855 5438 3015 5507 jacet,
3066 5444 3121 5488 et
3169 5446 3273 5487 non
3314 5429 3539 5485 recessit
3592 5440 3831 5494 unquam

2247 5517 2391 5592 hinc.
2425 5534 2650 5602 Suscipe
2695 5547 2816 5587 eum
2869 5531 2921 5583 in
2967 5526 3362 5597 paenitentiam,
3407 5522 3544 5574 sicut
3574 5517 3831 5573 Dominus

2247 5641 2434 5688 noster
2454 5629 2607 5685 Jesus
2634 5625 2876 5681 Christus
2909 5619 3179 5689 praecepit.
3205 5616 3309 5671 Vm
3335 5625 3510 5668 autem
3539 5619 3833 5677 coegerunt

2247 5740 2390 5787 eum,
2418 5734 2470 5777 ct
2492 5717 2655 5791 jussit
2684 5730 2805 5770 eum
2837 5710 3063 5781 ingredi,
3093 5717 3150 5765 et
3178 5707 3388 5762 vocavit
3415 5720 3536 5760 eum
3566 5702 3632 5756 ad
3665 5716 3745 5763 se,
3782 5712 3834 5755 et

2246 5819 2321 5869 ait
2347 5832 2358 5865 :
2388 5813 2545 5866 l‘ater
2594 5819 2715 5861 tuus
2756 5804 2853 5859 fuit
2888 5804 2969 5859 vir
3006 5809 3254 5863 sanctus,
3299 5794 3439 5867 quod
3475 5806 3528 5847 ttt
3580 5804 3744 5854 nosti,
3781 5800 3834 5846 et

2243 5905 2526 5975 parvulum
2550 5897 2844 5961 introduxit
2871 5906 2925 5957 te
2944 5898 2998 5955 in
3019 5896 3124 5953 hoc
3150 5900 3394 5950 sanctum
3416 5886 3831 5954 monasterium,
