4162 6352
335 354 442 428 ⁷99
559 402 579 428 .

1769 343 2160 428 ramenta.

3487 351 3594 414 πο

335 425 468 550 ρξιοε
501 425 611 532 illic
631 455 973 530 conleuores
1013 453 1356 538 invisentem,
1395 461 1695 536 scripsisse,
1726 460 1918 518 litterae
1944 425 2009 544 AV
2027 476 2143 517 rum
2173 462 2405 534 invisere
2431 462 2648 536 choros,
2678 469 2733 521 et
2755 460 3027 536 caelestem
3055 464 3110 521 in
3161 462 3318 523 terris
3343 465 3585 526 circum-

335 560 418 642 μβ)
459 567 587 634 tutis
627 557 694 624 ab
725 571 789 616 eo
817 557 954 624 dat-“te
983 558 1302 642 signiﬁcant,
1335 567 1420 622 etc

239 655 248 664 '
415 650 713 720 lszstiiuisse
730 648 1124 718 veroejusmodi
1141 649 1618 720 peregrinationem
1645 646 1915 720 Bullinum

338 759 440 797 una
475 757 596 808 cum
628 741 848 808 Melania
882 741 1114 800 Romana
1143 745 1435 800 clarissima
1463 742 1660 798 femina
1685 742 1907 821 ieroso-

336 833 568 910 lyniam,
616 836 709 890 sed
754 834 806 894 in
836 832 1126 905 IEgyplum
1160 836 1334 904 primo
1364 835 1429 890 ad
1463 835 1767 904 invisendos
1813 835 1920 908 illic

333 912 559 1007 agentes
598 933 811 990 sanctos
852 925 1142 993 monachos
1169 927 1467 1008 navigasse,
1519 925 1659 986 idem
1701 935 1918 996 sanctus

329 1017 696 1085 "Hieronymus
727 1016 803 1088 (c)
825 1017 891 1071 ad
929 1017 1284 1085 Florentium,
1311 1034 1518 1078 necnon
1548 1019 1613 1084 ad
1645 1017 1916 1092 Bullinth

337 1110 421 1181 (ά)
463 1109 724 1189 scribens,
771 1110 978 1180 duabus
1023 1112 1260 1180 epistolis
1308 1100 1601 1170 declaravit
1643 1112 1917 1199 (meram,

332 1205 501 1275 epiap.
534 1203 589 1268 5,
629 1202 689 1264 41
720 1207 770 1280 ),
809 1219 941 1280 quas
971 1219 1037 1258 ex
1066 1204 1237 1275 Syriae
1285 1205 1571 1262 solitudine
1618 1206 1784 1276 dedit.
1816 1207 1920 1274 Ac-

335 1295 534 1352 cedunt
565 1295 646 1366 his
675 1296 760 1362 alii
794 1305 986 1363 testes;
1017 1297 1300 1352 conﬁrmat
1329 1299 1474 1362 enim
1505 1298 1605 1368 hoc
1639 1298 1814 1370 ipsum
1848 1296 1916 1372 de

337 1386 767 1456 peregrinatione
793 1385 988 1442 ΗΜῦηί
1015 1403 1134 1442 cum
1168 1389 1387 1448 Melania
1412 1397 1630 1450 sanctus
1664 1389 1920 1458 Paulinus

336 1476 411 1549 (ε)
452 1477 504 1532 in
535 1477 758 1552 epistola
807 1478 871 1546 ad
901 1479 1160 1534 Severum
1208 1479 1472 1551 (Paulin.,
1506 1482 1655 1549 epist.
1687 1481 1770 1552 9),
1794 1494 1920 1538 nec-

337 1585 444 1626 non
476 1571 744 1636 Palladius
769 1569 840 1643 (ι’)
866 1570 934 1637 de
961 1572 1148 1634 eadem
1181 1571 1409 1630 Melania
1437 1588 1622 1646 agens.
1725 1561 1728 1564 ’

409 1663 651 1730 Quonam
681 1678 808 1719 vero
838 1665 1175 1735 potissimum
1222 1677 1463 1736 tempore
1494 1665 1758 1734 ejusmodi
1783 1664 1916 1726 Bul'.

341 1754 432 1812 lini
461 1771 580 1814 cum
613 1755 835 1826 Melania
880 1759 1239 1829 peregrinatio
1275 1759 1548 1834 acciderit,
1592 1760 1817 1818 diversa!
1853 1775 1916 1824 ea

2023 557 2101 636 ire
2161 557 2411 624 familiam
2481 558 2686 646 (Hiera,
2733 562 2942 636 epistola
2979 559 3167 638 41).)
3219 561 3285 617 Et
3328 563 3590 622 inferius:

2027 667 2046 714 ᾳ
2076 651 2303 716 Rursum
2333 667 2648 732 suspensnm
2677 665 2802 714 voto
2833 663 3052 710 nutante
3078 663 3340 724 mentem,
3370 659 3592 728 quidam

2020 747 2418 819 Alexandrinus
2447 749 2741 818 monachus
2781 749 2890 826 (Ii),
2921 751 3008 820 qui
3039 747 3103 802 ad
3148 749 3426 820 Egyptios
3454 768 3591 808 cou-

2021 839 2273 906 less‘ores,
2301 853 2353 894 et
2380 843 2653 895 voluntate
2675 840 2784 912 jam
2813 856 3090 913 martyres,
3125 841 3212 911 pio
3244 842 3416 912 plebis
3450 841 3593 914 jam-

2020 930 2218 1004 dudum
2265 933 2435 998 luerat
2466 935 2806 1005 transmissus
2846 935 3104 1005 obsequio
3124 976 3139 1002 ,
3173 935 3489 996 manifestus
3518 936 3585 991 ad

2021 1021 2384 1092 credulitatem
2417 1025 2583 1094 nuntii
2601 1035 2784 1097 auctor
2801 1023 3099 1102 impulerat.
3121 1045 3139 1076 ι
3172 1026 3237 1081 Ει
3260 1028 3414 1096 paulo
3437 1036 3591 1097 post:

2029 1129 2047 1163 ε
2085 1111 2352 1166 Bullinum
2402 1111 2587 1176 Nitrie
2617 1127 2770 1178 esse,
2819 1121 2872 1166 et
2914 1112 2978 1165 ad
3028 1113 3238 1168 beatum
3294 1113 3593 1178 perrexisse

2022 1201 2333 1270 Mai-arium,
2380 1204 2567 1280 crebra
2615 1203 3028 1275 commeantium
3074 1203 3352 1268 multitudo
3394 1205 3593 1262 refere-

2021 1294 2128 1368 bat.
2162 1316 2181 1349 »
2219 1297 2342 1352 Haec
2372 1297 2484 1369 ipse

2094 1387 2298 1454 Quibus
2348 1387 2598 1461 omnibus
2648 1388 2887 1442 redditur
2929 1387 3264 1452 manifestum
3315 1388 3595 1464 Melaniam

2021 1495 2142 1534 cum
2173 1479 2390 1534 Bullini)
2423 1480 2521 1535 hoc
2565 1496 2704 1535 anno
2723 1521 2738 1547 ,
2768 1481 3051 1552 superstite
3079 1480 3248 1536 adhuc
3277 1480 3590 1548 Athanasio,

2021 1568 2398 1638 Alexandriam
2453 1588 2794 1646 pervenisse,
2824 1587 2878 1644 et
2925 1584 3167 1636 sanctum
3210 1574 3592 1644 Hieronymum

2023 1665 2119 1744 (ut
2171 1666 2368 1742 dictum
2424 1665 2549 1742 εει)
2599 1677 2724 1737 post
2771 1666 3048 1736 Athanasii
3104 1667 3340 1728 obitum,
3390 1670 3594 1721 excita-

2027 1767 2076 1813 ta
2130 1759 2231 1815 hoc
2286 1775 2427 1814 anno
2479 1758 2547 1814 ab
2597 1761 2814 1814 Arianis
2870 1768 3242 1827 persecutione
3307 1760 3360 1812 in
3422 1759 3595 1814 eccle«

341 1845 410 1900 de
461 1861 520 1902 re
567 1848 906 1916 reperiuntur
953 1851 1264 1918 sententiae;
1311 1865 1434 1906 nam
1487 1850 1758 1910 Palladius
1801 1843 2156 1928 ipsopsiam
2215 1852 2628 1922 Alexandrinam
2693 1861 2747 1907 et
2802 1852 3007 1917 incolas
3063 1852 3269 1916 eremi,
3327 1851 3465 1904 illam
3526 1850 3595 1906 ad

337 1938 566 1992 exordio
600 1938 838 2006 Valentis
869 1941 1076 2008 imperii
1125 1941 1231 2014 (g)
1284 1943 1334 1999 id
1368 1942 1562 2008 laetum
1592 1959 1736 2016 esse,
1769 1945 1915 2018 θηη-

333 2045 487 2090 mare
517 2029 722 2092 videtur
753 2031 1055 2103 (Palladius
1098 2034 1152 2088 in
1199 2032 1468 2100 Lausiac.,
1513 2050 1630 2107 cap.
1664 2036 1791 2104 53);
1824 2035 1919 2116 sed

333 2123 475 2196 apud
505 2124 671 2178 sancti
701 2123 1011 2194 Hieronymi
1043 2124 1346 2184 Chronicon
1367 2143 1508 2196 anno
1531 2127 1746 2192 decimo
1771 2129 1919 2202 ejus-

335 2211 456 2284 dem
483 2213 816 2281 imperatoris
845 2215 959 2272 haec
976 2216 1221 2288 leguntur
1245 2235 1259 2282 ;
1289 2237 1308 2272 ε
1332 2219 1559 2280 Melania
1583 2211 1916 2298 nobilissima

335 2306 615 2360 mulierum
636 2306 1015 2376 Romanarum,
1035 2318 1090 2364 et
1105 2308 1396 2366 Marcellini
1418 2311 1688 2380 quondam
1713 2325 1917 2378 consu-

333 2395 404 2465 lis
433 2397 540 2451 filia
570 2395 682 2470 (li),
715 2401 869 2453 unico
889 2409 1128 2468 praetore
1173 2410 1300 2454 tunc
1339 2401 1546 2462 urbano
1576 2401 1640 2473 (ἱ)
1676 2401 1785 2456 lilio
1813 2403 1913 2474 de-

339 2488 551 2556 relicto,
579 2488 967 2560 Jerosolymam
1011 2491 1310 2562 navigavit,
1363 2493 1450 2547 ubi
1483 2477 1632 2564 tanto
1661 2495 1915 2568 virtutum

333 2582 707 2652 praecipueque
757 2580 1073 2638 humilitatis
1121 2584 1220 2640 luit
1271 2585 1561 2650 miraculo,
1602 2594 1658 2642 ut
1701 2585 1915 2662 Thecla:

340 2688 534 2730 nomen
565 2676 851 2744 acceperit.
881 2695 900 2730 ι
944 2673 1071 2740 Haec
1107 2677 1176 2732 ibi
1206 2694 1220 2733 :
1245 2693 1361 2749 quae
1393 2677 1732 2750 intelligenda
1764 2691 1915 2752 puta-

334 2778 473 2830 mus,
503 2781 605 2834 non
636 2780 756 2821 cum
801 2766 1027 2836 primum
1061 2768 1229 2825 Roma
1260 2772 1495 2840 protecta
1527 2777 1634 2840 est,
1666 2758 1770 2843 sed.
1791 2785 1911 2842 cum

336 2871 403 2912 ex
426 2855 656 2927 Egyiito
677 2857 1064 2931 Jerosolymam
1088 2863 1350 2931 pervenit.
1378 2861 1512 2918 Nam
1535 2865 1675 2936 quod
1707 2872 1916 2933 spectat

335 2950 401 3005 ad
437 2951 820 3020 profectionem
870 2953 924 3008 iu
973 2953 1294 3025 IEgyptum,
1325 2969 1448 3012 cum
1480 2937 1645 3024 ipsius
1676 2957 1912 3028 Bullini,

335 3059 544 3102 necnon
587 3044 805 3102 Palladii
837 3047 906 3118 (j)
955 3050 1253 3106 assertione
1283 3063 1493 3107 constet
1538 3052 1822 3110 Melaniam
1851 3068 1914 3114 ac

333 3141 450 3210 ejus
475 3139 727 3204 comites,
760 3143 979 3198 vivente
1006 3143 1178 3198 adhuc
1207 3144 1524 3211 Athanasio,
1556 3145 1720 3203 luisse
1746 3147 1912 3210 Alex-

2021 1942 2288 2010 Bullinum
2319 1943 2597 2014 epistolam
2629 1943 3023 2009 conscripsisse
3068 1957 3129 1996 ex
3180 1932 3348 2012 Syriis
3388 1955 3588 2008 eremo,

2021 2036 2106 2091 ubi
2139 2036 2329 2109 agebat
2354 2035 2744 2108 subaegrotans,
2769 2042 2873 2090 etc.

2088 2119 2255 2195 Quam
2283 2136 2461 2182 autem
2484 2128 2714 2182 diximus
2737 2127 3012 2182 Melaniam
3045 2139 3164 2182 cum
3198 2125 3407 2181 Bullino
3433 2134 3596 2197 atque

2022 2220 2185 2274 sociis
2227 2229 2351 2273 ante
2380 2219 2584 2274 obitum
2616 2217 2894 2272 Athanasii
2939 2226 3142 2273 certum
3191 2233 3310 2273 esse
3360 2220 3594 2272 Alexan-

2016 2307 2190 2385 driam
2217 2324 2286 2364 ex
2320 2308 2450 2364 urbe
2476 2309 2705 2371 venisse,
2737 2323 2967 2380 quonam
2993 2309 3325 2376 potissimum
3350 2319 3594 2378 tempore

2023 2403 2075 2472 id
2132 2403 2390 2459 accidisse
2431 2404 2762 2478 putandum?
2808 2401 2862 2456 Si
2916 2401 3155 2460 Palladio
3203 2403 3593 2474 assenserimus

2018 2495 2307 2550 allirmanti
2348 2495 2398 2570 id
2426 2479 2617 2551 laetum
2650 2494 2789 2549 circa
2818 2492 3034 2549 exordia
3070 2492 3304 2547 Valentis
3334 2492 3574 2564 imperil,

2017 2589 2195 2668 ipsum
2227 2587 2498 2644 Bullinum
2529 2586 2820 2660 adiungere
2852 2599 3130 2654 possemus
3159 2584 3585 2654 astipulatorem,

2019 2682 2107 2747 tibi
2135 2685 2210 2733 ait
2229 2681 2386 2735 annis
2410 2694 2504 2734 sex
2532 2679 2576 2750 (ι
2598 2677 2679 2750 )se
2693 2675 3028 2734 Alexandriae
3046 2685 3427 2744 commoratum
3451 2692 3590 2744 esse,

2017 2786 2071 2830 et
2100 2784 2285 2848 postea
2313 2777 2506 2848 iterum
2536 2771 2603 2828 ad
2635 2772 2838 2840 aliquot
2861 2769 3068 2825 dierum
3092 2770 3321 2839 spatium
3355 2770 3476 2824 illuc
3508 2784 3592 2825 re-

2015 2880 2226 2921 versum
2248 2864 2564 2921 commorari
2593 2862 2882 2933 contigisse
2909 2861 3149 2935 (Ηηπίηη
3171 2863 3224 2915 in
3261 2861 3475 2916 Hieron.
3514 2864 3591 2920 in.

2015 2957 2235 3028 ναίω).
2268 2957 2375 3014 Sed
2390 2957 2488 3014 hoc
2501 2969 2708 3011 rursum
2732 2955 3004 3010 dissuadet
3033 2968 3089 3010 ut
3109 2955 3409 3023 credamus,
3452 2953 3594 3024 quod

2016 3067 2081 3106 ex
2102 3066 2268 3122 nuper
2287 3050 2448 3104 citata
2466 3048 2772 3120 Hieronymi
2791 3047 3009 3117 epistola
3023 3046 3086 3100 ad
3105 3045 3368 3101 Bullinum
3389 3047 3593 3102 inaudi-

2019 3149 2103 3196 tus
2120 3152 2276 3196 antea
2303 3152 2356 3197 et
2395 3140 2700 3212 inopinatus
2719 3142 2976 3193 adventus
2999 3139 3114 3209 ejus
3143 3139 3195 3193 in
3219 3137 3511 3212 Egyptum
3540 3151 3594 3198 et

333 3233 569 3298 andriae,
603 3249 757 3304 quem
791 3233 959 3301 liquet
987 3235 1088 3290 hoc
1120 3235 1237 3304 ipso
1277 3250 1418 3298 anno
1448 3253 1512 3308 ex
1546 3237 1646 3293 hac
1677 3239 1780 3298 vita
1816 3241 1913 3295 mi-
2018 3248 2175 3303 quam
2197 3231 2604 3306 recentissimus
2628 3231 2789 3290 luisse
2809 3229 3036 3292 videtur,
3057 3235 3376 3299 utsuperius
3397 3231 3593 3290 dlCillln

334 3339 542 3400 grasse,
593 3325 778 3400 utique
818 3335 943 3394 ante
986 3327 1251 3401 decimum
1303 3328 1541 3404 valentis
1569 3345 1764 3398 annum
1795 3346 1913 3404 eam

331 3431 452 3480 cum
479 3417 589 3472 suis
612 3419 662 3471 in
695 3417 985 3490 Egyptum
1021 3421 1312 3494 profectam
1334 3436 1477 3488 esse,
1512 3421 1787 3478 al‘lirniare
1819 3440 1914 3486 ne,-

333 3520 488 3562 cesse
513 3517 615 3574 est.
645 3505 796 3574 Quod
827 3510 969 3563 enim
1012 3509 1314 3578 contigerit,
1347 3509 1465 3580 ipso
1509 3512 1719 3576 vivente
1740 3513 1915 3580 adhuc

331 3608 520 3652 saneto
554 3597 868 3665 Athanasio,
910 3598 1187 3654 Melaniam
1236 3601 1614 3668 Alexandriam
1641 3585 1916 3672 pervenis?-

330 3703 411 3754 se,
447 3689 714 3760 Palladius
744 3707 811 3760 ex
852 3705 919 3754 eo
962 3693 1241 3764 perspicue
1283 3693 1654 3760 demonstrare
1683 3697 1910 3766 videtur,

333 3797 455 3837 cuin
485 3784 559 3836 ait
587 3782 866 3856 Melaniam
900 3787 967 3852 ab
1019 3800 1138 3862 ipso
1167 3785 1460 3860 Athanasio
1498 3787 1750 3856 donatam
1794 3803 1914 3850 esse

331 3873 488 3927 ovina
519 3874 676 3942 pelle,
709 3890 866 3956 quam
895 3874 1036 3942 dono
1057 3891 1339 3950 acceperat
1366 3892 1396 3932 a
1423 3877 1656 3951 Macario
1689 3880 1908 3951 abbate,

333 3963 512 4030 oblata
542 3965 641 4036 ipsi
673 3981 896 4024 munere
923 3982 952 4034 a
983 3968 1138 4025 leone
1168 3985 1264 4048 pro
1293 3970 1584 4044 gratiarum
1611 3975 1818 4028 actione
1844 3973 1914 4046 de

329 4058 521 4114 catulis
551 4059 708 4114 caecis
758 4060 824 4115 ab
871 4061 987 4129 ipso
1019 4062 1120 4118 luci
1164 4051 1419 4130 redditis;
1463 4064 1619 4135 cujus
1659 4067 1739 4124 rei
1778 4067 1914 4122 adeo

331 4151 662 4207 admirandae
689 4149 936 4210 Bullinus
967 4154 1240 4230 historiam
1274 4165 1487 4228 narrat,
1532 4158 1622 4234 qui
1669 4168 1724 4214 et
1752 4158 1825 4228 ait
1853 4173 1913 4230 se

330 4256 648 4315 praesentem
679 4245 838 4303 fuisse
862 4264 980 4309 cum
1015 4252 1316 4318 persecutio
1340 4262 1421 4306 est
1450 4253 1596 4306 illata
1633 4254 1912 4326 monachis

333 4347 453 4408 post
477 4339 752 4396 Athanasii
777 4340 978 4395 obitum
1001 4343 1068 4396 ah
1091 4345 1299 4416 Arianis
1331 4361 1344 4398 :
1382 4363 1401 4397 ς
1431 4343 1501 4409 Ea
1530 4345 1694 4414 enim,
1717 4347 1908 4422 inquit,

331 4449 450 4501 qua:
479 4447 717 4502 praesens
769 4434 898 4500 vidi,
929 4434 1135 4504 loquor,
1182 4444 1235 4491 et
1279 4451 1463 4490 eorum
1512 4448 1659 4508 gesta
1713 4436 1909 4505 refero,

329 4538 555 4594 quorum
584 4525 634 4578 in
668 4525 1002 4595 passionibns
1025 4527 1199 4582 socius
1215 4541 1332 4585 esse
1352 4530 1619 4598 promerui
1653 4528 1866 4603 (Rufﬁn.
1887 4571 1905 4598 ,

2014 3333 2128 3389 est,
2159 3336 2263 3379 etc.

2086 3411 2364 3478 Duronius,
2388 3421 2504 3482 post
2539 3412 2723 3478 multa,
2753 3427 2892 3466 anno
2927 3411 3123 3467 eodem.
3155 3411 3394 3477 —-Quod
3420 3422 3592 3470 autem

2014 3506 2080 3560 ad
2108 3506 2322 3577 [Egypti
2353 3505 2649 3578 monachos
2680 3512 2885 3574 spectat
2907 3502 3171 3558 dirissime
3203 3519 3229 3554 a
3272 3504 3431 3558 Lucio
3461 3518 3590 3558 exa-

2015 3599 2242 3670 gitatos;
2277 3596 2551 3664 Bullinus,
2581 3598 2670 3667 qui
2699 3610 2820 3651 cum
2865 3595 3084 3651 Melania
3119 3596 3170 3649 iit
3201 3593 3436 3666 Egypto
3465 3610 3593 3665 age-

2011 3678 2126 3758 bat,
2175 3691 2288 3762 haec
2334 3691 2402 3746 de
2447 3691 2551 3745 illis
2581 3692 2900 3758 scriptorum
2956 3688 3310 3743 monumentis
3365 3688 3592 3757 posteris

2018 3783 2237 3856 legenda
2259 3782 2472 3842 tradidit
2496 3798 2510 3835 :
2537 3780 2778 3855 (Rn/ﬁn.,
2803 3781 2840 3835 ι.
2866 3795 2925 3844 tl,
2949 3794 2995 3832 c.
3013 3779 3153 3842 '5,Ml
3177 3796 3196 3830 ι
3221 3778 3346 3833 inde
3370 3788 3487 3846 post
3512 3778 3592 3833 lu-

2016 3891 2109 3946 gas
2139 3876 2334 3928 civium
2366 3883 2420 3928 et
2461 3871 2669 3936 exsilia,
2704 3883 2821 3940 post
2853 3871 3029 3926 caedes
3059 3878 3108 3925 et
3143 3877 3406 3925 tormenta
3435 3869 3588 3924 llam-

2013 3955 2240 4037 inasque
2281 3965 2471 4037 quibus
2499 3967 2806 4020 innumeros
2833 3962 3159 4025 confecerat.
3193 3963 3258 4018 ad
3306 3969 3587 4020 monaste-

2015 4060 2091 4114 ria
2139 4062 2235 4136 (in)
2276 4058 2467 4120 luroris
2497 4056 2577 4113 sui
2608 4071 2757 4120 arma
2784 4056 3082 4126 convertit,
3112 4062 3287 4112 vastat
3326 4071 3591 4125 eremum,

2014 4165 2069 4212 et
2097 4156 2230 4210 bella
2261 4155 2655 4226 quiescentibus
2686 4152 2890 4208 indicit.
2921 4151 3044 4207 Tria
3077 4151 3240 4205 millia
3268 4151 3456 4220 simul,
3487 4161 3580 4207 aut

2015 4266 2080 4308 eo
2096 4250 2323 4318 amplius
2341 4250 2481 4304 virus
2499 4257 2774 4320 perlatam
2797 4259 3036 4318 ereiniim
3057 4254 3260 4300 secreta
3278 4254 3334 4298 et
3352 4243 3590 4298 solitaria

2016 4345 2347 4400 habitatione
2403 4343 2675 4410 dispersos
2721 4352 3030 4408 oppugnare
3092 4339 3290 4405 pariter
3344 4335 3588 4406 aggredi-

2015 4446 2101 4490 tur
2126 4453 2137 4488 :
2167 4435 2597 4504 mittitarmatani
2621 4431 2858 4499 equitum
2877 4439 2930 4485 et
2962 4427 3196 4496 peditum
3240 4426 3584 4481 manum:tri-

2015 4507 2208 4594 bonos,
2231 4525 2564 4602 pra-positos,
2588 4532 2644 4577 et
2661 4521 2919 4574 bellorum
2939 4518 3385 4586 duces,tanqnam
3411 4523 3589 4572 adver-

330 4615 369 4669 ι.
396 4630 453 4678 ll,
487 4632 602 4682 cap.
634 4617 720 4683 ι).
756 4636 773 4690 i
811 4618 934 4673 Haec
960 4616 1096 4685 ipse.
1134 4619 1205 4674 lle
1252 4603 1437 4674 eadem
1483 4618 1722 4675 Melania:
1753 4637 1909 4690 pere-
1935 4607 1990 4688 υ
2016 4633 2107 4675 sus
2136 4617 2396 4674 barbaros
2422 4624 2769 4684 pugnaturus,
2794 4609 2961 4680 eligit.
3009 4611 3108 4676 Qui
3136 4623 3256 4664 cum
3282 4615 3584 4678 venissent,

329 4706 630 4780 grinaiione
657 4705 781 4760 dum
818 4708 1086 4764 Palladius
1115 4709 1222 4780 agit
1249 4707 1508 4779 (Pallad.,
1543 4712 1593 4763 in
1626 4709 1864 4768 Lausiac.
1889 4753 1905 4779 ,

329 4813 445 4866 cap.
471 4797 525 4862 ‘2,
561 4799 794 4876 ίλεροητι.ἓ
828 4810 866 4856 t.
897 4800 1018 4870 Ill),
1051 4801 1123 4855 ait
1143 4816 1260 4857 eam
1289 4804 1423 4858 duce
1445 4803 1643 4857 Isidoro
1666 4819 1905 4873 ereninin

330 4887 549 4972 zEgypti
589 4893 872 4959 lustrasse,
905 4904 954 4946 et
994 4893 1133 4948 inter
1163 4895 1297 4949 alios
1326 4897 1498 4965 magni
1533 4897 1762 4952 nominis
1794 4913 1909 4951 ino-

334 4988 536 5034 naeuos
584 4979 749 5060 426
793 4985 1038 5050 invisisse
1087 4985 1434 5058 l‘ambonein,
1487 4986 1767 5060 eidemque
1812 5003 1910 5058 pro

333 5075 717 5129 monachorum
750 5092 843 5130 usu
872 5077 1101 5132 donasse
1134 5087 1398 5134 trecentas
1423 5078 1582 5133 libras
1615 5079 1838 5147 argenti.

402 5167 533 5222 Cum
564 5177 739 5222 autem
789 5167 952 5238 (quod
1001 5167 1268 5242 diximus)
1312 5181 1436 5224 tunc
1465 5171 1744 5240 contigerit
1791 5171 1910 5243 llic-

330 5273 613 5329 ronyuiiim
636 5274 753 5330 eam
781 5259 1061 5332 epistolam
1093 5261 1326 5318 scribere
1356 5263 1420 5316 ad
1462 5260 1753 5324 Bullluum.
1785 5278 1908 5316 cum

331 5347 419 5404 ille
448 5350 700 5406 inviseret
749 5337 1037 5422 monachos
1070 5353 1441 5420 persecutione
1471 5365 1688 5410 vexatos
1733 5353 1908 5427 (quod

329 5447 433 5498 hoc
462 5446 576 5511 ipso
600 5460 739 5498 anno
772 5445 967 5517 factum
999 5454 1082 5500 est
1109 5456 1231 5516 post
1259 5445 1461 5500 obitum
1500 5447 1808 5522 Athanasii,
1839 5446 1908 5503 de

323 5550 434 5606 quo
467 5538 622 5612 paulo
649 5547 766 5604 post
793 5537 981 5593 dicturi
1007 5542 1214 5608 sumtis)
1258 5537 1638 5594 allirniandum
1694 5540 1906 5596 videtur

327 5627 431 5685 lioc
459 5633 646 5684 eodem
681 5647 891 5702 quoque
913 5648 1053 5687 anno
1081 5647 1110 5687 a
1134 5643 1318 5688 sancto
1344 5634 1670 5706 Hieronymo
1690 5634 1754 5689 ad
1781 5633 1905 5688 Bul-

324 5723 492 5780 linum
523 5739 614 5780 eas
651 5725 854 5784 litteras
883 5727 1034 5796 datas
1061 5742 1209 5800 esse,
1241 5727 1326 5797 ubi
1375 5731 1512 5783 inter
1554 5728 1654 5782 alia
1687 5744 1702 5782 :
1737 5747 1757 5780 ι
1794 5729 1903 5784 Au-

323 5815 414 5873 dio
444 5824 520 5885 te,
553 5817 721 5887 inquit
743 5859 756 5884 ,
789 5819 1001 5890 Egypti
1033 5829 1240 5894 secreta
1271 5829 1580 5895 penetrare,
1615 5821 1905 5878 monacho-

2014 4726 2208 4767 novam
2241 4708 2366 4764 belli
2411 4710 2640 4777 speciem
2674 4705 2872 4770 vident,
2903 4704 3084 4759 hostes
3111 4717 3237 4760 suos
3277 4703 3454 4774 gladio
3500 4703 3591 4759 ob-

2011 4801 2214 4872 jectare
2240 4800 2499 4863 cervices,
2539 4809 2594 4855 et
2622 4796 2752 4852 nihil
2798 4795 2936 4851 aliud
2966 4796 3168 4861 dicere,
3201 4798 3302 4852 nisi
3340 4815 3354 4850 :
3384 4798 3591 4864 Amice,

2014 4894 2080 4950 ad
2108 4894 2235 4966 quid
2269 4892 2494 4949 venisti?
2522 4891 2624 4947 Per
2653 4890 2705 4944 id
2755 4899 2966 4959 tempus
2994 4901 3170 4958 patres
3202 4889 3589 4944 monachorum

2017 4987 2100 5060 (η)
2121 5028 2139 5053 ,
2173 4990 2295 5040 vita:
2315 4994 2368 5040 et
2399 4983 2730 5056 antiquitatis
2762 4987 2954 5038 merito
2974 5023 2990 5046 ,
3019 4981 3303 5047 Macarius,
3336 4980 3592 5048 Isidorus,

2020 5069 2264 5152 aliusque
2307 5080 2586 5144 Macarius,
2620 5087 2779 5152 atque
2811 5078 3116 5136 Heraclides
3151 5085 3204 5132 et
3233 5076 3462 5131 Pambos
3487 5075 3593 5130 Αηη
3646 5117 3655 5132 ,

2020 5175 2146 5228 tonii
2176 5173 2418 5243 discipuli
2453 5189 2546 5245 per
2581 5169 2872 5246 Egyptum
2893 5217 2910 5243 ,
2963 5181 3016 5227 et
3045 5171 3275 5225 maxime
3322 5168 3376 5224 in
3408 5167 3592 5224 Nitrim

2017 5269 2214 5324 deserti
2260 5269 2497 5339 partibus
2537 5267 2872 5340 habebantur
2926 5264 3061 5329 viri,
3109 5262 3199 5330 qui
3248 5261 3579 5317 consortium

2014 5363 2137 5416 vitae
2166 5374 2220 5417 et
2237 5373 2450 5417 actuum
2474 5375 2580 5414 non
2603 5375 2726 5416 cum
2758 5360 2969 5413 caeteris
2990 5355 3326 5421 mortalibus,
3351 5355 3442 5409 sed
3468 5367 3590 5410 cum

2015 5456 2260 5525 supernis
2289 5453 2493 5524 angelis
2525 5453 2720 5506 habere
2762 5449 3140 5505 credebantur.
3187 5446 3318 5515 Quae
3353 5461 3589 5518 praesens

2017 5547 2147 5620 vidi,
2183 5549 2400 5618 loquor;
2425 5554 2479 5599 et
2507 5558 2691 5599 eorum
2721 5550 2872 5611 gesta
2904 5537 3101 5606 refero,
3131 5552 3355 5608 quorum
3389 5539 3442 5592 in
3471 5552 3590 5606 pasa

2014 5636 2252 5692 sionibus
2295 5635 2475 5690 socius
2518 5646 2639 5687 esse
2687 5630 2976 5704 promerui.
3012 5648 3031 5682 ι
3069 5629 3133 5684 Et
3161 5629 3214 5686 iii
3263 5629 3485 5708 epistola
3517 5625 3585 5685 ad

2017 5725 2354 5784 Anastasiuin
2387 5709 3022 5793 Bomanuip'pontilleeni
3057 5727 3171 5778 haec
3208 5723 3334 5779 item
3367 5737 3426 5776 se
3459 5735 3584 5790 pas—

2007 5832 2124 5873 sum
2171 5830 2290 5873 esse
2335 5814 2622 5894 gloriatur,
2644 5828 2765 5872 cum
2788 5815 2861 5871 ait
2892 5831 2904 5869 :
2943 5831 2964 5868 ι
2993 5813 3247 5882 Quamvis
3270 5812 3431 5885 igitur
3454 5810 3593 5866 Μαι
