4162 6352
614 395 712 462 7ll

1754 394 1844 454 nr.
1885 397 2059 455 vms
2094 366 2374 455 paruum
2410 390 2615 454 LIBER
2652 395 2717 455 u.

3767 400 3876 462 713

612 526 799 577 nostra
825 514 1214 590 persecutionis
1267 508 1644 570 haereticorum
1678 518 1955 585 tempore,
1986 529 2107 571 cum
2136 515 2191 571 in
2218 517 2271 578 Α
2296 514 2353 570 in
2387 514 2648 572 latebram
2669 561 2683 587 ,
2711 515 2802 587 qui
2834 486 3055 587 propter
3092 515 3353 589 insignem
3393 514 3569 588 fidenti
3595 528 3651 576 et
3686 522 3876 594 majora

610 621 795 666 saneta
826 607 1181 664 Alexandrina
1223 606 1462 662 Ecclesia
1492 606 1839 676 degercmus,
1873 606 1925 662 in
1955 606 2189 663 carceri-

610 702 712 758 bus
743 711 797 756 et
830 701 882 753 in
903 700 1128 769 exsiliis,
1152 714 1270 772 qua:
1293 713 1390 769 pro
1425 698 1528 755 fide
1550 699 1937 767 inferebantur,
1964 699 2185 769 probata

615 794 705 860 sit,
737 802 915 848 tamen
942 801 998 849 et
1030 808 1172 848 nunc
1192 793 1237 847 si
1268 794 1388 863 quis
1430 800 1513 849 est
1537 793 1628 864 qui
1656 793 1738 850 vel
1770 802 1980 850 tentare
2026 792 2186 848 fidem

605 895 848 940 nostram
879 886 1080 954 cupiat,
1109 884 1266 955 sciat,
1294 895 1399 941 etc.

682 982 747 1032 At
770 978 883 1033 hmc
903 977 969 1034 de
990 994 1049 1034 se
1069 992 1274 1033 summa
1294 976 1547 1047 jactantia
1563 978 1629 1034 ab
1657 979 1775 1049 ipso
1821 979 2037 1035 Ruflino
2066 993 2188 1037 esse

601 1079 933 1133 commenta,
980 1072 1243 1125 exclamat
1270 1078 1491 1125 sanctus
1519 1069 1896 1142 Hieronymus,
1944 1086 2064 1126 cum
2101 1070 2187 1126 bis

607 1162 854 1218 recitatis
892 1161 1061 1232 ipsius
1106 1163 1308 1231 verbis,
1358 1163 1437 1218 sic
1464 1162 1643 1219 subdit
1672 1180 1687 1220 :
1717 1164 1879 1219 Miror
1904 1165 2047 1236 quod
2075 1180 2182 1221 non

602 1255 885 1326 adjecerit,
922 1255 1131 1309 Vinctus
1159 1254 1286 1309 Jesu
1323 1254 1544 1321 Christi;
1575 1264 1668 1312 et:
1693 1255 1964 1313 Liberatus
1990 1274 2102 1313 sum
2122 1261 2186 1315 de

600 1365 690 1404 ore
733 1350 929 1414 leonis;
968 1355 1023 1403 et
1052 1364 1068 1401 :
1094 1345 1428 1403 Alexandria:
1475 1347 1543 1401 ad
1588 1347 1771 1403 bestias
1801 1349 2059 1419 pugnavi;
2090 1357 2183 1404 et:

597 1436 817 1498 Cursum
838 1441 1207 1509 consummavi,
1238 1440 1391 1508 ﬁdem
1415 1441 1647 1506 servavi;
1674 1452 1908 1510 superest
1937 1443 2064 1496 mihi
2098 1457 2187 1495 co-

596 1548 724 1587 rona
744 1533 981 1605 justitite.
1021 1532 1152 1601 Quae
1179 1531 1342 1605 427
1388 1532 1610 1599 malum,
1658 1532 1867 1598 exsilia,
1917 1548 2050 1604 quos
2081 1542 2182 1591 Istc

598 1640 847 1681 carceres
874 1626 1148 1681 nominat?
1171 1625 1344 1681 Pudet
1388 1640 1477 1681 me
1522 1626 1845 1695 apertissimi
1878 1626 2183 1696 mendacii,

595 1718 746 1788 quasi
773 1730 1023 1772 carceres
1051 1725 1106 1771 et
1150 1716 1337 1773 exsilia
1382 1717 1585 1787 absque
1625 1717 1865 1788 judicum
1895 1718 2184 1774 sententiis

592 1810 921 1879 irrogentur.
952 1809 1085 1865 Volo
1116 1820 1293 1865 tamen
1324 1811 1471 1879 ipsos
1501 1811 1642 1865 scire
1668 1825 1937 1877 carceres,
1963 1820 2023 1868 et
2045 1825 2179 1881 qua-
2236 1862 2237 1867 η

2303 608 2676 666 haereticorum
2732 610 2855 665 odio
2908 610 3326 678 infestabantur,
3382 621 3438 668 et
3492 612 3874 673 occultautinm
3950 682 3953 685 _

2292 701 2645 770 tangebantur
2689 700 2923 769 invidia,
2961 704 3110 770 gravi
3140 711 3266 759 tunc
3292 703 3557 761 seditione
3601 704 3876 763 diabolieil

2289 789 2496 846 facibus
2548 791 2896 861 inflammata,
2930 795 3081 865 quasi
3138 805 3324 851 contra
3385 797 3554 867 legem
3607 798 3876 868 publicam

2290 891 2581 939 contumax
2601 924 2617 950 ,
2648 886 2884 952 protrahi
2916 901 2978 940 ac
3008 886 3114 954 pati
3154 886 3302 956 jussa
3331 895 3416 942 est
3443 902 3562 958 qua:
3603 888 3720 944 illos
3760 905 3877 944 ma-

2294 976 2497 1031 nebant
2519 1016 2537 1043 ,
2566 975 2670 1031 nisi
2700 977 2928 1047 prodere
2953 978 3248 1034 maluisset.
3281 977 3551 1035 Processit
3576 979 3875 1050 impavide,

2288 1068 2486 1137 cupida
2543 1069 2853 1139 passionis,
2906 1079 2965 1126 et
3016 1069 3208 1139 injuria
3261 1071 3635 1140 publicationis
3680 1073 3879 1127 exsul-

2288 1165 2440 1226 tans,
2499 1160 2744 1229 quamvis
2795 1176 2900 1216 non
2957 1170 3323 1231 exspectasset
3379 1161 3550 1230 trahi,
3609 1172 3877 1219 tracturus

2287 1251 2598 1305 antevolans
2642 1251 2709 1306 ad
2760 1251 3028 1321 judicem;
3083 1252 3173 1324 qui
3230 1252 3483 1309 confit-us
3528 1256 3878 1312 veneratione

2290 1342 2598 1409 praesentis,
2630 1356 2735 1396 non
2766 1354 3051 1399 exsecutus
3079 1353 3162 1399 est
3187 1343 3517 1402 infidelitatis
3546 1346 3708 1413 iram,
3740 1347 3879 1403 dum

2286 1429 2410 1485 fidei
2441 1431 2664 1486 miratur
2692 1431 2989 1488 audaciam.

2366 1541 2386 1575 ι
2419 1523 2621 1579 Eadem
2675 1534 2995 1595 tempestate
3049 1541 3144 1597 per
3196 1524 3429 1583 triduum
3460 1527 3693 1599 quinque
3719 1530 3879 1590 milia

2288 1616 2678 1672 monachorum
2710 1617 2987 1672 latentium
3022 1617 3245 1686 panibus
3288 1619 3399 1675 suis
3439 1623 3583 1689 pavit
3632 1620 3875 1690 (Matth.

2286 1724 2416 1775 XIV;
2452 1709 2623 1766 Marc.
2660 1727 2747 1777 vt;
2780 1711 2931 1766 Luca:
2961 1711 3093 1780 1x):
3126 1723 3180 1765 ut
3211 1727 3306 1782 per
3349 1711 3468 1783 ejus
3512 1727 3725 1769 manum
3773 1717 3879 1771 ite-

2284 1815 2402 1856 rum
2437 1802 2697 1858 Dominus
2727 1803 2881 1859 Jesus
2914 1805 3195 1873 pristinum
3228 1820 3509 1861 numerqu
3554 1807 3605 1862 in
3647 1809 3877 1865 deserto

593 1915 715 1956 rum
762 1901 1159 1971 provinciarum
1206 1916 1267 1957 se
1293 1902 1440 1956 dicat
1486 1902 1672 1959 exsilia
1718 1904 2057 1959 sustinuisse.
2110 1903 2182 1958 Et
2212 1894 2261 1954 B
2288 1904 2564 1965 pascerel,
2596 1904 2747 1951 ιθηῑο
2774 1896 2987 1967 quidem
3018 1912 3160 1952 nunc
3188 1898 3497 1967 impensiori
3542 1900 3830 1955 clementia
3855 1942 3875 1969 ,

592 1994 779 2063 utique
809 1993 969 2049 habet
997 1994 1204 2064 copiam
1234 1994 1302 2049 de
1334 1995 1513 2049 multis
1535 1994 1841 2050 carceribus
1861 2005 1917 2050 et
1947 1996 2173 2051 infinitis

592 2084 799 2140 exsiliis
828 2100 991 2139 unum
1023 2085 1235 2155 aliquod
1271 2085 1599 2142 nominandi.
1630 2086 1827 2142 Prodat
1856 2088 2015 2142 nobis
2042 2104 2177 2143 con-

592 2178 845 2234 fessionis
882 2194 993 2234 sua:
1024 2180 1190 2243 Acta,
1243 2194 1364 2249 quae
1401 2179 1677 2249 hucusque
1722 2181 2067 2249 nescivimus,
2118 2191 2176 2238 ut

595 2271 738 2325 inter
768 2270 901 2325 alios
933 2269 1279 2325 Alexandria:
1309 2281 1572 2339 martyres
1603 2270 1760 2339 hujus
1791 2287 2002 2341 quoque
2026 2281 2175 2342 gesta

591 2363 899 2428 recitemus,
947 2372 998 2417 et
1030 2371 1217 2416 contra
1249 2363 1534 2417 latratores
1576 2377 1702 2418 suos
1751 2362 2168 2432 possitdicere:

590 2452 672 2510 De
714 2464 910 2510 caetero
960 2468 1119 2509 nemo
1147 2453 1277 2509 mihi
1326 2455 1584 2510 molestus
1614 2454 1704 2520 sit,
1736 2470 1836 2527 ego
1888 2456 2032 2512 enim
2080 2456 2177 2513 Sti-

589 2559 769 2619 gmata
801 2546 1011 2603 Domini
1060 2548 1228 2603 nostri
1277 2547 1404 2603 Jesu
1457 2547 1656 2604 Christi
1691 2550 1743 2604 in
1784 2564 2009 2619 corpore
2054 2564 2175 2607 meo

587 2652 745 2712 porto
774 2637 921 2711 (Gal.
954 2640 1053 2709 vi).
1086 2640 1211 2695 Haec
1253 2640 1611 2712 Hieronymus
1656 2642 1929 2713 (Apoloy.,
1963 2643 2051 2696 lib.
2085 2643 2170 2715 ιι).

661 2733 822 2788 Certe
850 2732 1063 2804 quidem
1095 2733 1323 2789 Melania
1349 2733 1644 2788 clarissima
1670 2733 1864 2789 femina
1890 2779 1904 2803 ,
1936 2735 2173 2791 consulis

587 2823 886 2881 Marcellini
915 2825 1093 2894 neptis
1122 2824 1226 2895 (ο),
1262 2824 1481 2894 antiqua
1511 2823 1789 2880 nobilitate
1817 2833 1873 2879 et
1903 2825 1995 2879 lilii
2027 2840 2170 2892 prae-

585 2918 805 2974 lectura:
835 2917 1056 2972 urbana:
1097 2917 1179 2987 (p)
1204 2956 1220 2983 ,
1263 2917 1580 2985 magistratu
1622 2924 1734 2970 toto
1774 2916 2016 2971 Romano
2056 2917 2173 2972 orbi

587 3009 900 3075 notissima,
928 3009 1068 3080 apud
1100 3023 1255 3079 quam
1294 3011 1524 3078 primum
1554 3008 1731 3063 locum
1763 3006 2006 3063 Rufftuus
2034 3009 2175 3064 obti-

582 3102 748 3159 nebat
770 3142 785 3167 ,
812 3102 1051 3158 omnium
1082 3099 1457 3171 praefectorum
1478 3141 1494 3167 ,
1537 3114 1856 3171 quocunque
1897 3110 2165 3171 pergeret,

580 3194 1029 3265 frequentabatur
1066 3192 1382 3263 obsequiis;
1425 3202 1738 3264 tantumque
1778 3192 1947 3250 abfuit
1987 3204 2045 3249 ut
2086 3194 2169 3250 vel

580 3285 685 3356 ipsi
708 3288 792 3341 vel
812 3286 967 3342 alicui
992 3301 1060 3341 ex
1084 3286 1200 3356 ejus
1223 3285 1425 3340 familia
1449 3285 1684 3357 irrogata
1716 3286 1904 3341 exsilia
1934 3286 2171 3355 fuerint,

582 3377 725 3447 quod
756 3378 1004 3433 Bullinus
1030 3378 1232 3447 jactat,
1258 3386 1316 3432 ut
1341 3376 1504 3433 etiam
1529 3378 1617 3447 qui
1646 3378 2081 3447 persecutionem
2113 3378 2175 3432 li-

584 3468 673 3525 dei
704 3482 865 3524 causa
911 3479 1246 3540 paterentur,
1278 3469 1345 3524 ad
1377 3470 1544 3539 ipsam
1574 3478 1841 3540 tamquam
1868 3470 1933 3525 ad
1964 3470 2174 3542 asylum

583 3560 972 3630 confugerent,
1010 3562 1079 3617 ab
1118 3561 1415 3630 eademque
1455 3561 1654 3633 pariter
1697 3564 1749 3617 in
1794 3572 1912 3618 tuto
1942 3564 2173 3619 colloca-

580 3662 791 3718 rentur,
836 3662 996 3725 atque
1036 3654 1200 3710 etiam
1241 3654 1548 3725 alerentur,
1593 3663 1648 3709 ut
1687 3669 1807 3724 qua:
1844 3655 1913 3712 de
1952 3670 2012 3710 ea
2047 3671 2171 3723 pro-

579 3745 723 3800 xime
753 3744 943 3801 dicturi
970 3761 1177 3811 sumus,
1210 3760 1334 3801 cum
1364 3747 1478 3816 ipsa
1514 3747 1778 3816 processit
1805 3747 1870 3802 ad
1897 3746 2165 3817 judicem,

577 3840 739 3896 fidem
766 3849 966 3896 certam
997 3838 1216 3896 faciunt.
1266 3844 1336 3895 At
1379 3854 1476 3896 cur
1515 3839 1801 3907 Bullinus,
1847 3840 1990 3896 sicut
2037 3840 2170 3895 alio-

578 3944 700 3985 rum
723 3973 738 3997 ,
771 3946 879 3987 non
904 3933 1065 3988 etiam
1089 3948 1238 3988 suam
1265 3933 1538 3989 recensuit
1561 3930 1951 3988 confessionem
1983 3946 2170 3988 exem-

579 4023 671 4095 plo
697 4024 852 4078 Pauli
880 4026 1151 4094 apostoli?
1179 4027 1320 4096 quod
1350 4028 1650 4096 praesertim
1691 4028 1855 4083 sciret
1894 4042 2006 4083 rem
2054 4036 2170 4082 tan-

584 4125 693 4171 tam
728 4115 868 4171 haud
899 4115 968 4170 ab
989 4116 1312 4172 adversariis
1338 4117 1492 4173 facile
1520 4126 1689 4173 ratam
1722 4117 1838 4174 fore
1867 4118 2166 4174 habendam

582 4209 788 4280 absque
817 4210 995 4280 aliqua
1027 4210 1245 4266 certiori
1279 4210 1611 4279 probationis
1637 4211 1740 4267 ﬁde
1760 4252 1776 4277 ,
1806 4226 1925 4266 cum
1967 4210 2167 4282 alioqui

580 4301 815 4360 aliorum
845 4302 1216 4359 confessiones
1243 4302 1379 4358 adeo
1406 4312 1593 4359 exacte
1622 4302 1697 4373 (q)
1729 4303 2040 4359 describat?

651 4397 709 4455 Si
755 4413 860 4468 qua
907 4406 1087 4454 tamen
1138 4404 1267 4452 tunc
1314 4398 1649 4454 Alexandria:
1695 4399 1921 4469 contigit
1965 4398 2163 4455 Ruflini

576 4489 885 4557 confessio,
937 4504 998 4546 ea
1050 4495 1254 4545 tantum
1306 4488 1473 4545 fuisse
1520 4489 1859 4547 existimatur
1889 4489 1987 4560 (ν),
2041 4505 2163 4546 cum

572 4592 861 4653 provocata
893 4582 1115 4638 Melania
1142 4583 1208 4637 ad
1235 4582 1493 4653 judicium
1515 4622 1529 4647 ,
1562 4584 1705 4654 quod
1735 4583 1937 4640 faveret
1966 4583 2163 4639 Ortho-

2287 1998 2488 2057 quanto
2517 1989 2711 2043 minori
2745 1989 2959 2044 licentia
2991 1988 3308 2046 fovebautur
3334 1990 3565 2058 occulti,
3594 2006 3751 2061 quam
3790 1994 3871 2048 illi

2287 2084 2597 2154 quondam,
2644 2086 2734 2156 qni
2772 2087 2838 2141 ad
2878 2086 3164 2143 Dominum
3207 2085 3508 2143 voluntarie
3538 2089 3587 2141 in
3617 2087 3878 2143 libertate

2282 2186 2340 2233 et
2369 2192 2504 2247 pace
2532 2187 2922 2234 convenerant.
2953 2180 3056 2235 Sed
3087 2180 3201 2236 inec
3227 2194 3326 2235 nec
3356 2180 3537 2235 timida
3564 2179 3878 2251 deprehen-

2282 2268 2377 2336 di,
2411 2268 2753 2325 interdictum
2786 2286 2975 2326 secura
3010 2271 3283 2339 praebebat
3322 2271 3551 2327 officium
3574 2313 3589 2337 ,
3635 2288 3729 2329 nec
3777 2288 3877 2327 vo-

2282 2360 2400 2431 lens
2428 2362 2599 2430 gloria
2627 2363 2961 2433 operationis
2990 2363 3208 2434 agnosci
3234 2404 3251 2429 ,
3285 2374 3463 2419 tamen
3503 2366 3678 2434 operis
3728 2381 3875 2419 ina—

2286 2453 2563 2523 gnitudiue
2593 2454 2940 2524 prodebatur,
2974 2455 3195 2511 totidem
3239 2457 3378 2524 aputl
3420 2456 3661 2509 homines
3704 2457 3874 2508 testi-

2284 2546 2485 2601 moniis
2514 2548 2786 2616 gloriosa,
2821 2557 2945 2617 quot
2980 2549 3179 2616 pastis,
3214 2547 3322 2603 Deo
3349 2550 3564 2603 conscio
3592 2547 3869 2618 (Panum,

2278 2646 2427 2707 epist.
2463 2638 2595 2708 10).
2634 2660 2651 2692 ι
2689 2640 2813 2695 Haec
2868 2640 3156 2706 Paulinus,
3207 2640 3429 2695 mirifica
3482 2641 3876 2711 praedicatione

2278 2738 2384 2784 tam
2415 2732 2624 2801 egregia
2654 2731 2790 2787 faeta
2817 2733 3101 2788 celebrans
3124 2775 3139 2799 ,
3170 2747 3290 2803 quas
3317 2747 3447 2789 sane
3476 2743 3621 2804 gesta
3650 2748 3774 2788 esse
3813 2736 3873 2791 in

2277 2818 2513 2892 Egypto
2547 2822 2612 2894 (s)
2640 2865 2654 2889 ,
2691 2839 2795 2878 non
2828 2835 3006 2880 autem
3040 2826 3091 2877 in
3124 2824 3404 2878 Palaestina
3431 2868 3447 2891 ,
3481 2824 3607 2878 illud
3641 2840 3876 2892 persua-

2276 2912 2401 2979 det,
2437 2916 2577 2983 quod
2611 2914 2801 2970 nullibi
2834 2925 2938 2970 tam
2969 2918 3157 2984 ingens
3190 2932 3441 2973 numerus
3472 2918 3872 2973 monachorum

2278 3005 2436 3059 simul
2489 3007 2837 3063 collectorum
2885 3009 2987 3064 nisi
3034 3010 3086 3064 iu
3133 3007 3368 3079 Egypto
3410 3009 3571 3065 fuerit
3613 3011 3867 3078 reperiri.

2276 3096 2539 3153 Mansisse
2567 3100 2782 3170 quidem
2817 3101 2990 3171 ipsam
3022 3100 3301 3157 Melaniam
3344 3104 3395 3158 in
3440 3102 3671 3175 Egypto
3705 3120 3876 3161 men-

2278 3190 2425 3247 sibus
2453 3202 2576 3247 octo
2605 3191 2692 3263 (t)
2718 3235 2732 3258 ,
2765 3194 3032 3249 Palladius
3060 3195 3220 3250 docet
3254 3195 3274 3267 (
3298 3193 3572 3251 Palladius
3593 3237 3608 3260 ,
3638 3198 3688 3249 in
3718 3195 3877 3251 Latt-

2280 3282 2430 3347 siac.,
2464 3300 2579 3355 cap.
2612 3282 2726 3354 '55).
2762 3285 2929 3340 Porro
2960 3286 3026 3341 ab
3069 3288 3153 3341 his
3178 3288 3386 3343 diversa
3419 3302 3539 3344 esse
3567 3301 3877 3347 noscuntur

2278 3390 2397 3445 quae
2426 3375 2492 3431 de
2520 3376 2768 3447 ejusdem
2801 3377 3045 3434 Melaniae
3075 3379 3298 3447 officiis,
3348 3380 3538 3451 quibus
3580 3392 3877 3451 prosecuta

2277 3476 2364 3523 est
2392 3467 2447 3522 in
2479 3466 2768 3523 Palaestina
2797 3470 3065 3541 relegatos
3094 3472 3465 3540 confessores,
3504 3472 3641 3528 idem
3681 3472 3877 3529 Palla-

2275 3560 2399 3615 dius
2429 3561 2621 3627 tradit,
2669 3578 2789 3633 qua:
2825 3566 2982 3632 paulo
3013 3575 3135 3635 post
3162 3566 3431 3622 narraturi
3460 3566 3624 3641 428
3652 3584 3873 3625 sumus.

2279 3651 2347 3707 Ut
2389 3663 2564 3708 autem
2613 3662 2720 3709 tam
2766 3655 2967 3724 ingenti
3013 3671 3207 3725 opere,
3250 3657 3304 3711 in
3349 3660 3678 3714 occultandis
3702 3668 3877 3731 atque

2275 3745 2560 3813 pascendis
2585 3746 2866 3801 monachis
2889 3748 3126 3818 quinque
3157 3749 3395 3805 millibus
3421 3750 3473 3804 in
3503 3751 3739 3815 deserto,
3772 3767 3875 3809 ve-

2276 3834 2374 3892 luti
2424 3838 2763 3895 contumeliis
2813 3850 3133 3910 provocatus
3174 3841 3490 3911 praefectus.
3536 3842 3707 3898 libens
3744 3844 3874 3913 ejus

2279 3929 2726 3998 responsionibus
2755 3932 3010 3999 cesserit,
3051 3946 3258 3987 summa
3305 3932 3519 3989 feminas
3560 3935 3873 4005 claritudo,

2272 4035 2394 4091 quae
2423 4022 2562 4089 apud
2594 4020 2780 4077 hostes
2805 4038 3025 4093 quoque
3052 4025 3411 4080 reverentiam
3453 4026 3554 4082 sibi
3592 4027 3863 4082 concilia-

2273 4110 2397 4179 bat,
2428 4111 2481 4165 in
2510 4126 2670 4167 causa
2702 4114 2816 4168 fuit.
2848 4115 2977 4169 Erat
3004 4115 3218 4185 quidem
3251 4116 3487 4172 Melaniae
3528 4132 3721 4173 nomen
3750 4120 3771 4187 (
3801 4130 3863 4176 ut

2271 4201 2472 4257 dictum
2498 4204 2616 4277 est)
2647 4219 2752 4260 non
2780 4205 2964 4261 Romae
2995 4215 3198 4261 tantum
3218 4247 3234 4272 ,
3263 4207 3358 4263 sed
3390 4207 3585 4278 ubique
3616 4211 3866 4267 locorum

2270 4294 2498 4352 Romani
2530 4297 2739 4368 imperii
2764 4302 3057 4369 cognitum,
3084 4309 3243 4372 atque
3270 4304 3322 4357 iu
3353 4302 3555 4358 honore
3582 4304 3824 4360 habitum
3844 4347 3864 4374 ,

2269 4396 2381 4443 tum
2428 4390 2702 4445 nobilitate
2742 4393 2988 4461 generis,
3033 4402 3144 4449 tum
3187 4397 3414 4466 egregia:
3460 4396 3670 4466 pietatis
3718 4412 3866 4466 pra:-

2268 4483 2462 4537 stantia
2489 4500 2504 4548 ;
2529 4484 2597 4539 de
2624 4498 2726 4554 qua
2754 4486 2868 4541 tunc
2897 4485 3039 4542 idem
3066 4486 3155 4556 qui
3183 4501 3342 4555 supra
3374 4487 3667 4545 Paulinus:
3698 4508 3715 4541 ι
3743 4491 3866 4546 Μυ-

2273 4574 2378 4630 lier
2403 4576 2635 4633 celsiore
2664 4580 2830 4650 gradu
2859 4580 2925 4634 ad
2955 4580 3247 4636 bumilitais
3276 4583 3477 4638 cultum
3518 4584 3588 4639 ob
3617 4600 3861 4642 amorem

576 4649 731 4729 doxis
753 4717 768 4742 ,
801 4675 918 4744 ipse
942 4683 1157 4744 putetur
1178 4649 1295 4732 eam
1322 4649 1610 4731 comitatus
1636 4690 1755 4732 esse
1781 4694 1794 4743 ;
1824 4676 1918 4733 sed
1944 4677 2161 4732 dimissa
2191 4649 2243 4710 Ῑ)
2273 4665 2468 4722 Christi
2502 4649 2709 4739 deiecta
2740 4672 3060 4740 sublimiter,
3092 4684 3151 4729 ut
3178 4676 3322 4730 viros
3364 4676 3578 4734 desides
3618 4679 3669 4733 in
3702 4681 3860 4735 iulir-

571 4767 663 4823 illa
691 4768 1039 4837 quantocius,
1070 4768 1252 4838 utique
1280 4778 1335 4823 et
1362 4767 1455 4839 qui
1482 4784 1605 4825 cum
1635 4784 1696 4825 ea
1726 4779 1883 4825 erant
1905 4809 1921 4837 ,
1954 4769 2161 4827 rediere

575 4859 814 4915 domum.
849 4856 958 4913 Sed
990 4858 1058 4914 de
1085 4858 1167 4914 Itis
1198 4860 1347 4914 satis.

647 4950 930 5016 Baronius,
982 4950 1139 5021 paulo
1181 4960 1295 5020 post
1337 4966 1473 5007 anno
1521 4952 1717 5007 eodem.
1758 4982 1828 4994 —
1869 4951 1975 5009 Sed
2018 4951 2158 5022 quod

573 5044 794 5102 silentio
844 5042 1092 5099 Bullinus
1135 5043 1433 5113 prteteriit,
1473 5043 1691 5113 dignum
1733 5046 1989 5100 memoria
2034 5054 2160 5100 tunc

576 5139 814 5195 officium
860 5137 1160 5195 cxhibitum
1200 5153 1229 5191 a
1270 5137 1493 5194 Melania
1547 5138 1875 5193 nobilissima
1920 5136 2160 5192 Romana

567 5230 771 5288 femina
793 5274 808 5300 ,
842 5230 927 5287 his
955 5246 1020 5287 ex
1052 5230 1276 5287 Paulino
1297 5230 1583 5301 jungamus
1610 5248 1624 5297 ,
1656 5230 1896 5285 scribens
1922 5231 2064 5286 enim
2092 5230 2160 5284 ad

566 5320 827 5379 Severum
850 5363 867 5390 ,
915 5323 1055 5378 inter
1103 5322 1205 5377 alia
1247 5322 1403 5393 digna
1436 5324 1700 5393 praeconia
1729 5323 2045 5380 Christiana:
2078 5327 2159 5380 fe-

567 5416 729 5470 mina:
760 5414 1057 5471 consularis
1087 5415 1203 5470 lucc
1235 5415 1433 5469 habet:

647 5524 668 5559 ι
701 5507 968 5575 Tempore
1014 5508 1110 5562 illo
1143 5506 1384 5562 Valentis
1408 5546 1423 5573 ,
1471 5506 1686 5577 quando
1734 5506 2027 5563 Ecclesiam
2059 5507 2155 5564 Dei

565 5597 674 5652 vivi
707 5596 854 5652 furor
883 5600 1202 5656 Arianorum
1222 5641 1237 5667 ,
1272 5613 1397 5670 rege
1426 5599 1542 5669 ipso
1570 5598 1859 5670 impietatis
1888 5599 2150 5667 satellite,

568 5689 1016 5760 persequebatur,
1066 5690 1180 5747 hac
1221 5701 1338 5747 erat
1367 5693 1619 5764 princeps
1648 5701 1702 5748 et
1734 5692 1998 5763 particeps
2026 5708 2156 5747 cun-

564 5781 669 5837 ctis
696 5795 793 5852 pro
816 5781 920 5838 fide
948 5782 1302 5849 instantibus;
1335 5785 1449 5839 haec
1476 5782 1685 5855 fugatos
1714 5785 2035 5854 recipiebat,
2064 5792 2155 5839 aut

567 5872 936 5943 apprehensos
981 5874 1354 5933 comitabatur.
1408 5876 1515 5935 Sed
1556 5892 1678 5933 cum
1726 5890 1820 5934 eos
1862 5874 2155 5946 recepisset

2271 4776 2361 4817 mo
2392 4776 2527 4819 sexu
2555 4763 2712 4819 fortis
2741 4777 3018 4837 argueret,
3048 4780 3360 4840 arrogantes
3390 4776 3440 4825 In
3473 4785 3603 4826 sexu
3634 4783 3863 4844 utroque

2271 4869 2555 4925 personas,
2590 4867 2877 4927 pauperata
2908 4859 3081 4926 dives,
3113 4869 3168 4916 et
3196 4862 3388 4917 nobilis
3419 4862 3695 4919 humiliata
3723 4880 3855 4921 con-

2271 4947 2536 5003 funderet.
2577 4948 2742 5019 lgitur
2772 4948 3081 5006 Marcellino
3110 4953 3331 5009 consule
3356 4970 3454 5010 avo
3486 4955 3563 5027 (ιι)
3591 4997 3607 5021 ,
3638 4955 3707 5012 de
3735 4973 3859 5013 am-

2269 5040 2382 5097 bitu
2430 5044 2641 5112 generis
2684 5054 2739 5099 et
2779 5059 2938 5113 opum
2988 5046 3113 5101 luxu
3154 5047 3209 5103 in
3252 5050 3448 5106 teneris
3488 5050 3663 5106 adhuc
3704 5054 3861 5110 annis

2269 5137 2482 5206 nuptias
2513 5151 2694 5204 passa,
2722 5151 2776 5195 et
2806 5141 2953 5195 brevi
2982 5151 3174 5209 mater,
3206 5143 3301 5199 sed
3348 5143 3664 5201 infelicitate
3706 5162 3859 5202 mor-

2269 5228 2454 5284 talium
2491 5244 2598 5285 non
2632 5230 2848 5300 longum
2881 5234 3047 5302 potita
3080 5243 3162 5288 est
3186 5276 3201 5303 ,
3246 5250 3314 5291 ne
3341 5235 3431 5291 diu
3474 5246 3689 5292 terrena
3727 5238 3858 5294 dili-

2264 5332 2433 5390 geret.
2482 5321 2612 5377 Nam
2662 5332 2859 5392 praeter
2905 5325 3039 5379 alias
3084 5326 3377 5395 orbitates,
3425 5344 3560 5400 quas
3604 5331 3754 5386 irrito
3799 5333 3855 5387 in

2265 5409 2485 5467 fustibus
2536 5411 2789 5469 abortivis
2837 5414 3054 5483 labore,
3106 5416 3283 5473 adhuc
3330 5420 3526 5474 marito
3590 5424 3851 5491 participe

2264 5503 2518 5573 deﬂevit,
2563 5504 2634 5561 ita
2665 5508 2836 5561 crevit
2864 5507 3152 5578 aerumnis,
3188 5518 3247 5565 ut
3273 5509 3407 5566 ἁιιυε
3440 5511 3579 5567 filios
3608 5522 3661 5569 et
3692 5513 3855 5568 mari-

2267 5606 2377 5652 tum
2409 5598 2546 5652 intra
2578 5599 2703 5654 auni
2737 5609 2945 5668 tempus
2971 5602 3275 5669 amitteret,
3307 5604 3462 5659 unico
3503 5614 3708 5660 tantmn
3749 5603 3853 5663 sibi

2264 5689 2485 5760 parvulo
2525 5689 2590 5743 ad
2637 5691 2950 5745 memoriam
2994 5692 3202 5762 potius,
3244 5708 3400 5763 quam
3432 5695 3498 5748 ad
3530 5709 3853 5766 compensa-

2265 5782 2461 5835 tionem
2504 5781 2788 5837 affectuum
2831 5782 3090 5839 derelicto
3134 5782 3389 5853 (Paulin.
3418 5824 3434 5851 ,
3466 5788 3612 5856 epist.
3650 5788 3788 5857 10):
3824 5804 3843 5838 ι

2262 5872 2387 5929 llzcc
2416 5883 2464 5929 et
2502 5874 2601 5929 alia
2633 5873 2699 5929 de
2729 5874 2843 5944 ipsa
2873 5874 3153 5944 Paulinus,
3182 5886 3287 5932 etc.
