4162 6352
307 433 410 494 Ἠό

1751 437 2142 497 PRIELUDIA.

3482 448 3587 506 7η

379 551 550 608 Porro
588 550 830 609 Melania
872 553 984 610 filio
1012 554 1113 612 hoc
1143 565 1384 627 tempore
1411 565 1698 627 praturam
1728 555 1893 610 urha-
1921 554 1974 614 Α
2002 556 2146 612 illius
2171 558 2367 630 conjux
2400 559 2474 616 fui
2497 602 2512 627 ,
2543 559 2735 618 ancilla
2765 575 2895 618 vero
2923 574 3064 617 nunc
3093 560 3290 618 Christi
3318 575 3436 619 sum
3465 580 3481 631 ;
3513 581 3582 620 ne

304 660 429 704 nam
460 648 701 720 fungonti
729 648 805 720 (υ)
829 649 1070 720 junctam
1104 651 1269 708 fuisse
1296 660 1505 709 constat
1534 650 1588 706 in
1619 650 1897 704 matrimo-

305 744 458 797 nium
487 741 736 798 Albinam
757 787 770 810 ,
806 744 1033 800 Melania
1065 760 1195 802 vero
1230 746 1413 817 junior
1441 745 1558 816 ejus
1597 744 1771 813 neptis
1811 741 1895 797 Pi-

226 824 232 830 ’
305 835 468 889 niano
523 835 574 889 in
625 836 1020 892 matrimonium
1067 839 1258 894 tradita
1302 839 1400 894 fuit
1443 837 1744 909 (Paliad.,
1775 852 1891 908 cap.

304 928 376 984 35
398 930 453 998 );
490 928 586 983 sed
615 927 682 984 de
710 929 798 984 his
826 929 1067 986 inferius.

382 1021 588 1075 Laudat
647 1033 868 1078 sanctus
926 1021 1286 1094 Hieronymus
1352 1023 1564 1078 femina
1628 1037 1892 1078 summam

303 1116 662 1169 constantiam
697 1113 811 1187 (ω),
845 1115 984 1186 quod
1025 1117 1185 1174 simul
1222 1117 1380 1172 siccis
1413 1117 1582 1172 oculis
1615 1117 1894 1186 sepelisset

303 1205 481 1261 virum
536 1222 688 1263 suum
737 1224 798 1264 ac
848 1209 982 1265 duos
1031 1209 1169 1265 filios
1217 1207 1478 1280 (Hieron.
1509 1252 1523 1275 ,
1555 1210 1704 1280 epist.
1732 1207 1890 1278 9.5);

303 1315 410 1356 uno
439 1315 568 1356 vero
596 1303 886 1372 superstite
924 1303 1218 1369 derelicto,
1251 1303 1590 1372 peregrinata
1629 1299 1794 1356 fuerit
1837 1302 1891 1355 in
1925 1357 1928 1362 _

303 1391 598 1465 Egyptum
658 1392 865 1461 primo,
920 1395 1044 1450 inde
1095 1395 1542 1466 Jerosolymam;
1597 1392 1776 1463 ibique
1824 1393 1891 1448 ad

302 1485 537 1556 quinque
582 1485 746 1540 lustra
789 1500 909 1542 esse
949 1494 1371 1555 eommoratam,
1422 1487 1674 1542 Paulinus
1732 1485 1893 1541 tradit

303 1573 550 1645 (Paulin.
574 1617 588 1640 ,
617 1577 686 1628 ad
714 1575 889 1630 Sever.
908 1618 922 1643 ,
954 1579 1172 1647 epistola
1204 1577 1302 1647 10)
1332 1595 1346 1643 ;
1379 1577 1608 1647 amplius
1636 1591 1766 1632 vero
1795 1591 1892 1632 an-

303 1680 402 1720 nos
431 1666 599 1732 duos,
635 1684 826 1738 nempe
854 1671 1040 1739 viginti
1070 1680 1276 1741 septem
1307 1672 1413 1741 (y),
1444 1670 1714 1726 Palladius
1743 1670 1891 1728 affir-

303 1768 415 1814 mat
443 1758 764 1832 (Palladius,
796 1764 850 1817 in
877 1763 1144 1829 Lausiac.,
1175 1781 1288 1831 cap.
1325 1764 1437 1835 5.3).
1541 1746 1549 1754 ’

376 1851 544 1907 Porro
584 1851 826 1909 Melania
867 1855 920 1908 in
961 1853 1194 1925 Egypto
1235 1856 1590 1913 commoratio
1634 1871 1884 1927 magnum

2001 663 2130 719 ergo
2158 665 2244 706 me
2270 653 2340 707 ob
2369 653 2629 709 vilitatem
2657 657 2939 724 prasentis
2983 654 3196 710 habitus
3233 664 3585 712 contemnen-

1998 741 2121 797 dam
2151 746 2426 813 putaveris
2447 787 2464 813 ,
2495 748 2619 818 quia
2652 748 2807 803 facile
2846 747 3136 814 extollere,
3178 747 3223 804 si
3251 749 3412 803 velim
3434 792 3449 818 ,
3495 765 3586 805 me

1999 848 2218 902 possum
2244 852 2260 902 ;
2294 851 2394 892 nec
2421 846 2630 895 terrere
2660 839 2823 909 igitur
2849 854 2933 894 me
2961 839 3016 894 in
3045 840 3222 910 aliquo
3265 839 3410 896 vales
3433 882 3448 905 ,
3491 856 3587 897 ne-

1997 939 2102 994 que
2147 926 2436 996 quidquam
2477 928 2610 984 mihi
2657 929 2725 985 de
2769 931 2902 985 meis
2942 930 3102 985 rebus
3146 931 3376 988 auferre.
3410 934 3586 1001 Atque

1997 1016 2120 1073 ideo
2147 1035 2215 1074 ne
2246 1019 2497 1078 fortassis
2523 1023 2774 1094 ignorans
2805 1023 3095 1093 periculum
3120 1024 3333 1093 aliquod
3361 1034 3452 1079 aut
3481 1025 3588 1079 cri-

2001 1125 2125 1165 men
2155 1111 2402 1170 incurras
2423 1156 2439 1182 ,
2469 1115 2669 1170 idcirco
2702 1116 2804 1171 ista
2831 1117 2926 1171 tibi
2958 1118 3206 1173 mandavi
3233 1135 3249 1184 ;
3283 1120 3432 1189 quasi
3463 1135 3585 1189 qua

1996 1199 2202 1257 diceret
2227 1221 2242 1260 :
2272 1202 2542 1260 Interdum
2572 1206 2715 1262 enim
2746 1223 2970 1263 necesse
2995 1218 3075 1263 est
3101 1210 3356 1265 adversus
3384 1212 3586 1281 impru-

1995 1291 2184 1348 dentes
2217 1294 2330 1350 hae
2361 1297 2473 1367 agi,
2506 1306 2561 1353 et
2589 1299 2754 1353 veluti
2797 1299 3050 1370 accipitre
3091 1301 3176 1356 vel
3218 1316 3351 1356 cane
3392 1311 3583 1358 contra

1995 1399 2088 1439 eos
2116 1390 2418 1456 arrogantia
2463 1390 2539 1444 uti
2567 1429 2582 1454 ,
2611 1404 2731 1460 qua
2762 1405 3000 1462 congruo
3042 1401 3280 1464 tempore
3325 1395 3585 1464 superbos

1996 1479 2451 1547 comprehensum
2491 1481 2752 1538 imitatur.
2804 1482 3023 1539 Talibus
3064 1501 3193 1556 ergo
3239 1484 3415 1541 verbis
3460 1500 3586 1541 mox

1995 1570 2110 1639 ipse
2141 1575 2362 1630 territus
2388 1576 2551 1646 judex
2574 1620 2589 1645 ,
2622 1577 2897 1634 excusavit
2936 1578 3107 1636 eidem
3150 1578 3348 1634 factum
3388 1594 3585 1646 suum;

1994 1675 2050 1722 et
2079 1668 2150 1722 ita
2183 1683 2330 1733 eam,
2365 1679 2422 1724 ut
2451 1681 2752 1736 meruerat,
2784 1673 3105 1739 honoravit;
3133 1682 3186 1728 et
3209 1674 3400 1744 jussit,
3433 1681 3494 1728 ut
3516 1673 3585 1727 ad

2000 1759 2121 1814 illos
2153 1760 2331 1828 viros,
2365 1764 2576 1833 quoties
2605 1765 2800 1829 vellet,
2832 1765 3133 1820 accederet.
3169 1785 3188 1817 ›
3219 1766 3485 1822 Hactenus
3515 1765 3584 1820 de

1995 1850 2140 1905 illius
2171 1851 2478 1907 ministerio
2509 1853 2750 1908 exhibito
2779 1854 3200 1911 confessoribus.

309 1943 466 2012 plane
513 1959 632 1998 cum
678 1945 779 2014 ipsi
831 1953 942 1999 tum
986 1945 1204 2003 Ruffitto
1248 1950 1427 2004 attulit
1464 1949 1885 2005 detrimentum;
1919 1953 1968 2014 Β
2085 1943 2347 2014 Profectio
2374 1943 2814 2016 Jerosolymitana
2840 1955 2887 2000 et
2917 1947 3104 2001 ibidem
3133 1951 3492 2004 commoratio.

305 2032 566 2106 siquidem
596 2049 718 2092 cum
761 2021 989 2110 Didymo
1028 2039 1394 2096 Alexandrino
1435 2041 1612 2110 magni
1655 2041 1888 2096 nominis

301 2128 419 2182 viro
439 2169 453 2192 ,
485 2138 539 2183 et
568 2130 636 2184 ob
665 2130 912 2185 eximiam
942 2131 1280 2201 conjunctatn
1325 2148 1445 2187 cum
1471 2134 1748 2188 oculorum
1779 2148 1886 2187 ca-

301 2219 464 2273 citate
506 2219 748 2288 peritiam
800 2223 958 2290 plane
1008 2223 1210 2277 cunctis
1254 2223 1591 2289 admirabili,
1645 2226 1887 2280 intimam

305 2310 744 2366 consuetudinem
775 2310 1055 2380 habentes,
1085 2314 1401 2384 propinante
1427 2315 1520 2370 illo
1549 2316 1678 2386 ipsis
1705 2317 1886 2372 sitien-

308 2400 452 2456 tibus
476 2441 492 2468 ,
525 2417 682 2473 quem
714 2404 940 2460 mirifice
971 2406 1329 2476 pradicabat,
1373 2406 1655 2478 Origenem
1696 2425 1848 2465 suum
1869 2454 1883 2475 ,

301 2494 594 2551 hauserunt
638 2498 725 2552 isti
766 2514 866 2553 una
913 2513 1036 2553 cum
1075 2498 1220 2554 dulci
1266 2508 1389 2568 potu
1432 2514 1730 2567 venenum,
1779 2511 1884 2556 etc.

297 2589 403 2658 Qui
447 2590 525 2645 sic
554 2605 738 2646 eorum
778 2592 969 2647 animis
1010 2591 1336 2647 Periarchon
1377 2592 1622 2663 Origenis
1664 2593 1882 2660 infudit,

311 2691 368 2735 ut
401 2695 466 2736 eo
497 2691 744 2750 tanquam
777 2698 971 2753 magno
1000 2684 1249 2738 thesauro
1278 2683 1426 2738 ditati
1448 2723 1465 2748 ,
1506 2692 1767 2754 cuperent
1804 2693 1887 2741 to-

293 2781 411 2828 tum
454 2773 769 2829 catholicum
808 2776 994 2830 orbem
1037 2776 1386 2845 locupletari;
1419 2776 1511 2832 sed
1543 2778 1703 2847 plane
1732 2779 1881 2847 aspi-

295 2864 379 2918 dis
409 2879 508 2919 ova
536 2864 784 2922 foverunt
809 2883 823 2932 ;
854 2868 1044 2936 quibus
1075 2869 1266 2939 ruptis,
1300 2867 1551 2938 prodiere
1580 2880 1879 2939 serpentes,

297 2973 522 3028 quorum
551 2955 736 3013 lethali
762 2973 971 3015 veneno
994 2975 1152 3031 quam
1184 2961 1398 3030 plurimi
1429 2963 1623 3018 misere
1650 2965 1880 3032 periere.

296 3051 368 3105 At
409 3043 477 3105 de
507 3049 590 3106 his
620 3052 842 3108 inferius
872 3051 984 3108 suis
1014 3053 1148 3109 locis
1177 3053 1419 3123 pluribus
1447 3056 1710 3124 agendum
1739 3058 1880 3113 erit:

297 3144 414 3198 hac
459 3146 619 3200 modo
656 3147 788 3200 satis
830 3147 883 3202 in
916 3147 999 3201 his
1038 3162 1161 3218 qua
1187 3158 1431 3216 spectant
1469 3149 1536 3206 ad
1563 3150 1804 3208 Melania
1830 3161 1885 3208 et

297 3234 500 3292 Ruftini
544 3240 984 3295 consuetudinem
1016 3256 1137 3295 cum
1172 3240 1401 3312 Didymo
1430 3243 1486 3298 in
1515 3240 1751 3314 Egypto
1779 3243 1882 3300 hoc

297 3338 542 3401 tempore
563 3373 579 3399 ,
610 3347 716 3402 quo
746 3332 870 3387 illuc
902 3343 1026 3387 sunt
1055 3333 1404 3403 peregrinati.

714 3423 972 3496 Profectio
1001 3428 1058 3480 in
1093 3426 1456 3481 Palaestinam.

366 3517 514 3570 Anno
554 3516 743 3572 Christi
780 3518 909 3573 372.
936 3547 1008 3558 —
1037 3517 1265 3575 Melania
1315 3518 1417 3573 hoc
1464 3516 1654 3573 eodem
1704 3532 1876 3586 anno,

291 3620 400 3682 Quo
445 3625 508 3667 ex
558 3612 700 3667 Petri
746 3612 1095 3668 Alexandrini
1141 3612 1334 3668 litteris
1380 3612 1612 3667 vidimus
1659 3612 1879 3685 tEgypti

291 3704 575 3774 episcopos
603 3713 657 3759 et
687 3705 975 3760 monachos
1016 3704 1282 3774 relegatos
1321 3719 1442 3759 esse
1484 3704 1877 3760 Diocasaream

291 3798 548 3868 Oppidum
578 3797 630 3852 in
662 3796 947 3852 Palastina
977 3797 1170 3863 situm,
1205 3797 1308 3852 illis
1335 3797 1694 3851 ministratura
1716 3841 1730 3866 ,
1766 3813 1873 3851 ma-

291 3904 398 3960 gno
448 3889 572 3944 fidei
622 3889 816 3945 ardore
856 3903 1114 3945 succensa
1145 3929 1160 3953 ,
1207 3887 1596 3958 Jerosolyuiam
1643 3886 1877 3956 profecta

290 3988 395 4036 est.
447 3981 583 4047 Quid
611 3996 738 4035 vero
771 3981 885 4050 ipsa
915 3979 988 4034 ibi
1019 3980 1222 4050 egerit,
1277 3978 1548 4033 Palladius
1596 3979 1752 4033 ducet
1794 3977 1878 4033 his

289 4072 469 4128 verbis
491 4072 748 4144 (Pallad.,
776 4072 1045 4140 Lausiac.,
1071 4089 1186 4143 cap.
1206 4070 1331 4143 ‘53):
1358 4069 1646 4125 «Posthac
1673 4079 1873 4139 autem,

292 4178 421 4220 cum
474 4164 817 4220 Alexandria
869 4163 1158 4235 prafectus
1211 4161 1508 4232 Augustalis
1569 4161 1874 4230 lsidorum,

287 4253 598 4326 Pithymum
649 4254 1040 4328 [Euthymium]
1084 4255 1187 4327 (κ),
1235 4253 1589 4323 Adelphium,
1621 4252 1874 4324 Paphnu-

287 4349 458 4413 tium,
491 4347 852 4416 Pamhonem,
884 4351 1024 4404 inter
1051 4363 1187 4416 quos
1226 4346 1386 4402 etiam
1434 4363 1618 4403 senem
1656 4348 1878 4404 Ammo-

297 4441 445 4496 nium
479 4455 637 4495 unam
666 4441 952 4496 habentem
982 4440 1271 4495 auriculam
1291 4479 1308 4506 ,
1336 4448 1390 4495 et
1417 4439 1698 4495 duodecim
1728 4441 1871 4511 epis-

289 4547 483 4604 copos,
517 4534 1002 4605 presbyterosque,
1030 4540 1084 4588 et
1111 4531 1246 4586 alios
1284 4530 1544 4600 quosdam
1586 4545 1754 4601 usque
1801 4530 1868 4584 ad

281 4637 503 4689 centum
547 4628 828 4684 duodecim
858 4643 1081 4683 numero
1107 4626 1249 4681 circa
1277 4622 1560 4678 PaleStina
1589 4623 1869 4678 Diocasa-

2065 2036 2213 2091 Anno
2241 2035 2433 2090 Christi
2464 2036 2589 2093 572.
2619 2067 2690 2078 -—
2725 2038 2801 2093 De
2827 2041 3248 2095 commoratione
3274 2040 3390 2109 ejus
3429 2039 3579 2096 Jero-

1992 2129 2217 2201 solymis
2244 2129 2329 2184 sic
2355 2143 2479 2185 mox
2511 2131 2692 2184 subdit
2718 2148 2730 2183 :
2763 2149 2780 2182 ε
2812 2130 2938 2186 liae
2977 2142 3153 2188 autem
3177 2176 3191 2199 ,
3226 2135 3489 2189 revocatis
3513 2135 3579 2190 ab

1990 2221 2184 2277 exsilio
2213 2222 2531 2276 memoratis
2558 2219 2688 2275 viris
2709 2263 2724 2286 ,
2754 2224 3136 2278 monasterium
3180 2225 3318 2294 apud
3363 2224 3576 2281 Jeroso-

1992 2313 2192 2384 lymam
2236 2312 2342 2368 sibi
2372 2315 2495 2369 fecit
2515 2353 2530 2380 ,
2567 2313 2618 2367 in
2648 2328 2752 2383 quo
2779 2314 2966 2384 viginti
2997 2326 3050 2370 et
3075 2325 3280 2385 septem
3312 2331 3576 2373 annorum

2001 2416 2214 2477 tempus
2261 2405 2537 2476 implevit,
2567 2406 2949 2476 quinquaginta
2990 2421 3170 2462 secum
3217 2422 3432 2464 sorores
3471 2411 3578 2464 vir-

1988 2499 2140 2568 gines
2171 2499 2397 2553 habens.
2433 2497 2563 2552 Erat
2607 2498 2767 2552 etiam
2809 2513 2930 2552 cum
2974 2514 3037 2554 ea
3075 2499 3320 2555 Ruffinus
3360 2501 3576 2571 quidam

1992 2589 2208 2645 nomine
2229 2631 2245 2656 ,
2272 2589 2433 2644 Italus
2452 2629 2467 2654 ,
2499 2588 2633 2643 civis
2660 2604 2726 2643 ex
2754 2589 3081 2659 Aquileiensi
3110 2591 3340 2661 oppido,
3370 2595 3450 2648 vir
3479 2607 3576 2649 no-

1987 2682 2172 2739 bilium
2199 2692 2253 2739 et
2279 2685 2329 2737 in
2353 2685 2632 2753 proposito
2659 2684 2918 2755 singulari
2946 2687 3073 2739 satis
3098 2685 3311 2742 fortium
3337 2702 3572 2756 morum,

1986 2775 2077 2846 qui
2104 2776 2170 2831 ad
2202 2776 2628 2848 presbyteratum
2669 2785 2856 2848 postea
2885 2779 3081 2834 meruit
3106 2781 3423 2849 pervenire;
3458 2796 3569 2851 quo

1988 2869 2165 2925 nullus
2215 2873 2572 2937 mansuetior,
2625 2870 2832 2936 fortior,
2880 2880 2934 2925 et
2984 2871 3261 2941 placidior,
3309 2883 3570 2944 tanquam

1985 2965 2164 3017 omnia
2208 2963 2419 3032 sciens,
2462 2964 2516 3019 in
2559 2979 2690 3020 sexu
2732 2966 2872 3020 virili
2905 2966 3079 3036 potuit
3105 2968 3359 3024 inveniri.
3395 2989 3415 3022 ι
3447 2970 3571 3026 Hac

1985 3056 2203 3126 quidem
2229 3058 2296 3114 de
2325 3058 2539 3113 Ruffino
2567 3058 2868 3125 Palladius,
2902 3059 2971 3114 de
3009 3059 3255 3131 Origenis
3303 3073 3570 3118 sectatore

1985 3148 2280 3219 Origenista
2300 3191 2316 3215 ,
2351 3149 2680 3221 Hieronymo
2706 3165 2825 3205 eam
2851 3149 2923 3206 ob
2945 3165 3160 3206 causam
3192 3152 3528 3221 perinfensus
3552 3160 3569 3209 ε

1984 3251 2045 3297 ut
2072 3259 2178 3299 non
2207 3243 2416 3299 mireris
2438 3287 2453 3310 ,
2486 3244 2530 3299 si
2562 3245 2651 3314 qui
2682 3243 2957 3299 Ruffinum
3007 3246 3284 3299 immensis
3326 3246 3570 3300 laudibus

1910 3329 1957 3394 C
1987 3348 2171 3403 ornat,
2216 3337 2600 3409 Hieronymum
2624 3338 2817 3394 eodem
2853 3338 2908 3392 in
2947 3339 3336 3394 commentario
3375 3349 3567 3396 contu-

1984 3432 2163 3488 meliis
2204 3431 2424 3488 laceret.
2457 3432 2562 3488 Sed
2603 3432 2672 3487 de
2720 3430 2956 3486 Palladio
2997 3443 3094 3485 suo
3135 3433 3254 3486 loco
3293 3433 3445 3502 plura
3488 3433 3568 3488 in-

1983 3525 2184 3590 ferius,
2216 3524 2308 3595 qui
2337 3523 2405 3580 de
2432 3524 2675 3580 instituto
2703 3523 2946 3579 Melania
2995 3531 3158 3594 atque
3208 3525 3408 3581 Ruffini
3458 3533 3568 3582 toto

1987 3617 2077 3671 illo
2109 3616 2367 3686 temporis
2398 3615 2573 3686 spatio
2594 3656 2608 3680 ,
2638 3629 2745 3686 quo
2774 3617 3025 3671 vixerunt
3050 3613 3399 3686 Jerosolymis
3421 3660 3434 3683 ,
3468 3618 3568 3675 ista

1982 3709 2164 3765 subdit
2192 3725 2206 3762 :

2059 3821 2078 3854 ‹
2106 3801 2195 3856 lsti
2224 3801 2384 3871 igitur
2409 3802 2462 3855 in
2492 3799 2676 3869 viginti
2703 3807 2758 3854 et
2784 3809 2988 3872 septem
3019 3801 3176 3855 annis
3203 3815 3390 3856 omnes
3421 3804 3566 3872 apud

1980 3893 2367 3964 Jerosolymam
2395 3900 2640 3956 sanctos,
2671 3900 2832 3961 atque
2863 3891 3172 3963 peregrinos
3200 3893 3487 3963 episcopos
3511 3901 3566 3949 et

1980 3985 2304 4052 monachos,
2340 3985 2684 4055 virginesque
2723 3984 2876 4055 (hoe
2915 3985 3057 4040 enim
3107 3994 3363 4041 voverant
3409 3986 3566 4058 Deo)

1979 4080 2256 4152 suscipere
2303 4079 2534 4150 propriis
2576 4078 2880 4148 sumptibus
2930 4092 2995 4134 ac
3042 4078 3224 4136 fovere
3268 4095 3565 4138 consueve-

1979 4182 2134 4240 runt,
2166 4185 2464 4242 omnesque
2492 4171 2559 4226 ad
2591 4185 2651 4226 se
2677 4172 2961 4227 venientes
3005 4171 3259 4227 meliores
3301 4181 3566 4230 tantarum

1979 4281 2043 4323 ac
2070 4267 2253 4322 talium
2283 4280 2463 4322 rerum
2492 4264 2946 4334 contemplatione
2968 4262 3230 4320 fecerunt.
3264 4264 3387 4321 Illos
3418 4267 3564 4322 enim

1980 4341 2400 4427 quadringentos
2429 4370 2654 4410 numero
2683 4355 3010 4421 monachos,
3040 4356 3131 4424 qui
3163 4365 3379 4424 propter
3421 4355 3566 4413 Pau-

1980 4448 2144 4503 linum
2176 4450 2194 4518 (
2226 4446 2620 4502 Antiochenum
2650 4445 2962 4513 episcopum
2994 4444 3201 4498 scilicet
3231 4445 3248 4511 )
3277 4459 3336 4499 se
3361 4445 3430 4499 ab
3458 4447 3560 4500 Ec-

1977 4540 2138 4595 clesia
2169 4539 2487 4608 separabant
2507 4577 2524 4604 ,
2556 4543 2756 4591 sancta
2783 4549 2970 4589 rursus
3017 4533 3272 4588 Ecclesia
3309 4535 3562 4593 reddide-

1979 4641 2124 4687 runt.
2156 4629 2360 4686 Omnes
2391 4629 2552 4683 etiam
2586 4633 2789 4697 prater
2818 4623 2919 4679 hos
2949 4638 3219 4694 perversa
3258 4636 3418 4682 secta
3460 4628 3561 4684 ho-

281 4743 431 4785 ream
463 4726 771 4782 damnasset
793 4725 1019 4782 exsilio:
1049 4724 1179 4778 istos
1206 4723 1319 4777 hac
1351 4721 1658 4777 beatissima
1683 4737 1870 4777 omnes
1897 4709 1952 4772 Ι)
1979 4726 2154 4780 mines
2203 4733 2258 4779 et
2307 4730 2491 4777 contra
2554 4719 2813 4790 Spiritum
2867 4728 3111 4774 sanctum
3158 4720 3421 4790 sacrilego
3465 4738 3561 4780 ore

279 4831 468 4878 secuta
500 4831 610 4889 est,
651 4831 708 4877 et
746 4820 976 4892 propriis
1017 4817 1357 4873 facultatibus
1395 4816 1474 4872 eis
1515 4817 1865 4872 ministerium

279 4928 439 4970 suum
471 4912 716 4984 prahuit.
749 4914 989 4982 Cumque
1017 4910 1086 4965 ab
1113 4909 1215 4965 illis
1246 4910 1336 4982 qui
1365 4910 1418 4965 in
1448 4919 1866 4964 memoratorum

277 5005 524 5062 custodia
545 5013 700 5061 erant
724 5004 1094 5075 prohiberetur
1118 5002 1234 5058 hac
1262 5003 1437 5058 facere
1467 5000 1627 5073 (sicut
1655 5001 1784 5057 mihi
1812 5010 1868 5058 et

281 5101 381 5170 ipsi
410 5114 554 5170 sape
578 5099 920 5164 referebant,
945 5111 1068 5152 nam
1091 5103 1146 5153 et
1167 5111 1267 5165 ego
1291 5103 1534 5152 sanetum
1564 5095 1864 5167 Pithymum

282 5200 338 5248 et
370 5191 630 5246 lsidorum
684 5200 739 5246 et
780 5189 1140 5260 Paphnutium
1179 5187 1364 5257 vidi),
1411 5185 1690 5242 benedicta
1742 5194 1868 5242 tunc

276 5282 407 5346 ifla,
451 5291 665 5352 sumpta
712 5291 863 5337 veste
909 5280 1092 5336 servili
1137 5279 1280 5334 circa
1310 5277 1643 5349 vespertinas
1671 5275 1866 5345 horas,

277 5374 463 5429 omnia
490 5373 570 5429 eis
599 5373 727 5428 vita
758 5371 1059 5428 necessaria
1089 5370 1363 5426 afferebat.

345 5465 512 5538 529
545 5485 562 5518 ι
591 5465 710 5533 Quo
736 5466 984 5535 cognito,
1015 5462 1313 5519 Palastina
1341 5459 1633 5531 provincia
1663 5473 1863 5516 consu-

272 5559 403 5613 laris
425 5599 442 5625 ,
474 5558 702 5613 credens
733 5555 875 5628 quod
906 5556 1055 5610 sinus
1085 5569 1213 5610 suos
1241 5561 1424 5624 posset
1456 5551 1602 5607 fumo
1633 5552 1861 5622 quodam

271 5658 437 5719 atque
465 5657 672 5706 terrore
712 5666 778 5706 ex
819 5649 1045 5719 pecunia
1090 5647 1206 5716 ejus
1245 5645 1504 5716 implere,
1547 5644 1701 5714 jussit
1744 5657 1859 5698 eam

273 5741 496 5813 (ignota
525 5742 669 5798 enim
697 5741 800 5811 ipsi
830 5739 990 5812 erat)
1020 5739 1215 5808 corripi
1254 5746 1309 5793 et
1358 5739 1410 5792 in
1448 5750 1719 5791 carcerem
1751 5745 1862 5790 tru-

270 5832 346 5889 di.
395 5833 475 5889 Ex
515 5848 622 5906 quo
664 5834 784 5890 loco
827 5842 951 5889 tunc
993 5833 1040 5887 ei
1090 5846 1184 5902 per
1212 5831 1571 5886 internuntios
1598 5829 1858 5901 quosdam

271 5936 463 5988 sancta
502 5927 596 5985 illa
636 5927 950 5985 mandavit:
995 5925 1142 5990 Ego,
1185 5925 1395 5995 inquit,
1434 5925 1581 5980 illius
1626 5924 1733 5979 lilia
1759 5965 1774 5995 ,
1807 5933 1860 5980 et

635 6052 912 6115 Paeon.
958 6042 1248 6130 bXXlll.

1971 4824 2242 4872 certantes
2266 4856 2280 4880 ,
2310 4813 2376 4869 ad
2408 4813 2702 4869 Ecclesiam
2751 4821 2992 4866 nostram
3021 4855 3033 4877 ,
3082 4826 3210 4868 vera
3249 4814 3559 4884 suadendo,

1971 4925 2035 4964 ac
2061 4908 2258 4977 iugiter
2285 4914 2511 4963 cunctos
2539 4905 2807 4972 docendo,
2838 4914 3252 4970 revocaverunt,
3289 4905 3558 4962 honoran-

1971 5012 2054 5059 tes
2079 5000 2295 5073 quidem
2323 5016 2385 5055 ac
2414 5014 2557 5069 sape
2580 5007 2868 5069 pascentes
2895 4998 3140 5068 ejusdem
3167 4997 3266 5051 loci
3296 4996 3557 5053 clericos:

1971 5107 2026 5152 et
2077 5096 2191 5148 hac
2244 5092 2441 5163 pariter
2491 5090 2786 5158 facientes,
2837 5090 2998 5144 vitam
3047 5103 3197 5143 suam
3249 5088 3336 5156 pio
3381 5088 3562 5145 studio

1975 5188 2229 5243 finierunt
2253 5229 2268 5255 ,
2299 5185 2427 5241 nulli
2453 5183 2668 5256 quidem
2693 5199 2758 5239 ex
2785 5196 2843 5239 se
2868 5184 2952 5237 vel
2985 5183 3155 5237 levem
3183 5180 3370 5235 dantes
3397 5195 3552 5245 scan-

1972 5280 2078 5336 dali
2119 5278 2478 5348 suspicionem
2500 5316 2516 5340 ,
2564 5284 2731 5330 totum
2776 5288 2904 5330 vero
2932 5272 3116 5328 orbem
3148 5278 3410 5325 terrarum
3442 5271 3554 5341 spi-

1972 5372 2154 5429 rituali
2177 5369 2532 5425 aedificatione
2556 5366 2925 5438 plenissimum
2957 5362 3342 5433 relinquentes.
3367 5381 3387 5414 ι
3416 5362 3551 5419 Hac-

1969 5474 2127 5521 tenus
2150 5464 2438 5520 Palladius.

2043 5556 2260 5622 Raram,
2293 5555 2361 5608 ad
2388 5568 2580 5606 annum
2603 5547 2790 5604 Christi
2811 5545 2942 5599 585.
2961 5572 3033 5590 -ο
3051 5542 3316 5600 Caterum
3348 5543 3557 5602 ratione

1965 5646 2241 5713 Melania,
2285 5658 2443 5713 quam
2479 5641 2641 5696 Paula
2674 5637 3066 5709 Jerosolymam
3099 5645 3280 5690 secuta
3310 5645 3425 5704 est,
3458 5651 3556 5691 ca-

1967 5739 2221 5794 Iumniam
2251 5749 2442 5804 passus
2465 5741 2548 5787 est
2576 5731 2933 5802 Hieronymus
2951 5770 2969 5797 ,
2996 5745 3154 5800 quam
3182 5730 3321 5784 inter
3346 5743 3410 5784 ea
3431 5745 3556 5800 qua

1964 5829 2016 5883 in
2047 5829 2217 5897 ipsum
2247 5831 2368 5895 post
2397 5822 2612 5878 Damasi
2640 5822 2842 5876 obtium
2868 5837 2897 5875 a
2923 5818 3374 5876 calumniantibus
3400 5817 3552 5874 fuere

1962 5919 2206 5990 objecta,
2253 5930 2314 5972 ac
2361 5913 2666 5971 Stimulante
2706 5912 2831 5973 odio
2861 5922 3020 5984 atque
3045 5910 3242 5966 invidia
3273 5917 3550 5979 perpetra‘

3166 6021 3246 6082 23
