4162 6352
639 381 748 454 ⁵119

1779 374 1869 444 DE
1911 388 2088 446 VITIS
2129 383 2414 445 PATRUM
2453 384 2660 442 LIBER
2698 383 2766 439 ll.

3817 387 3924 445 720

637 510 880 569 Valentis
906 524 1068 568 nono.
1099 504 1203 566 Sed
1232 507 1362 578 quot
1387 515 1556 563 annos
1585 504 1638 563 in
1669 506 1769 564 hac
1803 507 2234 578 peregrinatione
2260 506 2311 565 A
2337 519 2495 574 quam
2523 504 2737 560 tandem
2784 500 3075 558 feminam?
3105 503 3174 576 (si
3201 501 3458 560 feminam
3507 501 3614 559 dici
3642 501 3775 560 licet
3814 514 3924 562 tam

636 615 692 663 et
743 603 1163 662 commoratione
1213 601 1619 671 insumpserint,
1667 601 1892 657 diversa:
1939 601 2222 658 sententias

635 709 765 756 sunt
803 697 1045 766 ejusdem
1099 694 1322 750 Palladii
1366 704 1528 766 atque
1558 693 1787 760 Paulini,
1818 692 2080 764 siquidem
2130 691 2223 746 ille

636 793 719 864 (ut
748 806 917 861 nuper
957 789 1209 861 vidimus)
1241 789 1426 860 viginti
1470 798 1675 860 septem
1727 797 1976 844 numerat
2027 799 2220 851 annos,

632 881 886 938 Paulinus
911 897 1038 938 vero
1060 881 1246 951 viginti
1278 881 1530 950 quinque.
1563 880 1666 936 Sed
1699 880 1859 948 huius
1885 877 2222 948 exploratior

637 983 800 1046 atque
829 975 1050 1029 solidior
1077 973 1209 1030 fides
1239 983 1349 1040 est;
1383 988 1504 1028 nam
1528 973 1731 1043 accepit
1752 974 1868 1028 haec
1896 971 2012 1041 ipse
2040 970 2107 1025 ab
2131 984 2223 1024 ea-

635 1067 757 1122 dem
787 1065 1044 1131 Melania,
1072 1080 1230 1134 qttam
1262 1064 1576 1120 redeuntem
1619 1064 1843 1118 Romam
1871 1064 1952 1134 (ut
1981 1061 2224 1132 proxime

632 1159 822 1215 dicturi
850 1158 1059 1229 sumus)
1089 1157 1280 1214 Nolam
1310 1158 1664 1214 divertentem
1697 1156 1911 1226 excepit
1936 1154 2095 1226 433
2125 1154 2222 1208 ho-

633 1252 847 1321 spitem.
895 1251 1089 1306 Verum
1120 1267 1182 1306 ex
1224 1266 1290 1306 eo
1316 1265 1530 1320 quoque
1557 1250 1755 1306 certior
1799 1247 2005 1303 Paulini
2038 1243 2223 1301 tesuli-

632 1344 770 1399 catio
802 1343 1061 1410 redditur,
1103 1352 1159 1400 et
1191 1343 1415 1399 Palladii
1443 1343 1671 1399 assertio
1721 1341 1790 1398 de
1834 1342 1991 1396 annis
2039 1339 2222 1410 viginti

631 1446 838 1506 septem
868 1421 1170 1506 exploditur
1203 1455 1214 1490 :
1243 1436 1385 1505 quod
1410 1451 1530 1491 cum
1553 1442 1784 1501 constet,
1822 1434 1921 1488 hos
1951 1431 2126 1487 adhuc
2169 1432 2222 1486 in

632 1531 734 1587 vita
762 1540 952 1601 agente
981 1532 1173 1587 Siriclo
1204 1546 1338 1602 papa
1375 1529 1654 1600 repetiisse
1684 1529 1932 1595 Romam,
1960 1528 2004 1582 si
2026 1526 2219 1581 dixeri-

633 1639 754 1680 mus
783 1623 850 1679 ad
880 1640 1161 1680 numerum
1188 1639 1452 1679 annorum
1521 1639 1550 1677 a
1583 1622 1818 1678 Palladio
1856 1620 2220 1690 praescriptum

631 1717 866 1785 ipsorum
891 1732 1010 1772 esse
1035 1724 1375 1787 prorogatum
1400 1715 1712 1782 adventum,
1743 1714 1923 1783 utique
1949 1711 2223 1766 aflirman-

632 1805 759 1862 dum
806 1816 950 1863 esset
977 1823 1082 1863 non
1120 1809 1220 1864 sub
1250 1808 1463 1871 Siricio,
1495 1808 1588 1864 sed
1621 1809 1719 1862 sub
1747 1808 1866 1876 ejus
1910 1819 2224 1862 successore

2326 597 2553 653 viriliter
2579 597 2982 667 Christianam).
3013 596 3156 664 Quid
3192 598 3296 655 hoc
3341 599 3461 654 loco
3488 598 3718 654 faciam?
3769 599 3928 658 Vetat

2326 687 2523 745 fastidii
2544 690 2899 746 intolerabilis
2920 699 3095 746 metus
3117 690 3476 747 voluminibus
3491 690 3666 747 adhuc
3687 691 3924 760 addere;

2325 783 2420 838 sed
2446 798 2690 853 personae
2718 783 2971 855 dignitas,
3003 784 3109 840 imo
3140 784 3233 839 Dei
3257 785 3448 855 gratia,
3481 785 3750 853 postulare
3775 785 3927 842 vide-

2326 887 2416 933 tur
2458 886 2517 932 ut
2559 880 3125 934 commemorationem
3169 885 3329 932 tanta;
3367 876 3559 932 animae
3588 891 3926 946 praegressus

2327 985 2434 1025 non
2483 971 2677 1041 raptim
2706 972 2974 1037 omittam,
3007 970 3101 1026 sed
3135 968 3405 1040 paulisper
3433 968 3499 1023 ad
3524 983 3644 1023 eam
3675 969 3775 1023 tibi
3802 985 3928 1023 nar-

2327 1061 2551 1118 randam
2577 1061 2848 1135 (Paulin.,
2875 1063 2944 1116 ad
2991 1061 3236 1117 Severum
3267 1060 3418 1129 epist.
3453 1060 3565 1129 10),
3597 1069 3703 1115 etc.
3737 1077 3758 1111 ι
3797 1060 3930 1115 Pro~

2328 1154 2570 1224 sequitur
2599 1155 2779 1210 nobile
2806 1169 2977 1223 genus
3023 1154 3142 1224 ejus
3170 1153 3394 1221 referre,
3428 1160 3615 1222 utpote
3656 1166 3779 1222 qua:
3827 1152 3928 1207 ha-

2327 1248 2518 1304 buerat
2547 1248 2913 1303 Marcellinum
2942 1248 3228 1304 consulem
3258 1246 3594 1302 ordinarium
3621 1260 3813 1311 avum,
3833 1246 3929 1316 qui

2328 1356 2433 1396 una
2461 1356 2580 1396 cum
2611 1340 2846 1396 Probino
2871 1329 3220 1396 consulatum
3253 1345 3495 1409 gesserat
3534 1352 3677 1392 anno
3706 1337 3928 1393 Domini

2329 1431 2704 1487 trecentesimo
2754 1430 3166 1502 quadragesimo
3210 1431 3403 1499 primo,
3460 1438 3520 1484 et
3565 1427 3685 1498 ejus
3732 1428 3790 1483 in
3820 1429 3928 1486 vita

2327 1525 2631 1582 Christiana
2662 1525 2918 1580 sectanda
2946 1523 3144 1579 ardens
3175 1523 3432 1587 studium,
3460 1530 3516 1576 et
3543 1520 3646 1576 alia
3679 1521 3832 1590 plura
3861 1521 3931 1576 de

2330 1618 2470 1688 ipsa,
2500 1632 2622 1687 quae
2673 1631 2772 1672 nos
2821 1630 2920 1672 suo
2964 1615 3084 1670 loco
3129 1614 3377 1686 superius
3427 1611 3618 1667 ordine
3665 1613 3933 1682 temporis

2330 1710 2744 1776 collocavimus;
2793 1724 2857 1764 ac
2899 1708 3114 1763 demum
3163 1707 3232 1762 de
3277 1706 3540 1776 ejusdem,
3573 1719 3696 1758 cum
3744 1703 3928 1767 rediit,

2330 1804 2558 1875 appulsu
2607 1802 2904 1874 Neapolim,
2936 1801 3037 1856 ista
3089 1799 3316 1856 subdit:
3357 1816 3376 1849 ι
3415 1796 3692 1866 Neapolim
3735 1796 3931 1852 urbem

633 1899 915 1954 Anastasio
941 1899 1248 1954 eorumdem
1276 1899 1506 1953 reditum
1545 1899 1860 1969 contigisse.
1893 1897 1972 1951 Ex
2016 1896 2224 1952 Paulini
2252 1906 2301 1968 Β
2333 1897 2480 1952 brevi
2509 1896 2683 1965 spatio
2709 1910 2739 1948 a
2787 1894 3013 1961 Nolana,
3044 1907 3145 1964 qua
3174 1891 3440 1963 degimus,
3481 1890 3700 1946 civitate
3729 1889 3930 1944 distin-

631 2004 765 2061 ergo
794 1990 1079 2055 sententia,
1108 1990 1198 2059 qui
1229 1998 1474 2044 numerat
1501 1989 1745 2044 Melaniae
1767 1988 1836 2043 ab
1862 1988 2009 2043 urbis
2031 1987 2224 2042 absen-

632 2082 704 2138 tia
733 2084 968 2154 quinque
996 2083 1191 2150 lustra,
1224 2081 1507 2137 dicendum
1539 2090 1623 2138 est
1651 2080 1896 2137 eamdem
1950 2079 2051 2136 hoc
2105 2079 2222 2147 ipso

630 2190 772 2230 anno
801 2175 1026 2230 Romam
1057 2175 1207 2246 quasi
1236 2175 1565 2244 postliminio
1589 2175 1838 2231 rediisse.

705 2267 1015 2323 Recessisse
1038 2277 1213 2322 autem
1241 2266 1509 2321 Ruflinum
1556 2282 1586 2322 e
1627 2267 1909 2322 Palaestina
1939 2281 2061 2322 eum
2093 2281 2226 2338 pace

633 2360 810 2415 sancti
852 2360 1190 2432 Hieronymi,
1221 2362 1497 2430 utriusque
1527 2360 1904 2417 testificatione
1930 2362 2222 2429 asseritur;

635 2451 829 2508 recitat
858 2454 1001 2509 enim
1025 2453 1140 2524 ipse
1161 2464 1377 2510 sanctus
1394 2453 1751 2527 Hieronymus
1768 2455 2008 2526 ejusdem
2025 2455 2225 2512 Ruffini

631 2545 791 2601 verba
807 2545 856 2599 in
875 2546 1158 2616 posteriori
1172 2547 1434 2618 apologia,
1454 2562 1573 2618 qua:
1587 2555 1712 2602 sunt
1726 2547 2032 2618 hujusmodi
2053 2566 2096 2600 τι
2113 2547 2224 2602 Vos

631 2639 788 2695 nobis
801 2655 986 2710 pacem
1003 2640 1466 2710 protlciscentibus
1479 2640 1722 2697 dedistis.
1738 2659 1756 2693 ι
1767 2640 2062 2711 Respondit
2080 2639 2222 2710 ipse:

639 2751 658 2785 ι
689 2733 884 2789 Pacem
911 2733 1177 2802 dedimus,
1211 2748 1316 2788 non
1351 2733 1599 2788 haeresim
1631 2734 1966 2804 suscepimus
1995 2750 2009 2789 :
2037 2731 2223 2803 junxi-

631 2841 750 2882 mus
777 2828 1015 2893 dextras,
1048 2829 1303 2883 abeuntes
1329 2831 1600 2898 prosecuti
1627 2843 1834 2897 sumus,
1869 2837 1926 2884 ιιι
1961 2842 2056 2883 vos
2079 2843 2224 2884 esse-

631 2919 699 2973 tis
725 2919 998 2986 catholici,
1037 2938 1055 2972 ι
1091 2929 1198 2975 etc.
1223 2919 1468 2974 Melania
1496 2928 1674 2975 autem
1701 2921 1765 2974 ad
1797 2920 1986 2976 urbem
2019 2920 2222 2977 reditus

631 3009 902 3066 Palladius
930 3012 1194 3082 ejusmodi
1237 3012 1367 3067 foris
1399 3020 1717 3081 pratensam
1764 3011 1921 3067 affert
1955 3026 2170 3067 causam
2205 3029 2219 3078 ;

639 3123 660 3158 ι
689 3106 817 3163 Post
847 3107 1074 3162 multum
1103 3121 1231 3162 vero
1262 3106 1515 3177 temporis
1546 3105 1760 3176 (inquit)
1799 3121 1920 3161 cum
1952 3105 2221 3174 audisset,

632 3199 847 3255 cuidam
895 3201 1142 3271 nupsisse
1190 3209 1404 3268 neptem
1435 3213 1588 3254 suam
1617 3198 1902 3254 Melaniam
1932 3199 2218 3270 (juniorem

2326 2000 2467 2047 ctam
2513 1989 2737 2044 advecta
2761 1997 2865 2043 est.
2901 1987 3000 2043 Ubi
3045 1986 3278 2041 filiorum
3309 1992 3671 2056 nepotumque
3699 1998 3932 2043 occursu

2325 2089 2569 2152 excepta,
2599 2095 2723 2137 mox
2749 2080 2938 2135 Nolam
2963 2079 3029 2134 ad
3060 2078 3372 2134 humilitatis
3401 2087 3598 2133 nostra:
3630 2077 3932 2146 hospitium

2326 2174 2617 2241 festinavit,
2646 2189 2755 2245 quo
2790 2171 2941 2228 nobis
2971 2171 3188 2228 advenit
3215 2171 3504 2226 ambitioso
3532 2169 3934 2226 ditissimorum

2327 2269 2605 2340 pignorum
2636 2267 2830 2322 vallata
2865 2267 3139 2322 comitatu.

2403 2380 2424 2411 ι
2456 2361 2696 2417 Vidimus
2745 2360 2968 2433 gloriam
3019 2359 3230 2416 Domini
3279 2359 3333 2414 in
3363 2359 3456 2415 illo
3485 2359 3672 2414 matris
3701 2366 3760 2412 et
3785 2355 3924 2427 filice

2325 2470 2442 2512 rum
2470 2455 2662 2510 itinere
2689 2454 2905 2525 quidem
2938 2468 3063 2520 uno,
3088 2453 3184 2510 sed
3211 2454 3368 2523 longe
3389 2451 3588 2522 dispari
3613 2451 3783 2516 cuitu,
3806 2465 3924 2506 ma-

2325 2563 2419 2605 cro
2446 2547 2591 2603 illam
2619 2556 2678 2603 et
2724 2547 2916 2603 viliore
2966 2547 3147 2604 asellis
3195 2546 3410 2602 burrico
3457 2545 3774 2614 sedentem,
3813 2553 3923 2600 tota

2327 2641 2486 2711 hujus
2515 2640 2699 2695 steculi
2743 2654 2963 2709 pompa,
2994 2654 3100 2711 qua
3147 2639 3394 2695 honorati
3423 2647 3478 2694 et
3534 2637 3775 2706 opulenti
3824 2651 3923 2707 po-

2326 2740 2523 2795 terant,
2537 2731 2840 2789 circumﬂui
2866 2740 3146 2788 senatores
3169 2731 3654 2802 prosequebantur,
3683 2729 3923 2786 carrucis

2326 2824 2657 2890 natantibus,
2693 2823 2982 2894 phaleratis
3013 2823 3187 2894 equis,
3216 2827 3424 2879 auratis
3457 2823 3693 2892 pilentis,
3728 2831 3787 2877 et
3806 2837 3923 2878 car-

2326 2922 2502 2988 penus
2530 2917 2798 2989 pluribus,
2831 2927 3083 2987 gemente
3111 2918 3280 2988 Appia
3325 2925 3485 2987 atque
3515 2916 3789 2987 fulgente;
3829 2916 3924 2972 sed

2325 3012 2700 3082 splendoribus
2731 3012 2980 3067 vanitatis
3011 3012 3340 3082 praelucebat
3379 3010 3700 3065 Christianae
3737 3011 3922 3066 humi-

2325 3105 2488 3161 litatis
2515 3106 2708 3176 gratia.
2743 3105 3164 3161 Admirabantur
3191 3105 3355 3177 434
3382 3104 3577 3160 divites
3604 3119 3938 3175 pauperem,

2326 3201 2532 3271 profani
2575 3211 2838 3267 sanctam,
2881 3210 2938 3258 et
2967 3201 3084 3256 illos
3130 3207 3314 3256 nostra
3361 3199 3647 3270 pauperies
3693 3197 3924 3256 ridebat.

636 3293 864 3364 dictam)
897 3294 1031 3358 viro,
1064 3295 1372 3348 renuntiare
1401 3300 1577 3347 autem
1608 3301 1729 3363 post
1772 3291 1984 3361 nuptias
2025 3289 2221 3346 saeculo
2248 3284 2296 3347 C
2331 3293 2570 3352 Vidimus
2599 3297 2812 3366 dignam
2861 3295 2974 3350 Deo
3004 3294 3311 3365 hujusmodi
3342 3295 3747 3361 confusionem,
3801 3311 3922 3364 pur-

631 3384 758 3441 huic
786 3386 923 3440 velle
971 3385 1330 3456 cognovisset,
1367 3394 1613 3440 metuens
1664 3399 1733 3439 ne
1780 3384 1872 3453 qui
1903 3382 2056 3438 malae
2097 3382 2220 3438 vita:

631 3475 877 3532 homines
902 3493 963 3532 ac
991 3477 1146 3531 malae
1163 3485 1326 3532 sectae
1355 3489 1732 3545 perversaeque
1762 3475 2022 3530 doctrinae
2045 3473 2219 3529 eidem

630 3570 1015 3641 iungerentur,
1080 3573 1150 3623 ob
1195 3569 1298 3624 hoc
1351 3569 1524 3638 ipsum
1582 3583 1703 3622 cum
1764 3569 1873 3637 jam
1931 3567 2218 3624 admodum

630 3676 819 3729 senex,
851 3659 953 3716 hoc
994 3669 1098 3728 est,
1129 3660 1402 3731 sexaginta
1432 3668 1576 3715 esset
1620 3674 1907 3728 annorum,
1946 3659 2013 3714 de
2039 3659 2220 3714 Caesa-

631 3754 888 3810 riensium
919 3753 1135 3809 civitate
1165 3753 1230 3806 ad
1264 3752 1449 3808 urbem
1480 3752 1703 3807 Romam
1730 3751 1868 3806 intra
1900 3751 2109 3806 dierum
2140 3752 2217 3806 vi-

632 3846 759 3918 ginti
790 3846 1018 3916 spatium
1051 3845 1318 3915 navigavit
1346 3843 1604 3916 (Pallad.,
1653 3844 1739 3898 ubi
1767 3859 1924 3914 supra
1955 3860 2004 3898 c.
2046 3844 2158 3913 53).
2195 3862 2215 3897 ι

633 3935 759 3992 Haec
800 3936 1068 3990 Palladius
1092 3936 1160 3991 de
1188 3943 1393 3992 asserta
1423 3945 1476 3990 et
1506 3936 1720 4005 vulgata
1751 3933 2051 3991 forinsecus
2082 3935 2222 3990 redi-

635 4038 718 4083 tus
746 4042 928 4082 causa.
952 4029 1220 4082 Craterum
1264 4026 1504 4095 ejusdem
1535 4041 1657 4080 cum
1711 4025 1922 4080 Ruflino
1952 4027 2004 4080 in
2035 4027 2243 4095 Orige-'

633 4121 718 4176 nis
745 4121 1018 4175 erroribus
1049 4121 1131 4190 (ut
1160 4119 1403 4190 pluribus
1444 4120 1646 4174 dictum
1677 4128 1760 4173 est
1789 4119 2061 4189 superius)
2093 4135 2223 4175 con-

632 4213 922 4268 niventiam
953 4225 1168 4267 causam
1210 4209 1485 4266 exstitisse
1533 4209 1739 4265 eisdem
1791 4211 1856 4264 ad
1907 4210 2092 4266 urbem
2124 4227 2218 4269 ve-

632 4304 835 4372 niendi,
865 4304 1038 4359 oratio
1064 4302 1340 4374 praemissa
1365 4301 1618 4358 declarat.
1654 4303 1785 4356 Erat
1806 4303 1888 4356 his
1918 4303 2136 4373 quidem
2165 4305 2216 4358 in

631 4398 827 4466 optatis
853 4404 912 4451 ut
940 4395 1134 4467 quibus
1161 4397 1404 4450 faverant
1428 4403 1484 4451 et
1507 4410 1640 4465 quas
1687 4392 1934 4450 foverant
1960 4404 2074 4450 toto
2127 4396 2222 4452 illo

633 4498 894 4558 tempore,
925 4486 1171 4557 Origenis
1198 4486 1482 4542 sententia:
1523 4485 1774 4558 (quarum
1803 4487 2106 4558 complures
2134 4503 2221 4544 es-

631 4589 756 4638 sent
777 4580 1094 4636 defensores
1126 4580 1180 4634 in
1210 4578 1446 4650 Egypto
1473 4581 1831 4637 consistentes
1864 4583 2136 4651 monachi,
2164 4594 2220 4640 et

2331 3401 2576 3458 puream,
2626 3389 2875 3456 sericam,
2923 3397 3272 3458 auratamque
3315 3387 3703 3457 supellectilem
3736 3389 3925 3458 pannis

2325 3479 2602 3536 veteribus
2645 3487 2702 3535 et
2739 3478 2910 3549 nigris
2954 3480 3299 3534 servientem.
3333 3478 3712 3535 Benediximus
3747 3479 3924 3534 Domi-

2325 3587 2478 3639 num,
2512 3571 2606 3642 qui
2651 3570 2883 3627 humiles
2926 3579 2981 3626 et
3020 3571 3264 3628 excelsos
3301 3570 3428 3626 facit
3456 3571 3756 3639 sapientes,
3804 3584 3920 3626 esu-

2327 3662 2528 3718 rientes
2546 3662 2732 3732 implet
2747 3661 2925 3728 bonis,
2944 3671 2998 3717 et
3013 3662 3212 3718 divites
3225 3662 3445 3718 dimittit
3461 3661 3648 3718 inanes
3664 3661 3848 3733 (Luca
3863 3663 3922 3731 ι).

2325 3754 2382 3809 in
2413 3753 2528 3809 istis
2560 3763 2736 3809 tamen
2767 3753 3020 3810 divitibus
3046 3754 3236 3811 eadem
3267 3754 3357 3811 die
3378 3755 3447 3811 de
3473 3755 3734 3811 maternis
3765 3757 3921 3812 bonis

2326 3859 2612 3914 pauperem
2664 3843 2908 3914 spiritum
2959 3844 3324 3913 stupebamus,
3373 3846 3464 3916 qui
3516 3846 3687 3916 magis
3740 3855 3922 3902 sancta

2325 3935 2513 3992 matris
2560 3935 2758 4005 inopia,
2806 3951 2965 4006 quam
2993 3951 3089 3992 sua
3122 3937 3314 3992 visibili
3345 3938 3674 3992 abundantia
3718 3939 3921 4008 gloria~

2323 4027 2538 4086 bantur.
2602 4027 2658 4082 Id
2717 4030 2893 4098 ipsum
2936 4039 3111 4084 autem
3176 4029 3343 4099 gloria
3392 4030 3600 4086 Domini
3643 4029 3918 4086 videbatur

2323 4121 2555 4192 operari,
2584 4119 2728 4190 quod
2758 4121 2998 4190 egenula:
3047 4129 3246 4176 nostra:
3275 4121 3495 4175 divitias
3544 4121 3598 4176 in
3641 4121 3764 4190 ejus
3803 4120 3919 4176 ﬁliis

2326 4212 2709 4279 intuebamur;
2742 4220 2801 4267 ut
2823 4211 2934 4282 jam
2967 4212 3090 4268 hinc
3121 4212 3355 4268 fructum
3390 4213 3514 4269 ﬁdei
3543 4228 3656 4270 suae
3684 4224 3920 4286 caperet,

2323 4317 2443 4357 cum
2490 4303 2771 4358 victoriam
2815 4317 2967 4358 suam
3018 4304 3087 4359 de
3117 4302 3275 4373 hujus
3305 4304 3490 4358 saeculi
3533 4305 3772 4360 vanitate
3813 4306 3920 4375 ipsa

2323 4397 2705 4466 despectaret,
2752 4398 2997 4452 cominus
3051 4395 3242 4452 videns
3292 4397 3475 4452 omnia
3523 4413 3644 4469 quae
3696 4409 3920 4469 propter

2320 4489 2596 4546 Christum
2628 4491 2918 4562 reliquerat
2947 4501 3001 4548 et
3045 4502 3391 4548 contemnere
3417 4505 3818 4562 perseverarat.
3845 4493 3920 4549 illi

2326 4583 2538 4637 sericati
2565 4591 2619 4638 et
2646 4597 2744 4652 pro
2770 4597 2868 4637 suo
2896 4582 3120 4654 quisque
3152 4599 3282 4640 sexu
3331 4593 3451 4656 toga
3482 4596 3574 4640 aut
3602 4586 3743 4641 stola
3782 4585 3923 4642 soliti

633 4674 773 4729 inter
801 4687 894 4728 eos
917 4672 1242 4729 celebriores
1268 4672 1526 4742 EVagrius
1554 4682 1610 4728 et
1639 4674 1909 4743 isidorus,
1943 4686 2103 4748 atque
2131 4677 2214 4732 in-
2240 4668 2296 4730 D
2321 4673 2607 4744 splendere
2633 4674 2751 4742 ﬁlii,
2783 4688 3021 4731 crassam
3049 4676 3191 4731 illam
3233 4677 3396 4733 veluti
3438 4677 3639 4748 spartei
3669 4676 3922 4734 staminis

634 4775 717 4821 ter
742 4765 1026 4833 episcopos
1055 4762 1249 4818 nobilis
1296 4763 1438 4818 sedis
1483 4765 1719 4822 Joannes
1759 4768 2211 4839 Jerosolymorum

629 4855 900 4925 antistes),
931 4854 1133 4910 eaedem
1161 4855 1419 4910 Romana:
1445 4858 1588 4912 sedis
1641 4861 1900 4930 episcopi,
1948 4863 2106 4917 utsic
2146 4863 2215 4918 ab

631 4947 884 5002 universa
907 4947 1274 5016 reciperentur
1296 4947 1557 5014 Ecclesia,
1582 4953 1940 5020 probarentur
1966 4968 2211 5012 assensu.

627 5041 732 5099 Sed
762 5051 958 5113 quanta
991 5042 1039 5095 id
1069 5043 1138 5096 sit
1161 5042 1489 5096 elaboratum
1515 5044 1794 5110 industria,
1820 5055 1874 5100 et
1905 5048 2097 5116 quibus
2123 5064 2212 5104 ve-

627 5137 873 5192 lamentis
922 5152 1023 5192 una
1066 5151 1187 5192 cum
1236 5137 1317 5191 his
1350 5137 1564 5207 palliata
1591 5139 1787 5196 decore
1816 5141 2037 5199 hazrcsis
2063 5159 2122 5202 se
2163 5145 2214 5201 in

631 5231 816 5284 urbem
850 5229 1110 5298 intulerit,
1142 5230 1436 5286 videamus.

697 5323 868 5393 Atque
900 5325 1150 5392 primum,
1181 5339 1300 5394 qua:
1328 5333 1548 5378 sanctus
1578 5322 1837 5379 Paulinus
1863 5326 1931 5382 de
1973 5326 2216 5384 Melaniae

625 5413 819 5475 reditu,
847 5415 936 5482 qui
963 5430 1082 5471 eam
1108 5416 1342 5485 suscepit
1395 5414 1572 5478 Nolae,
1606 5415 1876 5470 describat
1905 5418 1956 5472 in
1988 5419 2218 5487 epistola

626 5502 692 5554 ad
722 5502 1007 5572 Severum,
1039 5505 1125 5560 hic
1153 5506 1438 5562 reddamus
1465 5525 1475 5557 :
1499 5525 1516 5557 t
1537 5505 1755 5561 Addidit
1793 5508 2010 5580 (inquit)
2040 5510 2218 5566 Domi-

627 5609 727 5649 nus
758 5595 894 5651 hanc
920 5601 1145 5667 gratiam
1173 5599 1239 5655 de
1265 5601 1578 5657 muneribus
1605 5611 1659 5656 et
1683 5602 1877 5658 litteris
1912 5605 2035 5671 tuis,
2068 5616 2126 5661 ut
2150 5607 2217 5662 ad

625 5699 722 5741 eos
749 5685 1082 5756 potissimum
1113 5691 1229 5747 dies
1274 5693 1429 5748 nobis
1474 5693 1639 5748 frater
1672 5692 1856 5750 Victor
1884 5708 2214 5766 occurreret,

627 5777 822 5848 quibus
851 5788 1090 5836 sanctam
1119 5782 1288 5852 ipsam
1320 5783 1620 5856 (Melaniam
1651 5787 1885 5859 scilicet)
1913 5803 1977 5844 ex
2001 5790 2223 5847 Jerusa-

637 5872 740 5926 lem
783 5881 906 5942 post
931 5873 1167 5943 quinque
1199 5874 1364 5929 lustra
1412 5887 1741 5935 remeantem
1789 5881 2121 5952 excepimus.
2154 5884 2224 5940 At

2328 4770 2565 4824 tunicam
2595 4779 2648 4825 et
2672 4770 2779 4826 vile
2810 4770 3082 4840 palliolum
3131 4770 3435 4842 gaudebant
3482 4787 3643 4826 manu
3675 4779 3921 4842 tangere,

2326 4873 2381 4919 et
2411 4865 2728 4919 vestimenta
2777 4878 2874 4919 sua
2904 4863 3212 4930 velleribus,
3247 4879 3397 4928 auro,
3444 4871 3499 4918 et
3545 4871 3663 4920 arte
3691 4865 3923 4934 pretiosa

2329 4956 2556 5026 pedibus
2573 4956 2689 5025 ejus
2714 4956 3080 5022 substernere,
3103 4956 3399 5026 pannisque
3417 4965 3702 5026 contegere
3725 4957 3924 5026 gestie-

2328 5048 2487 5114 bant;
2520 5047 2730 5117 expiari
2757 5062 2816 5103 se
2843 5062 2870 5101 a
2901 5047 3208 5104 divitiarum
3240 5062 3457 5104 suarum
3505 5049 3761 5119 contagio
3786 5047 3924 5119 judi-

2328 5153 2536 5210 cantes,
2565 5143 2608 5198 si
2638 5156 2797 5212 quam
2831 5141 2897 5197 de
2925 5141 3186 5198 vilissimo
3227 5141 3345 5214 ejus
3368 5142 3552 5199 habitu
3579 5151 3674 5198 aut
3699 5143 3926 5215 vestigio

2326 5233 2536 5289 sordem
2566 5233 2819 5303 colligere
2843 5243 3199 5291 mererentur.

2401 5342 2419 5374 ‹
2461 5324 2749 5395 Tugurium
2804 5341 2936 5382 vero
2967 5336 3236 5395 nostrum,
3271 5326 3412 5398 quod
3443 5341 3472 5382 a
3503 5335 3644 5382 terra
3701 5342 3918 5399 suspeno

2323 5433 2443 5475 sum
2487 5421 2769 5476 caenaculo
2803 5434 2931 5488 uno,
2963 5421 3176 5490 porticu
3207 5421 3415 5477 cellulis
3443 5421 3807 5491 hospitalibus
3851 5423 3922 5475 in-

2327 5514 2603 5582 terposita,
2655 5513 2870 5584 longius
2923 5513 3194 5584 tenditur,
3244 5515 3394 5583 quasi
3425 5513 3704 5569 dilatatum
3758 5514 3924 5586 gratia

2327 5605 2560 5672 Domini,
2592 5621 2698 5662 non
2731 5607 2905 5662 solum
2930 5609 3132 5663 sanctis
3162 5609 3252 5678 qui
3282 5609 3428 5665 illam
3455 5609 3674 5679 plurimi
3700 5608 3922 5664 comita-

2328 5699 2540 5764 bantur,
2571 5700 2666 5755 sed
2691 5701 2851 5756 etiam
2884 5701 3108 5756 divitum
3139 5700 3351 5756 illorum
3380 5702 3610 5759 catervis
3644 5718 3754 5758 non
3777 5702 3918 5758 inca-

2331 5805 2489 5860 paces
2519 5794 2790 5864 angustias
2828 5797 3085 5867 praebuit;
3117 5798 3169 5853 in
3217 5813 3323 5870 quo
3353 5799 3598 5871 personis
3626 5813 3920 5871 puerorum

2330 5897 2393 5940 ac
2447 5886 2708 5956 virginum
2755 5888 2937 5946 choris
2980 5889 3154 5944 vicina
3211 5891 3526 5952 Domintedii
3568 5892 3739 5953 nostri
3783 5887 3914 5949 Feli-
