4162 6352
310 369 411 426 79.1

1745 377 2133 438 PRAELUDIA.

3480 393 3585 451 7‘22

308 487 384 542 cis
416 486 647 543 culmina
677 489 1043 558 resultabant;
1075 506 1248 564 neque
1278 509 1310 550 e
1340 493 1557 551 diverso
1609 495 1893 552 habitatio—
1921 498 1978 557 Α
2002 499 2111 566 ηἰο,
2161 512 2310 573 gesta
2339 515 2539 562 essent.
2611 507 3040 575 Quomodonam,
3091 525 3292 581 quaeso,
3335 513 3590 572 Paulinus

308 579 393 635 nis
418 577 684 649 ejusdem,
707 581 910 640 dissoni
936 584 1062 641 licet
1088 588 1397 657 praeposito,
1427 587 1666 658 hospites
1690 587 1895 644 obstre-

307 672 528 741 pebant,
558 672 654 728 sed
697 683 753 730 et
798 675 852 731 in
879 676 987 732 illis
1031 679 1279 750 religiosa
1305 682 1561 736 modestia
1590 680 1896 738 imitabatur

306 771 510 818 nostra:
561 764 832 822 silentium
893 768 1224 840 disciplinae;
1282 783 1339 827 ut
1393 775 1436 828 si
1494 774 1892 831 dissimularent

307 855 594 912 concinere
620 859 962 930 vigilantibus
984 865 1136 933 pigro
1167 876 1350 922 ventre
1377 869 1557 938 sopiti,
1589 879 1764 925 tamen
1788 883 1893 924 non

309 950 571 1005 auderent
615 951 718 1021 piis
759 954 976 1009 vocibus
1006 956 1305 1025 dissonare,
1340 959 1483 1015 ﬁdeli
1532 962 1721 1017 timore
1749 976 1896 1016 com-

311 1043 498 1110 positi,
549 1057 656 1112 quo
685 1044 900 1114 placitis
942 1049 1278 1116 psallentium
1312 1053 1552 1120 vocibus,
1584 1069 1896 1126 compresso

307 1134 649 1190 saecularium
681 1138 959 1193 turbarum
992 1143 1244 1212 tumultu,
1275 1145 1434 1200 etiam
1467 1147 1614 1202 taciti
1642 1151 1895 1203 concine-

310 1228 461 1282 bant.
495 1227 692 1283 Verum
722 1238 780 1284 ut
810 1231 878 1285 ad
921 1233 1208 1304 perfectam
1244 1237 1459 1293 Domini
1490 1240 1789 1295 columbam
1812 1255 1899 1296 re-

307 1332 549 1384 curram,
605 1321 745 1376 scito
774 1338 915 1379 nunc
944 1325 1100 1381 istam
1133 1335 1335 1383 tantam
1366 1331 1415 1384 in
1460 1344 1589 1386 sexu
1618 1332 1900 1388 inﬁrmita-

306 1408 381 1464 tis
404 1410 653 1467 virtutem
686 1414 805 1483 Dei,
855 1417 941 1471 cui
984 1418 1212 1476 refectio
1258 1422 1311 1478 in
1338 1422 1562 1493 jejunio,
1593 1425 1803 1494 requies
1844 1425 1897 1482 in

310 1505 574 1572 oratione,
605 1509 756 1577 panis
783 1508 836 1564 in
864 1512 1052 1580 verbo,
1094 1514 1310 1572 habitus
1337 1517 1391 1572 in
1423 1533 1619 1587 panno,
1652 1520 1823 1577 lectus
1845 1521 1900 1576 in

305 1601 497 1671 sagulo
519 1611 574 1657 et
599 1615 828 1661 centone
865 1608 1031 1664 durus
1060 1611 1114 1665 in
1147 1621 1288 1667 terra
1331 1613 1388 1668 ﬁt
1411 1615 1586 1670 mollis
1612 1615 1665 1671 in
1690 1616 1893 1684 littera,

311 1707 415 1763 qua
440 1694 591 1764 rigidi
623 1697 816 1753 cubilis
836 1700 1084 1769 injuriam
1113 1705 1322 1776 mitigat
1353 1707 1599 1765 lectionis
1619 1709 1896 1780 voluptas;

309 1797 366 1844 et
415 1801 617 1849 sanctae
667 1795 861 1852 animm
905 1799 958 1855 in
1003 1801 1232 1859 Domino
1261 1805 1506 1878 vigilare,
1558 1810 1898 1880 requiescere

311 1891 412 1939 851.

299 1992 306 1996 ·
388 1994 408 2027 ι
443 1975 588 2032 Hanc
617 1993 745 2051 ergo
779 1980 880 2037 tilia
924 1983 1054 2041 Sion
1086 1987 1346 2046 hactenus
1379 1989 1565 2046 habuit
1590 2000 1644 2048 et
1685 1993 1896 2052 deside-

309 2075 413 2130 rat,
447 2082 588 2124 nunc
635 2070 741 2125 ﬁlia
774 2071 1060 2144 Babylonis
1109 2077 1272 2134 habet
1319 2089 1373 2135 et
1410 2081 1732 2150 admiratur;
1775 2088 1898 2156 quia

309 2157 416 2227 jam
443 2168 496 2213 et
520 2159 632 2230 ipsa
662 2163 788 2217 urbs
818 2165 867 2218 in
900 2166 1141 2235 pluribus
1173 2170 1279 2226 ﬁlia
1307 2171 1436 2227 Sion
1469 2183 1554 2229 est
1593 2189 1754 2246 quam
1790 2177 1900 2232 ﬁlia

309 2251 633 2324 Babylonis;
665 2265 718 2312 et
747 2257 863 2314 ideo
893 2261 1118 2318 miratur
1141 2263 1196 2319 in
1229 2259 1548 2322 humilitatis
1578 2269 1812 2326 obscuro
1839 2279 1900 2327 et

305 2345 550 2404 veritatis
578 2348 695 2406 luce
713 2352 1001 2420 viventem,
1028 2366 1081 2410 ct
1108 2357 1232 2415 ﬁdei
1249 2359 1598 2418 incitamenta
1619 2364 1896 2433 divitibus,

307 2438 674 2506 angustiarum
701 2442 889 2499 solatia
929 2439 1256 2517 pauperibus
1283 2452 1708 2523 ministrantem,
1728 2474 1900 2528 quan-

300 2545 470 2600 quam
500 2533 586 2587 illa
629 2536 823 2605 quietis
849 2547 904 2594 et
932 2539 1155 2598 latebrae
1184 2559 1296 2602 suae
1326 2548 1468 2616 apud
1512 2550 1812 2608 Jerusalem
1845 2553 1900 2609 in

311 2617 568 2678 Romanis
612 2627 773 2681 modo
822 2630 991 2686 turbis
1018 2644 1251 2691 aestuans
1304 2637 1556 2696 clamat:
1610 2642 1728 2695 Heu
1777 2645 1902 2698 me!

307 2715 431 2781 quia
460 2716 712 2772 incolatu:
725 2736 864 2775 meus
891 2725 1228 2795 prolongata:
1255 2737 1329 2783 est
1359 2729 1533 2801 (Psal.
1558 2733 1742 2805 cxtx);
1766 2735 1902 2790 ideo-

306 2822 382 2863 ne
408 2808 568 2866 dilata
613 2826 752 2882 sum,
785 2824 845 2870 ut
875 2832 1016 2873 nunc
1047 2819 1343 2878 habitarem
1387 2839 1508 2879 cum
1539 2824 1902 2884 habitantibus

305 2901 523 2997 Bedar?
545 2904 656 2961 Hoc
679 2909 821 2963 enim
851 2915 1069 2970 nomine
1090 2917 1228 2985 apud
1252 2917 1512 2977 Hebrzcos
1533 2920 1614 2993 (ut
1637 2924 1901 2997 comperi)

307 2995 639 3066 signiﬁcatur
662 3002 983 3061 obscuritas.
1017 3008 1195 3075 Quare
1213 3010 1285 3066 ita
1323 3012 1398 3068 illi
1430 3015 1808 3084 gratulandum
1832 2995 1900 3074 de

303 3096 622 3151 memoratis
653 3097 944 3154 virtutibus
985 3111 1132 3170 puto,
1169 3113 1224 3159 nt
1253 3105 1320 3160 de
1363 3110 1618 3176 praesenti
1669 3111 1798 3167 sede
1827 3111 1898 3167 ti-

307 3199 545 3255 meatur,
579 3198 638 3245 ut
686 3200 790 3246 tam
821 3193 1045 3265 insignis
1089 3199 1268 3254 anima
1296 3201 1415 3271 plus
1444 3202 1628 3260 Romae
1657 3206 1898 3263 conferat

308 3296 468 3350 quam
495 3254 562 3337 de
601 3282 765 3337 Roma
811 3254 1016 3353 trahat,
1059 3298 1113 3343 et
1150 3289 1229 3345 sic
1264 3254 1642 3365 sedeats—upevr
1663 3254 1897 3353 ﬂumina
1928 3254 1978 3319 ο

307 3376 620 3448 Babylonis,
664 3387 720 3433 ut
755 3381 1063 3436 recordetur
1092 3381 1222 3439 Sion
1261 3383 1437 3455 (Psal.
1469 3389 1712 3460 cxxxvt),
1737 3399 1790 3446 et
1813 3407 1901 3446 or-

305 3485 448 3542 gano
474 3473 716 3542 corporis
743 3473 825 3528 sui
859 3489 1122 3545 suspenso
1151 3479 1216 3533 ab
1246 3478 1480 3537 inimicae
1522 3484 1773 3539 omnibus
1801 3487 1903 3541 Ba-

307 3563 522 3636 bylonis
549 3565 755 3622 insidiis
795 3577 849 3622 et
879 3568 1172 3638 illecebris,
1207 3572 1258 3626 in
1293 3573 1372 3628 sui
1403 3577 1662 3645 pr0positi
1690 3586 1899 3646 tenore,

308 3657 458 3714 velut
503 3661 553 3713 in
617 3659 868 3715 salicibus
897 3663 1134 3731 genuino
1163 3679 1376 3736 semper
1407 3667 1634 3725 humore
1671 3671 1902 3726 viventi-

308 3755 433 3822 bus,
473 3755 758 3810 constituta
807 3759 984 3812 virere
1035 3773 1140 3813 non
1192 3759 1430 3830 desinat,
1465 3772 1518 3818 et
1551 3777 1903 3832 permanente

306 3847 436 3903 ﬁdei
485 3849 805 3915 constantia,
836 3850 1158 3921 virtutisque
1202 3854 1395 3924 gratia,
1431 3855 1616 3912 folium
1649 3857 1765 3928 ejus
1795 3873 1901 3915 non

307 3941 530 4006 deﬂuat,
563 3951 622 3996 ut
650 3941 788 3998 sicut
815 3942 920 3997 vita
947 3943 1065 4013 ejus
1091 3946 1145 4000 in
1175 3946 1365 4003 itinere
1392 3959 1716 4018 aspectatnr,
1753 3951 1825 4008 ita
1847 3964 1904 4010 et

309 4033 430 4089 laus
459 4034 512 4087 in
562 4034 716 4088 exitu
758 4043 1001 4090 canatur.
1035 4054 1054 4088 ι
1107 4036 1392 4109 Hucusque
1421 4039 1674 4097 Paulinus
1700 4043 1765 4098 de
1809 4045 1904 4100 ad-

307 4133 476 4183 ventu
505 4122 749 4181 Melaniae
774 4125 999 4182 Romam
1045 4145 1059 4182 :
1092 4145 1248 4199 quam
1296 4131 1512 4201 quidem
1560 4134 1747 4191 urbem
1779 4151 1900 4192 cum

309 4217 397 4274 sic
443 4215 684 4273 nominet
709 4218 870 4274 ﬁliam
919 4219 1226 4290 Babylonis,
1258 4230 1316 4276 ut
1339 4231 1516 4279 tamen
1563 4227 1614 4281 in
1659 4227 1902 4294 pluribus

309 4310 456 4367 dicat
482 4326 599 4366 eam
631 4311 946 4382 praeseferre
974 4313 1137 4368 ﬁliam
1169 4315 1320 4382 Sion,
1355 4314 1510 4374 facile
1548 4328 1676 4387 puto
1706 4320 1903 4376 intelli-

309 4407 414 4478 gis,
447 4419 507 4460 ea
558 4406 791 4461 nominis
838 4407 996 4461 unius
1023 4406 1174 4462 urbis
1203 4407 1462 4465 varietate
1505 4410 1901 4469 discriminatos

310 4511 433 4554 esse
477 4497 704 4567 gentiles
734 4513 762 4551 a
807 4496 1153 4564 Christianis;
1190 4497 1440 4553 nimirum
1483 4510 1537 4555 ut
1566 4516 1625 4556 ea
1657 4517 1720 4557 ex
1751 4514 1902 4572 parte

1997 593 2160 649 sciret
2186 611 2304 665 quae
2334 612 2433 653 nec
2462 599 2552 668 qui
2599 600 2947 672 Jerosolymis
2977 613 3159 659 essent
3202 620 3363 662 nosse
3392 616 3586 678 potue-

1996 689 2138 743 rint?
2167 698 2223 744 nt
2250 692 2500 759 superius
2548 704 2631 749 est
2681 694 3103 753 demonstratum
3137 700 3190 755 in
3220 705 3587 759 controversia

1999 779 2086 836 illa
2116 783 2297 838 habita
2326 784 2467 841 inter
2495 795 2738 842 sanctum
2765 789 3118 859 Epiphaniam
3146 801 3200 848 et
3222 793 3484 852 Joannem
3499 796 3589 852 Je-

1997 875 2440 943 rosolymitannm
2466 879 2799 949 episcopum,
2823 881 3252 952 Origenistarum
3279 896 3587 957 patronum,

1998 977 2282 1037 negantem
2311 979 2488 1026 tamen
2511 985 2571 1027 se
2599 970 2846 1040 Origenis
2873 988 3085 1032 errores
3115 976 3426 1041 defendere,
3467 997 3590 1051 quae

1999 1059 2191 1114 litteris
2221 1062 2388 1116 sancti
2421 1063 2732 1133 Hieronymi
2783 1067 2874 1120 uni
2906 1067 3187 1125 innotuere
3216 1069 3592 1130 Pammachio;

1998 1151 2160 1208 Vides
2182 1152 2342 1223 igitur
2372 1155 2652 1212 Paulinum
2683 1157 2874 1213 horum
2905 1161 3146 1216 omnium
3196 1162 3408 1230 penitus
3440 1163 3594 1234 igna-

1997 1257 2118 1299 rum
2165 1245 2300 1301 adeo
2329 1247 2556 1303 miriﬁce
2602 1248 2879 1306 Mclaniam
2906 1252 3028 1321 jure
3075 1253 3351 1323 laudasse;
3402 1260 3494 1315 sed
3538 1268 3594 1315 et

1997 1333 2117 1406 ejus
2162 1335 2214 1390 in
2263 1336 2346 1391 via
2395 1341 2654 1396 comitem
2704 1340 2981 1398 immensis
3029 1347 3330 1415 praeconiis,
3364 1349 3482 1404 aliis
3523 1350 3593 1404 ad

1998 1427 2248 1483 eumdem
2271 1428 2530 1486 Severum
2553 1432 2692 1489 datis
2722 1434 2937 1501 litteris,
2962 1437 3268 1494 celebrasse
3292 1441 3588 1506 Bufﬁnum,

1999 1516 2053 1574 in
2093 1536 2320 1591 quorum
2368 1523 2783 1582 celebrationem
2832 1529 3072 1583 omnium
3121 1544 3377 1587 conversa
3423 1531 3592 1587 fuisse

1998 1611 2175 1667 studia
2205 1613 2651 1686 Christianorum,
2680 1619 2800 1688 quis
2830 1621 3028 1689 poterit
3051 1620 3302 1678 dubitare
3322 1623 3586 1694 (Panum,

1999 1705 2150 1775 epist.
2178 1704 2273 1776 9)?
2305 1706 2382 1762 En
2412 1709 2584 1777 vides,
2617 1711 2809 1780 quibus
2845 1713 3164 1781 qualibusve
3218 1717 3591 1771 anteambulo-

2000 1797 2159 1852 nibus
2186 1797 2448 1854 inferatur
2476 1800 2529 1855 in
2558 1801 2749 1858 urbem
2779 1802 3002 1860 haeresis
3041 1804 3310 1877 Origenis,
3339 1816 3398 1861 ut
3436 1808 3602 1877 plane

1930 1881 1979 1941 B
2007 1901 2102 1957 pro
2124 1887 2380 1943 miraculo
2405 1888 2689 1945 dicendum
2716 1891 2899 1957 fuerit,
2923 1893 2991 1959 si,
3018 1895 3200 1949 audito
3223 1896 3404 1950 sonitu
3427 1896 3594 1962 tubte,

2005 1980 2215 2047 ﬁstulae,
2243 1990 2300 2037 et
2327 1982 2570 2050 citharae,
2620 1985 2908 2052 sambucas,
2943 1994 2999 2042 et
3041 1987 3308 2057 psalterii,
3340 1989 3597 2062 sympho-

2003 2077 2128 2140 niae,
2161 2085 2215 2131 et
2261 2077 2436 2133 omnis
2465 2079 2680 2147 generis
2711 2080 3061 2146 musicorum,
3098 2097 3208 2138 non
3252 2083 3596 2140 adoraverint

2001 2182 2192 2224 omnes
2222 2179 2450 2226 statuam
2493 2185 2711 2227 auream
2746 2172 2910 2243 (Dan.
2943 2173 3056 2244 ιιι);
3089 2175 3157 2240 si,
3190 2175 3431 2246 inquam,
3462 2191 3596 2246 quos

2001 2262 2468 2317 sanctissimorum
2523 2263 2762 2319 virorum
2825 2265 2987 2320 etiam
3042 2265 3293 2322 audirent
3338 2268 3596 2324 encomiis

2003 2370 2140 2426 pene
2172 2355 2368 2411 divinis
2398 2355 2603 2422 eﬂ‘erri,
2630 2372 2784 2426 teque
2813 2358 3089 2428 plausibus
3116 2375 3222 2414 non
3259 2362 3592 2430 exceperint,

2002 2459 2060 2507 et
2093 2451 2269 2506 obviis
2314 2465 2528 2521 quoque
2557 2453 2828 2518 manibus,
2864 2452 3005 2521 quod
3052 2454 3120 2510 ab
3164 2453 3271 2508 illis
3299 2453 3596 2510 sanctitatis

2002 2543 2161 2598 titulo
2208 2536 2683 2614 foris'inscriptum
2713 2543 3018 2611 offerretur,
3046 2561 3236 2603 omnes
3279 2562 3386 2603 non
3436 2562 3594 2604 acce-

2002 2637 2226 2704 ptarint,
2255 2644 2362 2692 etc.

1999 2749 2004 2756 ’
2075 2728 2296 2798 Accepit
2329 2738 2452 2786 tunc
2508 2730 2650 2787 idem
2699 2731 2952 2789 Paulinus
2994 2748 3024 2788 a
3054 2733 3280 2790 Melania
3326 2737 3589 2806 perbreve

1957 2853 1964 2860 ο
2003 2834 2347 2893 segmentum
2371 2824 2502 2895 ligni
2545 2827 2900 2884 sanctissimae
2929 2831 3126 2896 crucis,
3176 2833 3402 2888 missum
3436 2834 3537 2889 sibi
3565 2849 3594 2892 a

2002 2912 2214 2971 Joanne
2239 2914 2703 2987 Jerosolymorum
2731 2918 3006 2988 episcopo.
3029 2920 3278 2978 Testatur
3299 2921 3351 2978 id
3379 2925 3594 2995 quidem

2002 3007 2119 3077 ipse
2143 3008 2425 3074 Paulinus,
2475 3025 2596 3066 cum
2628 3027 2696 3066 ex
2736 3027 2802 3067 eo
2824 3013 2952 3082 quid
2993 3015 3263 3070 modicum
3299 3025 3594 3088 sumptum,

2006 3100 2227 3155 nomine
2252 3101 2530 3156 Therasiae
2552 3117 2686 3170 suae,
2714 3103 2876 3159 mittit
2902 3105 2967 3159 ad
2999 3120 3214 3161 socrum
3238 3107 3405 3177 ipsius
3433 3109 3595 3164 Seve-

2005 3193 2052 3248 ri
2075 3193 2377 3262 Bassulam,
2402 3194 2528 3248 dum
2559 3194 2676 3250 haec
2696 3195 2808 3251 ait:
2839 3215 2856 3248 ι
2893 3197 3105 3253 Partem
3137 3200 3410 3270 particulae
3438 3202 3506 3256 de
3535 3203 3594 3257 li-

2005 3300 2112 3357 gno
2165 3284 2361 3341 divinae
2409 3287 2620 3356 crucis,
2673 3289 2814 3358 quod
2851 3290 3008 3346 nobis
3061 3291 3260 3347 donum
3314 3294 3596 3354 benedicta

2007 3378 2237 3435 Melania
2271 3379 2339 3435 ab
2385 3378 2681 3436 Jerusalem
2727 3397 2950 3439 munere
2985 3385 3156 3440 sancti
3195 3385 3320 3443 inde
3359 3389 3596 3459 episcopi

2003 3469 2234 3526 Joannis
2255 3470 2453 3538 attulit,
2483 3470 2586 3527 hoc
2613 3473 2920 3543 specialiter
2943 3477 3116 3530 sorori
3146 3487 3344 3534 nostrae
3373 3496 3595 3537 venera-

2004 3563 2099 3618 bili
2151 3563 2389 3619 Bassulaa
2427 3564 2574 3620 misit
2620 3579 2882 3621 conserva
2933 3573 3255 3625 communis.
3318 3572 3423 3629 Sed
3453 3577 3595 3644 quod

2005 3655 2163 3710 alteri
2186 3664 2428 3710 vestrum
2451 3655 2634 3723 datur,
2666 3658 2943 3730 utriusque
2970 3671 3206 3717 vestrum
3238 3673 3340 3730 est,
3388 3667 3510 3735 quia
3542 3669 3595 3722 in

2005 3755 2232 3814 utroque
2263 3757 2494 3801 vestrum
2528 3762 2632 3802 una
2667 3750 2808 3803 ratio
2835 3761 3034 3817 manet,
3070 3762 3124 3809 et
3154 3767 3342 3810 sexum
3372 3769 3596 3814 evacuat

2005 3837 2162 3903 ﬁdes,
2193 3853 2293 3907 qua
2327 3839 2382 3892 in
2403 3839 2576 3893 virum
2602 3840 2898 3908 perfectum
2929 3844 3087 3899 ambo
3114 3849 3452 3904 concurritis.
3489 3853 3594 3906 Ac-

2005 3929 2168 3998 cipite
2189 3945 2318 4000 ergo
2338 3932 2406 3984 ab
2439 3931 2708 3987 unanimis
2738 3932 3015 4005 fratribus,
3042 3937 3094 3990 in
3127 3939 3272 3994 omni
3315 3940 3458 3995 bono
3504 3959 3595 3999 ve-

2005 4033 2177 4080 strum
2200 4024 2303 4080 sibi
2325 4027 2657 4082 consortium
2683 4029 3044 4098 cupientibus.
3077 4031 3320 4102 Accipite
3341 4050 3596 4107 magnum

2006 4117 2063 4173 in
2089 4119 2299 4174 modico
2327 4133 2548 4186 munus;
2603 4128 2660 4176 et
2689 4121 2742 4175 in
2770 4133 3047 4193 segmento
3089 4140 3226 4195 pene
3276 4136 3456 4184 atomo
3498 4130 3596 4186 lta-

1991 4215 2164 4270 .Stultc
2193 4213 2396 4278 brevis,
2429 4215 2626 4270 sumite
2654 4217 3044 4273 monimentum
3091 4222 3374 4288 praesentis
3422 4230 3476 4277 et
3519 4224 3596 4294 pi-

2003 4322 2146 4376 gnus
2202 4315 2420 4361 aeterne
2463 4309 2673 4385 salutis.
2733 4308 2851 4364 Non
2892 4320 3206 4379 angustatur
3253 4312 3387 4368 ﬁdes
3417 4324 3596 4372 vestra

2006 4399 2314 4455 carnalibus
2335 4400 2504 4456 oculis
2537 4416 2699 4470 parva
2732 4403 3108 4468 cernentibus;
3138 4404 3233 4459 sed
3261 4406 3460 4461 intenta
3483 4409 3597 4464 acie

2007 4497 2173 4544 totam
2207 4490 2261 4544 in
2294 4489 2395 4545 hoc
2423 4488 2646 4544 minimo
2685 4491 2792 4544 vim
2822 4493 2996 4545 crucis
3018 4491 3220 4548 videat.
3251 4493 3386 4548 Dum
3416 4496 3597 4552 videro

309 4591 483 4647 Roma
514 4591 748 4663 Babylon
778 4591 1002 4656 dicatur,
1037 4591 1124 4646 ubi
1154 4591 1329 4648 adhuc
1359 4593 1410 4646 in
1442 4607 1501 4647 ea
1530 4594 1790 4663 gentilitia
1815 4598 1898 4651 vi-

2008 4595 2104 4636 vos
2126 4580 2373 4650 cogitatis
2400 4580 2598 4650 lignum
2633 4581 2786 4644 illud,
2822 4596 2928 4651 quo
2957 4583 3103 4637 salus
3123 4593 3326 4651 nostra,
3355 4600 3462 4657 quo
3492 4587 3596 4642 Do-

2010 4671 2185 4693 __2_---
2218 4670 2510 4693 _-!--a-n!-
2542 4671 2731 4693 ..ΡΩ---ιι
2795 4681 3052 4693 n-‘_.-__._
3079 4689 3196 4693 _--_,,
3223 4675 3269 4693 ιγ
3523 4681 3536 4693 ι

309 4693 458 4755 geret
490 4683 768 4753 impietas;
800 4682 926 4738 Sion
956 4691 1134 4738 autem
1164 4683 1214 4737 in
1247 4683 1522 4753 pluribus,
1577 4695 1760 4755 utpote
1782 4705 1901 4757 quae

310 4778 634 4833 Christianis
683 4776 1003 4842 abundaret,
1061 4778 1115 4831 in
1164 4776 1358 4846 quibus
1411 4778 1589 4832 cultus
1627 4779 1902 4848 religionis

311 4886 457 4927 verm
484 4871 739 4934 miraret;
774 4878 830 4922 ut
861 4869 1015 4937 plane
1043 4883 1107 4924 ex
1138 4870 1267 4923 tanti
1303 4868 1402 4924 viri
1429 4872 1695 4926 sententia
1723 4873 1902 4928 valeas

311 4963 616 5030 intelligere
645 4977 753 5032 quo
780 4975 939 5016 sensu
970 4975 999 5014 a
1041 4961 1249 5017 Joanne
1280 4962 1332 5016 in
1381 4962 1696 5033 Apocalypsi
1733 4963 1900 5021 Roma

310 5056 381 5111 sit
410 5053 650 5125 Babylon
682 5053 954 5108 nominata
977 5052 1018 5106 ‘.
1046 5051 1117 5106 At
1159 5051 1226 5108 de
1255 5052 1338 5107 his
1378 5054 1508 5109 satis
1540 5061 1685 5110 tonio
1729 5056 1902 5126 primo

313 5147 606 5204 Annalium
637 5154 813 5201 actum
844 5157 943 5202 est.

383 5238 489 5295 Sed
541 5238 608 5294 ad
654 5238 934 5292 Melaniam
987 5236 1270 5294 redeamus
1318 5254 1521 5310 :quam
1573 5254 1692 5296 cum
1741 5246 1820 5299 sic
1870 5260 1901 5300 a

253 5398 263 5407 ο
312 5332 535 5389 Paulino
569 5332 832 5388 laudatam
857 5332 1039 5400 vides,
1068 5347 1136 5388 ne
1174 5333 1382 5389 mireris
1409 5350 1424 5389 :
1450 5333 1533 5389 bis
1553 5334 1768 5404 quidem
1788 5339 1901 5408 ipsa

310 5435 477 5496 atque
503 5424 793 5495 majoribus
834 5425 992 5494 digna
1021 5424 1303 5494 praeconiis
1336 5425 1615 5481 videbatur
1659 5429 1903 5484 nescien-

221 5559 244 5589 γ
310 5518 460 5574 tibus
487 5515 650 5589 E35
672 5531 790 5587 quae
819 5517 999 5586 paucis
1024 5516 1240 5573 arbitris
1271 5519 1322 5574 in
1353 5518 1636 5576 Palaestina
1664 5538 1768 5577 non
1795 5533 1902 5580 tam

309 5611 382 5666 ab
400 5609 524 5676 ipsa
555 5622 712 5678 quam
738 5623 831 5678 per
860 5608 1030 5677 ipsam
1061 5624 1090 5662 a
1116 5609 1229 5664 suis
1253 5611 1521 5666 consociis
1541 5611 1609 5668 de
1639 5613 1905 5670 inducen-

309 5705 397 5760 dis
428 5704 482 5757 in
517 5699 811 5756 Ecclesiam
841 5700 1112 5756 erroribus
1139 5701 1406 5774 Origenis,
1441 5705 1743 5776 refragante
1775 5722 1901 5762 san-

309 5811 402 5852 cto
433 5795 780 5865 Hieronymo,
812 5808 874 5848 ac
903 5794 1116 5864 penitus
1143 5795 1422 5853 obnitente
1446 5808 1634 5855 sancto
1663 5801 1900 5872 Epipha-

2010 4671 2187 4726 minns
2218 4670 2513 4740 majestatis
2541 4671 2753 4738 afﬁxus,
2795 4681 3057 4728 tremente
3078 4675 3300 4743 mundo,
3330 4681 3591 4749 pepende-

2009 4765 2110 4831 rit;
2136 4764 2416 4821 exsultetis
2449 4780 2570 4820 cum
2623 4773 2855 4822 tremore
2898 4785 2910 4821 :
2969 4769 3313 4827 recordemur
3335 4783 3390 4829 et
3419 4783 3597 4844 petras

2008 4858 2162 4912 ﬁssas
2190 4857 2256 4910 ad
2298 4855 2459 4926 hujus
2490 4856 2738 4913 aﬂ‘ectum
2768 4859 2966 4926 crucis,
3016 4871 3071 4916 et
3115 4863 3306 4919 saltem
3345 4879 3596 4923 saxorum

2009 4949 2350 5005 aemulatione
2376 4950 2670 5018 praecordia
2693 4961 2876 5009 nostra
2909 4953 3174 5010 ﬁndamus
3205 4958 3395 5013 timore
3415 4958 3597 5018 divino

2008 5042 2275 5113 (Panthu,
2322 5043 2390 5096 ad
2416 5042 2618 5111 Seven,
2653 5046 2869 5115 epistola
2901 5048 3010 5118 ii),
3049 5067 3068 5101 ι
3095 5059 3202 5105 etc.

2080 5156 2234 5224 Quod
2265 5171 2478 5211 rursum
2499 5159 2566 5212 ad
2597 5158 2742 5216 idem
2779 5161 2980 5232 lignum
3004 5162 3364 5218 sanctissimae
3418 5165 3596 5222 crucis

2009 5247 2288 5304 aMelania
2321 5248 2546 5305 Paulino
2594 5249 2777 5306 datum
2807 5261 3033 5323 spectat,
3077 5254 3266 5322 ingens
3319 5255 3479 5325 plane
3527 5271 3593 5313 ex

2005 5341 2126 5414 ipso
2155 5343 2380 5412 contigit
2408 5343 2497 5399 edi
2525 5345 2867 5410 miraculum,
2909 5360 3031 5399 cum
3057 5345 3308 5402 incendio
3333 5348 3596 5416 ﬂagrante

2007 5436 2132 5492 ieno
2158 5434 2354 5492 referta
2374 5450 2517 5504 casa,
2545 5437 2597 5492 in
2623 5437 2831 5491 Paulini
2860 5436 3029 5506 ipsius
3058 5437 3343 5507 hospitium
3369 5455 3594 5499 conver-

2011 5541 2068 5582 sa
2096 5528 2310 5584 ﬂamma
2339 5540 2532 5585 cuncta
2554 5530 2756 5600 impetu
2785 5530 3019 5585 violento
3042 5531 3383 5602 depascente,
3414 5537 3596 5594 oblato

2011 5623 2081 5676 ab
2110 5623 2228 5692 ipso
2250 5623 2424 5692 globis
2447 5624 2616 5693 igneis
2648 5623 2836 5679 eodem
2865 5625 3006 5696 ligno
3028 5629 3203 5685 crucis
3225 5670 3240 5696 ,
3288 5633 3591 5689 incendium

2011 5716 2252 5782 protinus
2283 5714 2557 5780 resilierit,
2611 5723 2771 5787 atque
2800 5717 3012 5787 penitus
3059 5722 3378 5780 exstinctum
3410 5725 3589 5783 fuerit.

2007 5805 2162 5873 Quod
2187 5807 2361 5876 ipsum
2385 5816 2640 5877 perpetua
2664 5809 2923 5866 memoria
2954 5817 3376 5873 consecrandum
3426 5819 3590 5877 mirao

385 5917 402 5935 ⁰
434 5910 566 5966 Vide
595 5911 698 5968 hoc
724 5910 1054 5981 explicatum
1079 5912 1132 5968 in
1164 5911 1306 5968 notis
1337 5911 1625 5984 Bosweydi
1650 5914 1717 5971 ad
1738 5919 1896 5988 epist.
1943 5919 2010 5978 to
2027 5918 2255 5986 Paulini,
2284 5928 2338 5976 et
2367 5919 2681 5993 Anticapelli
2711 5922 2848 5994 ejus,
2879 5937 2930 5981 c.
2961 5923 3014 5980 5.
