4162 6352
568 345 672 402 727

1706 345 1796 402 DE
1838 342 2019 400 VlTlS
2057 341 2344 400 PATRUM
2383 342 2589 401 LIBER
2631 343 2696 401 ll.

3744 357 3857 413 728

568 462 801 535 collega,
832 475 939 518 non
980 471 1157 517 tamen
1199 468 1258 517 ut
1294 459 1558 530 gloriosus
1589 468 1746 514 terra:
1773 458 1876 513 alta
1908 464 2153 526 saperet;
2189 459 2228 514 Δ
2263 453 2444 512 Africa
2474 459 2580 514 vita
2627 459 2868 518 functum
2899 461 3151 521 diximus.
3179 464 3446 523 Caeterum
3493 475 3551 523 et
3596 466 3736 525 ﬁlias
3776 469 3859 526 illi

567 559 670 617 sed
696 568 751 615 et
793 557 990 614 Christi
1017 557 1281 626 perlectus
1310 554 1568 620 imitator,
1611 553 1904 608 humilibus
1927 566 2156 607 consen-

566 651 719 718 tiret,
747 659 802 706 et
850 659 959 704 tota
989 650 1150 704 etiam
1193 647 1283 704 die
1311 649 1554 704 misereri
1592 655 1647 702 et
1671 645 2011 702 commodare
2036 659 2158 714 per-

565 745 784 803 sisteret
817 741 994 812 (Rom.
1026 740 1148 808 xu).
1197 742 1354 798 Unde
1399 752 1454 796 et
1490 756 1674 798 semen
1705 741 1821 810 ejus
1868 749 2058 809 potens
2103 737 2156 791 in

568 848 713 896 terra
761 838 956 892 factum
1001 849 1084 893 est
1130 836 1300 907 (Psal.
1343 837 1532 906 xxxvr)
1581 836 1718 892 inter
1756 849 1850 890 eos
1879 833 1969 905 qui
2000 841 2158 888 terrae

486 942 490 948 '
565 933 737 989 fortes
767 931 986 986 nimium
1022 931 1211 986 elevati
1240 939 1365 984 sunt
1394 929 1564 1000 (Psal.
1597 927 1780 998 XLVI);
1817 937 1876 983 ut
1901 929 2062 981 etiam
2091 925 2159 981 de

484 1037 500 1072 si
567 1024 880 1081 beatissima
913 1022 1124 1077 familiae
1152 1038 1214 1078 ac
1231 1025 1424 1078 domus
1443 1022 1558 1091 ejus
1584 1018 1890 1076 visitatione
1916 1026 2156 1075 sanctum

564 1116 803 1175 hominis
833 1117 1084 1171 meritum
1126 1116 1415 1171 reveletur.
1448 1114 1720 1170 Generatio
1748 1113 1963 1185 (inquit)
1995 1123 2159 1166 recto-

567 1225 686 1264 rum
716 1209 1035 1263 benedicetur
1060 1206 1233 1278 (Psal.
1259 1207 1395 1277 CXI);
1429 1206 1594 1278 gloria
1620 1221 1726 1259 non
1750 1205 1968 1270 caduca,
2003 1211 2056 1258 et
2077 1203 2158 1257 di-

568 1303 713 1360 vitiae
742 1319 847 1359 non
881 1304 1121 1359 labentes
1152 1303 1206 1358 in
1237 1304 1398 1358 domo
1437 1303 1584 1372 ejus;
1618 1302 1809 1359 domus
1838 1318 1958 1372 quae
1987 1285 2158 1357 aedili;

567 1407 722 1454 catur
751 1400 802 1453 in
830 1398 985 1454 cmlis
1016 1412 1121 1452 non
1152 1398 1335 1452 labore
1360 1413 1632 1465 manuum,
1661 1398 1754 1453 sed
1783 1412 2002 1467 operum
2034 1412 2156 1452 san-

565 1492 772 1548 ctitate.
809 1491 916 1549 Sed
940 1505 1094 1546 cesso
1120 1492 1269 1560 plura
1297 1491 1364 1546 de
1389 1493 1650 1546 memoria
1681 1501 1786 1545 tam
1814 1489 1996 1546 dilecti
2031 1488 2158 1544 mihi

567 1600 728 1656 quam
760 1584 938 1640 devoti
969 1583 1181 1638 Christo
1209 1583 1442 1637 hominis
1487 1598 1760 1648 enarrare,
1793 1597 1914 1638 cum
1943 1591 1997 1638 et
2023 1597 2159 1652 prmo

564 1677 710 1733 stitis
749 1676 942 1732 litteris
973 1691 1078 1730 non
1108 1689 1274 1744 pauca
1315 1689 1475 1742 super
1504 1689 1570 1729 eo
1602 1689 1850 1730 narrasse
1897 1689 1980 1728 me
2009 1689 2161 1743 repe-

567 1775 702 1834 tam,
751 1777 804 1824 et
853 1768 983 1823 nihil
1036 1767 1234 1836 possim
1265 1765 1333 1821 de
1363 1766 1518 1820 beata
1565 1765 1722 1835 hujus
1772 1766 1864 1821 lilii
1892 1776 2062 1822 matre
2108 1776 2162 1822 et

565 1870 871 1919 sanctorum
909 1869 1060 1929 patre
1100 1859 1278 1913 radice
1305 1873 1574 1914 ramorum
1602 1859 1825 1915 Melanio
1853 1861 2042 1915 melius
2068 1869 2161 1915 aut

565 1954 803 2008 sanctius
833 1952 1149 2023 praedicare,
1203 1966 1360 2022 quam
1391 1953 1645 2008 sanctitas
1693 1961 1781 2007 tua
1810 1955 1861 2008 in
1891 1969 2006 2008 eam
2041 1969 2162 2041 pro:

2268 548 2433 607 fuisse
2450 557 2767 621 superstites
2779 570 2897 611 cum
2921 556 3269 630 Jeroselymis
3293 559 3513 614 Romam
3532 559 3713 631 rediit,
3736 575 3861 617 san-

2267 651 2386 698 ctus
2416 643 2670 700 Paulinus
2699 655 2923 703 testatur
2945 647 3072 704 dum
3102 649 3171 706 de
3202 649 3393 706 iisdem
3422 667 3619 724 magna
3659 667 3861 724 pompa

2265 737 2422 792 matri
2468 740 2872 797 occurrentibus
2918 755 3221 798 sermonem
3279 743 3439 801 habet
3480 745 3746 814 (Pauliu.
3784 746 3857 800 ad

2262 826 2469 898 Seven,
2499 831 2717 901 epistola
2745 831 2877 903 l0).
2902 832 3071 889 Porro
3095 835 3337 892 Melaniae
3359 835 3484 892 huic
3503 836 3637 902 lilio,
3657 837 3728 892 de
3747 852 3858 908 quo

2261 922 2489 993 agimus,
2524 941 2747 982 uxorem
2793 928 2958 984 fuisse
3005 929 3254 985 Albinam
3303 930 3557 999 nomine,
3584 932 3861 991 Palladius

2263 1015 2425 1071 tradit
2464 1015 2724 1086 (Pallad.,
2753 1018 2807 1072 in
2838 1019 3131 1090 Lamina),
3165 1024 3308 1092 quod
3355 1034 3411 1080 et
3457 1039 3557 1080 nos
3607 1027 3860 1097 superius

2261 1110 2516 1166 diximus.
2549 1111 2655 1167 Sed
2700 1114 2754 1168 in
2784 1129 2850 1169 eo
2891 1116 3111 1171 omnino
3141 1116 3434 1173 Palladium
3461 1119 3581 1189 jure
3608 1121 3860 1177 correxi-

2261 1218 2382 1259 mus
2412 1219 2481 1259 ex
2512 1204 2735 1262 Paulino
2765 1217 2819 1263 et
2845 1209 3166 1279 Augustino,
3197 1210 3326 1267 dum
3375 1213 3450 1268 ait
3497 1213 3661 1269 lilium
3714 1213 3862 1271 hunc

2261 1297 2502 1354 senioris
2540 1298 2779 1356 Melania:
2829 1302 2986 1358 valde
3026 1303 3278 1374 juvenem
3330 1317 3573 1362 secutum
3627 1317 3860 1364 matrem

2263 1392 2431 1448 fuisse
2456 1393 2512 1447 in
2541 1392 2778 1449 Siciliam
2809 1409 2978 1465 usque
2997 1438 3012 1463 ,
3039 1413 3159 1454 cum
3187 1415 3432 1470 regressa
3461 1401 3550 1455 illa
3579 1409 3664 1456 est
3703 1400 3860 1456 εἰει-ος

2263 1485 2559 1555 solymam;
2594 1500 2714 1540 nam
2746 1501 2812 1542 ex
2844 1486 2927 1542 his
2951 1504 3070 1558 qua:
3093 1489 3233 1545 dicta
3263 1499 3388 1545 sunt
3419 1491 3553 1545 satis
3582 1491 3750 1560 liquet
3772 1492 3860 1562 ip-

2262 1589 2378 1631 sum
2411 1586 2634 1632 matrem
2665 1588 2905 1634 secutum
2955 1581 3009 1636 in
3037 1580 3270 1637 Africam
3291 1623 3307 1649 ,
3333 1582 3513 1653 ibique
3539 1582 3682 1639 diem
3711 1585 3863 1640 clauc

2264 1672 2400 1726 sisse
2429 1681 2749 1727 extremum.
2776 1671 2882 1728 Sed
2911 1681 2967 1727 et
2997 1673 3129 1730 illud
3161 1674 3327 1746 (quod
3351 1675 3570 1746 majoris
3599 1679 3861 1735 momenti

2264 1766 2372 1834 est)
2402 1765 2554 1834 cujus
2589 1779 2752 1820 causa
2781 1764 2896 1821 lucc
2925 1767 3202 1822 notissima
3231 1782 3301 1824 ex
3348 1768 3570 1825 Paulino
3614 1770 3682 1826 de
3711 1770 3861 1827 obitu

2266 1859 2363 1915 lilii
2405 1860 2645 1916 Melaniae
2672 1861 3007 1916 recensuisse
3053 1859 3356 1926 voluimus;
3389 1861 3528 1930 quod
3571 1876 3692 1917 cum
3740 1862 3859 1932 ipsa

2267 1953 2370 2007 hoc
2400 1963 2642 2022 tempore
2665 1951 2834 2006 sancti
2862 1950 3144 2022 Augustini
3174 1961 3334 2021 atque
3355 1950 3561 2007 Paulini
3586 1954 3862 2022 preconio

564 2045 672 2102 fari
702 2045 867 2117 5,39
907 2053 961 2099 et
987 2044 1260 2115 disputare
1285 2046 1498 2116 dignata
1532 2057 1643 2113 est;
1673 2056 1729 2101 ut
1759 2049 1879 2118 quia
1920 2063 2018 2118 ego
2046 2063 2163 2117 pec-
2193 2062 2242 2123 Β
2267 2043 2577 2108 extollatur,
2612 2051 2924 2112 argumento
2954 2056 3074 2097 esse
3107 2042 3277 2111 ipsam
3309 2043 3544 2098 maculas
3575 2044 3693 2100 illas
3742 2061 3861 2116 qua:

566 2147 718 2196 calor
747 2138 1020 2194 immunda
1051 2138 1190 2192 labia
1217 2137 1440 2206 habens,
1473 2139 1608 2194 nihil
1637 2139 1854 2210 dignum
1887 2142 2030 2211 loqui
2058 2157 2154 2214 po-

565 2239 790 2292 tueram,
817 2239 874 2284 ut
897 2230 1214 2300 longinquus
1239 2245 1266 2283 a
1292 2230 1499 2286 meritis
1527 2230 1650 2286 ﬁdei
1683 2229 1821 2300 ejus,
1855 2233 2154 2302 animaeque

565 2321 871 2389 virtutibus,
906 2330 959 2375 tu
987 2321 1077 2375 ille
1116 2322 1198 2376 vir
1221 2321 1420 2377 Christi
1447 2323 1638 2377 doctor
1667 2323 1718 2378 in
1750 2323 1986 2379 Ecclesia
2019 2328 2152 2380 veri~

565 2415 712 2482 tatis,
763 2423 1084 2484 procurante
1122 2415 1174 2469 in
1206 2415 1396 2471 melius
1427 2415 1523 2471 Dei
1553 2417 1742 2485 gratia,
1776 2417 2041 2488 parareris
2084 2419 2159 2473 di-

563 2507 722 2576 gnior
746 2514 853 2560 tam
885 2507 1055 2561 virilis
1085 2507 1138 2561 in
1161 2507 1376 2562 Christo
1401 2508 1591 2561 animae
1623 2508 1961 2577 praedicator,
1993 2511 2081 2580 qui
2106 2520 2161 2566 et

565 2606 800 2655 utentem
827 2599 944 2668 ejus
971 2599 1155 2654 divina
1185 2599 1378 2655 virtute
1409 2600 1672 2654 ﬁrmatam
1703 2603 1785 2672 (ut
1808 2601 1940 2672 dixi)
1971 2603 2158 2669 spiritu

565 2705 817 2760 proptere
839 2691 1204 2760 conSpiceres,
1229 2699 1282 2746 et
1305 2690 1527 2744 mixtam
1551 2705 1670 2745 cum
1690 2692 1884 2747 virtute
1907 2693 2157 2760 pietatem

565 2781 778 2850 eloquio
821 2783 1067 2851 digniore
1099 2782 1364 2837 laudares.
1398 2802 1417 2836 ι
1474 2783 1746 2839 Hactenus
1797 2783 2053 2842 Paulinus
2094 2786 2160 2842 de

565 2873 791 2928 Melania
823 2874 1006 2929 orbata
1041 2874 1168 2929 lilio.

638 2968 790 3036 Quod
821 2983 951 3024 vero
983 2969 1048 3023 ad
1076 2969 1304 3023 senioris
1335 2968 1575 3024 Melania:
1606 2969 1742 3025 lilios
1774 2971 2013 3040 reliquos
2036 2987 2161 3043 spe-

566 3068 696 3127 ctat,
723 3063 833 3129 jam
865 3059 1096 3116 diximus
1139 3061 1275 3116 duos
1319 3076 1383 3116 ex
1432 3060 1511 3116 eis
1553 3077 1658 3116 uno
1703 3063 1869 3119 l‘erme
1919 3073 2161 3134 tempore

567 3167 691 3209 cum
721 3163 869 3221 patre
907 3168 1030 3208 esse
1079 3153 1341 3222 sepultos,
1375 3153 1585 3210 unicum
1638 3165 1812 3210 autem
1864 3159 2157 3214 masculum

567 3254 773 3300 tantum
803 3245 850 3300 ei
881 3246 1123 3301 relictum
1149 3246 1334 3315 fuisse,
1366 3263 1523 3316 quem
1546 3247 1934 3320 Jerosolymam
1967 3250 2160 3320 petitu-

567 3353 629 3394 ra
657 3339 839 3394 Romae
867 3339 1148 3410 reliquisse
1169 3381 1184 3405 ,
1215 3349 1431 3396 sanctus
1463 3341 1819 3412 Hieronymus
1863 3355 2049 3398 auctor
2077 3355 2160 3400 est

2265 2137 2314 2192 ei
2345 2152 2409 2192 ex
2438 2135 2736 2206 patrocinio
2759 2135 3004 2208 Origenis
3026 2149 3269 2190 errorum
3294 2135 3616 2193 inhaeserant
3637 2138 3856 2209 penitus

2261 2230 2499 2294 diluisse,
2528 2239 2808 2299 postquam
2830 2229 2940 2299 jam
2969 2229 3088 2285 illos
3109 2228 3296 2285 Romae
3317 2230 3385 2286 ab
3409 2229 3854 2303 Anastasio;papa

2263 2334 2318 2380 et
2349 2322 2511 2378 Italia:
2563 2322 2934 2394 episcoporum
2987 2322 3217 2378 concilio
3263 2323 3501 2378 damnari
3553 2326 3861 2396 comperiit.

2262 2415 2528 2470 Caeterum
2577 2430 2698 2470 cum
2731 2415 2752 2481 (
2763 2424 2820 2468 ut
2862 2413 3061 2469 dictum
3090 2413 3204 2483 est)
3245 2414 3360 2484 ipsa
3409 2415 3634 2471 Melania
3678 2418 3862 2474 senior

2263 2524 2422 2580 quam
2446 2508 2606 2563 citius
2631 2508 2816 2563 orbata
2839 2506 2947 2562 lilio
2968 2507 3296 2577 navigaverit
3321 2506 3741 2580 Jerosolymam,
3769 2511 3861 2579 qui

2265 2610 2668 2670 remanserunt,
2697 2601 2945 2655 Pinianus
2967 2609 3022 2655 et
3042 2599 3194 2668 socii,
3220 2614 3341 2657 esse
3364 2601 3556 2656 morati
3582 2603 3634 2656 in
3660 2602 3861 2668 Africa,

2267 2693 2322 2750 in
2346 2693 2493 2748 Actis
2516 2691 2758 2748 Melaniae
2774 2692 3006 2762 iunioris
3021 2690 3325 2748 traduntur.
3349 2691 3476 2748 lude
3495 2708 3621 2748 vero
3641 2695 3862 2750 eosdem

2266 2785 2537 2857 profectos
2567 2799 2687 2841 esse
2718 2784 3128 2850 Alexandriam,
3161 2802 3226 2842 ac
3252 2796 3440 2858 postea
3469 2787 3862 2859 Jerosolymam

2265 2879 2641 2944 concessisse,
2699 2878 2884 2947 liquet.
2943 2877 3170 2933 Melania
3224 2887 3403 2934 autem
3450 2880 3635 2934 senior
3664 2879 3864 2951 (inquit

2267 2967 2558 3040 Palladius)
2590 2983 2712 3022 cum
2736 2967 3125 3039 Jerosolymam
3158 2969 3514 3038 pervenisset,
3544 2970 3685 3024 intra
3730 2985 3863 3039 qua~

2263 3062 2507 3133 dragiuta
2537 3060 2653 3114 dies
2683 3073 2750 3113 ex
2778 3059 2880 3112 hac
2900 3058 3006 3113 vita
3035 3058 3304 3131 migravit,
3327 3067 3382 3114 et
3404 3060 3483 3132 (ut
3509 3075 3604 3128 par
3633 3071 3719 3115 est
3748 3073 3864 3114 cre-

2263 3155 2416 3225 dere)
2446 3155 2556 3224 jam
2587 3163 2712 3208 ante
2759 3152 3103 3206 reconciliata
3152 3163 3342 3209 sancto
3389 3152 3742 3224 Hieronymo,
3774 3153 3863 3224 qui

2263 3251 2336 3306 ibi
2365 3259 2418 3305 et
2451 3245 2898 3319 peregrinationis
2928 3244 3042 3315 ejus
3074 3247 3234 3302 sociis
3263 3255 3318 3303 et
3342 3249 3760 3320 consanguineis
3791 3249 3862 3303 la-

2263 3341 2630 3398 miliarissime
2657 3352 2785 3393 usus
2807 3352 2926 3392 esse
2951 3336 3183 3403 videtur,
3213 3348 3268 3395 et
3290 3356 3356 3395 ex
3386 3341 3503 3410 ejus
3524 3343 3590 3395 ad
3615 3342 3861 3412 Augusti~

569 3427 770 3497 (Hier,
805 3430 1020 3499 epistola
1063 3430 1190 3501 25),
1224 3433 1469 3488 huncuue
1520 3433 1691 3503 ipsum
1737 3450 1857 3492 esse
1895 3453 2053 3506 quem
2103 3440 2158 3496 in
2185 3459 2232 3522 ρ
2265 3451 2392 3490 num
2432 3431 2658 3504 epistola
2688 3429 2911 3498 intelligi
2943 3438 3123 3500 potest
3154 3429 3421 3502 (Hieron.,
3453 3434 3607 3503 epist.
3642 3432 3755 3500 79).

1849 3600 2221 3662 ROSWEYDI
2258 3597 2580 3660 NOTATIO.

637 3707 961 3789 memineris,
998 3711 1185 3776 lector,
1238 3711 1522 3789 Danuuium
1543 3753 1567 3789 ,_
1592 3714 1832 3789 cum-hie
1861 3719 2056 3781 passim
2091 3718 2316 3776 Palladii
2344 3710 3021 3789 Lausiacam__c_i_t_at,.ust_tnm
3045 3719 3168 3761 esse
3192 3704 3427 3789 editione
3457 3706 3664 3789 Aloysii
3693 3707 3854 3781 Lipo-

565 3780 888 3859 mani,__qu_;e_
916 3790 1273 3859 exsta_t_tomo_
1299 3783 1418 3859 ejus
1444 3783 1511 3837 lll
1538 3778 1604 3859 de
1637 3783 1767 3859 Vitis
1795 3778 2112 3843 Sanctorum
2135 3833 2149 3855 ,
2179 3789 2424 3846 Venetiis
2454 3797 2595 3840 anno
2633 3781 2808 3859 i_5__5}_,
2841 3778 2981 3859 {94°
3009 3778 3428 3859 impresﬁooﬂlﬁ
3458 3786 3643 3859 ιβιιυε
3677 3778 3861 3859 Pelii)?

563 3865 691 3924 [om
722 3846 1037 3924 dissidetab
1069 3846 1361 3907 Heraclidis
1387 3853 1664 3919 Paradiso,
1699 3857 1959 3924 impresso
1987 3846 2204 3917 in-folio
2233 3859 2455 3917 Parisiis
2480 3869 2623 3910 anno
2647 3846 2807 3924 15974.
2843 3849 3080 3924 utroque
3111 3846 3278 3902 multo
3300 3847 3560 3924 integrior
3580 3846 3864 3924 est‘editio

565 3919 789 4000 Palladii
822 3939 916 4000 per
937 3922 1258 3979 Geutianum
1293 3925 1580 3980 Hervetum
1612 3919 1830 3982 Parisiis
1860 3943 2002 3984 anno
2029 3931 2189 4000 1555,
2219 3931 2383 3999 in-.£°,
2407 3933 2682 3984 accurata.
2706 3923 2840 3977 Vide
2863 3920 3309 3990 Prolegomenum
3338 3921 3587 3989 generale
3615 3919 3707 3988 14,
3741 3934 3864 3980 ante

565 3992 800 4059 primum
829 3993 1041 4048 librum.

643 4062 721 4136 (ᾳ)
751 4062 938 4136 Rugini
966 4075 1010 4117 el
1042 4065 1333 4136 Melinum]
1369 4067 1626 4122 Baronius
1659 4069 1855 4134 passim
1881 4069 2080 4126 Rufl‘tni
2111 4082 2166 4127 et

577 4133 821 4215 Melania:
840 4133 1335 4215 peregrinationem
1377 4141 1620 4215 eamdem
1657 4133 1803 4215 facit.
1832 4139 1985 4215 Quod
2013 4144 2165 4215 equi-

566 4204 690 4259 dem
710 4204 890 4281 nescio
903 4219 970 4258 an
981 4207 1200 4261 omnino
1224 4208 1434 4276 probari
1453 4209 1636 4281 possit.
1655 4209 1788 4281 Cum
1809 4204 1952 4281 enim
1979 4212 2168 4281 triplex

565 4289 754 4347 eorum
773 4275 1052 4347 conjuncta
1069 4275 1329 4347 statuatur
1345 4280 1721 4347 peregrinatio,
1742 4280 1912 4347 primo
1933 4275 2097 4337 Houia
2118 4285 2170 4338 in

565 4345 882 4419 Egyptum,
906 4346 1027 4400 inde
1044 4363 1106 4400 ex
1122 4345 1353 4418 JEgypto
1363 4345 1772 4419 Jero'solymani,
1790 4355 1944 4407 tertio
1957 4355 2172 4409 .leroso-

565 4416 709 4488 lyma
727 4416 969 4490 Romam,
990 4433 1145 4490 quam
1172 4416 1358 4487 postea
1381 4416 1620 4490 sequitur
1641 4423 1807 4476 solius
1829 4425 2064 4479 Melaniae
2087 4442 2171 4482 re-

2273 4073 2329 4127 in
2363 4072 2596 4143 Egypto
2616 4073 2893 4143 versatum
2921 4061 3171 4143 credidit.
3203 4061 3321 4143 sine
3353 4070 3489 4143 teste
3533 4061 3582 4116 id
3612 4065 3861 4143 credidit,

2274 4153 2334 4198 ut
2361 4132 2696 4197 infra'fusius
2725 4136 2778 4192 in
2811 4135 2958 4191 hisce
2989 4132 3381 4198 notationibus,
3412 4132 3584 4188 littera
3612 4133 3653 4202 Ι,
3683 4135 3864 4192 decla-

2275 4214 2498 4352 maqu
2525 4282 2570 4336 si
2603 4279 2786 4352 Plures
2813 4292 2981 4334 annos
3013 4273 3291 4352 Μθὲθηίδη)
3317 4275 3604 4352 “ama-sin
3635 4278 3866 4352 mgypm

2277 4345 2550 4412 veratam
2577 4345 2739 4422 (quod
2768 4365 2833 4404 an
2865 4345 3343 4422 statuendum‘sit,
3371 4345 3638 4422 videbitur
3674 4345 3865 4422 littera

2281 4437 2321 4492 ι,
2351 4435 2479 4480 tunc
2508 4416 2644 4478 forte
2673 4421 2964 4492 existimari
2999 4418 3191 4492 possit_
3211 4416 3478 4492 Bullinum
3505 4427 3561 4471 et
3585 4418 3865 4477 Melaniam

566 4489 1369 4568 gressusJerosolymam,certe
1387 4488 1556 4568 prima
1570 4494 1925 4562 peregrinatio
1940 4497 2164 4564 conjun-
2192 4509 2245 4568 1)
2277 4488 2438 4553 simul
2468 4497 2632 4568 Roma
2664 4493 2719 4546 in
2750 4491 3039 4568 {Egyptum
3063 4489 3309 4568 solvisse.
3329 4488 3479 4568 Quod
3505 4498 3682 4545 tamen
3706 4509 3864 4562 quam

567 4570 674 4623 eta,
707 4570 764 4634 ut
792 4575 910 4614 eam
951 4560 1218 4634 Baronius
1242 4563 1456 4634 statuit,
1489 4572 1631 4617 stare
1660 4560 1764 4618 non
1793 4576 1990 4634 potest.
2027 4560 2159 4622 Nam

568 4646 689 4703 cum
719 4629 830 4703 ipse
860 4631 1221 4703 aunuChristi
1251 4632 1375 4698 37:2,
1410 4633 1616 4687 Damasi
1649 4629 1807 4703 papa:-
1828 4634 1859 4687 6
1879 4678 1891 4699 ,
1922 4635 2161 4693 Valentis

566 4701 704 4767 imp.
731 4699 786 4774 ξ),
836 4716 901 4774 ex
934 4700 1172 4774 Palladio
1218 4704 1450 4774 colligat,
1505 4699 1783 4760 Melanium
1827 4722 1934 4761 non
1985 4710 2088 4762 nisi
2129 4712 2162 4762 8

567 4772 845 4844 x_nen_sibus
890 4773 940 4823 in
976 4773 1209 4842 Aigypto
1259 4772 1558 4843 versatam,
1592 4777 1826 4844 velitque
1871 4779 1994 4832 inde
2037 4795 2159 4834 eum

564 4839 786 4916 Bul‘ﬁno
811 4839 1204 4916 Jernsoly’tnam
1232 4839 1648 4916 commigrasse;
1676 4839 1921 4903 Rullinus
1941 4862 2120 4904 autem
2141 4893 2158 4916 ,

565 4912 828 4992 invectiva
870 4912 905 4964 ‘2
933 4912 1172 4992 (ut’ltie,
1208 4916 1383 4992 littera
1418 4912 1466 4982 ι’,
1497 4918 1844 4989 exhibemus)
1892 4935 1950 4974 se
1995 4912 2162 4992 440

568 4985 772 5060 scribat
796 4998 888 5060 sex
913 4986 1067 5060 anuis
1091 4986 1428 5060 Alexandriae
1450 4999 1714 5042 versatum
1739 5007 1752 5051 ;
1773 4985 2164 5060 sequitur'H'uT-

568 5054 735 5128 linum
764 5057 848 5108 vel
880 5057 1083 5128 autehin
1118 5057 1404 5128 [Egyptum
1433 5060 1666 5123 venisse,
1698 5059 1743 5113 si
1772 5054 1890 5128 post
1919 5062 2162 5116 Melania:

566 5126 936 5198 octimestrem
976 5126 1188 5198 zEgypti
1224 5126 1595 5185 lustrationem
1625 5146 1744 5184 cum
1775 5126 1960 5187 eadem
2008 5133 2163 5187 Jero—

566 5196 828 5270 solymam
860 5196 1157 5259 concessit;
1193 5201 1274 5254 vel
1306 5210 1450 5255 certe
1478 5203 1632 5254 annis
1660 5201 1880 5270 aliquot,
1912 5203 2164 5260 videlicet

566 5269 806 5340 quinque
833 5285 953 5324 cum
986 5279 1213 5340 quatuor
1239 5271 1511 5324 mensibus
1539 5269 1814 5325 Melaniam
1847 5273 1911 5326 ad
1944 5273 2162 5329 ieroso-

569 5339 886 5408 lymitauam
916 5339 1399 5410 peregrinationem
1429 5352 1688 5397 secutum.

643 5410 796 5464 Nunc
822 5426 955 5484 vero
980 5422 1128 5467 certo
1165 5421 1462 5484 constat_ex
1494 5413 1837 5484 Hieronymo,
1867 5414 2008 5484 quod
2031 5414 2161 5469 Buf-

569 5479 710 5554 ﬁnus
740 5491 794 5535 et
820 5481 1040 5537 Melania
1070 5484 1230 5538 simul
1259 5499 1322 5537 ex
1345 5481 1576 5554 Arigypto
1596 5479 1988 5554 Jerosolymam
2012 5500 2162 5540 com-

575 5549 896 5618 migrarunt.
939 5553 1113 5618 Quare
1155 5557 1199 5609 si
1229 5549 1606 5610 Melani'a'octo
1638 5549 1839 5609 tantum
1888 5557 2163 5611 mensibus

569 5633 636 5674 ex
672 5621 1178 5702 Baronii‘seutentia
1208 5627 1259 5680 in
1292 5626 1526 5698 Egypto
1553 5627 1726 5690 Iussit,
1761 5625 2001 5702 Bullinus
2032 5643 2163 5682 vero

537 5705 548 5736 .'
570 5705 671 5767 sex
702 5693 858 5767 annis
886 5693 1226 5767 Alexandria:
1253 5693 1498 5753 versatus
1529 5706 1633 5765 est,
1663 5698 1902 5767 sequitur
1929 5713 2026 5754 eos
2056 5713 2164 5754 non

571 5762 736 5840 simul
768 5765 1254 5840 peregrinationem
1277 5762 1645 5840 Egyptiacam
1669 5762 1986 5825 instituisse.
2010 5769 2164 5837 Quod

573 5833 620 5892 si
654 5832 916 5890 Baronius
945 5842 1068 5892 octo
1093 5845 1298 5894 tantum
1342 5832 1617 5896 mensibus
1649 5839 1918 5897 Bullinum
1952 5832 2165 5910 quoque

2268 4568 2442 4623 solide
2470 4563 2763 4620 existimari
2796 4559 2965 4632 possit
2996 4559 3230 4614 nondum
3260 4560 3439 4632 video.

2345 4638 2453 4694 Nec
2483 4636 2636 4692 tertia
2666 4630 2866 4689 Rulﬁni
2897 4641 2952 4688 et
2982 4632 3239 4702 Melania)»
3255 4630 3434 4698 juncta
3476 4635 3862 4702 peregrinatio,

2271 4725 2373 4776 qua
2401 4708 2562 4764 simul
2588 4706 2837 4760 dicuntur
2857 4703 3190 4776 Jerosolyma
3217 4700 3440 4776 Humum
3469 4700 3718 4771 proiecti,
3744 4700 3862 4760 om;

2269 4772 2395 4835 uino
2428 4787 2599 4841 certa,
2630 4785 2688 4831 ut
2719 4786 2840 4846 post
2869 4772 3192 4846 videbimus,
3219 4772 3320 4846 litt.
3349 4773 3429 4846 bii.

2339 4853 2513 4918 Quare
2543 4848 2610 4903 de
2633 4844 2743 4902 sola
2771 4845 3004 4918 secunda
3027 4844 3252 4918 iunctim
3281 4844 3518 4899 instituta
3550 4848 3862 4918 peregrina-

2267 4916 2432 4984 tione,
2466 4933 2659 4991 quaex
2692 4918 2926 4991 Egypto
2955 4916 3349 4991 .lerosolymam
3394 4918 3460 4969 ad
3504 4916 3716 4991 stativa:
3745 4935 3864 4991 ere;

2267 4994 2448 5047 mitica
2477 4987 2892 5060 contenderunt,
2916 4995 3127 5060 certum
3153 4987 3598 5060 divillieronymi
3633 4990 3797 5060 epist.
3833 4989 3864 5042 5

2267 5065 2332 5116 ad
2365 5062 2690 5116 Florentium
2718 5059 2978 5112 habemus
3009 5057 3394 5112 testimonium.

2344 5132 2418 5204 (ὸ)
2445 5128 2694 5204 Li_lteraz.]
2720 5130 2964 5194 Hieron.,
2991 5130 3150 5197 epist.
3175 5126 3238 5183 Al
3266 5128 3331 5182 ad
3355 5129 3627 5204 Bullinum
3659 5151 3672 5185 :
3706 5151 3725 5184 ‹
3760 5137 3864 5187 Au-

2268 5201 2360 5258 dio
2389 5201 2441 5257 te
2471 5201 2690 5272 IEgypti
2723 5209 2927 5272 secreta
2963 5208 3264 5272 penetrare,
3298 5201 3685 5272 monachorum
3719 5205 3862 5258 invi-

2266 5289 2390 5330 sere
2413 5269 2629 5334 choros,
2653 5281 2708 5324 et
2724 5271 2996 5326 cmleslem
3022 5270 3072 5324 in
3097 5269 3257 5324 terris
3276 5270 3562 5327 circumire
3579 5273 3863 5329 familiam.

2267 5346 2449 5400 Prima
2478 5343 2734 5409 inopinati
2765 5341 2943 5410 gaudii
2975 5341 3044 5395 ab
3076 5339 3364 5396 Heliodoro
3394 5341 3559 5398 fratre
3609 5345 3742 5398 mibi
3785 5355 3865 5402 est

2267 5417 2508 5471 nuntiata
2532 5413 2777 5467 felicitas.
2800 5411 2914 5466 Non
2937 5410 3223 5484 credebam
3247 5421 3476 5484 certum,
3495 5415 3636 5484 quod
3655 5426 3864 5471 certum

2267 5501 2389 5542 esse
2417 5484 2694 5553 cupiebam
2715 5525 2730 5548 ,
2763 5482 3060 5553 przesertim
3092 5496 3215 5553 cum
3247 5492 3300 5537 et
3327 5483 3419 5540 ille
3447 5482 3523 5539 ab
3541 5487 3651 5541 alio
3679 5502 3741 5542 se
3772 5503 3865 5540 au-

2267 5559 2414 5611 disse
2441 5551 2664 5619 diceret,
2696 5551 2856 5608 etrei
2884 5554 3094 5608 novitas
3121 5551 3278 5608 ﬁdem
3311 5557 3581 5611 sermonis
3604 5559 3864 5613 auferret.

2270 5629 2501 5683 Rursum
2525 5639 2842 5695 suspensam
2863 5635 2988 5679 voto
3019 5632 3239 5695 nutante
3262 5635 3499 5681 mentem
3531 5628 3864 5683 Alexandri-

2270 5699 2457 5753 drinus
2491 5693 2818 5764 monachus,
2853 5695 2942 5766 qui
2973 5694 3039 5750 ad
3084 5693 3368 5766 Egyptios
3413 5697 3776 5765 confessores,
3812 5708 3866 5754 et

2270 5769 2544 5822 voluntate
2569 5769 2676 5836 jam
2709 5776 2994 5836 martyres,
3023 5766 3112 5837 pio
3139 5767 3312 5838 plebis
3337 5767 3660 5838 jamdudum
3691 5770 3862 5824 fuerat

2273 5835 2619 5895 transmissus
2667 5835 2969 5912 obsequio,
3012 5835 3440 5914 manifestus—ad
3483 5838 3860 5912 credulitatem
