4046 6212
371 357 434 414 11
1284 349 1364 406 ΙΝ
1400 348 1611 406 VITAS
1647 348 1946 405 PATRUM
1978 347 2528 406 PROLEGOMENA
2561 349 2761 406 XXVI.
3588 347 3658 406 12

371 485 567 536 tiorem
597 481 854 550 facerem,
880 476 1294 546 perplexitatem
1317 477 1530 530 collatis
1559 477 1707 529 inter
1724 491 1778 529 se
1805 475 2081 529 historicis
2111 478 2424 543 evolverem,
2445 477 2706 530 omnibus
2735 475 2968 544 denique
2987 475 3116 529 locis
3137 473 3448 540 tenebrosis,
3477 488 3657 542 quan-

372 576 492 624 tum
512 570 656 624 mihi
681 569 970 623 domestica
997 565 1316 632 suggerebat
1341 565 1552 632 facula,
1586 567 1761 618 lucem
1782 566 2076 631 inferrem.

441 661 586 728 Quia
611 673 736 713 vero
765 657 1132 709 memineram
1153 654 1459 707 Baronium
1482 653 1626 707 hisce
1653 655 1888 708 Patrum
1927 656 2056 709 Vitis
2093 657 2218 723 jam
2240 657 2376 709 olim
2409 657 2536 710 bene
2583 657 2814 710 voluisse
2862 653 3087 721 (Baron.
3111 652 3306 708 Natat.
3327 651 3387 706 in
3416 651 3654 723 Martyr.

367 745 604 802 Roman.
637 743 699 796 17
731 741 902 808 Jan.),
927 737 1200 808 quidquid
1227 753 1290 791 ex
1317 740 1432 806 ejus
1467 740 1687 808 scriptis
1732 740 1806 792 ad
1845 739 1943 792 has
1974 741 2117 796 Vitas
2149 744 2523 799 illustrandas
2551 746 2802 811 colligere
2815 745 3002 813 potui,
3031 743 3150 796 suis
3192 743 3322 796 locis
3346 743 3462 810 ejus
3483 741 3658 794 verbis

368 837 512 901 dedi,
537 838 584 888 et
607 833 686 886 vel
715 847 773 884 ea
801 831 1026 884 nomine
1047 828 1214 881 libuit
1235 842 1437 894 magna
1467 830 1586 881 viro
1607 833 1935 897 parentare.

441 925 628 988 Habes,
664 919 964 975 admodum
1003 916 1451 971 reverendissime
1481 918 1702 972 domine
1749 921 1993 987 praelate,
2019 921 2270 976 instituti
2299 924 2408 976 mei
2438 924 2732 988 rationem,
2757 921 2916 975 habes
2947 921 3090 975 Vitas
3119 921 3354 974 Patrum
3377 922 3656 988 tantopere

367 1014 720 1068 desideratas.
765 1008 908 1075 Quas
939 1005 1041 1060 tibi
1069 1010 1266 1076 tuoque
1301 1009 1461 1064 εωευί
1489 1009 1785 1077 imputabit
1813 1011 2124 1078 posteritas,
2180 1010 2324 1078 quod
2359 1009 2548 1077 favore
2591 1013 2921 1078 sumptaque
2967 1013 3160 1076 vestra,
3193 1012 3328 1063 veste
3356 1023 3509 1062 nunc
3527 1022 3662 1077 pro-

367 1103 536 1155 deant
566 1101 815 1154 cultiore.

435 1187 540 1244 Sed
587 1191 844 1243 nullasne
871 1191 1105 1246 solemni
1142 1187 1510 1260 praefatorum
1559 1199 1727 1249 more,
1763 1185 2000 1240 laudum
2033 1187 2135 1241 tibi
2159 1192 2356 1257 tuoque
2384 1190 2544 1243 ceetui
2571 1189 2754 1243 licebit
2783 1188 2874 1242 hic
2901 1189 3123 1243 laureas
3153 1191 3361 1241 texere?
3380 1187 3502 1242 Non
3527 1201 3660 1256 per-

365 1280 544 1332 mittis
574 1277 678 1330 Deo
698 1277 1088 1348 domesticoque
1114 1283 1200 1332 sat
1228 1278 1502 1344 gloriosus
1531 1279 1672 1328 teste.
1704 1273 1989 1328 Sustinere
2018 1278 2198 1343 igitur
2227 1294 2311 1331 me
2330 1281 2612 1332 calamum
2639 1294 2674 1331 a
2696 1280 2807 1332 tuis
2837 1281 3168 1346 tuorumque
3197 1277 3457 1330 laudibus
3475 1277 3653 1344 jubes,

367 1385 395 1420 α
419 1383 485 1420 ne
513 1369 754 1434 affectus,
784 1369 989 1436 inquis,
1021 1373 1150 1422 tuus
1170 1382 1301 1434 erga
1328 1381 1426 1420 nos
1457 1365 1760 1432 transferat
1790 1369 1836 1418 te
1859 1380 2032 1434 supra
2061 1369 2148 1421 rei
2176 1369 2463 1422 veritatem
2497 1367 2693 1438 (Epist.
2724 1365 2956 1421 Abbatis
2979 1365 3233 1436 Winghii
3260 1365 3333 1420 ad
3357 1363 3594 1434 Herib.).
3631 1384 3654 1416 ι

363 1443 473 1524 Ego
511 1470 652 1520 vero,
695 1458 797 1510 etsi
820 1457 882 1510 de
897 1459 1092 1524 affectu
1115 1457 1306 1511 testari
1330 1457 1554 1524 possim,
1587 1453 1733 1508 nihil
1766 1470 1850 1508 me
1873 1459 2029 1508 extra
2048 1471 2239 1509 verum
2270 1457 2334 1510 de
2374 1461 2420 1510 te
2454 1459 2668 1526 tuisque
2714 1459 2936 1521 sentire,
2994 1472 3062 1510 ne
3093 1461 3278 1510 tamen
3320 1457 3384 1508 in
3441 1456 3655 1520 limine,

365 1545 508 1614 quod
532 1547 718 1610 aiunt,
741 1546 814 1598 ad
850 1546 1226 1600 inobedientix
1255 1545 1536 1598 lubricum
1559 1544 2035 1612 oﬂ'endam,jussis
2061 1560 2245 1613 pareo.

436 1633 592 1688 Nihil
622 1634 807 1686 dicam
831 1634 894 1687 de
921 1637 1208 1702 religionis
1231 1649 1336 1702 quo
1361 1636 1568 1703 flagras
1587 1633 1788 1698 studio,
1822 1632 1967 1687 nihil
1985 1633 2050 1686 de
2091 1637 2440 1704 paupertatis
2471 1651 2576 1704 quo
2589 1635 2792 1704 gaudes
2811 1649 3015 1702 amore,
3049 1634 3196 1689 nihil
3215 1635 3280 1688 de
3300 1635 3523 1704 pietatis
3551 1648 3658 1702 quo

360 1724 427 1778 in
447 1723 621 1778 Deum
651 1727 910 1776 exmstuas
947 1725 1174 1789 ardore,
1205 1723 1352 1777 nihil
1378 1723 1442 1776 de
1480 1725 1752 1792 prxclaro
1799 1726 2028 1776 tuorum
2057 1725 2348 1790 regimine,
2402 1726 2600 1793 quibus
2629 1740 2743 1779 non
2771 1725 2946 1778 verbis
2975 1726 3153 1792 magis
3195 1739 3364 1793 quam
3414 1725 3654 1791 exemplo

359 1815 526 1882 praeis
545 1831 562 1877 ;
598 1813 744 1866 nihil
769 1813 1002 1882 denique
1026 1815 1108 1882 (de
1139 1829 1244 1883 quo
1268 1817 1453 1867 tamen
1481 1826 1573 1880 ego
1595 1813 1957 1880 copiosissime
1989 1813 2160 1880 loqui,
2191 1817 2250 1866 tu
2281 1813 2640 1868 libentissime
2658 1815 2860 1868 audire
2882 1815 3078 1883 posses)
3097 1813 3160 1867 de
3179 1814 3465 1881 singulari
3489 1813 3662 1864 tuoin

364 1902 670 1955 minimam
697 1903 1001 1955 societatem
1032 1907 1278 1956 nostram
1293 1903 1509 1966 affectu,
1529 1917 1689 1969 quem
1717 1903 1946 1954 animus
1959 1902 2258 1970 tunicaque
2279 1919 2392 1956 non
2420 1905 2611 1956 minus
2641 1906 3149 1972 nostratem,quam
3172 1903 3430 1970 religiosa
3457 1902 3661 1968 regula:

364 1991 692 2044 discretione
707 1991 994 2058 praecipuae
1021 1990 1366 2043 observantia
1425 1987 1609 2058 (Greg.
1642 1988 1681 2041 1.
1729 2003 1768 2042 ιι
1801 1988 1969 2055 Dial.,
2001 2005 2051 2042 c.
2086 1987 2206 2058 36),
2241 1995 2288 2042 et
2321 1992 2555 2058 maforte
2575 1993 2993 2046 Benediclinum
3020 1992 3176 2060 facit.
3202 1991 3359 2046 Nihil
3388 1991 3569 2057 igitur
3595 1989 3661 2042 de

368 2081 480 2134 tuis
509 2079 768 2134 laudibus
796 2079 995 2143 dicam,
1031 2079 1176 2147 quod
1190 2079 1303 2132 hate
1326 2078 1562 2131 laudum
1589 2078 1810 2146 flabella
1837 2093 2047 2146 semper
2073 2079 2295 2148 ﬂagella
2319 2081 2664 2134 existimasti.

435 2169 541 2224 Sed
569 2184 664 2222 nec
693 2171 740 2221 te
766 2183 868 2236 pro
889 2169 1090 2222 merito
1118 2168 1408 2220 convenire
1435 2167 1634 2232 licebit,
1667 2168 1914 2234 religiose
1957 2171 2119 2222 castus
2167 2168 2460 2236 Lsetiensis,
2495 2172 2594 2238 qui
2613 2171 2914 2239 disciplina
2939 2173 3117 2223 vestra
3156 2169 3488 2238 reprzstatis
3509 2167 3660 2220 nobis

373 2258 689 2312 Tabennam
717 2255 1325 2321 Pachomii,Ammonis
1349 2255 1617 2321 Nitriam,
1649 2256 1888 2309 Macarii
1913 2255 2138 2311 Sceten?
2171 2256 2310 2322 Quos
2331 2259 2483 2310 enim
2514 2274 2624 2311 non
2654 2274 2771 2312 una
2794 2260 3002 2313 Laetitia
3029 2260 3308 2312 virtutum
3338 2258 3654 2325 manipulos

368 2345 726 2399 exhibuitsub
746 2345 920 2398 Blasio
937 2349 962 2397 7
979 2344 1178 2412 quibus
1195 2358 1305 2396 non
1327 2343 1620 2396 charitatis
1636 2344 1864 2412 pyropis
1883 2345 2226 2412 exsplenduit
2235 2345 2335 2398 sub
2345 2346 2616 2400 Doulletio
2639 2352 2784 2416 Pquo
2807 2362 2920 2402 non
2945 2348 3150 2414 effulsit
3169 2348 3457 2414 religionis
3475 2346 3660 2398 decore

365 2435 468 2488 sub
491 2434 556 2487 Le
585 2433 933 2501 Iv'rancquia?
963 2431 1220 2500 Quisquis
1265 2431 1502 2499 profecto
1545 2430 1687 2483 Vitas
1735 2433 1972 2486 Patrum
2002 2435 2154 2500 leget,
2187 2434 2325 2488 dum
2355 2436 2578 2503 Egypti
2595 2437 2998 2504 pet-ambulans
3047 2437 3396 2502 solitudines,
3436 2436 3661 2503 Paulos,

363 2521 652 2589 Antonios,
683 2522 1020 2590 Paphnutias
1051 2523 1257 2574 lustrat
1282 2537 1301 2584 ;
1329 2519 1466 2572 dum
1503 2519 1806 2572 Palestina:
1833 2521 2043 2574 deserta
2067 2525 2391 2591 pervadens,
2427 2525 2759 2590 Hilariones,
2814 2525 3106 2593 Hesychas,
3137 2525 3475 2594 Epiphanios
3507 2525 3660 2578 invi-

364 2614 476 2678 sit;
530 2612 668 2664 dum
713 2609 894 2677 Syrias
934 2625 1098 2678 rupes
1125 2613 1402 2676 antraque
1438 2612 1782 2676 perreptans,
1816 2609 2144 2678 Ephrxmos,
2178 2613 2498 2682 Aphraates,
2556 2616 2813 2669 Julianos
2851 2617 3070 2680 visitat;
3105 2615 3153 2668 is
3207 2615 3430 2668 Latiam
3461 2615 3652 2677 oculis,

363 2699 588 2755 Latiam
646 2699 858 2764 animo,
913 2698 1140 2752 Latiam
1179 2698 1367 2750 adoret
1411 2699 1672 2764 vestigiis.
1705 2699 1792 2752 Ibi
1815 2714 2152 2766 magnorum
2191 2703 2423 2756 illorum
2461 2705 2716 2758 virorum
2762 2706 3090 2769 imitatores,
3135 2718 3379 2772 quorum
3405 2717 3566 2756 sacra
3597 2704 3661 2755 in

367 2777 754 2855 religiosorum
777 2789 995 2840 ‘animis
1024 2789 1163 2854 viget
1202 2787 1489 2850 memoria,
1520 2785 1735 2839 abbates
1778 2788 2038 2840 inveniet.
2075 2789 2279 2855 Quibus
2319 2807 2386 2844 ne
2429 2791 2749 2861 Winghium
2780 2807 2894 2846 non
2940 2794 3132 2845 minus
3180 2793 3458 2845 virtutum
3488 2805 3660 2859 quam

365 2878 659 2946 dignitatis
711 2893 1068 2932 successorem
1099 2892 1427 2942 accenseam,
1469 2878 1585 2944 ejus
1625 2892 1737 2930 non
1784 2879 2009 2946 patitur
2041 2879 2322 2932 modestia.
2354 2881 2535 2948 Quare
2572 2897 2698 2935 eum
2748 2883 2999 2950 posteris,
3035 2897 3148 2936 non
3205 2881 3464 2950 suspectis
3515 2893 3664 2932 mar-

369 2969 596 3021 tuorum
633 2967 964 3032 censoribus,
1000 2966 1351 3020 laudandum
1380 2966 1655 3032 relinquo.

436 3052 640 3110 Fruere
671 3057 904 3123 interea,
935 3055 1236 3110 admodum
1279 3053 1728 3109 reverendissime
1769 3054 1991 3111 domine
2022 3060 2268 3126 praelate,
2309 3074 2436 3112 cum
2473 3059 2728 3126 religioso
2768 3062 2862 3114 tuo
2895 3064 3030 3114 ctetu
3068 3059 3166 3114 hoc
3203 3059 3514 3128 sumptibus
3545 3059 3660 3112 tuis

363 3147 586 3201 climata
613 3147 677 3200 de
715 3144 847 3200 Vilis
875 3147 1110 3199 Patrum
1140 3148 1301 3198 tomo.
1337 3143 1442 3198 Cui
1478 3145 1528 3196 si
1561 3145 1704 3197 alter
1741 3146 2068 3214 quandoque
2099 3151 2276 3201 tomus
2306 3148 2542 3214 accedat,
2573 3151 2674 3216 qui
2701 3143 2894 3202 omnia
2921 3150 3159 3202 Patrum
3187 3151 3418 3203 ascetica
3452 3150 3661 3216 scripta

361 3250 479 3312 uno
507 3237 652 3289 velut
681 3236 824 3302 fasce
853 3234 1290 3302 comprehendat,
1315 3233 1536 3286 haberes
1557 3233 1831 3301 quidquid
1871 3235 1946 3288 ad
1993 3239 2237 3290 veterum
2269 3239 2495 3290 ascesim
2533 3239 2750 3306 requiri
2771 3240 2962 3306 possit.
2997 3239 3111 3306 Quo
3131 3240 3282 3292 enim
3305 3239 3395 3291 hic
3417 3238 3557 3291 liber
3584 3237 3660 3290 ad

365 3339 544 3378 mores
563 3322 924 3392 effor-mandos
957 3324 1218 3392 exemplis
1261 3323 1444 3390 praeit,
1475 3323 1620 3376 alter
1648 3322 1883 3377 docenda
1912 3326 2326 3380 manuduceret.
2358 3322 2463 3378 Sed
2491 3327 2624 3394 quia
2647 3328 2918 3395 scriptum
2949 3329 3217 3381 memini:
3249 3327 3438 3381 C(EPIT
3483 3325 3651 3380 Iasus

361 3399 580 3470 FACERE
607 3428 676 3467 ετ
694 3425 912 3468 DOCERE
933 3410 1072 3479 (Act.
1103 3414 1166 3480 ι),
1191 3411 1280 3464 hic
1307 3426 1457 3464 nunc
1482 3410 1762 3478 factorum
1793 3413 1932 3466 liber
1953 3419 2288 3483 prwcurrat.

441 3504 592 3571 Quod
610 3505 662 3556 si
687 3505 845 3556 solito
873 3503 1059 3570 favore
1077 3501 1265 3554 studia
1285 3515 1406 3554 mea
1427 3503 1738 3569 perrexeris
1751 3505 2030 3571 prosequi,
2064 3509 2115 3558 et
2158 3519 2326 3558 sacrae
2372 3503 2615 3558 historia
2661 3509 2910 3560 amantes
2933 3522 2958 3560 e
2985 3509 3102 3562 suis
3126 3507 3342 3576 singuli
3355 3505 3662 3574 provinciis

367 3591 703 3651 Sanctorum
741 3591 883 3645 Vitas
905 3595 1144 3660 pergant
1169 3589 1507 3654 submittere,
1534 3589 1671 3642 dabo
1685 3604 1908 3658 operam
1936 3596 1999 3646 ut
2023 3595 2135 3648 illa:
2159 3608 2370 3663 quoque
2396 3595 2578 3648 simili
2605 3595 2762 3648 modo
2781 3597 3056 3677 recensita
3082 3597 3512 3664 subsequantur.

1597 3801 1879 3906 nava
1955 3805 2441 3908 allocutio

361 4111 366 4118 .
441 4053 566 4122 Haec
585 4067 708 4118 vota
736 4074 856 4115 mea
881 4055 1044 4114 erant
1063 4072 1215 4112 anno
1243 4053 1404 4123 1615,
1435 4053 1656 4124 quando
1689 4069 1758 4108 ex
1786 4053 1990 4108 umbra
2017 4053 2092 4108 ad
2117 4055 2284 4107 salem
2310 4052 2578 4123 auspiciis
2605 4054 2798 4108 vestris
2830 4051 2953 4108 Vita
2973 4052 3209 4107 Patrum
3230 4053 3373 4121 typis
3399 4049 3661 4106 Maretia-

369 4155 466 4217 nis
505 4150 825 4221 prodibant.
861 4147 927 4202 Et
945 4149 1074 4216 jam
1112 4148 1433 4199 sanctarum
1476 4145 1826 4211 reliquorum
1864 4141 2123 4195 Historia
2158 4157 2244 4195 me
2282 4143 2655 4211 accingebam,
2692 4159 2819 4198 cum
2858 4158 2969 4196 ecce
3007 4141 3111 4194 tibi
3139 4141 3352 4210 prodiit
3392 4156 3663 4194 nonnemo

373 4242 623 4300 Ecclesiae
649 4239 838 4304 hostis,
868 4237 964 4291 cui
993 4235 1295 4290 necessario
1325 4232 1726 4287 occurrendum
1753 4231 1886 4299 fuit.
1920 4231 2138 4285 Relictis
2163 4232 2342 4299 igitur
2367 4235 2690 4287 sanctorum
2713 4233 2988 4286 armariis
3005 4231 3080 4284 ad
3101 4232 3442 4284 sancitorum
3467 4243 3662 4280 arma-

367 4331 663 4386 mentaria
686 4343 778 4382 me
804 4326 1064 4382 converti.

368 4479 374 4488 ,
448 4419 516 4474 Et
538 4421 658 4487 post
688 4421 795 4470 tres
823 4415 1110 4468 debellatos
1130 4413 1317 4478 hostes,
1346 4414 1464 4480 post
1496 4409 1800 4464 Historiam
1820 4408 2257 4464 Ecclesiasticam
2287 4413 2335 4464 et
2367 4411 2648 4464 nonnulla
2671 4411 2790 4463 alia
2813 4409 3014 4478 patriae
3032 4408 3182 4473 data,
3209 4423 3334 4462 cum
3356 4408 3482 4475 jam
3520 4405 3664 4458 Vitas

365 4509 712 4566 Sanctorum
746 4506 809 4558 in
831 4516 1034 4556 manus
1055 4513 1406 4566 resumerem,
1431 4503 1482 4552 et
1509 4500 1822 4552 Ianuarius
1842 4499 2098 4566 pluteum
2122 4503 2417 4567 premeret,
2451 4503 2513 4552 ut
2540 4498 2616 4552 ad
2641 4500 2885 4566 privtum
2915 4497 3310 4562 adornaretur,
3344 4495 3669 4562 interpellor

380 4598 452 4651 ab
479 4594 901 4650 accuratissima
941 4589 1275 4660 typographa
1311 4589 1558 4658 mihique
1594 4588 1935 4643 amicissimo
1973 4586 2292 4642 Balthasare
2331 4587 2558 4652 Moreto,
2603 4590 2702 4656 qui
2738 4586 3010 4641 asserebat
3049 4586 3191 4639 Vitas
3229 4586 3466 4638 Patrum
3499 4581 3666 4650 posci,

382 4687 786 4752 identidemque
815 4683 1038 4754 reposci.
1069 4681 1214 4736 Huic
1244 4680 1425 4747 igilur
1452 4680 1604 4748 operi
1631 4693 1832 4734 rursus
1862 4692 1947 4732 me
1974 4676 2241 4746 impendi,
2273 4681 2324 4730 et
2367 4676 2462 4731 hos
2501 4678 2706 4731 aestivas
2745 4691 2951 4731 menses
2987 4675 3316 4730 correctioni
3351 4677 3401 4726 et
3436 4668 3672 4726 editioni

369 4775 528 4842 dedi,
560 4772 790 4840 adjutus
820 4770 1207 4840 singularibus
1237 4770 1350 4822 tuis
1371 4769 1854 4836 observationibus,
1890 4768 2165 4822 bonarum
2188 4768 2556 4836 spongiarum
2577 4768 2780 4835 plenis.

457 4863 654 4918 Gratas
687 4875 857 4929 porro
903 4875 1073 4926 nunc,
1117 4861 1206 4912 uti
1243 4860 1398 4924 olim,
1441 4857 1538 4912 has
1574 4862 1822 4916 veterum
1861 4858 2098 4912 Patrum
2136 4858 2361 4911 melotas
2399 4856 2578 4910 denuo
2605 4856 2998 4925 expumicatas,
3031 4855 3093 4907 in
3118 4854 3348 4922 piorum
3376 4853 3672 4905 auctorum

386 4952 745 5007 domesticum
776 4952 938 5002 tuum
969 4949 1408 5003 cimiliarchium
1436 4952 1718 5014 venturas,
1753 4962 1900 5016 spem
1933 4947 2072 5014 facit
2097 4949 2302 4999 certam
2327 4947 2602 5014 praeclara
2631 4945 2735 4998 illa
2769 4948 2866 4998 tua
2894 4943 3178 5006 sedulitas,
3211 4955 3380 5010 quam
3407 4941 3471 4992 in
3499 4941 3674 4992 eluci-

387 5041 569 5096 dando
597 5043 646 5093 et
671 5038 924 5092 ornanda
949 5038 1143 5103 Blasio,
1166 5042 1398 5106 parente
1428 5039 1775 5092 Latiensium
1799 5037 2022 5105 optimo,
2055 5051 2169 5089 non
2192 5035 2492 5101 laboribus,
2522 5049 2635 5088 non
2661 5034 2971 5102 sumptibus
2985 5046 3220 5101 parcens
3245 5029 3484 5093 adhibes,
3509 5028 3676 5082 donec

369 5130 612 5197 tandem
654 5143 794 5182 nava
832 5127 1069 5179 amictus
1109 5127 1356 5192 synthesi
1385 5130 1507 5196 post
1545 5126 1699 5180 hasce
1741 5126 1900 5191 Vitas,
1937 5125 2024 5180 his
2061 5125 2194 5193 ipsis
2233 5123 2300 5177 D.
2329 5122 2526 5177 Moreti
2569 5124 2742 5176 amici
2780 5123 2868 5176 tui
2895 5121 3058 5188 typis,
3087 5119 3307 5187 publica
3342 5118 3674 5171 animarum

390 5220 543 5283 bona,
577 5220 640 5270 in
671 5219 847 5270 lucem
880 5215 1083 5268 veniat.
1119 5214 1270 5280 Quod
1297 5219 1359 5268 ut
1385 5217 1490 5269 cito
1518 5217 1635 5282 ﬁat,
1667 5230 1852 5268 omnes
1881 5229 2151 5268 vovemus.

459 5307 695 5372 Interea,
725 5303 1027 5358 admodum
1058 5303 1510 5358 reverendissime
1537 5305 1774 5368 domine,
1810 5304 1952 5356 redit
1980 5305 2055 5357 ad
2082 5307 2130 5356 te
2167 5307 2428 5371 tuamque
2463 5303 2814 5357 Laetiensium
2852 5313 3132 5362 coronam,
3171 5312 3283 5364 qua
3322 5297 3520 5350 merito
3555 5294 3673 5360 gla-

388 5397 540 5450 riari
563 5398 728 5462 potes,
766 5393 906 5446 liber
930 5391 1021 5445 hic
1049 5392 1308 5460 laborque
1331 5393 1510 5447 denuo
1539 5393 1871 5456 desudatas;
1913 5393 2014 5459 qui
2041 5393 2282 5460 priscas,
2317 5395 2418 5460 qui
2455 5407 2628 5446 novus
2659 5395 2787 5444 tuus
2817 5392 2892 5442 est
2923 5390 3082 5452 totus,
3115 5389 3246 5438 tuus
3273 5401 3377 5438 aere
3405 5384 3674 5449 libraque,

390 5484 688 5552 mancupio
713 5485 863 5536 tuus.
899 5481 1139 5535 Tantum
1167 5496 1264 5535 oro
1291 5486 1454 5550 atque
1477 5483 1725 5548 obtestor,
1754 5485 1815 5534 ut
1837 5481 2094 5550 precibus
2119 5481 2273 5550 apud
2295 5481 2471 5535 Deum
2490 5483 2764 5550 optimum
2788 5477 3102 5531 maximum
3126 5475 3326 5544 quibus
3351 5475 3518 5539 vales,
3545 5471 3680 5524 velis

389 5576 649 5639 obtinere,
681 5576 744 5626 ut
771 5571 880 5626 haec
906 5573 1250 5642 novantiqua
1281 5573 1468 5638 editio,
1502 5573 1576 5626 ad
1601 5572 1980 5628 zmulandam
2009 5573 2333 5627 sanctorum
2362 5571 2602 5626 Patrum
2632 5570 2896 5623 virtutem
2932 5567 2996 5620 in
3031 5565 3190 5620 omni
3229 5563 3483 5630 religioso
3518 5561 3675 5626 coitu,

389 5667 496 5718 toto
527 5661 652 5718 orbe
683 5665 967 5718 terrarum
994 5662 1286 5731 fecundior
1315 5675 1580 5732 apparere
1601 5663 1793 5732 possit.
