4046 6212
414 339 3694 377 m

1421 511 1566 605 IN
1639 508 2042 604 VITAS
2116 507 2683 603 PATRUM

718 732 2632 909 PROLEGOMENA
2747 736 3383 908 XXVI

483 1175 759 1233 Benevola
786 1176 982 1232 lectori
1010 1177 1274 1234 salutem.

485 1265 564 1336 [1]
592 1266 643 1320 Ν
645 1282 676 1320 e
691 1266 996 1333 oﬂ‘endare,
1015 1265 1210 1334 lector,
1226 1264 1273 1319 si
1284 1264 1464 1337 stylus
1485 1266 1820 1337 quandoque
1837 1266 2048 1332 rudior,
2069 1265 2116 1319 si
2138 1265 2357 1336 phrasis
2379 1271 2638 1321 occurrat
2664 1266 2721 1320 in
2738 1267 2883 1321 Vitis
2897 1268 3129 1323 Patrum
3142 1273 3199 1324 et
3219 1269 3400 1326 verbis
3415 1270 3702 1328 seniorum

408 1354 749 1427 incomptior
776 1375 790 1423 ;
822 1371 944 1409 rem
969 1355 1151 1426 ipsam
1188 1354 1461 1426 appende,
1495 1371 1608 1409 non
1634 1354 1836 1409 verba:
1867 1354 2268 1425 fructumlege,
2303 1372 2414 1410 non
2443 1356 2606 1423 folia;
2635 1357 2830 1411 ﬂorem
2859 1374 3042 1429 carpe,
3075 1376 3145 1413 ne
3163 1361 3429 1416 volaticos
3446 1362 3704 1417 desidera

410 1461 642 1517 pappos.
658 1445 932 1500 Prmelare
943 1462 1150 1516 magna
1164 1444 1421 1499 Ecclesia:
1435 1444 1670 1507 lumina,
1700 1449 1926 1498 sanctus
1950 1444 2325 1514 Hieronymus
2350 1462 2360 1496 :
2393 1463 2419 1497 ς(
2443 1445 2796 1514 Inloquendo
2819 1445 3235 1517 simplicitatem
3260 1449 3545 1505 excusabit
3571 1466 3707 1506 san-

412 1534 691 1589 ctimoniae
719 1534 1053 1606 magnitudo
1088 1534 1353 1604 (Ilieron.,
1385 1537 1537 1603 epist.
1578 1532 1694 1599 101,
1728 1533 2095 1600 Pammach.)
2122 1534 2360 1587 Sanctus
2382 1533 2731 1603 Augustinus
2763 1551 2775 1588 :
2815 1551 2841 1587 α
2874 1536 3157 1591 Bonorum
3184 1538 3541 1608 ingeniorum
3576 1539 3713 1595 insi-

411 1624 539 1695 gnis
567 1630 655 1678 est
680 1623 916 1689 indoles,
951 1623 1011 1676 in
1041 1622 1224 1676 verbis
1254 1639 1449 1676 verum
1477 1638 1684 1687 amare,
1718 1638 1831 1675 non
1860 1621 2047 1675 verba.
2083 1622 2227 1685 Quid
2258 1622 2406 1675 enim
2436 1623 2665 1693 prodest
2696 1623 2862 1677 clavis
2892 1640 3083 1691 aurea,
3117 1626 3165 1679 si
3193 1628 3413 1697 aperire
3444 1629 3594 1700 quod
3609 1645 3712 1683 vo-

411 1713 598 1768 lumus
622 1730 738 1767 non
766 1712 989 1784 potest?
1020 1717 1121 1766 aut
1139 1711 1273 1782 quid
1294 1711 1455 1767 obest
1480 1711 1685 1781 lignea,
1707 1711 1753 1764 si
1784 1711 1890 1765 hoc
1911 1716 2112 1782 potest,
2149 1711 2371 1781 quando
2402 1710 2541 1763 nihil
2569 1712 2892 1781 quaerimus,
2923 1713 3029 1767 nisi
3060 1720 3255 1785 patere
3279 1717 3427 1787 quod
3456 1717 3711 1773 clausum

414 1808 501 1856 est
532 1804 879 1871 (Augustin.,
914 1803 1007 1865 lib,
1041 1818 1092 1855 Iv
1124 1802 1185 1854 de
1227 1802 1494 1855 Doctrina
1538 1801 1762 1866 Christ,
1813 1816 1929 1868 cap.
1968 1797 2101 1858 il)?
2133 1820 2153 1849 »
2199 1799 2413 1863 Quibus
2441 1800 2666 1869 egregie
2706 1802 2945 1855 succinit
2970 1802 3384 1859 illustrissimus
3412 1806 3712 1861 cardinalis

413 1891 691 1946 Baronius
723 1909 736 1944 :
776 1910 801 1942 ι
835 1889 990 1945 Sicut
1034 1890 1297 1944 effossum
1325 1888 1563 1943 informe
1610 1904 1811 1942 aurum
1844 1893 1902 1942 et
1947 1888 2087 1942 rude
2115 1906 2179 1943 eo
2210 1889 2434 1943 charius
2473 1906 2593 1943 esse
2633 1890 2793 1958 solet,
2846 1892 2995 1961 quod
3026 1892 3167 1946 nihil
3195 1893 3452 1948 videatur
3479 1896 3713 1950 alterius

412 1981 627 2035 metalli
654 1979 865 2035 habere
894 1979 1269 2045 commistum,
1302 1978 1383 2032 ita
1411 1977 1636 2048 egregia
1661 1982 2029 2031 monumenta
2056 1994 2160 2032 sua
2189 1978 2365 2048 ipsius
2394 1983 2670 2032 vetustate
2693 1984 2863 2049 atque
2890 1979 3248 2051 simplicitate
3268 1981 3554 2049 micantia,
3586 1981 3719 2054 qui-

412 2068 519 2125 bus
545 2086 636 2124 res
664 2069 853 2141 potius
882 2086 1052 2139 quam
1082 2067 1251 2122 verba
1276 2068 1337 2121 in
1363 2067 1546 2138 pretio
1574 2082 1693 2120 esse
1724 2065 1922 2125 solent,
1950 2066 2201 2136 gratiora
2222 2066 2385 2136 plane
2417 2071 2583 2119 erunt
2612 2071 2780 2137 atque
2801 2068 3140 2137 jucundiora
3164 2070 3359 2141 quovis
3386 2070 3593 2143 scripto
3620 2086 3717 2126 re-

414 2159 681 2215 centioris
708 2159 971 2224 auctoris,
1008 2157 1434 2228 quibuscunque
1464 2155 1794 2226 eloquentiae
1824 2154 2071 2225 phaleris
2102 2160 2388 2208 exornato.
2424 2155 2707 2225 Quidquid
2740 2155 2888 2209 enim
2916 2156 3215 2212 obducitur
3242 2158 3366 2215 fuco
3395 2164 3566 2231 atque
3589 2159 3721 2233 pig-

420 2248 643 2313 mentis,
678 2252 999 2319 suspectum
1028 2246 1301 2312 redditur,
1353 2244 1747 2316 pulchriorque
1789 2243 2049 2297 enitescit
2083 2242 2208 2314 ipsa
2232 2261 2335 2298 sua
2371 2244 2617 2314 puritate
2646 2244 2993 2315 simplicitas,
3026 2264 3149 2319 quae
3189 2249 3338 2320 quod
3367 2249 3598 2305 mentiri
3621 2264 3720 2305 ne-

422 2339 583 2404 sciat,
614 2354 781 2392 omne
810 2335 1061 2408 quamvis
1091 2335 1162 2389 ad
1192 2339 1454 2389 ornatum
1482 2332 1856 2404 compositum
1883 2332 2261 2386 velamentum
2292 2331 2559 2387 abhorret
2592 2335 2909 2402 (Baronius,
2947 2340 3074 2390 tom.
3106 2339 3209 2405 III,
3238 2354 3389 2392 anno
3419 2336 3569 2410 356).
3606 2359 3633 2392 ι

494 2428 610 2498 Ego
638 2442 768 2480 vero
795 2425 878 2480 ita
905 2440 1121 2479 mecum
1153 2422 1478 2477 ratiocinari
1502 2423 1688 2476 soleo:
1721 2422 1829 2485 Qui
1858 2422 1975 2475 haec
2007 2421 2216 2491 legent,
2243 2421 2328 2475 vel
2372 2421 2430 2474 in
2478 2420 2799 2476 Latinitatis
2833 2423 3005 2494 adyta
3048 2429 3437 2495 penetrarunt,
3469 2428 3559 2482 vel
3586 2433 3720 2486 ante

421 2515 745 2571 Latinitatis
770 2519 963 2587 portas
983 2512 1295 2568 etiamnum
1326 2512 1412 2583 [11]
1440 2515 1770 2566 exercentur
1797 2515 1854 2579 et
1879 2510 2185 2581 suspirant,
2217 2509 2494 2581 prioribus
2516 2527 2629 2564 non
2658 2510 2841 2566 oberit
2869 2513 3048 2585 stylus
3076 2513 3264 2569 minus
3292 2515 3546 2585 Latinus,
3589 2535 3720 2575 cum

421 2604 563 2676 ipsis
590 2604 742 2660 domi
769 2607 1050 2676 suppetat,
1075 2602 1224 2657 unde
1259 2600 1605 2656 Latiniorem
1646 2599 1982 2671 depromant
2008 2617 2020 2666 ;
2054 2598 2394 2669 posteriores
2419 2599 2510 2653 hic
2535 2598 2875 2655 incunabula
2911 2618 3016 2657 sua
3044 2603 3380 2676 quandoque
3409 2605 3713 2677 reperient,

420 2711 528 2750 nec
548 2694 655 2766 ipsi
674 2695 871 2766 lingua
889 2692 1077 2747 minus
1104 2692 1351 2763 prompti
1380 2689 1712 2745 erubescent
1726 2689 1796 2742 ad
1816 2689 2047 2743 tertiata
2070 2695 2129 2744 et
2153 2689 2307 2742 velut
2332 2689 2658 2743 offensantis
2683 2689 2886 2761 lingua;
2914 2691 3191 2762 fragmine
3220 2692 3517 2749 dimidiata
3529 2695 3732 2757 verba:

423 2783 697 2855 Equidem
725 2782 969 2838 solidum
999 2797 1221 2847 aurum,
1255 2780 1386 2835 licet
1414 2778 1728 2834 terrulenta
1756 2770 2058 2832 obductum
2089 2779 2239 2844 faece,
2274 2778 2570 2849 caryoticis
2611 2778 2806 2833 vilium
2835 2780 3217 2837 Kalendarum
3254 2783 3461 2839 strenis
3501 2802 3726 2858 semper

421 2874 677 2946 praetuli;
707 2872 961 2928 venustis
989 2870 1217 2943 quidem
1264 2869 1468 2949 specie,
1517 2868 1813 2938 fronteque
1858 2866 2081 2922 divitias
2118 2866 2538 2935 mentientibus,
2572 2868 2671 2922 sed
2709 2867 2866 2923 tenui
2904 2873 3096 2924 tamen
3124 2875 3348 2927 tantum
3395 2873 3520 2928 auri
3564 2875 3724 2930 illitis

422 2963 738 3035 aspergine,
769 2967 826 3017 et
844 2962 951 3017 hoc
976 2961 1104 3015 fuco
1133 2959 1496 3014 domesticam
1517 2955 1837 3028 tegentibus
1868 2960 2280 3028 paupertatem.
3425 3026 3429 3029 ι

492 3054 576 3107 Ne
606 3052 813 3107 mirere
846 3064 1087 3122 quoque,
1119 3050 1314 3117 lector,
1338 3049 1496 3103 Vitas
1520 3048 1753 3101 Patrum
1781 3045 1950 3100 toties
1983 3061 2168 3111 cusas,
2217 3061 2467 3113 recusas,
2512 3050 2569 3100 et
2598 3062 2699 3117 per
2726 3050 2811 3101 tot
2845 3046 3137 3103 doctorum
3169 3049 3422 3107 virorum
3450 3050 3723 3107 transisse

420 3158 642 3210 manus,
674 3158 779 3196 nec
802 3139 975 3195 nitori
1001 3144 1194 3194 tamen
1223 3154 1324 3192 suo
1348 3136 1586 3208 pristino
1619 3136 1891 3190 hactenus
1936 3135 2205 3190 redditas.
2241 3134 2351 3189 Sed
2389 3133 2535 3188 enim
2583 3135 2930 3191 considerari
2970 3143 3121 3209 opto,
3155 3141 3304 3211 quod
3342 3147 3536 3197 monet
3561 3142 3724 3198 divus

417 3232 790 3304 Augustinus,
836 3245 1040 3301 nempe
1069 3244 1282 3294 sumus,
1319 3245 1347 3279 ς(
1378 3232 1651 3297 tanquam
1693 3224 2079 3279 minuscularii
2132 3223 2487 3295 vectigalium
2517 3225 2904 3293 conductores,
2939 3227 3027 3282 vel
3070 3232 3347 3300 tanquam
3395 3232 3622 3303 opiﬁces
3664 3231 3725 3286 in

418 3322 539 3376 vico
581 3319 925 3392 argentario,
956 3317 1053 3373 ubi
1086 3333 1264 3372 unum
1300 3315 1608 3381 vasculum,
1638 3319 1703 3369 ut
1735 3314 2043 3385 perfectum
2071 3318 2251 3380 exeat,
2284 3329 2385 3384 per
2413 3314 2621 3367 multos
2662 3313 2904 3369 artifices
2941 3316 3166 3384 transit,
3201 3334 3331 3372 cum
3360 3318 3430 3373 ab
3458 3336 3573 3374 uno
3599 3336 3727 3392 per-

420 3409 560 3465 fecto
584 3410 778 3482 perfici
804 3406 1000 3481 possit.
1035 3406 1144 3461 Sed
1165 3405 1327 3459 aliter
1351 3421 1465 3458 non
1490 3409 1748 3475 putatum
1774 3407 1859 3457 est
1883 3402 2241 3474 operantium
2259 3401 2609 3456 multitudini
2624 3403 3048 3472 consulendum,
3081 3404 3191 3460 nisi
3221 3411 3287 3460 ut
3304 3406 3555 3478 singulas
3583 3409 3724 3464 artis

422 3506 610 3570 partes
638 3499 747 3554 cito
769 3515 834 3552 ac
860 3496 1022 3551 facile
1045 3495 1325 3549 discerent
1343 3492 1567 3564 singuli,
1588 3509 1659 3547 ne
1684 3508 1880 3547 omnes
1900 3492 1959 3547 in
1980 3495 2103 3546 arte
2132 3508 2248 3547 una
2269 3491 2432 3547 tarde
2456 3496 2514 3546 et
2533 3491 2756 3547 difﬁcile
2782 3499 3116 3564 cogerentur
3138 3511 3260 3551 esse
3276 3496 3508 3569 perfecti
3529 3496 3719 3569 (Aug.,

424 3590 520 3644 lib.
545 3603 622 3643 vn
651 3590 714 3642 de
743 3588 974 3643 Civitate
1003 3587 1120 3653 Dei,
1154 3600 1270 3654 cap.
1302 3582 1387 3652 4.)
2997 3603 3004 3609 -

496 3678 583 3732 Ita
610 3677 942 3748 plerumque
963 3674 1149 3729 evenit
1172 3673 1231 3727 in
1258 3671 1418 3726 libris
1444 3670 1821 3726 recensendis.
1855 3671 1983 3726 Non
2019 3668 2089 3725 ab
2114 3686 2228 3726 uno
2258 3671 2464 3743 aliquo,
2498 3687 2612 3726 non
2644 3687 2680 3725 a
2708 3671 2944 3740 duobus,
2978 3672 3076 3728 sed
3106 3690 3141 3729 a
3167 3673 3422 3746 pluribus
3458 3692 3606 3749 saepe
3628 3693 3721 3733 res

422 3783 539 3822 una
560 3765 877 3839 perﬁcitur;
908 3781 1037 3820 cum
1064 3764 1155 3818 hic
1175 3763 1235 3817 in
1263 3761 1714 3833 antiquariorum
1743 3758 2127 3832 praestantiam
2145 3760 2400 3832 inquirit,
2436 3765 2501 3816 ut
2519 3760 3001 3833 typographorum
3029 3762 3267 3835 castiget
3296 3763 3465 3834 vitia;
3497 3764 3605 3822 iste
3624 3782 3723 3822 or-

423 3855 573 3911 dinis
598 3862 656 3911 et
694 3871 890 3910 rerum
917 3855 1192 3925 majorem
1221 3851 1500 3907 rationem
1537 3849 1725 3917 habet,
1775 3849 1870 3905 ille
1900 3848 2167 3906 historiae.
2201 3850 2288 3905 Ita
2317 3850 2628 3905 multorum
2649 3850 2852 3906 collata
2883 3867 3077 3924 manu,
3112 3856 3284 3925 prout
3310 3869 3591 3927 quemque
3615 3872 3721 3928 ge-

423 3945 552 4001 nius
575 3944 747 4012 ducit,
780 3943 969 4016 prodit
992 3941 1221 3997 tandem
1249 3940 1461 4013 aliquid
1491 3943 1838 3997 accuratum.
2222 3934 2227 3939 ’

498 4033 657 4099 Quod
684 4037 750 4089 ut
791 4032 861 4086 de
909 4029 1152 4086 editione
1175 4029 1281 4083 hac
1304 4027 1579 4100 spondere
1617 4043 1732 4082 non
1760 4026 2018 4094 audeam,
2049 4026 2132 4081 ita
2157 4027 2424 4083 lectorem
2453 4028 2691 4085 invitare
2742 4046 2857 4086 non
2883 4047 3101 4103 vereor,
3127 4036 3194 4088 ut
3237 4033 3544 4092 editionem
3570 4035 3719 4093 hanc

428 4138 558 4177 cum
595 4121 721 4176 aliis
744 4117 1081 4175 editionibus
1111 4117 1376 4183 conferat,
1401 4121 1459 4172 et
1486 4114 1697 4170 arbiter
1722 4116 1915 4170 sedeat
1934 4132 2115 4187 Operae
2144 4133 2177 4171 a
2205 4117 2443 4189 singulis
2475 4118 2758 4190 praestita}.

501 4212 634 4275 Quae
664 4209 806 4264 mihi
836 4207 1089 4263 subsidia
1103 4207 1332 4273 fuerint,
1358 4212 1476 4260 tum
1498 4221 1532 4259 a
1551 4203 1710 4258 libris
1740 4220 1897 4272 mss.,
1931 4209 2054 4259 tum
2084 4204 2153 4259 ab
2185 4206 2379 4273 Editis,
2414 4207 2549 4279 quid
2578 4207 2675 4262 alii
2705 4225 2927 4283 quoque
2952 4211 3336 4282 praestiterint,
3360 4214 3457 4287 qui
3476 4219 3608 4271 ante
3627 4231 3720 4271 me

428 4297 534 4353 hac
560 4299 858 4353 decurrere
888 4294 1088 4362 orbita,
1120 4294 1427 4350 edisseram
1457 4291 1674 4360 ordine,
1707 4291 1755 4346 si
1780 4291 1939 4363 prius
1977 4292 2046 4348 de
2093 4293 2296 4349 horum
2326 4294 2598 4351 librorum
2637 4296 3020 4371 inscriptione,
3051 4299 3392 4371 auctoribus,
3443 4302 3720 4375 interpre-

426 4387 597 4455 tibus,
626 4385 961 4442 auctoritate
993 4385 1137 4456 (quae
1166 4381 1441 4440 solemnia
1466 4381 1581 4436 fere
1602 4380 1949 4453 praeambula
1976 4387 2127 4451 sunt)
2157 4399 2274 4439 non
2301 4384 2528 4440 omnino
2560 4383 2938 4457 perfunctorie
2967 4387 3301 4445 disseruero.

761 4652 1357 4711 PROLEGOMENON
1385 4649 1693 4705 PRIMUM.
2044 4650 2098 4710 Α
2180 4646 2232 4703 2.
2267 4647 2611 4717 Gennadius,
2646 4649 2715 4705 de
2745 4650 2950 4707 illustr.
2976 4652 3232 4710 Ecclesiae
3263 4656 3559 4731 Scriptor.,
3590 4677 3721 4735 cap.

729 4744 855 4811 Quae
882 4746 1085 4799 horum
1114 4744 1391 4798 librorum
1421 4740 1733 4808 inscriptio.
2111 4737 2138 4792 1
2158 4736 2201 4805 l,
2219 4737 2327 4793 inE

2122 4737 2138 4792 ι
2158 4736 2201 4805 l,
2219 4737 2278 4792 in
2293 4738 2529 4810 Evagrio
2542 4738 2818 4794 monacho
2836 4757 2848 4793 :
2874 4759 2897 4792 ί
2921 4740 3094 4812 Cujus
3115 4742 3288 4799 etiam
3298 4745 3459 4816 liber,
3482 4747 3579 4821 qui
3591 4750 3720 4805 atti-

508 4833 619 4906 [m]
641 4832 776 4888 Dico
795 4833 998 4905 primo,
1022 4837 1089 4886 ut
1106 4846 1256 4885 nunc
1276 4828 1508 4901 passim,
1529 4826 1609 4881 ita
1613 4826 1733 4898 jam
1759 4823 2032 4881 olimlibri
2113 4826 2330 4882 tulatur
2355 4829 2478 4882 Vita:
2501 4830 2757 4896 Patrum,
2781 4829 2933 4883 velut
2958 4830 3427 4891 continentissimi
3446 4842 3505 4892 et
3533 4839 3721 4894 erudi-

435 4922 788 4991 hi,(velcerte
799 4937 993 4976 eorum
1004 4925 1152 4992 pars)
1171 4915 1609 4988 inscriptifuere:
1638 4916 1762 4969 Vitae
1773 4916 2029 4971 Patrum.
2115 4914 2319 4971 tissimi
2346 4915 2450 4971 viri
2474 4917 2817 4972 mentionem
2840 4917 2988 4974 facit.
3026 4939 3051 4973 ι
3080 4920 3151 4976 Et
3172 4939 3294 4996 cap.
3310 4922 3400 4993 41,
3425 4925 3494 4981 de
3518 4926 3719 4984 Petro-

502 5011 532 5065 1
546 5051 559 5065 .
586 5010 844 5066 Gelasius
862 5025 1029 5082 papa,
1054 5007 1112 5062 in
1133 5005 1366 5063 concilio
1386 5021 1535 5060 anno
1556 5003 1763 5059 Christi
1782 5002 1884 5059 494
1906 5020 2031 5060 cum
2081 5076 2099 5083 Γ
2116 5004 2210 5059 nio
2234 5005 2574 5060 Bononiensi
2595 5006 2852 5079 episcopo
2866 5025 2885 5061 -:
2923 5025 2951 5062 α
2983 5009 3281 5083 Scripsisse
3296 5018 3531 5086 putatur
3557 5016 3717 5073 Vitas

437 5114 543 5155 Lxx
572 5099 847 5172 episcopis
870 5099 1061 5153 Romae
1090 5095 1282 5151 habito
1321 5094 1599 5149 delectum
1629 5092 1828 5148 habuit
1867 5093 2036 5147 eccle-
2115 5093 2350 5149 Patrum
2376 5094 2777 5150 monachorum
2799 5096 3046 5170 Egypti.
3084 5119 3108 5153 ι

434 5189 790 5245 siasticorum
815 5186 1107 5253 librorum,
1137 5185 1535 5255 decretumque
1566 5182 1832 5250 condidit,
1885 5181 2036 5253 quod
2191 5181 2243 5240 3.
2279 5183 2609 5239 Paschasius
2642 5185 2697 5239 S.
2734 5184 2800 5239 R.
2829 5186 2891 5240 E.
2923 5187 3189 5245 diaconus
3230 5191 3462 5265 prologo
3503 5210 3607 5250 suo
3657 5196 3720 5252 in

434 5279 675 5334 habetur
700 5279 760 5333 in
801 5277 1027 5332 decreto
1056 5273 1310 5329 Gratiani
1339 5272 1470 5327 dist.
1528 5270 1607 5338 l5,
1656 5288 1777 5343 cap.
1834 5271 2038 5328 Sancta
2117 5270 2344 5339 librum,
2379 5289 2545 5344 quem
2576 5273 2644 5327 de
2672 5273 2817 5329 Vitis
2847 5276 3080 5332 Patrum
3110 5284 3313 5351 rogatu
3348 5282 3577 5340 Martini
3599 5285 3720 5342 Du-

439 5369 684 5422 Romana
712 5368 965 5432 Ecclesia,
998 5365 1058 5420 in
1091 5380 1200 5437 quo
1228 5363 1339 5418 ista
1365 5360 1567 5416 habet:
1595 5360 1753 5416 Vitas
1783 5361 2034 5428 Patrum,
2120 5360 2351 5415 miensis
2379 5356 2596 5416 abbatis
2622 5362 2914 5419 Latinitati
2945 5366 3174 5422 donavit
3197 5388 3208 5423 :
3250 5389 3273 5421 α
3297 5370 3456 5427 Vitas
3482 5372 3718 5429 Patrum

438 5455 618 5520 Pauli,
650 5454 898 5521 Antonii,
931 5452 1257 5520 Hilarionis,
1292 5455 1349 5506 et
1370 5449 1623 5506 omnium
1652 5450 2036 5517 eremitarum,
2124 5455 2466 5513 sanctorum.
2492 5450 2813 5508 Graecorum
2837 5456 2921 5522 (ut
2939 5460 3158 5529 caetera)
3180 5455 3441 5515 facundia
3469 5460 3717 5517 studiose

441 5559 581 5615 quas
597 5549 788 5599 tamen
798 5542 1090 5599 virbeatus
1101 5539 1876 5614 scripsitHieronymus,cum
1889 5537 2044 5594 omni
2125 5537 2486 5611 conscriptas,
2512 5539 2706 5611 jussus
2724 5558 2758 5597 a
2785 5546 2858 5610 te,
2893 5544 3242 5602 sanctissime
3260 5546 3447 5619 Pater,
3476 5547 3537 5605 in
3561 5548 3721 5606 Lati-

445 5631 659 5689 honore
685 5630 1040 5705 suscipimus.
1073 5651 1102 5686 ι
2127 5642 2265 5684 num
2293 5626 2599 5685 transferre
2628 5646 2965 5688 sermonem.
3001 5653 3023 5685 ι)
