4046 6212
326 371 426 434 ~i5
1261 371 1342 430 IN
1377 371 1590 430 VITAS
1627 371 1926 430 PATRUM
1961 371 2506 430 PROLEGOMENA
2539 369 2738 426 XXVI.
3562 369 3632 425 16

421 501 476 556 4.
509 500 879 556 Cassiodorus
898 498 1084 554 Instit.
1102 497 1272 553 divin.
1296 498 1426 554 lect.
1455 515 1576 572 cap.
1598 497 1666 556 3'2
1690 517 1702 552 :
1742 519 1766 551 ι
1795 499 1953 554 Vitas
1969 499 2316 562 Amentione
2334 498 2393 552 in
2421 497 2576 552 hisce
2591 493 2767 550 libris.
2782 492 2945 566 Apud
2965 491 3274 560 Ruﬂinum,
3303 491 3402 548 lib.
3425 506 3492 547 In
3527 493 3630 547 Vi-

355 591 610 658 Patrum,
631 589 1005 645 confessiones
1028 587 1298 654 ﬁdelium,
1329 589 1617 660 passiones
1636 595 1952 661 martyrum

353 679 524 750 legite
553 684 905 745 constanter;
938 693 1077 748 quas
1101 677 1250 732 inter
1278 678 1390 732 alia
1416 677 1474 732 in
1493 678 1731 750 epistola
1748 677 1948 732 Hiero-

353 768 510 840 nymi
534 768 606 823 ad
635 764 1026 822 Chromatium
1075 770 1132 820 et
1175 765 1534 820 Heliodorum
1581 765 1948 838 proculdubio

353 857 745 928 reperitis,_qpi
767 872 867 928 per
891 860 1071 914 totum
1084 853 1276 910 orbem
1300 860 1582 910 terrarum
1605 857 1864 922 ﬂoruere,
1885 859 1951 909 ut

2032 593 2220 644 tarum
2239 588 2494 654 Patrum,
2525 602 2682 640 num.
2719 583 2821 638 130
2847 601 2858 638 :
2891 583 3051 648 Quod
3078 582 3310 638 verbum
3329 586 3630 654 antequam

2034 677 2337 749 quiescam,
2371 693 2497 731 sero
2531 693 2596 730 ex
2637 673 2820 729 cordis
2854 671 2966 728 mei
3006 689 3268 727 recenseo
3311 672 3564 728 veritate.
3598 692 3625 726 »

2028 767 2194 839 Apud
2219 765 2529 836 Pelagium,
2563 764 2708 819 libro
2732 777 2767 818 v
2785 761 3042 818 Vitarum
3063 763 3315 829 Patrum,
3341 762 3532 817 libello
3543 775 3625 829 IlI,

2031 873 2090 913 n.
2115 856 2180 910 2:
2215 875 2238 907 ι
2275 855 2375 910 Dic
2393 855 2532 910 mihi
2561 854 2790 926 aliquod
2818 851 3071 909 verbum.
3107 871 3131 905 ι
3175 853 3246 907 Et
3273 869 3330 906 n.
3360 851 3428 907 9:
3463 871 3490 905 α
3524 853 3632 907 Ro-

350 951 545 1002 sancta
571 944 814 1000 imitatio
842 961 938 1001 vos
982 961 1305 1017 provocans,
1354 945 1426 1001 ad
1476 944 1725 1000 caelestia
1775 961 1950 1015 regna
2027 944 2240 1016 gabant
2267 950 2456 1000 autem
2487 960 2616 999 eum
2641 959 2820 1010 senes,
2834 947 2900 997 ut
2927 943 3134 997 faceret
3160 941 3390 996 verbum
3422 941 3492 996 ad
3521 941 3634 996 fra-

349 1033 639 1104 perducat.
672 1053 700 1090 »

420 1122 473 1179 5.
502 1123 740 1178 Sanctus
788 1123 1124 1180 Benedictus
1164 1123 1224 1179 in
1266 1124 1464 1196 regula
1506 1141 1628 1193 sua,
1674 1141 1795 1197 cap.
1836 1122 1943 1182 112:

348 1210 606 1268 Monachi
636 1213 788 1268 omni
825 1219 1097 1286 tempore,
1149 1214 1262 1268 sive
1305 1215 1512 1285 jejunii
1567 1215 1678 1269 sive
1725 1212 1946 1286 prandii

345 1299 536 1369 fuerit,
571 1319 701 1356 mox
729 1307 796 1358 ut
823 1303 1168 1358 surrexerint
1193 1320 1230 1358 a
1267 1319 1442 1372 ccena,
1485 1303 1718 1358 sedeant
1755 1318 1947 1358 omnes

345 1387 407 1446 in
424 1407 623 1461 unum,
641 1397 700 1447 et
713 1393 866 1463 legat
877 1409 1025 1448 unus
1049 1393 1390 1448 Collationes
1406 1393 1492 1448 vel
1511 1393 1669 1448 Vitas
1689 1393 1944 1459 Patrum,

317 1506 322 1512 ~
347 1486 448 1536 aut
475 1487 625 1536 certe
649 1481 861 1554 aliquid
879 1483 1027 1554 quod
1049 1483 1286 1537 aediﬁcet
1305 1482 1618 1538 audientes.

311 1595 327 1602 -
419 1567 472 1626 6.
504 1571 810 1643 Gregorius
836 1571 1198 1638 Turonensis,
1231 1572 1328 1625 lib.
1360 1589 1380 1626 Ι
1423 1572 1492 1626 de
1535 1572 1668 1626 Vita
1715 1571 1981 1626 Patrum-

315 1687 318 1690 ~
345 1659 436 1714 sui
459 1660 665 1727 smculi,
698 1659 757 1714 in
786 1659 1074 1714 Leobardo
1103 1661 1340 1727 recluso,
1375 1675 1496 1730 cap.
1527 1659 1612 1728 12,
1644 1659 1734 1714 cui
1762 1664 1950 1714 tenta-

2029 1037 2166 1088 tres.
2194 1053 2223 1084 »
2257 1033 2323 1087 Et
2349 1047 2504 1086 num.
2529 1030 2625 1086 24:
2664 1049 2692 1084 α
2717 1029 2898 1098 Abba,
2931 1030 3020 1085 dic
3057 1029 3198 1084 mihi
3235 1029 3462 1100 aliquod
3505 1045 3634 1084 ver-

2029 1120 2183 1176 bum.
2219 1141 2246 1176 »
2278 1121 2348 1176 Et
2370 1120 2557 1176 libello
2583 1135 2638 1185 v,
2673 1137 2730 1175 n.
2781 1118 2886 1176 l3:
2935 1139 2962 1174 ς(
2987 1119 3232 1175 Ostende
3276 1119 3628 1188 charitatem,

2029 1209 2192 1277 abba,
2225 1215 2282 1265 et
2310 1210 2400 1264 dic
2425 1209 2564 1264 mihi
2587 1209 2839 1264 verbum.
2877 1228 2902 1262 ι
2933 1207 3004 1264 Et
3030 1224 3187 1264 num.
3224 1206 3325 1266 32:
3381 1227 3407 1261 α
3433 1207 3634 1264 Audivi

2032 1301 2182 1355 enim
2211 1300 2344 1372 quia
2371 1299 2576 1354 dixerit
2601 1298 2774 1354 abbas
2801 1299 3018 1366 Pastor,
3069 1297 3166 1354 sed
3195 1301 3253 1353 et
3291 1298 3391 1352 alii
3433 1298 3634 1354 fratres

2031 1389 2137 1445 hoc
2164 1389 2417 1446 verbum.
2451 1411 2467 1436 ι
2495 1388 2708 1444 Libello
2732 1402 2808 1456 v1,
2827 1404 2985 1443 num.
3011 1389 3080 1443 5:
3117 1407 3142 1440 ‹‹
3167 1389 3371 1443 Dicens
3393 1389 3635 1459 quodam

2030 1479 2217 1548 verbo,
2251 1479 2399 1550 quod
2430 1479 2715 1534 memoriae
2768 1477 3003 1549 dignum
3044 1482 3130 1532 est
3163 1477 3565 1533 commendari.
3604 1496 3629 1531 )›

2031 1569 2200 1624 Num.
2230 1567 2330 1622 l2:
2371 1588 2394 1620 ι
2431 1568 2532 1622 Dic
2574 1568 2715 1622 mihi
2759 1584 2937 1622 unum
2973 1566 3228 1622 verbum.
3281 1587 3303 1620 ι
3365 1569 3434 1622 Et
3480 1567 3629 1638 apud

2033 1659 2326 1724 Joannem,
2344 1656 2488 1711 libro
2507 1671 2564 1711 v1
2588 1657 2845 1712 Vitarum
2869 1657 3123 1722 Patrum,
3157 1656 3345 1712 libello
3361 1671 3444 1724 III,
3470 1673 3528 1710 n.
3552 1663 3584 1712 4
3609 1674 3622 1711 :

345 1749 490 1803 tatio
511 1749 772 1804 cellulam
810 1749 1167 1820 relinquendi
1204 1749 1545 1804 incesserat:
1603 1769 1630 1804 ι
1664 1750 1778 1820 Ego
1822 1765 1952 1803 vero
2038 1765 2064 1798 (ί
2095 1747 2197 1802 Dic
2216 1747 2484 1802 fratribus
2503 1747 2734 1802 verbum
2747 1746 3343 1818 aedificationis,pater.
3368 1767 3394 1801 1)
3417 1744 3628 1801 Etalibi

347 1838 638 1910 saepirans
668 1855 781 1894 non
809 1839 1046 1892 minimo
1099 1839 1292 1893 dolore
1334 1839 1626 1910 increpare
1661 1837 1947 1892 hominem
1965 1823 2010 1884 Β
2032 1839 2260 1909 passim.

346 1929 506 2000 cepi,
529 1942 786 1983 asserens
823 1927 1030 1982 diaboli
1053 1943 1174 1982 esse
1199 1927 1542 1982 caliditatem
1563 1927 1846 1999 librosque
1873 1927 1945 1994 ei,
2104 1929 2251 1983 Sane
2273 1928 2394 2000 jam
2423 1927 2558 1984 olim
2599 1927 2848 2001 profanis
2893 1927 3214 1984 auctoribus
3261 1929 3487 1984 verbum
3525 1943 3627 2001 pro

306 2037 318 2048 ·
347 2023 406 2073 et
429 2017 588 2072 Vitas
614 2018 870 2084 Patrum,
905 2034 970 2072 ac
985 2017 1400 2072 institutionem
1419 2017 1841 2084 monachorum,
1861 2017 1949 2071 vel
2031 2017 2309 2072 axiomate
2337 2018 2425 2072 vel
2472 2017 2625 2072 brevi
2664 2019 2962 2087 sententia,
3009 2018 3198 2090 qualia
3238 2017 3356 2073 haec
3394 2018 3628 2073 Patrum

308 2123 325 2135 ‘
349 2105 544 2180 quala
564 2106 664 2178 qui
691 2107 1059 2162 recluduntur
1078 2124 1200 2162 esse
1229 2107 1487 2174 debeant,
1521 2107 1608 2162 vel
1643 2123 1768 2163 cum
1798 2105 1950 2178 quali
2031 2106 2201 2162 verba
2227 2111 2379 2175 sunt,
2409 2113 2766 2179 usurpatum.
2797 2107 3092 2163 Terentius
3136 2109 3370 2176 Andria,
3413 2113 3520 2162 act.
3571 2106 3626 2174 1,

305 2215 318 2224 ’
347 2197 570 2252 cautela
595 2197 898 2252 monachos
935 2197 1118 2254 vivere
1139 2202 1412 2268 oporteat,
1451 2195 1756 2253 abScedens
1785 2195 1856 2250 ab
1885 2211 1951 2250 eo
2033 2212 2184 2252 scen.
2219 2196 2250 2251 5
2274 2215 2286 2250 :
2335 2215 2362 2250 ar
2393 2195 2655 2250 Miseram
2683 2213 2792 2264 me,
2818 2197 2966 2269 quod
2993 2195 3225 2252 verbum
3245 2197 3449 2252 audio?
3475 2215 3501 2251 »
3524 2195 3633 2252 Ubi

347 2286 546 2342 direxi.
580 2285 793 2350 Quibus
812 2285 1036 2340 reiectis
1055 2302 1169 2340 non
1197 2287 1380 2341 solum
1404 2284 1800 2358 cogitationem
1828 2301 1953 2357 pra-
2033 2285 2288 2340 Donatus
2315 2301 2329 2342 :
2361 2303 2388 2338 α
2420 2284 2666 2340 Verbum
2693 2303 2796 2358 pro
2827 2282 3021 2358 ἀξίωμα
3050 2303 3206 2342 more
3234 2303 3336 2341 suo
3365 2286 3570 2358 posuit.
3604 2305 3628 2338 ι

349 2393 476 2431 vam
507 2392 540 2430 a
569 2391 630 2431 se
659 2375 940 2444 discussit,
969 2392 1164 2430 verum
1187 2375 1358 2430 etiam
1377 2379 1540 2430 tanto
1569 2391 1798 2430 sensum
1827 2391 1954 2430 acu-
2041 2372 2277 2441 Ibidem,
2312 2378 2420 2429 act.
2454 2374 2546 2442 11,
2571 2391 2725 2430 scen.
2743 2376 2802 2430 5:
2839 2395 2861 2426 ι
2885 2376 3096 2431 Verum
3109 2376 3250 2430 illud
3280 2375 3510 2430 verbum
3526 2381 3631 2444 est,

347 2466 500 2521 mine
518 2465 776 2532 erudivit,
814 2471 879 2520 ut
907 2467 1246 2520 miraremur
1285 2465 1604 2520 facundiam
1655 2464 1955 2520 locutionis
2035 2463 2202 2534 vulgo
2225 2463 2373 2534 quod
2389 2463 2498 2518 dici
2519 2464 2680 2519 solet.
2721 2485 2742 2515 ι
2767 2463 2877 2519 Ubi
2901 2465 3155 2520 Donatus
3179 2483 3191 2518 :
3230 2483 3255 2517 (ε
3281 2465 3346 2521 Id
3375 2470 3479 2533 est,
3511 2483 3638 2537 pro-

349 2557 492 2627 ejus.
537 2574 560 2607 ι
2035 2551 2311 2621 verbium,
2345 2553 2424 2624 [ν]
2441 2557 2498 2607 et
2519 2553 2831 2620 sententia;
2862 2558 2922 2608 et
2944 2554 3024 2611 sic
3051 2559 3268 2609 veteres
3288 2554 3520 2610 verbum
3535 2569 3638 2626 pro

423 2645 475 2700 7.
505 2642 782 2716 Georgius
810 2642 1222 2700 Alexandrinus
1256 2642 1317 2700 in
1345 2641 1478 2700 Vita
1499 2645 1678 2700 sancti
1721 2644 1956 2700 Joannis
2038 2643 2335 2698 sententia.
2369 2660 2398 2696 ll
2426 2643 2600 2708 Idem,
2635 2643 2921 2712 Eunucho,
2955 2649 3064 2699 act.
3087 2644 3135 2712 1,
3169 2661 3320 2700 scen.
3352 2643 3422 2700 2:
3462 2661 3489 2698 ((
3521 2645 3642 2699 Uti-

295 2756 319 2776 ο
356 2733 762 2806 Chrysostomi,
797 2751 845 2788 c.
878 2731 948 2790 22
982 2751 994 2786 :
1040 2732 1130 2788 Ἑν
1153 2733 1206 2786 ’δὲ
1229 2744 1335 2798 ταῖς
1355 2735 1632 2807 συντυχίαις
1655 2731 1802 2787 αὐτοῦ
1833 2734 1950 2787 Βίον

2043 2749 2169 2787 nam
2200 2733 2345 2787 istuc
2369 2731 2620 2787 verbum.
2658 2752 2680 2784 ι
2716 2734 3002 2788 Donatus:
3035 2751 3060 2786 (ι
3095 2733 3165 2788 Et
3203 2735 3347 2789 istnc
3382 2732 3635 2800 verbum,

302 2833 308 2839 “
354 2824 512 2895 ἁγίων
543 2823 788 2895 Πατέρων
827 2823 910 2876 καὶ
949 2817 1313 2896 ἀναχωρητῶν,
1353 2825 1436 2876 καὶ
1473 2823 1606 2894 [IIII]
1645 2823 1732 2890 τὴν
1768 2823 1950 2876 τούτων

2043 2839 2139 2894 pro
2169 2827 2290 2876 tota
2315 2822 2614 2878 sententia.
2644 2821 2892 2877 Verbum
2920 2839 3021 2895 pro
3068 2823 3236 2878 dicto.
3274 2823 3383 2878 Sed
3412 2823 3640 2896 proprie

352 2913 609 2967 πολιτείαν
645 2912 726 2966 καὶ
784 2907 960 2984 ἀρετὴν
1013 2909 1248 2984 ἐξηγεῖτο,
1297 2915 1424 2966 ὥστε
1475 2910 1526 2965 ἐκ
1569 2918 1670 2965 τῶν
1718 2913 1950 2966 τοιούτων

2043 2907 2254 2983 ἀξίωμα,
2278 2911 2337 2966 id
2361 2917 2446 2966 est
2465 2912 2746 2966 sententia
2763 2912 2850 2966 vel
2871 2911 3203 2981 enuntiatio,
3229 2926 3353 2984 quae
3373 2929 3485 2968 uno
3504 2913 3642 2984 liga-

357 3001 593 3074 ῥημάτων
649 3000 864 3064 πολλοὺς
918 3003 1292 3055 κατανύττεσοαι
1350 3002 1432 3054 καὶ
1489 3001 1675 3068 πλῆθος
1733 2986 1950 3073 ὃακρύῷν

2043 3004 2133 3054 tur
2161 3005 2218 3055 et
2243 3000 2578 3072 astringitur
2596 3001 2780 3064 verbo,
2811 3001 3042 3058 verbum
3056 3019 3092 3057 a
3115 3001 3396 3057 veteribus
3415 3001 3640 3057 diceba-

352 3093 640 3163 καταφέρειν
670 3088 720 3144 ἑκ
747 3096 846 3144 τῶν
888 3084 1156 3162 ὀφθαλμῶν
1191 3087 1370 3156 αὐτῶν,
1413 3091 1625 3158 ποθῆσαι
1665 3089 1719 3143 δὲ
1755 3091 1836 3143 καὶ
1872 3087 1950 3144 τὸν

2043 3095 2154 3144 tur.
2192 3109 2218 3144 »
2249 3089 2492 3144 Ibidem:
2532 3113 2554 3141 α
2586 3091 2780 3146 Victus
2804 3107 2918 3147 uno
2945 3074 3113 3148 verbo
3129 3107 3298 3164 quam
3311 3091 3440 3147 cito.
3475 3111 3501 3144 »
3525 3093 3640 3147 Do-

356 3148 552 3253 povripn.
590 3182 693 3250 βίον
734 3180 998 3251 μετελθεῖν,
1043 3181 1124 3232 καὶ
1163 3175 1498 3242 ἀποτάξασθαι
1539 3186 1625 3247 τῆς
1659 3181 1836 3251 τύρϐης
1873 3180 1950 3233 καὶ

2043 3184 2204 3235 natus
2227 3198 2238 3234 :
2262 3199 2285 3232 ι
2301 3179 2550 3235 Verbum
2570 3180 2782 3236 dictum
2807 3181 3104 3254 intelligas,
3130 3148 3278 3254 quod
3295 3181 3462 3237 verbo
3487 3183 3641 3236 com-

351 3271 639 3343 συγχύσεως
661 3275 750 3322 τοῦ
773 3270 896 3340 βίου.
935 3286 962 3322 (ι
989 3269 1163 3324 Porro
1201 3269 1260 3324 in
1292 3269 1410 3324 suis
1436 3267 1808 3324 familiaribus
1837 3269 1954 3324 col-

350 3358 562 3431 loquiis
582 3358 818 3414 subinde
838 3357 1224 3414 commeminit
1231 3357 1375 3414 Vitae
1387 3363 1710 3414 sanctorum
1721 3359 1956 3414 Patrum

354 3454 412 3504 et
440 3449 928 3516 anachoretarum,
963 3464 1272 3520 eorumque
1303 3447 1740 3504 conversationis
1771 3465 1836 3502 ac
1853 3447 1958 3502 vir-

314 3567 322 3577 ο
354 3537 514 3606 tutis,
547 3537 726 3594 ita-ut
760 3538 1038 3610 ejusmodi
1067 3536 1418 3593 sermonibus
1447 3541 1960 3609 compungerentur

354 3644 468 3684 non
493 3627 676 3699 pauci,
710 3627 793 3681 ita
819 3632 884 3681 ut
913 3643 978 3681 ex
1009 3643 1206 3682 eorum
1235 3625 1409 3681 oculis
1444 3625 1743 3682 uberrimae
1791 3627 1958 3682 elice-

353 3720 556 3771 rentnr
577 3731 643 3770 ac
670 3715 984 3770 deﬂuerent
1010 3715 1290 3788 lacrymae,
1325 3720 1382 3770 et
1419 3713 1634 3786 ingenti
1679 3715 1956 3770 desiderio

355 3809 698 3878 caperentur
710 3804 1021 3860 solitariam
1045 3803 1337 3860 exercendi
1355 3804 1548 3872 vitam,
1571 3809 1631 3860 et
1645 3809 1956 3860 extremum

315 3913 324 3918 ι
353 3895 478 3950 vale
505 3893 725 3950 dicendi
753 3891 1092 3950 turbulentae
1111 3893 1421 3949 confusioni
1443 3895 1570 3950 vitae
1593 3895 1782 3966 hujus.
1818 3915 1841 3948 ι

425 3987 480 4040 8.
512 3983 810 4062 Fulbertus
857 3983 1219 4039 Carnotensis
1267 3983 1581 4056 episcopus,
1633 3983 1798 4056 epist.
1843 3982 1948 4040 79:

359 4089 388 4128 α
404 4073 675 4130 Mittotibi
685 4073 1030 4146 Cyprianum
1038 4113 1052 4141 ,
1066 4073 1441 4145 Porphyrium
1450 4114 1464 4140 ,
1479 4078 1537 4128 et
1549 4073 1709 4129 Vitas
1721 4073 1954 4129 Patrum

355 4181 484 4219 cum
501 4163 792 4229 Psalterio,
823 4168 889 4218 ut
917 4162 1122 4234 petisti.
1157 4180 1186 4216 ι
1209 4162 1356 4218 Et'in
1376 4163 1488 4217 fine
1510 4161 1640 4217 libri
1653 4167 1781 4234 post
1795 4163 1955 4235 hym-

352 4269 494 4309 num
523 4253 594 4308 de
623 4251 928 4308 Nativitate
951 4251 1160 4308 Christi
1189 4257 1248 4307 et
1277 4251 1624 4324 Epiphania:
1661 4269 1688 4304 α
1719 4253 1786 4308 In
1812 4252 1956 4307 Vitis

319 4344 590 4399 'Patrum
637 4347 890 4398 veterum
951 4341 1218 4414 quiddam
1261 4341 1374 4412 legi
1407 4341 1742 4413 jucundum.
1775 4360 1799 4393 ι
1849 4341 1956 4396 Ubi

2039 3269 2326 3340 plectitur,
2368 3275 2426 3324 et
2452 3271 2741 3342 completa:
2771 3271 3062 3327 sententiae
3096 3271 3634 3344 prOnuntiationem,

2039 3357 2187 3429 quod
2230 3353 2425 3430 ἀξίωμα
2461 3359 2886 3416 nominabatur.
2920 3378 2952 3416 ι
2989 3361 3164 3429 Idem,
3199 3361 3488 3428 Eunucho,
3523 3365 3632 3416 act.

2039 3444 2090 3511 4,
2125 3449 2382 3502 seem-5:
2445 3465 2472 3500 α
2525 3448 2794 3518 Verbum,
2842 3450 3060 3518 Hercle,
3110 3451 3232 3506 hcc.
3261 3469 3288 3506 n
3344 3451 3636 3506 Donatus:

2045 3555 2068 3587 ι
2099 3536 2366 3606 Verbum,
2402 3537 2778 3610 proverbium.
2817 3558 2844 3594 »
2886 3541 3060 3608 Idem,
3107 3540 3368 3612 Adelph.,
3413 3545 3526 3598 act.
3583 3537 3638 3606 b,

2039 3642 2208 3681 scena
2233 3626 2269 3680 8
2293 3645 2304 3681 :
2343 3643 2370 3712 ξ
2403 3628 2529 3683 Non
2557 3645 2748 3684 meum
2775 3629 2914 3684 illud
2943 3628 3171 3684 verbum
3203 3629 3362 3685 facio.
3402 3647 3429 3682 ι
3457 3629 3642 3684 Dona-

2037 3720 2130 3770 tus
2164 3731 2178 3772 :
2212 3734 2238 3770 «
2267 3717 2515 3772 Verbum
2540 3735 2641 3794 pro
2671 3714 2894 3789 ἀξιόματι
2920 3719 3128 3790 posuit,
3159 3719 3308 3790 quod
3334 3735 3446 3773 uno
3473 3719 3640 3772 strin-

2039 3805 2196 3876 gitur
2221 3804 2410 3861 verbo.
2443 3807 2592 3878 Ergo
2625 3807 2858 3862 verbum
2874 3807 3057 3862 brevis
3085 3808 3386 3874 sententia,
3407 3805 3639 3862 verbum

2037 3894 2176 3949 dixit
2199 3911 2390 3950 veram
2419 3897 2778 3952 sententiam.
2814 3899 2959 3952 Nam
2993 3896 3159 3952 verba
3195 3914 3316 3952 esse
3341 3913 3374 3952 a
3401 3896 3637 3951 veritate

2035 3982 2204 4051 dicta,
2235 3988 2482 4040 testatur
2507 3985 2707 4042 Varro.
2741 4005 2765 4038 ι

2082 4073 2216 4138 Quae
2243 4075 2339 4130 alii
2357 4078 2539 4144 verba,
2554 4077 2857 4132 Cassianus
2871 4079 3008 4132 scita
3031 4075 3345 4133 vocatlibro
3367 4091 3401 4132 v
3422 4077 3628 4145 Instit.,

2037 4179 2159 4235 cap.
2193 4167 2262 4222 24
2285 4185 2300 4220 :
2323 4185 2344 4217 ε
2368 4167 2512 4222 Cum
2539 4167 2609 4222 de
2631 4166 2806 4239 Syria:
2827 4166 3081 4238 partibus
3097 4167 3391 4222 Seniorum
3403 4167 3541 4222 scita
3555 4167 3638 4222 di-

2038 4270 2193 4309 scere
2215 4255 2525 4327 cupientes,
2549 4255 2776 4329 IEgypti
2803 4255 3145 4328 provinciam
3167 4256 3520 4328 petissemus.
3559 4275 3582 4308 ι

2109 4343 2452 4400 Dicebantur
2479 4345 2649 4400 etiam
2678 4348 2974 4400 sententia.
3005 4345 3290 4417 Pelagius,
3323 4345 3510 4400 libello
3556 4361 3630 4412 x1,

355 4433 671 4506 rhythmice
699 4437 954 4490 recenset
980 4430 1212 4486 Joannis
1240 4431 1404 4485 Parvi
1436 4448 1534 4486 seu
1564 4431 1754 4486 Brevis
1783 4431 1956 4486 histo-
2037 4449 2094 4487 n.
2121 4432 2192 4490 20
2219 4453 2231 4487 :
2267 4453 2293 4486 «
2325 4435 2548 4506 Loquar
2572 4435 2641 4490 de
2660 4435 2843 4490 verbis
2873 4439 2931 4490 et
2949 4435 3241 4490 sententiis
3262 4433 3578 4490 Seniorum.
3604 4453 3630 4486 υ

343 4522 580 4590 ,ξ’ἱοωω,
609 4524 706 4596 qui
737 4524 918 4579 instar
961 4520 1165 4592 Angcli
1211 4535 1382 4590 agere
1424 4519 1782 4575 desiderabat
1813 4509 2024 4574 nihilD
2111 4524 2457 4596 Quandoque
2485 4541 2776 4580 sermones.
2801 4525 3083 4597 Pelagius,
3123 4524 3310 4580 libello
3356 4539 3428 4592 ιν,
3470 4541 3526 4579 n.
3565 4523 3588 4580 1
3619 4542 3630 4578 :

353 4627 612 4682 operans,
645 4613 794 4683 quod
822 4609 994 4666 habes
1017 4609 1166 4682 apud
1185 4607 1420 4676 Ruffin.,
1453 4607 1552 4664 lib.
1583 4622 1664 4677 III,
1697 4625 1753 4662 n.
1789 4607 1875 4676 56,
1899 4613 1958 4663 et
2045 4631 2068 4665 α
2093 4613 2364 4669 Sedentes
2377 4615 2434 4669 in
2446 4614 2574 4669 navi
2587 4613 2964 4686 loquebantur
2981 4631 3299 4670 sermonem
3319 4615 3576 4669 Patrum.
3604 4631 3633 4667 ι
3683 4659 3695 4670 .

351 4700 666 4770 Pelagium,
698 4700 869 4755 libell.
898 4716 951 4768 κ,
981 4715 1136 4755 num.
1171 4693 1259 4752 ‘27.

321 4807 325 4810 ·
423 4789 561 4844 Dico
580 4791 850 4845 secundo:
877 4790 1119 4856 Quidam
1135 4803 1200 4845 ex
1215 4788 1302 4844 his
1324 4786 1482 4843 libris
1505 4785 1762 4861 inscripti
1782 4803 1958 4860 quan-

353 4879 542 4950 doque
567 4877 740 4946 fucre,
781 4880 946 4933 Verba
971 4882 1276 4935 seniorum.

424 4969 514 5024 Ita
532 4968 686 5024 Beda
709 4969 1106 5040 Martyrologio
1127 4985 1250 5038 suo,
1278 4965 1342 5026 l9
1370 4965 1504 5024 Julii
1530 4987 1542 5022 :
1581 4984 1608 5020 α
1631 4967 1795 5040 Apud
1815 4968 1957 5024 The-

347 5056 576 5113 baidam
603 5057 782 5113 sancti
813 5057 997 5112 Patris
1025 5058 1204 5113 nostri
1227 5057 1470 5127 Arsenii,
1503 5057 1573 5112 de
1598 5073 1707 5128 quo
1743 5055 1803 5110 in
1822 5057 1958 5111 Ver-

350 5146 437 5202 bis
463 5148 760 5204 Seniorum
787 5147 1046 5216 refertur,
1073 5148 1204 5220 quia
1233 5154 1463 5222 propter
1489 5147 1958 5204 redundationem

347 5238 726 5312 lacrymarum
745 5237 1144 5310 tergendarum
1175 5239 1464 5294 sudarium
1489 5255 1714 5310 semper
1738 5236 1798 5291 in
1829 5236 1958 5292 sinu

346 5329 434 5384 vel
461 5327 520 5383 in
549 5343 726 5384 manu
755 5327 1034 5382 habuerit.
1091 5345 1114 5378 ι
1161 5325 1370 5382 Eadem
1417 5325 1952 5400 apud.Usuardum,

347 5414 662 5485 Rabanum,
694 5415 1314 5484 Adonem,Notkerum.
1353 5415 1665 5489 Desumpta
1690 5421 1824 5471 sunt
1850 5433 1954 5470 au-

345 5510 463 5562 tem
487 5524 552 5562 ex
580 5505 678 5562 lib.
707 5521 774 5562 III
798 5505 1028 5576 Rufﬁni,
1060 5522 1218 5563 num.
1257 5503 1376 5574 163,
1411 5511 1469 5560 et
1495 5505 1731 5578 Pelagii,
1763 5503 1954 5562 libello

327 5605 426 5664 'm,
462 5611 520 5650 n.
557 5594 608 5653 1.

295 5685 326 5724 ⁸
418 5683 712 5758 Originem
735 5683 890 5746 tituli
912 5685 1084 5762 hujus
1111 5683 1278 5746 credo
1308 5700 1429 5746 esse
1475 5701 1543 5744 ex
1565 5683 1762 5743 crebra
1788 5681 1949 5744 verbi

2038 4702 2108 4758 Et
2132 4703 2284 4774 apud
2312 4703 2664 4770 Cassianum,
2705 4703 2890 4760 collat.
2931 4702 2976 4773 1,
3013 4721 3132 4777 cap.
3172 4703 3221 4771 1,
3247 4703 3419 4758 habes
3451 4722 3474 4755 ι
3503 4703 3633 4757 Ser-

2037 4807 2265 4846 monem
2291 4792 2694 4848 aediﬁcationis.
2742 4812 2766 4846 ι
2779 4834 2791 4848 .

2111 4881 2356 4938 Subinde
2384 4899 2661 4954 responsa.
2690 4882 3042 4951 Paschasius,
3075 4899 3199 4955 cap.
3247 4883 3335 4951 44,
3385 4882 3444 4936 in
3488 4881 3636 4937 ﬁne:

2041 4990 2070 5024 (ι
2091 4972 2226 5027 Haec
2236 4971 2579 5044 sapientium
2591 4978 2649 5027 et
2659 4972 3034 5044 spiritualium
3049 4988 3320 5044 responsa
3333 4971 3587 5026 Patrum.
3612 4991 3639 5024 ››

2041 5059 2111 5114 Et
2141 5060 2463 5131 Sigebertus
2513 5061 2582 5116 (le
2621 5061 2828 5116 illustr.
2875 5061 3132 5116 Ecclesia;
3173 5059 3465 5132 Scriptor.,
3517 5076 3639 5132 cap.

2046 5148 2147 5206 ll8
2171 5165 2184 5205 :
2215 5171 2236 5199 οι
2263 5150 2738 5222 Interrogationes
2769 5156 2826 5205 et
2849 5151 3260 5222 responsiones.
3287 5169 3311 5203 »

2113 5240 2257 5294 Item
2285 5241 2760 5310 apophthegmata.
2786 5239 3102 5308 Petronius,
3141 5237 3508 5294 Bononiensis
3528 5237 3642 5310 epi-
3727 5309 3748 5324 ἱ

2042 5344 2264 5400 scopus,
2283 5329 2433 5400 apud
2446 5329 2800 5402 Alphonsum
2811 5328 3137 5384 Ciacconem
3146 5368 3159 5394 ,
3173 5333 3421 5384 tractatu
3437 5327 3500 5382 ie
3514 5343 3640 5380 san-

2039 5418 2115 5472 cti
2137 5418 2466 5492 Hieronymi
2485 5417 2856 5485 cardinalitio,
2873 5423 2938 5472 ut
2949 5435 3075 5473 mox
3095 5417 3362 5472 citabitur
3387 5415 3641 5489 prolego-

2037 5525 2204 5564 meno
2219 5509 2271 5577 4,
2305 5508 2404 5582 §7.
2439 5510 2510 5565 Et
2537 5525 2718 5581 nuper
2747 5507 2807 5562 in
2832 5506 3182 5564 Bibliotheca
3201 5509 3456 5574 Patrum,
3485 5511 3642 5562 tomo

2035 5596 2133 5667 IX,
2165 5597 2225 5653 in
2253 5599 2498 5654 secunda
2526 5603 2584 5654 et
2609 5597 2781 5653 tertia
2809 5596 3071 5666 editione,
3117 5597 3260 5653 liber
3301 5596 3534 5669 quintus
3585 5598 3643 5648 et

2033 5683 2225 5740 sextus
2242 5681 2504 5741 Vitarum
2520 5681 2758 5742 Patrum
2776 5681 2882 5741 hoc
2899 5681 3129 5742 nemine
3154 5681 3342 5740 editus
3363 5683 3469 5738 est.
3491 5675 3643 5745 Quin
