4046 6212
420 344 488 402 17

1596 349 2194 411 PROLEGOMENON
2231 351 2537 409 PRIMUM.

3632 350 3703 408 ‘18

420 475 477 527 et
504 472 772 544 prologus
800 473 957 529 Prati
975 473 1303 546 spiritualis,
1337 492 1438 531 seu
1466 475 1593 531 novi
1622 476 1891 543 Paradisi,
1925 478 2022 548 qui
2039 481 2199 539 Aseu
2229 484 2619 550 tyrannorum,
2644 478 2759 533 sive
2781 494 3070 541 caesarum,
3088 477 3184 550 qui
3205 493 3319 532 non
3338 476 3436 532 diu
3463 476 3703 549 impera-

415 562 648 617 Parisiis
678 563 867 617 Grmce
890 563 1075 619 editus
1093 570 1180 619 est
1190 581 1337 619 anno
1354 564 1491 620 ’1604
1514 582 1581 620 ex
1601 565 1898 622 Codicibus
1915 567 2019 620 Va-

411 651 619 707 ticanis
644 658 700 706 et
724 652 827 706 viri
858 653 1157 708 clarissimi
1189 653 1473 709 Francisci
1512 650 1926 723 Olivarii,'eum
1955 656 2019 710 li-

413 739 583 797 brum
607 741 894 797 continere
918 743 1001 797 ait
1018 743 1301 815 διηγτςματά
1319 763 1370 797 τε
1392 743 1471 796 καὶ
1492 738 1845 815 ἀποφθέγματα
1867 744 2015 798 ὁσίων

412 832 495 884 καὶ
538 832 737 885 δικαίων
777 833 859 885 καὶ
904 833 1239 905 φιλοχρίστων
1289 833 1570 904 πατέρωντε
1612 834 1692 885 καὶ
1739 828 1964 904 ἀδελφῶν
1999 851 2011 887 :

416 940 444 975 α
461 921 815 977 narrationes
842 938 908 975 ac
930 921 1065 976 scite
1095 922 1246 976 dicta
1272 938 1374 977 seu
1404 922 1902 993 apophthegmata,
1929 940 2016 976 sa-

414 1027 657 1078 crorum,
686 1013 973 1082 justorum
1003 1010 1324 1084 Christique
1352 1011 1668 1067 amantium
1694 1012 1928 1067 Patrum
1957 1018 2014 1067 et

413 1100 672 1156 fratrum.
705 1121 730 1154 ι

484 1193 906 1264 Nonnunquam
920 1197 1066 1260 gesta
1082 1207 1298 1257 senum,
1313 1192 1556 1246 Joannes
1573 1191 2013 1258 Moschus,Prati

411 1282 723 1353 spiritualis
742 1298 864 1352 cap.
885 1281 979 1337 55:
1002 1299 1027 1333 ι(
1042 1281 1212 1336 Dedit
1227 1279 1365 1342 mihi
1380 1279 1586 1335 librum
1604 1281 1674 1335 ad
1692 1282 2012 1351 legendum,

411 1371 470 1426 in
501 1388 614 1442 quo
630 1378 792 1442 gesta
825 1387 1027 1427 senum
1054 1370 1263 1442 scripta
1289 1375 1469 1425 erant.
1508 1390 1530 1422 ι
1564 1371 1630 1425 In
1658 1371 1850 1425 Graeco
1881 1376 1968 1426 est
2000 1390 2011 1425 :

415 1461 622 1515 Βίὸλιον
649 1460 945 1532 γεροντικόν.
979 1462 1068 1516 Ita
1086 1476 1308 1532 quoque
1328 1460 1657 1515 nominatur
1674 1461 1824 1532 apud
1843 1461 2017 1516 Doro-

414 1550 615 1605 theum
643 1550 702 1604 in
724 1549 1022 1606 Doctrinis.

489 1639 635 1694 Dicti
656 1639 994 1712 quandoque
1015 1640 1072 1694 hi
1091 1639 1219 1694 libri
1234 1646 1368 1697 sunt
1386 1639 1663 1711 Πατερικόν
1691 1656 1793 1695 seu
1819 1640 2015 1711 Πατρι-

410 1728 517 1781 m’v.
554 1729 642 1783 Ita
660 1728 751 1782 hic
774 1734 902 1799 post
921 1729 1095 1783 habes
1111 1730 1511 1800 prologomeno
1530 1727 1618 1795 12,
1654 1729 1723 1783 de
1747 1729 2015 1783 Paradiso

2098 573 2318 634 verunt,
2350 568 2408 622 in
2440 567 2673 622 obscuro
2716 569 2912 623 latent.
2946 590 2972 619 δι
3008 569 3077 622 Et
3121 583 3250 621 mox
3280 585 3291 619 :
3328 583 3357 621 α
3399 567 3508 621 Sed
3555 568 3697 637 ejus,

2100 658 2196 728 qui
2226 658 2383 713 Vitas
2412 658 2653 712 aliorum
2681 657 2923 713 scribere
2955 657 3193 723 orditur,
3227 655 3474 711 officium
3503 660 3589 711 est
3614 656 3701 710 di-

2098 763 2212 816 gna
2225 747 2541 817 cognitione
2554 746 2913 820 perscribere.
2932 764 2959 800 »
2974 745 3411 818 Lampridius,in
3427 745 3697 800 Alexand.

2100 836 2302 891 Severo
2328 854 2339 889 :
2379 856 2401 888 ι
2435 837 2596 891 Vitas
2624 837 2942 907 principum
2973 837 3250 890 honorum
3286 833 3537 889 versibus
3565 835 3702 889 scri-

2095 925 2227 997 psit.
2263 948 2288 975 »
2312 927 2481 981 Divus
2509 926 2880 998 Augustinus,
2901 926 2972 980 de
3004 924 3188 991 Civit.,
3221 922 3363 978 libro
3394 939 3528 993 xxu,
3561 942 3692 997 cap.

2097 1013 2165 1069 29
2192 1032 2203 1066 :
2233 1032 2258 1068 α
2291 1014 2449 1070 Unde
2476 1016 2845 1070 discernimus
2885 1032 2920 1069 a
2953 1030 3064 1069 non
3097 1012 3408 1068 viventibus
3444 1030 3698 1085 corpora,

2096 1102 2204 1157 nisi
2234 1120 2468 1176 corpora
2490 1105 2658 1160 simul
2688 1105 2943 1176 vitasque
2976 1103 3309 1157 videamus?
3342 1120 3369 1154 ))
3414 1103 3699 1168 Sidonius,

2094 1191 2236 1247 libro
2262 1208 2336 1259 Iv,
2363 1194 2524 1265 epist.
2544 1194 2611 1249 14
2637 1213 2651 1252 :
2679 1214 2705 1247 α
2728 1195 2870 1259 Quia
2885 1193 3107 1249 Christo
3124 1208 3215 1246 res
3244 1191 3520 1247 humanas
3535 1193 3704 1249 vitas-

2100 1299 2208 1353 que
2266 1284 2630 1350 medicaturo,
2690 1284 2944 1356 putrium
2998 1280 3469 1337 conscientiarum
3520 1283 3700 1337 cultro

2097 1373 2360 1443 squalens
2377 1374 2534 1428 ulcus
2546 1373 2847 1444 aperimus.
2867 1394 2889 1425 ι
2909 1374 3199 1428 Accedunt
3210 1372 3329 1444 [vn]
3343 1371 3703 1428 auctoritates

2097 1456 2462 1532 praecedentis
2491 1464 2882 1530 conclusionis,
2915 1462 3010 1518 ubi
3041 1467 3098 1516 et
3121 1463 3241 1534 ipse
3272 1464 3578 1534 Gregorius
3608 1461 3705 1515 Vi-

2096 1557 2184 1605 tas
2213 1553 2464 1619 Patrum,
2485 1569 2624 1624 quas
2654 1553 2749 1607 hic
2773 1570 2888 1625 prae
2912 1552 3173 1607 manibus
3192 1552 3484 1621 habemus,
3505 1553 3587 1607 ita
3613 1567 3705 1606 vo-

2097 1645 2204 1703 cat,
2238 1642 2383 1711 quod
2405 1659 2469 1695 eo
2499 1642 2725 1696 nomine
2754 1641 3155 1711 vulgatissima:
3185 1649 3395 1702 essent.

2170 1731 2393 1793 Quaeret
2416 1732 2658 1785 secundo
2704 1730 3018 1801 religiosior
3067 1732 3229 1798 alius,
3278 1750 3416 1788 num
3470 1733 3704 1788 Patrum

414 1817 649 1872 Joannis
671 1818 900 1876 Moschi.
928 1819 1001 1872 Et
1018 1818 1133 1872 alia
1148 1835 1372 1890 quoque
1392 1819 1436 1875 BI
1446 1836 1520 1873 ss.
1546 1817 1658 1872 vidi
1680 1834 1803 1889 qum
1823 1817 2014 1889 Πατρι-
2034 1834 2301 1897 Bnomen
2320 1818 2488 1874 nimis
2516 1819 2854 1874 invidiosum
2876 1819 2967 1885 sit,
2992 1836 3095 1874 nec
3116 1819 3185 1874 ab
3208 1820 3486 1891 religiosis
3509 1826 3566 1875 ct
3588 1837 3705 1875 ere-

412 1906 501 1960 κόν
526 1924 628 1979 pro
657 1907 822 1962 titulo
846 1907 1076 1961 habent.

490 1994 590 2068 [vi]
603 1997 827 2060 Quaeret
836 1997 926 2051 hic
942 1997 1123 2067 primo
1134 1996 1360 2051 criticus
1373 1996 1650 2067 quispiam
1658 2036 1671 2063 ,
1687 2014 1809 2069 quae
1822 1997 2016 2052 inscri-

410 2086 529 2157 ptio
548 2086 626 2139 sit
650 2086 853 2156 potior,
874 2085 1096 2151 Vitane,
1120 2102 1195 2139 an
1220 2085 1359 2142 Vitae
1377 2086 1537 2140 ?Non
1568 2086 1712 2139 hanc
1735 2102 2016 2141 moverem

411 2175 799 2246 quaestionem,
819 2174 931 2229 nisi
944 2177 1065 2245 jam
1093 2174 1227 2228 olim
1247 2175 1317 2228 de
1338 2191 1407 2229 ea
1437 2175 1735 2244 quaesitum
1752 2175 2012 2244 legissem

410 2266 562 2336 apud
583 2264 915 2334 Gregorium
935 2265 1339 2323 Turohensem.
1360 2264 1459 2319 llle
1479 2263 1670 2333 igitur,
1691 2263 2015 2335 prmfatione

407 2355 471 2409 in
499 2354 705 2408 librum
733 2370 900 2408 suum
934 2353 1005 2408 de
1024 2354 1164 2419 .Vita
1201 2353 1453 2417 Patrum,
1489 2352 1586 2423 qui
1625 2351 1767 2406 liber
1802 2353 1920 2423 agit
1947 2353 2016 2406 de

411 2442 750 2515 quibusdam
779 2442 968 2497 saeculi
992 2442 1079 2497 sui
1101 2442 1310 2497 sanctis
1336 2441 1475 2495 viris
1512 2460 1522 2494 :
1564 2461 1585 2491 ι
1614 2440 1913 2506 Quaeritur.
1934 2441 2017 2497 in-

412 2534 558 2604 quit,
586 2549 620 2586 a
653 2532 1008 2603 quibusdam,
1042 2535 1234 2586 utrum
1262 2530 1392 2585 Vita
1419 2535 1741 2584 sanctorum
1771 2546 1845 2584 an
1873 2531 2015 2584 Vitae

412 2623 601 2676 dicere
619 2621 944 2688 debeamus,
968 2621 1147 2676 Aulus
1168 2620 1380 2677 Gellius
1404 2624 1594 2674 autem
1622 2623 1679 2674 et
1701 2620 2016 2691 complures

413 2712 511 2765 alii
527 2710 1038 2765 Grammaticorum
1046 2709 1207 2764 Vitas
1220 2708 1406 2765 dicere
1424 2710 1736 2769 voluerunt.
1753 2710 1895 2765 Nam
1907 2708 2018 2763 Pli-

414 2801 545 2856 nius
572 2805 784 2865 auctor,
817 2801 878 2854 in
907 2800 1074 2854 tertio
1104 2799 1256 2854 Artis
1301 2799 1684 2869 grammaticae
1713 2797 1857 2853 libro
1886 2798 1968 2853 ait
1996 2815 2008 2851 :

419 2910 447 2944 α
476 2890 630 2945 Vitas
662 2890 883 2960 antiqui
907 2891 1291 2959 cujuscunque
1318 2894 1576 2942 nostrum
1604 2888 1893 2954 dixerunt;
1917 2887 2016 2943 sed

413 2979 769 3051 grammatici
799 2979 1075 3049 pluralem
1111 2993 1225 3032 non
1260 2982 1463 3048 putant
1499 2976 1705 3031 habere
1733 2977 1941 3031 Vitam.
1992 2998 2009 3025 ι

416 3069 577 3124 Unde
615 3067 969 3123 manifestius
1007 3071 1111 3131 est,
1154 3066 1365 3125 rectius
1397 3065 1504 3125 dici
1546 3065 1736 3119 Vitam
1783 3066 2018 3123 Patrum

2096 1906 2250 1961 mitis
2281 1908 2364 1961 vel
2384 1908 2771 1978 usurpandum
2790 1908 3105 1979 promiscue
3129 1910 3211 1962 vel
3240 1909 3653 1964 admittendum
3677 1911 3701 1962 Ἰ

2099 1996 2494 2071 Hieronymus,
2513 1996 2653 2052 libro
2681 1997 2797 2052 uin
2814 1998 2975 2068 epist.
2999 1997 3070 2051 ad
3093 1998 3340 2065 Galatas,
3366 1999 3424 2052 in
3444 2000 3705 2070 explana-

2098 2084 2252 2139 tione
2266 2084 2558 2139 commatis
2575 2086 2764 2157 hujus,
2782 2088 2932 2140 illisit
2954 2088 3095 2141 Deus
3111 2089 3381 2155 spiritui);
3402 2090 3514 2154 ﬁlii
3532 2090 3623 2141 sui
3640 2090 3703 2141 in

2096 2176 2261 2229 corda
2284 2180 2473 2229 nostra
2494 2178 2847 2241 clamantem,
2866 2177 3034 2242 Abba,
3059 2178 3225 2230 Pater
3246 2176 3386 2245 (Gal.
3412 2180 3510 2248 Iv),
3526 2176 3705 2231 credi-

2095 2267 2187 2318 tur
2217 2263 2564 2334 improbasse
2594 2263 2745 2335 piam
2770 2265 3173 2319 monachorum
3210 2265 3698 2332 consuetudinem,

2101 2352 2195 2423 qui
2221 2352 2511 2423 praefectos
2537 2369 2667 2408 suos
2694 2353 2922 2407 honoris
2945 2353 3132 2423 gratia
3154 2353 3387 2410 abbates
3426 2360 3485 2409 et
3512 2360 3702 2426 patres

2099 2440 2420 2511 appellant;
2452 2446 2656 2512 praeter
2682 2441 2788 2495 hoc
2817 2446 3025 2509 autem,
3060 2442 3230 2496 etiam
3255 2443 3569 2513 juramenti
3605 2445 3703 2514 jus

2100 2528 2435 2584 Christianis
2484 2529 2706 2584 videtur
2746 2530 3040 2585 ademisse.
3077 2530 3261 2586 Habet
3304 2531 3457 2585 enim
3497 2548 3564 2586 eo
3593 2532 3700 2586 loci

2097 2617 2267 2672 verba
2293 2618 2620 2689 hujusmodi
2652 2636 2665 2671 :
2702 2632 2729 2671 α
2761 2619 2903 2673 Cum
2930 2623 3123 2674 autem
3158 2619 3336 2687 Abba,
3363 2621 3549 2688 Pater,
3582 2621 3699 2674 He-

2096 2705 2245 2762 braeo
2275 2707 2527 2779 Syroque
2552 2723 2815 2762 sermone
2841 2707 3076 2773 dicatur,
3116 2714 3176 2762 et
3203 2708 3477 2763 Dominus
3505 2713 3701 2764 noster

2098 2796 2158 2851 in
2208 2796 2509 2866 Evangelia
2538 2795 2825 2868 praecipiat
2864 2797 3084 2853 nullum
3113 2798 3341 2852 Patrem
3386 2799 3701 2853 vocandum

2098 2885 2209 2940 nisi
2240 2886 2420 2940 Deum
2452 2887 2663 2954 (Matth.
2693 2885 2840 2956 xxv),
2873 2886 3060 2940 nescio
3096 2903 3210 2958 qua
3238 2887 3465 2943 licentia
3490 2887 3546 2942 in
3578 2904 3701 2943 mo-

2099 2974 2357 3029 nasteriis
2397 2974 2483 3029 vel
2512 2991 2771 3031 vocemus
2800 2975 2905 3029 hoc
2942 2976 3171 3031 nomine
3201 2974 3358 3044 alios,
3399 2977 3485 3031 vel
3516 2976 3701 3032 vocari

2098 3080 2200 3118 nos
2227 3063 2666 3135 acquiescamus.
2702 3064 2771 3120 Et
2796 3068 2948 3119 certe
2983 3064 3105 3136 ipse
3139 3065 3405 3137 praecepit
3444 3067 3568 3133 hoc,
3601 3066 3699 3138 qui

417 3174 589 3229 quam
614 3157 794 3224 Vitas,
825 3155 958 3227 quia
984 3171 1113 3211 cum
1133 3155 1207 3210 sit
1233 3154 1527 3215 diversitas
1553 3154 1885 3210 meritorum
1910 3155 2018 3209 vir-
2034 3162 2080 3224 ο
2099 3152 2317 3207 dixerat
2337 3169 2451 3208 non
2472 3170 2591 3208 esse
2613 3153 2949 3224 jurandum.
2980 3154 3038 3208 Si
3062 3170 3181 3208 non
3203 3155 3483 3225 juramus,
3508 3171 3580 3209 ne
3600 3156 3705 3209 Pa-

415 3252 737 3318 tutumque,
767 3261 882 3301 una
916 3249 1141 3301 tantum
1179 3259 1373 3301 omnes
1400 3244 1516 3299 vita
1555 3244 1802 3315 corporis
1831 3243 1935 3298 alit
1960 3243 2020 3303 in

418 3336 653 3392 mundo.
690 3354 714 3388 ι

489 3427 599 3481 Pro
618 3423 889 3495 Gregorio
910 3423 1034 3494 quis
1053 3423 1329 3482 adducere
1342 3423 1537 3495 possit,
1562 3423 1711 3493 quod
1734 3422 1904 3478 habet
1924 3423 2021 3478 So-

413 3515 627 3587 sipater
647 3512 957 3579 Charisius,
972 3511 1117 3567 lib.u
1138 3513 1324 3568 Instit.
1336 3529 1539 3584 gram.,
1562 3528 1685 3583 cap.
1701 3512 1771 3567 de
1790 3513 2024 3582 Interje-

412 3604 633 3660 ctione:
668 3621 695 3658 α
715 3603 845 3657 Vita
868 3602 1054 3657 Deum
1074 3602 1502 3658 immortalium.
1536 3602 1674 3657 Cato
1702 3617 1896 3656 senex.
1916 3601 2024 3656 Ubi

413 3694 674 3750 Statilius
729 3692 1006 3747 Maximus
1056 3710 1068 3745 :
1131 3689 1460 3762 Ἐκφώνησις,
1519 3690 1723 3757 inquit,
1784 3684 2021 3762 ἀρχαϊκὴ,

413 3785 486 3835 ὡς
527 3780 588 3835 τὸ
628 3779 817 3836 Πόποι.
867 3780 1011 3834 Cum
1047 3778 1198 3834 enim
1238 3779 1377 3835 Cato
1419 3778 1489 3835 de
1531 3777 1785 3849 pluribus
1824 3779 2017 3849 loque-

413 3878 593 3937 retur,
627 3870 759 3925 Vita
790 3869 979 3941 potius
1028 3868 1167 3924 dixit
1195 3884 1366 3939 quam
1410 3867 1572 3922 Vitae.
1610 3886 1636 3921 ››
1672 3867 1763 3922 Sic
1794 3868 2018 3923 Flavius

411 3960 686 4033 Vopiscus
732 3958 792 4012 in
838 3957 1041 4013 Carino
1077 3977 1088 4012 :
1144 3976 1167 4009 α
1218 3957 1449 4016 Maxime
1478 3973 1605 4012 cum
1643 3956 1728 4010 vel
1764 3956 2017 4012 vivorum

416 4049 737 4122 principum
765 4046 897 4101 Vita
923 4063 1036 4101 non
1067 4046 1187 4102 sine
1233 4045 1667 4117 reprehensione
1703 4046 1947 4106 dicatur.
1989 4064 2017 4102 ι)

492 4138 642 4195 Olim
672 4143 864 4193 tamen
882 4134 1127 4190 obtinuit
1144 4141 1261 4190 tam
1283 4134 1432 4207 apud
1460 4135 1739 4206 profanos,
1749 4152 1918 4205 quam
1937 4152 2021 4191 ec-

420 4227 761 4284 clesiasticos
786 4224 1105 4296 scriptores,
1132 4229 1198 4280 ut
1213 4224 1356 4281 Vitae
1383 4224 1721 4280 dicerentur.
1745 4225 1941 4296 Virgil.
1968 4242 2021 4280 1v

421 4320 627 4389 Georg.
659 4336 672 4372 :

556 4406 798 4470 Quemque
834 4404 925 4455 sibi
968 4409 1153 4457 teneras
1187 4405 1459 4452 nascentem
1484 4415 1718 4452 arcessere
1748 4402 1885 4453 vitas.

425 4498 584 4554 Idem
603 4513 654 4551 vr
679 4496 923 4564 JEneid.,
954 4497 1023 4552 de
1049 4495 1236 4552 Minoe
1261 4511 1274 4547 :

1275 4589 1505 4654 Vimque
1528 4593 1574 4640 et
1598 4589 1802 4640 crimina
1823 4588 1957 4640 dicit.

424 4677 497 4732 Et
524 4676 722 4731 eodem
748 4674 891 4731 libro
924 4691 937 4730 τ

575 4764 690 4815 Inde
714 4763 967 4814 hominum
1002 4763 1336 4828 pecudumque
1361 4773 1507 4822 genus
1535 4759 1737 4823 vitasque
1760 4761 2022 4812 volantum.

426 4857 644 4912 Rursus
670 4854 813 4911 libro
839 4854 1037 4910 eodem
1065 4872 1078 4909 :

552 4962 609 5010 Et
638 4962 687 5011 ni
713 4963 850 5011 docta
880 4974 1038 5024 eomes
1064 4958 1197 5009 tenui
1221 4957 1325 5011 sine
1346 4971 1542 5024 corpore
1568 4957 1689 5007 vitas

574 5025 849 5079 Admoneat
868 5022 1085 5073 volitare.

428 5124 647 5192 Cicero,
666 5123 737 5179 de
753 5124 883 5180 Nat.
902 5123 1068 5179 Deor.
1089 5120 1187 5177 lib.
1209 5134 1231 5176 Ι
1257 5138 1269 5175 :
1304 5138 1332 5173 «
1372 5121 1528 5178 Deus
1560 5120 1850 5177 hominum
1878 5137 2026 5177 com-

431 5215 604 5270 moda
625 5215 881 5286 vitasque
906 5217 1119 5268 tuetur.
1146 5230 1171 5264 ι
1203 5211 1360 5267 Idem
1383 5210 1453 5266 de
1479 5209 1704 5266 Amicit.
1741 5228 1752 5263 :
1792 5211 2026 5282 «Serpit

431 5321 536 5375 per
560 5304 814 5360 omnium
850 5303 993 5358 vitas
1042 5299 1309 5357 amicitia.
1347 5319 1372 5353 ι
1413 5299 1727 5368 Terentius,
1760 5300 2021 5373 Adelph,

432 5398 542 5448 act.
577 5392 630 5461 3,
663 5408 813 5448 scen.
844 5391 875 5447 3
905 5411 919 5449 :

581 5498 824 5563 inspicere
849 5498 1152 5563 tanquamgin
1176 5497 1420 5563 speculum
1450 5496 1501 5545 in
1524 5496 1650 5563 vitas
1675 5495 1893 5563 omnium

581 5559 749 5622 Iubeo,
776 5565 917 5626 atque
935 5559 986 5611 ex
1006 5560 1120 5615 aliis
1148 5559 1337 5621 sumere
1353 5561 1623 5623 exemplum
1647 5559 1757 5609 sibi.

430 5662 789 5736 Capitolinus
814 5660 875 5718 in
901 5660 1180 5718 Macrino:
1216 5677 1244 5716 ‹‹
1264 5660 1409 5725 Vitae
1432 5660 1659 5719 illorum
1686 5658 2023 5733 principum,
2091 5691 2095 5697 ν

2100 3246 2247 3296 trem
2275 3241 2501 3313 quidem
2521 3242 2845 3314 quempiam
2872 3243 3244 3301 nominemus.
3262 3244 3321 3300 Si
3341 3245 3410 3299 de
3432 3245 3598 3299 Patre
3619 3244 3701 3298 in-

2104 3330 2539 3402 terpretabimur
2568 3331 2751 3398 aliter,
2788 3336 2846 3388 et
2892 3332 2961 3390 de
2998 3333 3241 3403 jurando
3283 3333 3448 3389 aliter
3493 3333 3702 3391 sentire

2101 3436 2385 3491 cogemur.
2414 3440 2440 3474 »
2473 3422 2604 3477 Haec
2629 3421 2743 3476 ille.

2174 3510 2288 3565 Sed
2306 3511 2609 3582 respondet
2629 3511 2816 3568 Sixtus
2836 3511 3122 3581 Senensis,
3144 3512 3241 3566 lib.
3264 3527 3319 3568 γι
3334 3511 3693 3569 Bibiiotbecae

2105 3604 2328 3667 sanctae,
2350 3604 2602 3655 annotat.
2618 3600 2723 3657 279
2747 3620 2761 3656 :
2785 3621 2808 3653 α
2833 3601 3107 3669 Arbitror,
3134 3601 3231 3670 ait,
3255 3603 3399 3658 hanc
3409 3602 3701 3674 periodum

2105 3701 2140 3738 a
2153 3685 2478 3740 seditiosulo
2497 3687 2762 3759 quopiam
2782 3687 3055 3742 monacho
3076 3687 3135 3742 in
3155 3687 3338 3743 fronte
3359 3687 3578 3760 paginae
3612 3688 3706 3743 de-

2105 3774 2389 3847 scriptam,
2422 3780 2479 3829 et
2505 3775 2636 3830 inde
2663 3781 2859 3848 postea
2887 3775 2957 3829 ab
2981 3776 3346 3833 oscitantibus
3370 3776 3616 3832 librariis
3643 3778 3705 3833 in

2099 3867 2422 3923 contextum
2478 3865 2831 3920 translatam.
2884 3866 3002 3922 Nec
3045 3883 3136 3921 me
3186 3867 3322 3934 falli,
3369 3873 3702 3938 argumento

2098 3958 2232 4007 sunt
2260 3970 2382 4024 quae
2413 3954 2790 4026 Hieronymus
2816 3955 3097 4010 sententia
3126 3957 3292 4027 plane
3320 3956 3622 4024 contraria,
3644 3961 3705 4013 et

2103 4059 2167 4096 ex
2195 4042 2442 4114 professo
2470 4043 2694 4115 scripsit
2729 4043 2872 4100 libro
2903 4048 3104 4116 quarto
3144 4045 3202 4100 in
3229 4047 3575 4113 Matthaeum,
3604 4045 3703 4102 ubi

2102 4130 2392 4203 inquirens
2405 4133 2683 4205 quomodo
2695 4132 3123 4204 intelligendum
3139 4134 3216 4189 sit
3232 4135 3371 4190 illud
3391 4135 3705 4191 Servatoris

2100 4222 2448 4290 mandatum,
2484 4224 2663 4279 Nolite
2690 4225 2877 4281 vocari
2906 4226 3183 4292 magistri,
3210 4230 3257 4279 ct
3282 4230 3502 4295 patrem
3533 4227 3705 4283 nolite

2100 4328 2291 4367 vocare
2320 4314 2466 4367 vobis
2495 4328 2659 4382 super
2690 4317 2923 4380 terram,
2956 4317 3064 4368 etc.
3099 4315 3316 4381 (Matth.
3345 4328 3499 4380 xxm,
3536 4313 3592 4381 8,
3624 4314 3702 4380 0),

2103 4401 2183 4455 sic
2206 4400 2287 4455 ait
2315 4420 2326 4455 :
2368 4420 2390 4452 ι
2423 4401 2707 4467 Quaeritur
2726 4419 2900 4474 quare
2921 4402 3187 4458 adversus
3216 4403 3320 4459 hoc
3336 4407 3700 4474 praeceptum,

2047 4490 2389 4586 Ddoctorem
2435 4490 2692 4562 gentium
2738 4492 3041 4564 Apostolus
3073 4508 3133 4547 se
3161 4508 3283 4548 esse
3328 4491 3552 4559 dixerit,
3606 4497 3709 4549 aut

2104 4580 2383 4652 quomodo
2410 4581 2637 4651 vulgato
2656 4597 2935 4650 sermone,
2960 4581 3201 4637 maxime
3230 4581 3290 4637 in
3318 4580 3619 4637 Palaestina
3651 4588 3710 4638 et

2102 4670 2331 4742 Egypti
2343 4670 2717 4739 monasteriis,
2738 4688 2798 4726 se
2824 4671 3060 4727 invicem
3076 4671 3272 4726 Patres
3290 4671 3532 4735 vocant?
3560 4672 3709 4743 quod

2108 4760 2187 4814 sic
2215 4760 2449 4815 solvitur
2478 4778 2488 4790 ι
2520 4761 2691 4816 Aliud
2718 4766 2805 4816 est
2830 4767 3036 4817 natura
3062 4777 3184 4816 esse
3215 4767 3435 4832 patrem
3464 4762 3550 4817 vel
3582 4778 3706 4817 ma-

2104 4849 2368 4921 gistrum,
2389 4850 2542 4907 aliud
2569 4850 2952 4920 indulgentia;
2982 4866 3084 4904 nos
3106 4850 3154 4904 si
3177 4850 3464 4909 hominem
3484 4856 3705 4922 patrem

2104 4955 2387 5006 vocamus,
2420 4940 2692 4996 honorem
2721 4940 2873 4995 aetati
2912 4938 3238 5008 deferimus,
3271 4957 3387 4999 non
3414 4946 3705 4999 auctiorem

2106 5034 2311 5085 nostrae
2330 5029 2679 5086 ostendimus
2699 5028 2844 5087 vitae.
2866 5029 3134 5101 Magister
3155 5046 3379 5101 quoque
3400 5028 3613 5089 dicitur
3640 5046 3709 5085 ex

2106 5119 2387 5176 consortio
2406 5119 2523 5175 veri
2549 5117 2822 5189 magistri.
2847 5119 3005 5185 Etpne
3024 5119 3249 5176 inﬁnita
3267 5119 3552 5191 replicem,
3575 5136 3713 5194 quo-

2107 5209 2273 5265 modo
2299 5226 2447 5265 unus
2475 5225 2574 5280 per
2602 5213 2865 5264 naturam
2893 5210 3062 5277 Deus,
3099 5214 3158 5264 et
3202 5225 3348 5265 unus
3389 5208 3567 5271 Filius
3596 5226 3710 5265 non

2108 5298 2437 5371 prsejudicat
2463 5297 2697 5365 caeteris,
2724 5314 2797 5354 ne
2817 5315 2919 5371 per
2940 5298 3300 5370 adeptionem
3316 5296 3395 5352 dii
3416 5303 3685 5355 vocentur
3698 5339 3712 5364 ,

2110 5395 2169 5446 et
2196 5389 2297 5444 lilii
2316 5408 2328 5457 ;
2350 5389 2433 5445 ita
2454 5394 2510 5445 et
2532 5406 2679 5449 unus
2698 5394 2861 5462 pater
2882 5394 2940 5444 et
2965 5388 3235 5460 magister
3249 5404 3359 5445 non
3383 5387 3714 5459 prejudicat

2109 5478 2251 5546 aliis,
2285 5483 2350 5535 ut
2386 5478 2612 5536 abusive
2658 5480 3013 5552 appellentur
3046 5484 3234 5551 patres
3264 5482 3322 5534 et
3366 5477 3642 5549 magistri.
3678 5498 3703 5529 υ

2108 5570 2392 5626 Hactenus
2422 5587 2489 5625 ex
2513 5570 2640 5627 divo
2672 5571 3017 5641 Hieronymo
3041 5568 3251 5625 Sixtus.

2180 5661 2245 5719 In
2272 5660 2528 5719 eamdem
2548 5676 2771 5734 quoque
2791 5657 3316 5733 sentcntiamdivus
3335 5654 3703 5730 Augustinus,
