4046 6212
322 355 390 413 19
1232 359 1312 414 ΙΝ
1347 359 1559 415 VITAS
1597 361 1894 417 PATRUM
1931 361 2474 418 PROLEGOMENA
2508 360 2706 416 XXVI.

3527 359 3599 417 20

319 483 613 540 collatione
643 482 1077 555 Carthaginensi
1096 483 1286 552 tertia,
1305 485 1486 555 capite
1510 483 1649 541 242:
1676 504 1702 539 «
1724 489 1915 542 Hono-
1932 490 1981 548 A
1998 487 2129 559 quia
2158 486 2501 542 Humbertus
2527 486 2648 558 ipse
2676 484 2961 558 praefatur,
2986 485 3093 557 ipsi
3127 484 3439 540 Humberto
3467 501 3598 541 eum

316 573 606 628 riﬁcentiae
645 590 814 628 causa
845 577 1036 644 patres
1074 573 1422 644 appellamus
1452 591 1546 629 eos
1577 575 1672 647 qui
1704 593 1806 631 nos
1832 577 1919 630 vel

316 667 573 734 tempore
602 664 689 716 vel
726 661 940 716 meritis
977 666 1404 732 praecesserunt.
1446 662 1615 717 Aliud
1662 669 1749 718 est
1791 681 1919 718 cum

318 752 621 823 quaerimus
652 751 723 805 ad
760 750 926 804 ﬁdem
962 767 1131 821 quem
1162 750 1472 805 habeamus
1506 759 1743 822 patrem.
1774 754 1920 808 Nam

319 840 459 895 illud
486 839 715 895 honoris
742 843 845 905 est,
877 843 942 893 ut
979 839 1229 910 quotidie
1256 840 1483 895 senibus
1520 841 1792 908 dicamus,
1825 859 1921 914 pa-

319 932 440 995 ter;
462 927 710 998 quotidie
739 928 910 982 etiam
929 928 1261 999 quibusdam
1283 946 1395 984 non
1420 930 1709 985 nobiscum
1727 931 1787 985 in
1806 948 1921 986 una

321 1016 577 1083 ecclesia,
609 1033 712 1071 nec
748 1016 809 1072 in
830 1016 1031 1071 iisdem
1055 1018 1424 1073 sacramentis
1452 1020 1770 1075 constitutis
1789 1021 1921 1074 dici-

322 1121 467 1170 mus,
503 1104 697 1159 frater.
726 1106 868 1176 [vIII]
893 1106 1197 1161 Sodomitis
1226 1107 1397 1161 etiam
1425 1108 1566 1162 dixit
1593 1109 1718 1176 Lot,
1747 1108 1922 1163 frater

327 1194 477 1261 (Gen.
491 1196 599 1264 XIX)
623 1213 633 1248 :
651 1194 846 1266 utique
858 1195 928 1249 ad
939 1195 1261 1250 leniendum
1278 1213 1470 1251 eorum
1482 1197 1916 1265 animositatem,

321 1298 436 1337 non
461 1283 531 1337 ad
552 1284 831 1354 cognitam
857 1283 1289 1351 fraternitatem,
1307 1290 1364 1339 et
1383 1285 1540 1356 quasi
1561 1286 1728 1341 unius
1748 1287 1924 1340 haere-

322 1371 498 1426 ditate
514 1373 876 1428 consortium.
893 1373 1187 1428 Tollantur
1201 1390 1333 1445 ergo
1348 1374 1473 1429 ista.
1498 1375 1922 1446 Distinguamus

322 1460 609 1529 vocabula,
646 1479 769 1533 quae
808 1462 1129 1518 hominibus
1157 1468 1388 1534 propter
1412 1464 1685 1518 honorem
1712 1464 1923 1519 deben-

323 1554 437 1617 tur,
476 1554 534 1606 ct
567 1551 900 1606 vocabulum
940 1552 1089 1623 quod
1120 1556 1349 1623 prOpter
1388 1553 1627 1607 salutem
1674 1553 1924 1625 requiri-

322 1655 469 1698 mus.
502 1658 527 1694 ι

397 1730 508 1786 Sed
540 1735 597 1784 et
624 1729 755 1783 alibi
783 1732 1011 1784 sanctus
1042 1729 1420 1803 Hieronymus
1457 1733 1923 1788 anachoretarum

2002 576 2238 631 fortasse
2267 576 2468 631 tribuit
2488 575 2887 631 Theodoricus.
2913 574 3075 628 Nunc
3097 589 3253 643 vero,
3288 591 3417 631 cum
3439 574 3598 630 Vitas

2000 664 2102 719 has
2130 665 2374 720 secundo
2396 665 2494 735 [1x]
2516 665 2665 735 typis
2692 663 2980 729 submitto,
3002 663 3208 733 prodiit
3226 664 3273 718 is
3292 663 3436 719 liber
3453 664 3600 720 Dua-

2000 753 2049 808 ci
2078 754 2226 824 apud
2258 754 2643 808 Balthasarem
2676 753 2959 807 Bellerum
2985 767 3133 806 anno
3154 751 3315 809 1619.

2071 842 2349 897 Jordanus
2370 859 2592 913 quoque
2622 842 2692 895 de
2718 841 2959 896 Saxonia
2987 840 3201 895 ordinis
3222 841 3461 896 fratrum
3483 859 3600 897 ere-

2001 931 2271 985 mitarum
2296 931 2473 985 sancti
2500 930 2803 1001 Augustini
2831 930 3040 984 librum
3066 931 3397 1002 composuit,
3432 948 3601 1002 quem

2000 1019 2158 1074 Vitas
2185 1020 2449 1075 Fratrum
2466 1019 2770 1090 inscripsit,
2792 1019 3088 1090 editusque
3118 1024 3204 1073 est
3233 1019 3424 1074 Romae
3453 1037 3602 1074 anno

2001 1107 2408 1173 1587,curante
2436 1109 2752 1180 Augustino
2780 1109 3081 1173 Fivizanio,
3113 1108 3368 1179 ejusdem
3388 1110 3603 1165 ordinis

2003 1197 2284 1266 religioso,
2318 1197 2608 1269 apostolici
2650 1197 2848 1268 palatii
2888 1196 3140 1264 sacrista,
3173 1213 3300 1251 cum
3339 1198 3487 1252 notis
3524 1198 3603 1254 M.

2002 1286 2233 1340 Antonii
2283 1286 2480 1342 Mall‘zei
2537 1286 2896 1341 Salernitani.
2950 1285 3225 1356 Josephus
3276 1286 3603 1357 Pamphilus

2004 1374 2295 1446 episcopus
2325 1375 2587 1446 Signinus
2615 1375 2677 1429 in
2706 1373 2984 1429 Chronico
3006 1374 3220 1428 ordinis
3238 1375 3606 1430 eremitarum

2005 1465 2180 1517 sancti
2199 1464 2500 1535 Augustini
2524 1464 2660 1519 citat
2670 1480 2737 1518 ex
2755 1463 2895 1518 Vitis
2907 1463 3019 1517 illis
3036 1463 3259 1517 initium
3283 1463 3605 1535 Spiritualis

2005 1553 2458 1623 pulchritudinis,
2475 1554 2623 1624 quod
2642 1552 2869 1607 initium
2888 1569 3036 1607 nunc
3064 1552 3122 1607 in
3136 1552 3306 1611 editis
3325 1569 3438 1608 non
3457 1570 3608 1609 com-
3670 1572 3679 1581 ·

2005 1647 2185 1712 paret.
2234 1642 2401 1695 Forte
2431 1642 2567 1696 olim
2593 1658 2658 1697 eo
2703 1641 2865 1695 initio
2911 1639 3164 1712 praefatio
3210 1640 3318 1695 fuit
3354 1643 3600 1713 praeﬁxa,

2005 1748 2129 1803 qua:
2158 1747 2309 1785 nunc
2331 1732 2506 1786 deest.

325 1818 607 1890 principes
638 1823 828 1890 patres
867 1823 1029 1873 vocat
1058 1820 1220 1890 epist.
1272 1820 1362 1887 22,
1394 1821 1466 1875 ad
1510 1822 1875 1876 Eustochium
1906 1840 1918 1875 :
1945 1805 1991 1865 Β
2074 1820 2304 1874 Accedit
2322 1820 2494 1874 etiam
2505 1824 2755 1874 vetustos
2775 1820 3046 1891 quosdam
3069 1819 3444 1875 Mss.titulum
3468 1837 3605 1892 prae-

329 1924 357 1961 α
381 1908 680 1973 Macarius,
707 1906 938 1971 Pambo,
970 1908 1239 1973 Isidorus,
1266 1925 1404 1979 quos
1433 1915 1621 1981 patres
1651 1915 1867 1965 vocant.
1891 1928 1918 1964 ))

327 1997 570 2068 Cyrillus
598 1996 771 2050 etiam
802 1996 1213 2051 Alexandrinus
1246 1997 1537 2069 epistolam
1572 2016 1738 2071 quam
1770 2000 1927 2054 misit

324 2085 396 2139 ad
436 2084 795 2157 presbyteros
825 2089 883 2139 et
921 2085 1201 2151 diaconos,
1238 2103 1361 2157 quae
1396 2087 1637 2143 habetur
1663 2088 1722 2142 in
1769 2090 1924 2144 Actis

323 2175 524 2246 synodi
553 2173 863 2245 Ephesinae,
898 2179 1059 2245 parte
1094 2188 1140 2242 Ι,
1172 2191 1292 2246 cap.
1326 2175 1378 2241 2,
1411 2176 1578 2231 simul
1618 2177 1920 2249 inscripsit,

326 2261 560 2333 Πατράσι
589 2271 847 2333 μοναχοῖς,
882 2281 909 2314 α
942 2261 1203 2317 Patribus
1236 2264 1540 2319 monachis.
1574 2284 1601 2319 »

395 2351 619 2416 Quaeret
642 2351 811 2405 tertio
837 2350 1074 2407 fortasse
1110 2353 1423 2408 curiosulus
1454 2354 1657 2426 aliquis
1685 2355 1833 2410 unde
1864 2356 1924 2411 in

321 2440 604 2513 plerisque
633 2439 789 2495 libris
817 2441 983 2495 editis
1013 2442 1175 2512 quasi
1202 2447 1355 2496 recto
1384 2459 1535 2509 casu,
1568 2444 1655 2498 vel
1682 2440 1924 2508 ἀπτώτως

324 2545 423 2584 seu
455 2528 928 2583 indeclinabiliter
953 2529 1113 2584 Vitas
1149 2531 1385 2585 Patrum
1425 2531 1764 2587 inscribatur
1787 2534 1813 2586 ’ἶ
1839 2535 1925 2588 Ita

325 2618 554 2689 quidem
571 2618 743 2672 editio
763 2618 997 2685 Veneta,
1016 2635 1164 2673 anno
1186 2618 1342 2686 1508,
1362 2621 1423 2675 in
1433 2620 1615 2676 fronte
1638 2639 1739 2693 pro
1756 2623 1921 2678 titulo

322 2706 564 2778 praefert.
609 2707 958 2778 Respondeo,
1003 2707 1177 2762 videri
1207 2709 1383 2780 possit
1411 2716 1598 2764 ortum
1630 2727 1697 2765 ex
1723 2712 1920 2782 primis

322 2794 659 2866 quibusdam
679 2795 1036 2863 editionibus,
1064 2796 1123 2850 in
1145 2797 1347 2868 quibus
1386 2814 1513 2853 cum
1537 2800 1756 2855 nullum
1776 2800 1921 2855 libro

320 2883 734 2955 frontispicium
761 2885 1105 2956 praeﬁgatur,
1139 2887 1237 2941 sed
1278 2887 1504 2942 initium
1531 2889 1922 2960 appellationis

322 2972 596 3041 ducatur;
630 2973 771 3027 vela
797 2974 1027 3045 prologo
1053 2974 1149 3046 qui
1181 2975 1240 3030 in
1269 2976 1745 3048 Norimbergensi,
1776 2995 1923 3034 anno

326 3058 485 3130 1478,
516 3062 596 3116 sic
619 3061 790 3116 habet
818 3081 831 3116 :
866 3064 1070 3133 Incipit
1095 3068 1360 3133 protogus
1389 3069 1570 3121 sancti
1595 3069 1927 3136 Hieronymi

2004 1908 2150 1962 ferre
2170 1908 2322 1963 Vitas
2341 1910 2595 1963 Patrum.
2622 1911 2710 1964 Ita
2726 1908 2870 1963 liber
2902 1909 3236 1964 Vedastinus
3263 1914 3396 1964 ante
3427 1926 3606 1964 annos

2005 2014 2177 2069 supra
2202 2011 2337 2052 DCCC
2365 1998 2606 2069 scriptus
2634 1997 2857 2064 litteris,
2897 2002 2964 2051 ut
3000 2001 3217 2063 vocant,
3250 1997 3601 2069 capitalibus.

2078 2087 2187 2142 Sed
2209 2102 2320 2157 qua
2337 2086 2725 2157 grammatica,
2757 2086 2844 2140 vel
2873 2103 2983 2157 qua
3013 2086 3309 2141 occasione
3339 2086 3483 2141 liber
3508 2087 3604 2143 ille

2005 2176 2087 2231 ita
2113 2175 2458 2247 inscriptus?
2486 2176 2552 2229 D.
2578 2175 2853 2245 Georgius
2875 2175 3253 2242 Colvenerius,
3268 2176 3344 2230 M.
3368 2176 3437 2232 N.
3461 2178 3606 2231 Aca-

2006 2265 2203 2319 demiae
2232 2252 2509 2319 Duacenae
2529 2264 2915 2330 cancellarius,
2931 2257 3324 2331 ‘existimabat,
3349 2265 3609 2321 vetustis.

2005 2354 2148 2408 simo
2176 2370 2333 2408 more
2361 2354 2431 2407 ad
2454 2353 2776 2408 Graecorum
2794 2352 3171 2407 imitationem
3194 2352 3399 2408 librum
3422 2355 3606 2425 primo

2005 2443 2217 2496 dictum
2239 2449 2296 2496 et
2314 2442 2836 2513 inscriptum,Liber
2877 2443 3018 2496 Vitas
3046 2445 3297 2509 Patrum,
3325 2459 3427 2513 pro
3449 2445 3608 2497 Liber

2016 2533 2140 2584 Vita:
2168 2533 2421 2596 Patrum,
2452 2530 2507 2584 id
2538 2535 2642 2597 est,
2673 2529 2817 2584 liber
2855 2530 2950 2601 qui
2982 2530 3233 2585 continet
3279 2531 3465 2585 Vitam
3495 2532 3606 2584 Pa-

2004 2623 2184 2685 trum;
2216 2624 2281 2673 ut
2304 2619 2459 2672 Vitas
2492 2619 2566 2673 sit
2590 2619 2871 2690 genitivus
2911 2619 3234 2689 singularis,
3266 2624 3333 2673 ut
3360 2620 3603 2674 familias

2003 2708 2062 2762 in
2097 2707 2523 2779 paterfamilias.
2555 2707 2768 2762 Deinde
2796 2708 2953 2762 Liber
2990 2708 3260 2762 omissum
3289 2725 3431 2775 esse,
3463 2709 3602 2763 sim-

2003 2797 2333 2868 pliciterque
2369 2797 2582 2851 dictum
2620 2798 2765 2851 Vitas
2790 2798 3044 2851 Patrum.
3091 2797 3206 2867 Ego
3244 2814 3375 2851 vero
3412 2798 3600 2853 nescio

2005 2902 2078 2940 an
2099 2886 2378 2957 quispiam
2403 2885 2550 2940 hanc
2568 2884 2921 2957 antiquitatis
2937 2885 3177 2941 formam
3196 2887 3256 2941 in
3275 2887 3602 2959 posteriori-

2003 2974 2110 3029 bus
2134 2975 2353 3030 saeculis
2375 2975 2450 3029 sit
2480 2975 2848 3030 admissurus.
2882 2976 3047 3030 Certe
3075 2976 3319 3030 Joannes
3346 2977 3601 3048 Despau-

2004 3063 2199 3131 terius,
2232 3063 2328 3119 lib.
2356 3078 2398 3118 II
2429 3064 2977 3119 Commentariorum
3001 3065 3519 3136 grammaticorum,
3542 3065 3602 3120 in

314 3152 625 3220 presbyteri
651 3154 715 3207 in
737 3153 905 3206 libros
937 3153 1081 3207 Vitas
1100 3155 1337 3208 Patrum
1361 3172 1380 3221 ;
1403 3155 1546 3210 vela
1566 3156 1826 3227 registro,
1859 3162 1926 3211 ut
1948 3166 1989 3226 ο
2005 3153 2189 3225 prima
2217 3152 2725 3220 declinatione,ait:
2752 3153 2921 3209 Liber
2950 3155 3093 3209 Vitas
3120 3157 3356 3210 Patrum
3380 3154 3461 3209 sic
3487 3170 3604 3210 non

321 3239 381 3294 in
420 3240 768 3295 Germanicis
800 3240 1000 3296 incerti
1029 3241 1154 3311 loci,
1186 3258 1335 3297 anno
1370 3242 1504 3301 1483
1535 3250 1592 3299 et
1624 3244 1761 3301 1485
1796 3264 1807 3298 :
1851 3249 1919 3301 In

326 3333 691 3400 antiquorum
714 3333 951 3385 Patrum
989 3333 1153 3399 Vitas,
1192 3350 1229 3387 α
1260 3335 1408 3389 beato
1437 3336 1772 3404 Hieronymo
1800 3352 1927 3392 con-

324 3421 558 3488 scriptas
582 3422 903 3487 registrum;
920 3420 1129 3476 factum
1143 3421 1366 3477 videtur
1384 3428 1451 3478 ut
1462 3424 1800 3495 posteriores
1814 3426 1927 3481 edi-

324 3512 497 3575 tores,
530 3507 689 3563 Vitas
719 3509 972 3577 Patrum,
1006 3504 1266 3575 ἆπτώτως,
1298 3528 1399 3567 seu
1425 3512 1806 3569 inﬂexibiliter
1834 3531 1927 3570 ce-

324 3597 533 3669 perint.
553 3597 717 3653 Certe
735 3597 921 3669 prima
933 3599 1186 3654 omnium
1204 3600 1394 3667 editio,
1411 3602 1565 3656 nullo
1587 3607 1737 3657 certo
1754 3619 1920 3669 anno,

324 3687 467 3755 loco,
503 3688 852 3758 typographo
905 3687 1234 3758 consignata
1277 3690 1444 3744 aliter
1469 3689 1641 3744 habet
1672 3708 1685 3746 :
1719 3695 1927 3762 Incipit

319 3776 578 3844 praefatio
608 3776 751 3828 beati
781 3776 1114 3843 Hieronymi
1140 3778 1452 3846 presbyteri
1484 3782 1549 3833 in
1570 3783 1826 3848 primum
1852 3784 1927 3836 li-

330 3865 495 3918 brum
506 3864 569 3917 de
589 3864 706 3917 Vita
718 3869 1038 3918 sanctorum
1053 3867 1287 3921 Patrum
1296 3867 1389 3922 .Ut
1398 3883 1511 3922 non
1522 3867 1805 3924 immerito
1822 3870 1929 3925 Ga-

327 3950 492 4007 lenus
515 3950 943 4023 Westcapellus,
969 3954 1244 4009 catechesi
1269 3954 1376 4012 225
1405 3962 1620 4014 asserat
1638 3974 1698 4013 se
1714 3958 1928 4014 nescire

330 4056 443 4112 qua
468 4039 838 4111 grammatica
860 4040 1004 4097 liber
1022 4043 1113 4098 hic
1131 4043 1470 4100 inscribatur
1494 4046 1655 4101 Vitas
1668 4047 1923 4102 Patrum.

402 4130 512 4185 Sed
538 4146 653 4185 non
672 4136 960 4204 acceptam
981 4132 1328 4189 occasionem
1358 4150 1429 4189 ex
1452 4135 1650 4206 primis
1673 4136 1929 4191 editioni-

328 4217 434 4274 bus
448 4219 655 4274 librum
672 4236 801 4275 eum
820 4221 1054 4276 vocandi
1064 4227 1121 4276 et
1134 4222 1475 4278 inscribendi
1494 4224 1651 4279 Vitas
1670 4225 1925 4292 Patrum,

2000 3242 2224 3310 dicitur,
2257 3243 2356 3297 sed
2390 3244 2515 3297 Vita:
2535 3244 2792 3308 Patrum;
2824 3243 2937 3314 legi
2966 3245 3110 3297 Vitas
3137 3245 3395 3310 Patrum,
3421 3248 3529 3299 etc.

2076 3331 2397 3386 Hadrianus
2449 3332 2694 3386 Courten
2742 3337 2953 3399 noster,
3002 3332 3292 3404 Belgiique
3330 3333 3509 3388 nostri
3544 3333 3606 3388 in

2005 3420 2386 3491 grammaticae
2407 3420 2667 3492 palaestra
2694 3420 2837 3476 alter
2866 3421 3167 3488 Palaemon,
3192 3421 3476 3476 existimat
3494 3422 3604 3476 im-

2006 3510 2267 3582 peritiam
2314 3508 2601 3581 scriptoris
2646 3526 2713 3565 ex
2751 3509 2840 3565 his
2886 3510 3068 3565 verbis
3110 3512 3228 3565 Vita
3255 3509 3313 3564 S.
3344 3513 3598 3577 Patrum,

2007 3599 2203 3654 fecisse
2240 3600 2382 3654 Vitas
2431 3601 2687 3670 Patrum,
2720 3597 2998 3672 probabili
3024 3599 3083 3654 in
3110 3599 3310 3672 primis
3342 3599 3605 3671 lacilique

2008 3690 2348 3759 conjectura.

2076 3776 2217 3832 Mihi
2241 3793 2370 3832 vero
2391 3775 2714 3832 occurrebat
2729 3777 2899 3848 hujus
2918 3777 3310 3848 appellationis
3329 3777 3605 3849 originem

2007 3866 2337 3938 proﬂuxisse
2358 3882 2425 3921 ex
2447 3871 2702 3921 veterum
2729 3866 3012 3933 citatione,
3034 3867 3131 3937 qui
3148 3868 3229 3922 ita
3256 3867 3371 3922 fere
3399 3866 3607 3922 librum

2008 3955 2158 4009 hunc
2204 3955 2397 4021 citant,
2449 3954 2580 4009 licet
2612 3953 2781 4009 verbo
2835 3954 3046 4022 addito,
3083 3960 3150 4009 ut
3197 3960 3356 4027 patet
3411 3955 3505 4010 hic
3546 3955 3607 4009 in

2007 4044 2192 4115 prima
2216 4044 2590 4110 conclusione,
2610 4042 2708 4098 ubi
2737 4042 2993 4099 Gelasius
3014 4044 3112 4111 ait,
3135 4063 3158 4094 ι
3195 4044 3343 4099 Vitas
3372 4044 3606 4100 Patrum

2008 4149 2135 4188 cum
2156 4133 2309 4187 omni
2328 4134 2540 4188 honore
2557 4133 2913 4205 suscipimus.
2936 4150 2965 4186 ι
2982 4133 3308 4189 Gennadius
3332 4152 3343 4187 :
3374 4152 3400 4185 (ι
3417 4134 3614 4189 Petro-

2009 4222 2138 4277 nius
2157 4222 2445 4294 scripsisse
2470 4226 2703 4294 putatur
2724 4221 2875 4276 Vitas
2904 4223 3157 4278 Patrum.
3180 4240 3209 4276 ι
3242 4222 3605 4278 Paschasius:

328 4308 417 4365 vel
443 4308 576 4364 inde
605 4314 782 4381 patet,
806 4310 955 4382 quod
984 4317 1203 4367 constet
1227 4312 1520 4384 antiquam
1549 4313 1720 4368 fuisse
1742 4314 1930 4385 appel-
2015 4331 2037 4363 ι
2057 4311 2214 4367 Vitas
2238 4312 2468 4366 Patrum
2490 4312 2682 4382 jussus
2709 4311 2769 4365 in
2784 4310 3048 4365 Latinum
3068 4311 3376 4367 transferre
3399 4327 3610 4367 sermo-

329 4397 603 4453 lationem
632 4399 790 4454 Vitas
819 4400 1072 4467 Patrum,
1104 4401 1273 4456 etiam
1302 4406 1433 4456 ante
1477 4402 1922 4473 impressionem.
1942 4405 2152 4464 Dnem.
2179 4418 2205 4453 no
2232 4400 2621 4455 Cassiodorus:
2654 4421 2677 4449 ιι
2707 4399 2861 4455 Vitas
2882 4400 3115 4456 Patrum
3136 4400 3503 4472 proculdubio
3522 4417 3610 4456 re-

331 4487 561 4544 Clarum
580 4488 638 4543 id
669 4495 759 4544 est
776 4489 934 4544 Vitas
962 4489 1244 4557 Fratrum,
1263 4506 1501 4560 quarum
1520 4496 1778 4547 auctores
1800 4493 1930 4548 hinc
2009 4489 2283 4569 peritis.)
2321 4490 2557 4544 Sanctus
2599 4488 2934 4544 Benedictus
2960 4506 2973 4542 :
3012 4507 3041 4543 α
3067 4490 3245 4562 Legat
3268 4506 3417 4545 unus
3451 4490 3608 4546 Vitas

329 4592 498 4631 suum
526 4578 757 4633 titulum
782 4578 1043 4633 videntur
1069 4579 1323 4634 hausisse
1353 4586 1411 4634 et
1446 4581 1831 4638 adumbrasse.
1860 4583 1931 4636 Et

332 4665 562 4736 quidem
584 4668 835 4723 diversus
856 4685 889 4723 a
905 4668 1139 4723 diversis
1160 4684 1226 4723 eo
1244 4668 1410 4723 titulo
1426 4668 1568 4724 liber
1594 4674 1681 4725 est
1697 4670 1930 4741 insigni-

326 4758 444 4810 tus.
474 4754 817 4811 Humbertus
858 4758 1088 4829 quintus
1115 4757 1387 4828 magister
1411 4759 1692 4829 generalis
1717 4759 1928 4813 ordinis

327 4843 378 4899 D
391 4887 406 4901 .
434 4842 735 4912 Dominici,
757 4845 962 4909 dicitur
980 4847 1135 4902 Vitas
1154 4847 1415 4902 Fratrum
1435 4847 1524 4902 sui
1547 4847 1760 4903 ordinis
1786 4865 1933 4903 com-

329 4932 604 5005 posuisse,
649 4937 715 4987 ut
759 4932 929 4989 habet
955 4935 1129 4992 frater
1155 4936 1538 4992 Theodoricus
1581 4937 1650 4992 de
1690 4937 1928 5008 Apoldia

330 5021 572 5093 epistola
596 5021 917 5094 pmfatoria
951 5030 1083 5080 ante
1132 5026 1316 5083 Vitam
1346 5025 1527 5081 sancti
1566 5026 1862 5094 Dominici,
1891 5026 1927 5082 5

330 5109 593 5182 Augusti.
624 5110 892 5166 Nondum
908 5111 1021 5167 vidi
1049 5128 1181 5169 eum
1204 5114 1411 5171 librum
1438 5114 1710 5187 prodiisse
1731 5132 1797 5169 eo
1822 5131 1925 5170 au-

329 5204 505 5256 ctore.
536 5199 732 5257 Habeo
762 5217 935 5273 penes
963 5216 1056 5256 me
1081 5202 1205 5257 Mss.
1237 5205 1394 5259 Vitas
1423 5206 1682 5260 Fratrum
1713 5204 1926 5259 ordinis

329 5288 398 5343 D.
429 5287 729 5357 Dominici,
753 5295 981 5346 auctore
1007 5289 1258 5347 Gerardo
1277 5293 1347 5347 de
1375 5294 1647 5349 Fracheto
1669 5294 1923 5348 Domini-

331 5393 490 5446 cano,
511 5378 607 5450 qui
627 5395 757 5434 eum
784 5379 993 5436 librum
1012 5380 1237 5452 scripsit
1257 5381 1421 5452 jussu
1441 5383 1736 5438 Humberti
1759 5398 1925 5453 gene-

329 5467 465 5522 ralis
485 5467 669 5539 quinti
683 5484 831 5524 anno
853 5469 1009 5525 1260.
1029 5470 1180 5526 Citat
1198 5475 1255 5526 et
1273 5487 1403 5526 eum
1419 5472 1696 5527 Antonius
1717 5472 1926 5527 Senen-

332 5557 410 5612 sis
428 5556 488 5612 in
501 5556 847 5613 Bibliotheca
857 5559 1195 5632 scriptorum
1215 5560 1301 5616 sui
1330 5560 1567 5619 ordinis.
1591 5561 1735 5626 Quia
1754 5561 1927 5633 igitur

330 5644 602 5720 auspiciis
621 5646 918 5708 Humberti
932 5664 1063 5707 eum
1077 5649 1284 5708 librum
1304 5650 1528 5724 scripsit
1545 5650 1847 5721 Gerardus,
1868 5655 1926 5706 et

2013 4579 2261 4635 Patrum.
2299 4598 2322 4630 ι
2378 4578 2682 4650 Gregorius
2709 4578 3091 4634 Turonensis:
3131 4598 3155 4631 ι
3193 4578 3344 4634 Vitas
3372 4580 3608 4635 Patrum

2011 4666 2312 4722 abscedens
2349 4667 2418 4721 ab
2465 4684 2529 4722 eo
2557 4667 2751 4722 direxi.
2801 4686 2827 4720 »
2860 4668 3005 4722 Hinc
3030 4667 3224 4739 igitur,
3278 4668 3414 4740 quia
3437 4668 3609 4723 toties

2010 4757 2160 4827 apud
2186 4760 2443 4811 auctores
2472 4755 2736 4827 legebant
2749 4756 2978 4828 quidam
3018 4759 3162 4812 Vitas
3189 4760 3447 4824 Patrum,
3480 4772 3608 4811 eam
3686 4820 3691 4825 κ

2013 4845 2446 4917 appellationem
2472 4851 2710 4918 τεχνικῶς
2738 4846 2879 4900 libro
2915 4845 3190 4900 indidere.
3239 4845 3389 4901 Satis
3414 4849 3608 4901 autem

2008 4940 2228 4990 constat
2256 4950 2320 4989 ex
2345 4934 2634 4990 Gennadio
2665 4951 2836 5007 supra
2853 4934 3043 5002 citato,
3065 4933 3275 4990 librum
3294 4935 3445 4991 hunc
3472 4934 3609 4989 olim

2007 5030 2156 5079 recte
2182 5024 2241 5078 in
2265 5028 2416 5079 recto
2445 5023 2778 5097 inscriptum
2810 5026 2934 5080 Vitae
2957 5026 3212 5079 Patrum.
3236 5024 3325 5080 Ita
3343 5024 3495 5079 enim
3513 5024 3609 5079 ille

2007 5131 2129 5185 cap.
2170 5112 2249 5181 1’1,
2272 5114 2331 5168 in
2353 5114 2627 5183 Evagrio:
2662 5133 2686 5166 ‹
2720 5113 2895 5185 Cujus
2918 5113 3087 5168 etiam
3104 5112 3265 5180 liber,
3292 5113 3388 5184 qui
3406 5113 3609 5169 attitu-

2006 5204 2159 5258 latur
2194 5204 2315 5258 Vita:
2334 5205 2590 5270 Patrum,
2611 5203 2764 5258 velut
2782 5202 3251 5259 continentissimi
3271 5207 3330 5258 et
3348 5202 3608 5258 eruditis-

2005 5292 2134 5347 simi
2162 5292 2266 5347 viri
2294 5292 2641 5347 mentionem
2674 5292 2827 5346 facit.
2861 5310 2890 5345 »

2453 5389 3047 5446 PROLEGOMENON
3072 5389 3146 5445 II.

2332 5470 2439 5536 Qui
2462 5470 2664 5525 horum
2697 5470 2973 5525 librorum
3001 5475 3274 5526 auctores.

2079 5560 2155 5631 [Χ]
2185 5560 2288 5614 Hic
2306 5575 2435 5614 vero
2458 5559 2624 5614 cardo
2637 5557 2810 5613 totius
2828 5557 2912 5614 rei
2939 5558 3192 5616 vertitur.
3221 5560 3296 5617 Ut
3315 5560 3469 5616 enim
3487 5574 3608 5616 mo-

2006 5654 2153 5707 netae
2178 5665 2294 5706 non
2321 5653 2545 5706 tantum
2577 5664 2615 5705 a
2639 5647 2908 5721 pondere,
2940 5649 3041 5708 sed
3070 5654 3128 5708 et
3154 5648 3226 5707 ab
3254 5649 3442 5724 efﬁgie
3467 5664 3606 5708 suus
