3990 6194
341 327 417 387 2i

1635 326 2230 387 PROLEGOMENON
2266 325 2361 385 IV.
3565 322 3638 379 22

348 458 442 510 est
461 454 637 521 valor,
665 454 748 509 ita
774 458 832 509 et
857 451 988 508 libri
1007 454 1254 526 pretium
1283 470 1395 509 non
1444 457 1665 510 tantum
1705 473 1741 511 a
1784 456 1950 525 mole,
1969 458 2023 520 Α
2038 456 2302 524 obstaret,
2336 457 2559 513 etiamsi
2575 462 2770 515 auctor
2785 456 3081 515 haereticus
3101 458 3267 523 esset,
3280 455 3468 509 Vitam
3480 448 3549 507 ab
3570 466 3636 504 eo

347 545 453 600 sed
484 550 545 599 et
563 544 633 599 ab
662 549 890 598 auctore
916 544 1244 599 aestimatur.

2044 546 2380 618 descriptam
2410 547 2686 605 sinceram
2712 548 2872 603 esse?
2900 548 3086 606 Facile
3123 546 3325 621 cuique
3366 549 3452 599 est
3491 537 3638 617 ἀερο-

427 633 593 698 Quod
622 633 668 688 si
688 639 887 688 auctor
910 633 1246 705 quandoque
1274 634 1431 699 latet,
1462 637 1598 688 tunc
1622 635 1959 706 investigare
2044 645 2246 709 μαχεῖν.

347 723 688 779 conabimur
708 723 1113 794 interpretem:
1153 723 1250 794 qui
1280 723 1326 775 si
1350 722 1634 794 antiquus,
1672 722 1719 777 si
1738 724 1955 791 doctus,

345 815 403 868 si
432 812 664 885 probus,
695 829 809 868 non
838 828 1181 884 magnopere
1209 812 1279 866 de
1308 816 1536 867 auctore
1557 812 1955 867 laborabimus.

350 904 474 957 Cur
490 903 643 956 enim
661 902 810 973 quod
824 902 1136 973 judiciosus
1150 902 1427 973 interpres
1445 918 1547 955 suo
1562 902 1794 972 dignum
1816 902 1961 974 style

352 993 649 1046 calamove
670 991 962 1063 judicavit,
998 1008 1112 1045 non
1140 992 1227 1045 vel
1252 990 1428 1062 ipsius
1452 991 1561 1044 fide
1592 991 1961 1063 recipiamus?

430 1080 579 1145 Quia
602 1098 732 1136 vero
768 1081 935 1136 multi
964 1081 1055 1135 hic
1078 1079 1208 1134 libri
1236 1084 1436 1146 sunt,a
1458 1080 1690 1134 diversis
1720 1082 1963 1135 auctori-

351 1168 466 1225 bus
494 1171 813 1242 conscripti,
845 1175 905 1226 et
933 1171 1002 1225 de
1030 1169 1366 1241 quibusdam
1409 1169 1836 1241 perplexissima
1873 1188 1965 1227 res

352 1264 466 1325 est,
493 1260 566 1314 de
593 1260 829 1331 singulis
855 1259 1015 1315 libris
1034 1259 1317 1332 inquiram
1346 1259 1587 1329 singulis
1614 1260 1966 1331 prolegome-

350 1365 471 1403 IIIS.

794 1420 1391 1476 PROLEGOMENON
1437 1421 1538 1477 III.

758 1511 889 1578 Qui:
922 1512 1105 1580 primi
1154 1511 1291 1565 libri
1339 1514 1578 1564 auctor?

433 1618 572 1673 Dico
598 1617 769 1689 primi
783 1617 914 1672 libri
934 1622 1190 1671 auctores
1208 1616 1349 1672 varii
1369 1620 1502 1671 sunt
1522 1636 1532 1671 :
1561 1616 1791 1688 quidam
1806 1616 1964 1682 certi,

358 1707 595 1778 quidam
625 1706 797 1773 dubii,
830 1707 1062 1777 quidam
1090 1706 1308 1762 incerti.

2479 708 3073 765 PROLEGOMENON
3103 707 3198 764 IV.

2433 800 2564 867 Qui:
2592 800 2819 853 secundi
2847 800 2983 853 libri
3018 803 3251 852 auctor?

2112 906 2194 960 De
2225 906 2329 960 hoc
2359 905 2715 977 potissimum
2744 906 2886 961 libro
2916 905 3147 977 qumstio
3193 910 3295 959 est.
3339 904 3443 958 llic
3489 901 3642 957 enim

2044 994 2138 1049 ille
2169 1000 2255 1049 est
2280 1012 2447 1066 quem
2487 1000 2704 1050 veteres
2733 995 3005 1067 plerique,
3040 995 3174 1048 dum
3220 994 3380 1048 Vitas
3406 993 3644 1047 Patrum

2046 1084 2238 1149 citant,
2267 1085 2607 1156 intelligunt.
2639 1085 2799 1151 Quod
2828 1085 3090 1154 colligere
3133 1089 3219 1138 est
3246 1088 3371 1139 tum
3401 1099 3467 1136 ex
3516 1080 3644 1133 divo

2049 1174 2410 1247 Hieronymo,
2435 1175 2599 1246 epist.
2633 1175 2703 1230 ad
2735 1174 3157 1245 Ctesiphontem
3192 1173 3456 1241 adversus
3485 1170 3645 1224 Pala-

2051 1264 2228 1333 gian.,
2260 1263 2355 1318 ubi
2378 1265 2476 1330 ait,
2497 1265 2771 1319 Joannem
2794 1263 3036 1335 inipsius
3056 1261 3183 1316 libri
3198 1261 3329 1333 poni
3349 1259 3643 1331 principio,

2050 1369 2217 1424 quem
2248 1354 2337 1407 hic
2358 1354 2605 1425 primum
2645 1354 2929 1425 reperies;
2962 1358 3083 1406 tum
3114 1367 3180 1405 ex
3221 1349 3529 1414 Gennadio,
3578 1348 3648 1403 de

2050 1442 2254 1496 illustr.
2292 1443 2466 1497 Eccle.
2503 1443 2727 1514 Script.,
2761 1459 2882 1513 cap.
2926 1439 3015 1509 40,
3059 1440 3154 1512 qui
3185 1438 3387 1494 asserit
3419 1437 3646 1501 librum,

2054 1550 2076 1582 ι
2114 1531 2207 1603 qui
2229 1532 2549 1587 attitulatur
2580 1534 2701 1586 Vita:
2727 1535 2980 1596 Patrum,
3009 1530 3164 1584 velut
3182 1525 3650 1583 continentissimi

2050 1625 2108 1675 ct
2133 1620 2499 1675 eruditissimi
2529 1620 2632 1674 viri
2666 1620 2939 1692 (Evagrii)
2982 1618 3327 1674 mentionem
3373 1615 3589 1683 facere;
3619 1631 3646 1669 )›

2052 1710 2148 1782 qui
2172 1709 2298 1763 libri
2326 1710 2495 1781 hujus
2524 1726 2645 1781 cap.
2667 1709 2735 1764 27
2767 1709 3025 1763 occurrit.

437 1797 594 1851 Certi
621 1800 899 1863 auctores,
930 1812 1160 1851 suarum
1190 1795 1398 1866 singuli
1423 1795 1702 1861 Vitarum,
1722 1799 1888 1849 sunt:
1916 1792 1962 1850 l.
1984 1779 2033 1840 Β
2068 1779 2088 1782 ν
2120 1800 2256 1854 Tam
2278 1779 2443 1853 varia:
2474 1779 2899 1870 pugnantesque
2950 1798 3020 1851 de
3056 1801 3283 1851 auctore
3316 1796 3488 1866 hujus
3524 1793 3655 1849 libri

362 1886 542 1940 Divus
568 1886 964 1957 Hieronymus,
979 1890 1176 1940 auctor
1188 1884 1447 1939 Vitarum
1470 1885 1703 1956 aliquot,
1727 1889 1792 1939 ut
1809 1883 1970 1938 Pauli

2055 1888 2180 1958 (nisi
2208 1888 2445 1942 velimus
2470 1904 2505 1942 a
2538 1888 2775 1958 singulis
2812 1887 3057 1942 diversos
3087 1885 3261 1939 libros
3299 1885 3537 1955 scriptos
3565 1884 3653 1937 vel

364 1975 540 2046 primi
569 1975 838 2041 eremitaa,
881 1974 1186 2029 Hilarionis
1215 1975 1583 2041 anachoretaz,
1631 1974 1832 2028 Malchi
1856 1989 1974 2028 mo—
2051 1978 2438 2048 interpolatos)
2473 1976 2763 2031 sententiae
2794 1981 2943 2042 sunt,
2980 1981 3045 2031 ut
3082 1992 3264 2046 opera
3294 1974 3539 2047 pretium
3578 1972 3655 2029 sit

366 2066 537 2119 nachi
566 2064 788 2135 captivi,
809 2060 1070 2129 Fabiolae,
1091 2065 1278 2119 Paulae
1298 2065 1572 2118 Marcellae
1586 2064 1970 2118 Romanarum

368 2153 691 2208 viduarum.
716 2158 771 2209 2.
803 2154 1043 2208 Sanctus
1062 2153 1403 2208 Athanasius
1426 2153 1719 2224 episc0pus
1736 2153 1972 2206 Alexan-

368 2243 591 2305 drinus,
621 2247 820 2296 auctor
844 2242 986 2296 Vitae
1006 2248 1190 2296 sancti
1217 2242 1465 2296 Antonii.
1500 2243 1554 2297 3.
1597 2241 1965 2313 Paphnutius,

369 2337 574 2386 auctor
601 2331 753 2385 Vita:
781 2331 959 2386 sancti
1011 2330 1308 2402 Onuphriii
1344 2331 1607 2386 eremitze.
1642 2329 1694 2386 4.
1737 2332 1973 2385 Sanctus

371 2422 622 2493 Ephrem
653 2422 847 2492 Syrus,
881 2425 1078 2475 auctor
1093 2420 1236 2474 Vita:
1250 2420 1429 2474 sancti
1445 2420 1682 2474 Abrahae
1701 2421 1970 2486 ercmitze,

373 2516 432 2565 et
464 2511 656 2565 Maria:
701 2511 824 2581 ejus
869 2510 1073 2581 neptis.
1107 2509 1161 2564 5.
1204 2509 1628 2580 Amphilochius
1668 2509 1974 2564 Iconiensis

371 2601 686 2672 episcopus,
706 2604 903 2653 auctor
923 2599 1064 2653 Vitae
1090 2598 1217 2653 Divi
1239 2598 1430 2653 Basilii
1460 2600 1724 2652 Caesarea:
1753 2599 1974 2669 Cappa-

374 2690 552 2744 dociae
579 2689 841 2760 episcopi.
874 2688 926 2743 6.
958 2687 1237 2742 Antonius
1276 2692 1472 2757 auctor
1516 2687 1658 2741 Vitae
1687 2688 1863 2741 sancti
1895 2687 1976 2741 Si-

372 2778 595 2833 meonis
623 2779 855 2849 Stylitae.
872 2778 923 2831 7.
948 2777 1212 2832 Leontius
1236 2777 1500 2848 Neapolis
1529 2776 1866 2848 Cypriorum
1886 2776 1976 2831 in-

373 2869 514 2922 sulae
543 2868 1067 2939 episcopus,auctor
1095 2867 1237 2920 Vitae
1261 2868 1440 2920 sancti
1469 2866 1698 2920 Joannis
1730 2866 1977 2920 Eleemo—

375 2958 593 3029 synarii
620 2956 950 3027 patriarchae
991 2955 1372 3010 Alexandrini.
1414 2956 1465 3009 8.
1499 2956 1742 3009 Joannes
1768 2956 1977 3009 Dama-

376 3064 578 3101 scenus
603 3050 800 3100 auctor
819 3039 961 3099 Vit—:2
972 3050 1295 3099 sanctorum
1319 3045 1579 3098 Barlaam
1605 3049 1662 3099 et
1683 3043 1977 3115 Josaphat.

376 3137 428 3191 9.
461 3135 706 3191 Iacobus
731 3134 998 3189 diaconus
1021 3134 1354 3199 Edessenus,
1389 3140 1588 3187 auctor
1606 3134 1749 3187 Vita:
1773 3138 1978 3188 sanctae

375 3225 639 3296 Pelagia).
679 3223 762 3280 10.
797 3222 1162 3295 Sophronius,
1203 3223 1526 3294 patriarcha
1554 3222 1980 3294 Jerosolymita-

374 3332 504 3379 nus,
537 3318 736 3368 auctor
761 3312 901 3368 Vita:
929 3316 1135 3367 sanctae
1159 3312 1350 3367 Mariae
1380 3311 1740 3385 [Egyptiacaa

450 3404 551 3474 [xx]
597 3402 815 3457 Dubius
857 3418 1004 3457 unus
1044 3406 1131 3456 est
1169 3401 1531 3473 Theophilus,
1590 3405 1787 3455 auctor
1838 3400 1979 3456 Vita:

374 3492 609 3547 Macarii
641 3492 896 3545 Romani.
914 3492 1058 3545 Nam
1080 3490 1229 3561 quod
1248 3490 1525 3545 Baronius
1541 3495 1659 3544 not.
1678 3490 1748 3543 ad
1769 3490 1980 3561 Marty-

375 3582 556 3651 rolog.
589 3579 805 3636 Rom.2
836 3579 1090 3635 Januarii
1119 3579 1215 3645 ait,
1242 3578 1472 3634 Macarii
1502 3580 1741 3633 Romani
1767 3579 1977 3647 Vitam,

376 3684 504 3738 quae
533 3671 620 3721 est
644 3667 702 3720 in
723 3666 865 3720 Vitis
888 3667 1140 3731 Patrum,
1171 3665 1438 3736 scriptam
1466 3682 1568 3736 per
1585 3664 1973 3735 Theophilum,

375 3756 568 3812 nescio
597 3773 669 3811 an
696 3756 779 3810 illi
808 3756 883 3810 sit
901 3756 1219 3812 tribuenda.
1248 3754 1502 3809 Habetur
1532 3754 1758 3825 quidem
1773 3770 1979 3835 nomen

375 3845 671 3917 Theophili
700 3846 863 3899 initio
897 3845 1037 3900 Vita
1065 3843 1315 3911 Macarii,
1358 3844 1456 3897 sed
1489 3848 1546 3897 et
1582 3843 1813 3897 nomina
1840 3843 1980 3897 duo-

375 3954 508 3992 rum
542 3936 825 3991 sociorum
869 3935 1277 4006 adjuuguntur,
1327 3932 1504 4004 Sergii
1546 3937 1603 3986 et
1651 3932 1878 4004 Hygini.
1914 3933 1983 3987 Et

376 4026 529 4097 quod
566 4030 852 4091 narratur,
886 4024 1137 4078 omnium
1186 4026 1453 4076 narratur
1497 4020 1741 4086 nomine,
1778 4025 1843 4074 ut
1874 4036 1984 4075 non

376 4115 623 4187 proclive
671 4114 746 4167 sit
799 4112 1032 4167 deﬁnire
1083 4110 1209 4183 quis
1263 4127 1459 4164 eorum
1513 4109 1685 4163 trium
1724 4110 1868 4163 hanc
1914 4109 1983 4164 de

375 4203 627 4260 Macario
646 4202 1034 4256 narrationem
1056 4201 1116 4255 in
1145 4200 1353 4270 scripta
1379 4198 1654 4252 retulerit.

449 4294 571 4349 Imo
625 4291 946 4357 Gratianus,
1004 4290 1064 4345 in
1116 4290 1341 4345 decreto
1389 4287 1476 4354 ‘27,
1523 4304 1576 4358 q.
1624 4286 1679 4353 f2,
1721 4303 1842 4359 cap.
1885 4285 1978 4355 26,

375 4381 717 4453 Hieronymi
741 4380 988 4446 nomine,
1019 4378 1244 4436 Macarii
1269 4394 1299 4432 e
1327 4378 1574 4431 thalamo
1602 4376 1795 4446 fugam
1825 4376 1980 4446 citat,

2053 2083 2147 2121 cas
2177 2067 2235 2120 in
2266 2067 2649 2149 paragraphos
2670 2065 2967 2137 partiri,ut
2986 2064 3336 2136 singularum
3367 2066 3656 2118 momenta

2055 2161 2386 2227 appareant,
2419 2161 2476 2210 et
2501 2157 2655 2226 justa
2680 2153 2877 2226 judicii
2906 2154 3122 2210 trutina
3152 2152 3388 2226 expendi
3416 2150 3651 2224 possint.

2054 2244 2400 2316 Auspicabor
2426 2261 2460 2298 a
2482 2244 2707 2300 Graecis.

2054 2334 2083 2408 ξ
2110 2336 2155 2390 Ι.
2187 2336 2476 2389 Auctorem
2503 2335 2682 2387 videri
2716 2335 3057 2388 Timotheum
3084 2336 3391 2403 episcopum
3420 2330 3657 2386 Alexan-

2730 2409 2984 2460 (trinum.

2130 2497 2246 2566 [χιι]
2278 2496 2637 2561 Sozomenus,
2677 2494 2773 2549 lib.
2799 2510 2873 2560 γι,
2906 2511 3027 2565 cap.
3054 2492 3122 2549 29
3155 2492 3298 2547 Hist.
3328 2493 3494 2558 Eccl.,
3528 2507 3657 2545 cum

2057 2586 2430 2657 chpollone,
2446 2587 2541 2656 qui
2564 2586 2621 2639 in
2636 2583 2919 2640 Thebaide
2944 2582 3175 2649 vixerat,
3206 2582 3429 2653 egisset,
3454 2580 3611 2636 addit
3640 2596 3651 2631 :

2070 2672 2217 2729 Ἀλλ’
2256 2675 2338 2744 οἵᾳ
2373 2674 2459 2746 μὲν
2500 2670 2670 2746 ἀγωγῇ
2706 2672 2908 2746 ἐχρῆτο,
2950 2674 3030 2726 καὶ
3067 2673 3251 2740 ἡλίκων
3296 2663 3354 2738 ἦν
3393 2671 3535 2723 θείων
3575 2669 3657 2720 καὶ

2059 2763 2353 2833 παραδόξων
2393 2762 2696 2835 πραγμάτων
2739 2762 2962 2830 ποιητὴς,
3008 2763 3189 2831 ἱστορεῖ
3225 2758 3466 2830 Τιμόθεος
3497 2758 3525 2810 ὁ
3558 2762 3657 2809 τῶν

2072 2850 2459 2923 Ἀλεξανδρεὲων
2507 2850 2762 2919 ἐκκλησίαν
2807 2849 3159 2923 ἐπιτροπεύσας
3209 2841 3257 2901 εὖ
3308 2844 3661 2919 μάλα,”αὖτοῠ’

2058 2941 2139 2992 καὶ
2168 2941 2370 2993 πολλῶν
2401 2936 2470 2994 ὧν
2499 2938 2822 3011 ἐπεμνήσθην,
2855 2941 2935 2991 καὶ
2973 2937 3141 2991 ἄλλων
3171 2939 3387 3009 δοκίμων
3421 2942 3659 3008 μρναχῶν

2058 3027 2170 3091 τοὺς
2200 3030 2330 3098 βίους
2359 3028 2633 3092 διεξελθών.
2671 3046 2698 3081 α
2730 3029 2839 3084 Sed
2871 3044 3127 3099 quaenam
3153 3026 3325 3081 tuerit
3351 3027 3472 3096 ejus
3498 3024 3660 3079 disci-

2060 3118 2227 3189 plinae
2247 3118 2411 3183 ratio,
2445 3123 2500 3171 et
2521 3122 2730 3188 quanta
2750 3133 3035 3188 quamque
3058 3105 3247 3169 divina
3279 3115 3474 3169 fecerit
3491 3114 3665 3168 mira-

2062 3208 2218 3274 cula,
2285 3206 2611 3261 Timotheus
2670 3206 2928 3261 Ecclesiae
2984 3205 3374 3261 Alexandrina:
3424 3204 3660 3258 antistes

2063 3301 2320 3352 accurate
2347 3301 2541 3350 narrat
2573 3315 2584 3350 :
2618 3296 2714 3366 qui
2743 3312 2857 3350 non
2884 3296 3035 3350 illius
3065 3295 3250 3361 modo,
3292 3294 3390 3348 scd
3420 3293 3662 3347 aliorum

2062 3387 2234 3441 etiam
2262 3385 2655 3456 complurium,
2687 3385 2756 3438 de
2779 3383 2981 3455 quibus
2991 3384 3139 3438 facta
3158 3389 3243 3438 est
3261 3400 3296 3436 a
3316 3400 3407 3436 me
3426 3383 3659 3444 mentio,

2062 3477 2221 3530 Vitas
2248 3475 2450 3529 litteris
2480 3479 2807 3546 persecutus
2833 3479 2936 3528 est.
2975 3494 2997 3525 ι
3030 3472 3201 3544 Atqui
3247 3472 3429 3543 capite
3459 3488 3661 3543 praece-

2063 3565 2217 3619 denti
2242 3564 2453 3619 mentio
2470 3564 2617 3618 facta
2632 3564 3037 3617 monachorum
3054 3561 3302 3625 Joannis,
3336 3561 3432 3628 Or,
3454 3561 3656 3627 Amen,

2062 3655 2221 3721 Bcni,
2252 3656 2515 3722 Thconre,
2562 3653 2747 3725 Copri,
2782 3652 2963 3710 Helle.
2994 3652 3144 3718 Elia),
3176 3649 3405 3722 Apellis,
3438 3649 3657 3715 Isidori,

2064 3743 2403 3815 Serapionis,
2451 3742 2702 3797 Dioscori
2754 3748 2812 3797 et
2839 3741 3075 3811 Eulogii,
3128 3756 3368 3811 quorum
3407 3739 3663 3793 omnium

2062 3834 2203 3887 Vitae
2249 3832 2308 3886 in
2350 3833 2454 3887 hoc
2510 3832 2754 3887 secundo
2800 3831 3061 3886 Vitarum
3099 3830 3333 3885 Patrum
3373 3827 3515 3883 libro
3558 3829 3662 3883 ha-

2062 3922 2287 3979 bentur.

2137 4012 2429 4082 Equidem,
2476 4011 2571 4082 qui
2599 4012 2957 4066 Timotheum
2984 4009 3112 4064 libri
3158 4009 3329 4079 hujus
3377 4012 3662 4064 auctorem

2065 4101 2291 4166 faceret,
2352 4101 2602 4156 nondum
2639 4101 2781 4171 legi;
2823 4100 3008 4154 visum
3054 4104 3243 4153 tamen
3285 4097 3424 4152 mihi
3470 4097 3578 4151 fuit
3605 4097 3663 4151 id

2067 4191 2215 4262 quod
2237 4191 2308 4245 de
2330 4207 2395 4245 eo
2423 4191 2595 4245 habet
2614 4190 2954 4245 Sozomenus
2982 4188 3041 4242 in
3064 4189 3313 4243 medium
3334 4189 3660 4261 producere,

2064 4285 2130 4335 ut
2178 4281 2493 4334 doctiorum
2533 4279 2746 4350 judicio
2784 4278 3053 4350 perpendi
3093 4279 3289 4349 possit.
3331 4278 3469 4333 Mihi
3513 4281 3664 4331 certe

2066 4370 2293 4425 omnino
2321 4386 2451 4424 vero
2470 4368 2651 4423 simile
2673 4369 2735 4422 ﬁt
2754 4369 3048 4439 plerasque
3068 4367 3197 4421 libri
3225 4368 3394 4437 hujus
3407 4366 3565 4420 Vitas
3597 4380 3663 4418 ex

376 4472 532 4544 quod
559 4487 675 4525 non
703 4469 931 4525 aliunde
956 4485 1125 4542 quam
1146 4484 1213 4523 ex
1237 4467 1343 4522 hac
1363 4465 1596 4521 Macarii
1616 4465 1747 4521 Vita
1765 4466 1984 4523 videtur
1999 4497 2051 4559 Β
2067 4460 2360 4559 Timotheo
2407 4455 3117 4559 adu-mbratas."Apollonis
3148 4472 3281 4511 sane
3308 4455 3456 4553 Vita,
3493 4469 3664 4554 quam

377 4562 660 4616 hausisse.

451 4651 617 4717 Quod
644 4641 775 4705 vero
803 4647 1131 4721 Hieronymi
1158 4645 1385 4702 nomine
1414 4644 1684 4711 citaverit,
1708 4644 1765 4699 id
1797 4661 1985 4699 errore

378 4741 673 4796 communi
718 4739 948 4805 factum,
981 4754 1091 4808 quo
1141 4737 1283 4791 Vitae
1322 4736 1555 4790 Patrum
1586 4751 1780 4789 omnes
1819 4734 1983 4804 vulgo

380 4831 732 4901 Hieronymo
758 4828 917 4883 fuere
940 4826 1195 4894 tributae;
1229 4825 1390 4896 cujus
1411 4824 1616 4880 erroris
1638 4822 1984 4878 occasionem

381 4928 441 4975 et
469 4918 748 4990 originem
776 4917 900 4972 vide
928 4915 1092 4976 infra.
1120 4915 1430 4987 prolegom.
1455 4912 1511 4978 4,
1537 4912 1564 4986 ς
1591 4911 1645 4969 8.

454 5008 665 5063 Incerti
697 5012 952 5061 auctores
995 5010 1128 5060 sunt
1165 5004 1512 5077 reliquarum
1552 5001 1829 5069 Vitarum,
1864 5018 1986 5074 quae

380 5098 567 5171 primo
598 5096 741 5151 libro
769 5096 1147 5151 continentur.

457 5188 570 5242 Sed
595 5187 922 5257 interpellat
944 5185 1118 5240 hicD.
1146 5183 1545 5239 Constantinus
1561 5183 1657 5254 Caj
1665 5179 1986 5252 etanus,qui

378 5278 443 5331 in
472 5275 752 5348 Apologia
772 5291 875 5330 sua
899 5290 1002 5346 pro
1016 5274 1231 5329 Joanne
1248 5272 1480 5337 Gersen,
1507 5276 1711 5327 sanctae
1736 5271 1986 5342 Euphro-

380 5383 539 5439 synae
569 5364 714 5419 Vitae
733 5368 949 5419 certum
969 5362 1192 5418 videtur
1208 5361 1349 5417 velle
1364 5361 1652 5433 assignare
1672 5365 1978 5427 auctorem,

382 5462 443 5512 et
471 5454 706 5527 quidem
731 5453 1074 5508 haereticum.
1088 5451 1251 5517 Quod
1274 5451 1532 5524 equidem
1555 5451 1704 5507 unde
1726 5450 1982 5505 hauserit

380 5545 594 5610 nescio,
619 5548 776 5605 certe
790 5542 999 5597 nullius
1012 5557 1218 5596 nomen
1244 5540 1432 5613 prodit
1453 5539 1720 5595 auctoris.
1751 5539 1859 5604 Qui
1886 5538 1986 5593 ubi

380 5635 648 5707 proditus
661 5632 853 5699 fuerit,
883 5629 1294 5691 examinabitur
1322 5631 1444 5702 ejus
1475 5628 1736 5686 conditio.
1760 5628 1831 5686 Et
1852 5627 1988 5701 quid

2066 4549 2392 4606 Timotheus
2421 4548 2628 4604 dicitur
2657 4538 2705 4601 εὖ
2743 4546 2897 4620 μάλα,
2935 4563 3034 4601 seu
3063 4549 3319 4600 accurate
3346 4542 3654 4615 scripsisse,

2066 4640 2171 4694 hoc
2201 4638 2362 4705 libro,
2391 4655 2511 4710 cap.
2538 4638 2589 4703 7,
2622 4642 2882 4693 accurate
2915 4634 3283 4708 perscriptam
3302 4631 3474 4688 habes
3490 4632 3663 4704 Apol-

2066 4729 2203 4783 lonii
2247 4727 2493 4784 nomine.
2548 4728 2742 4782 Exstat
2786 4726 3013 4798 quidem
3057 4724 3254 4779 eodem
3298 4721 3464 4776 modo
3515 4721 3665 4793 apud

2067 4819 2379 4873 Palladium
2408 4818 2664 4874 Lausiac.
2693 4817 2836 4871 Hist.
2860 4832 2981 4886 cap.
3017 4812 3104 4883 5‘2,
3136 4813 3235 4868 sed
3263 4812 3490 4867 omnino
3518 4812 3663 4865 alter

2068 4910 2138 4965 ab
2159 4910 2336 4965 altero
2366 4909 2557 4974 habet,
2590 4906 2867 4961 recentior
2895 4905 3038 4958 forte
3067 4920 3102 4957 a
3121 4901 3457 4970 vetustiore;
3491 4916 3665 4973 quan:

2069 5016 2235 5071 quam
2263 5002 2427 5054 aetate
2455 4996 2641 5069 potius
2661 5010 2931 5066 suppares
2959 4998 3110 5049 sunt.

2067 5097 2188 5172 §II.
2212 5100 2502 5154 Auctorem
2526 5095 2705 5172 videri
2731 5094 3053 5172 Pattadz'um
3083 5091 3339 5148 Galatam
3367 5091 3665 5159 Helenopo-

2635 5169 2738 5219 teos
2764 5168 3093 5234 episcopum.

2139 5268 2384 5322 Galenus
2412 5262 2861 5335 Westcapellius,
2898 5261 3108 5316 catech.
3150 5258 3275 5326 2-15,
3316 5256 3413 5314 ubi
3455 5259 3665 5314 refutat

2068 5356 2418 5412 historiolam
2441 5355 2511 5410 de
2532 5353 2796 5419 Macario,
2817 5351 2913 5424 qui
2929 5351 3135 5406 dicitur
3153 5366 3185 5403 e
3203 5348 3417 5423 nuptiis
3432 5348 3667 5420 fugisse,-

2068 5446 2378 5506 Palladium
2409 5445 2578 5515 hujus
2606 5442 2735 5497 libri
2763 5446 3053 5497 auctorem
3081 5439 3303 5495 videtur
3333 5438 3536 5494 facere.
3568 5437 3665 5491 Ait

2068 5536 2217 5591 enim
2252 5554 2263 5590 :
2293 5553 2319 5587 ς(
2350 5536 2435 5590 Ne
2461 5534 2522 5589 in
2550 5534 2646 5588 illo
2675 5531 2904 5605 quidem
2932 5529 3129 5585 ﬁctitio
3154 5527 3316 5595 libro,
3346 5528 3441 5600 qui
3470 5524 3663 5581 inseri-

2071 5626 2245 5695 bitur,
2262 5624 2447 5683 nescio
2477 5641 2586 5697 qua
2614 5612 3003 5697 grammatica,
3034 5619 3192 5674 Vitas
3220 5619 3470 5682 Patrum,
3506 5613 3669 5685 quid-
