4046 6212
348 302 420 364 23

1268 300 1349 356 IN
1383 299 1596 357 VITAS
1633 299 1932 358 PATRUM
1968 299 2513 359 PROLEGOMENA
2550 298 2746 354 XXVI.

3564 302 3640 361 24

354 444 525 501 quam
554 425 933 500 deprehendi;
964 423 1061 480 ubi
1108 422 1425 491 Palladius,
1445 423 1671 497 utrique
1707 425 1952 482 Macario
1971 424 2360 499 Aprafatione
2398 404 2469 480 ad
2508 424 2775 479 lectorem
2806 440 2818 475 :
2876 439 2904 474 α
2935 422 3015 478 Ex
3044 438 3212 494 opere
3253 422 3376 495 ipso
3411 425 3642 495 agnosci

351 516 710 571 familiariter
729 520 912 580 notus,
938 514 1104 583 longe
1134 513 1245 567 alia
1275 513 1464 568 refert.
1500 533 1525 567 »

429 606 701 677 Equidem
731 603 878 675 quod
909 602 1212 669 Palladius,
1248 603 1331 656 vel
1360 603 1611 675 quisquis
1627 603 1757 658 libri
1784 605 1955 676 hujus

356 700 443 751 est
460 700 674 760 auctor,
697 693 923 763 utrique
947 692 1191 746 Macario
1206 691 1557 747 familiariter
1576 697 1742 747 notus
1761 693 1948 760 fuerit,

356 785 416 840 in
444 785 549 838 hoc
575 782 737 848 libro,
770 797 871 835 seu
898 779 1043 835 Vitis
1079 781 1314 835 Patrum
1361 798 1474 836 non
1506 782 1737 849 dicitur;
1770 783 1865 837 sed
1896 783 1956 837 in

355 873 481 945 ipsa
499 870 735 926 Palladii
749 868 1023 924 Lausiaca
1054 869 1303 924 Historia
1324 870 1621 941 proﬁtetur
1649 870 1952 936 Palladius,

353 978 417 1016 se
447 959 689 1016 Macario
711 958 1089 1013 Alexandrino
1111 958 1433 1013 convixisse.

430 1049 542 1104 Sed
572 1053 637 1103 ut
666 1048 943 1102 Calenum
972 1064 1161 1102 errore
1189 1046 1443 1114 liberem,
1476 1064 1591 1102 non
1614 1047 1683 1102 de
1712 1048 1956 1103 Macario

356 1136 621 1210 Egyptio
640 1137 727 1191 vel
746 1136 1123 1191 Alexandrino
1155 1137 1239 1205 (ut
1269 1136 1514 1191 Galenus
1535 1136 1758 1190 videtur
1776 1137 1960 1191 existi-

359 1228 560 1296 masse)
588 1230 855 1280 narratur
888 1241 957 1280 ea
983 1224 1295 1292 historiola,
1327 1225 1426 1279 sed
1466 1225 1535 1280 de
1575 1226 1817 1280 Macario
1845 1227 1959 1281 Ro-

361 1332 551 1383 mano,
582 1316 744 1386 cujus
772 1314 963 1369 Vitam
992 1313 1175 1386 primo
1205 1313 1347 1368 libro
1372 1314 1463 1368 hic
1490 1315 1735 1386 reperies
1760 1334 1772 1383 ;
1796 1314 1964 1370 habe-

360 1409 456 1460 tur
485 1420 707 1476 quoque
738 1419 806 1457 ea
834 1403 904 1458 de
934 1401 1160 1458 Macarii
1202 1418 1232 1456 e
1260 1403 1509 1457 thalamo
1545 1403 1679 1474 fuga
1711 1404 1961 1459 narratio

360 1493 423 1549 in
452 1492 676 1549 decreto
700 1492 789 1561 27,
815 1508 869 1564 q.
902 1489 961 1559 2,
991 1508 1112 1563 cap.
1145 1490 1233 1559 26,
1267 1490 1519 1561 Scripsit.

435 1583 579 1648 Quia
589 1586 779 1637 tamen
797 1586 855 1636 et
871 1580 930 1635 in
956 1580 1062 1635 hoc
1078 1580 1244 1647 libro,
1263 1585 1319 1635 et
1332 1597 1390 1634 ιη
1406 1580 1678 1636 Lausiaca
1693 1581 1959 1649 Historia,

364 1672 562 1728 eadem
592 1671 708 1725 fere
737 1670 887 1741 [xm]
910 1685 1024 1723 non
1058 1674 1282 1723 tantum
1310 1669 1380 1724 de
1420 1675 1660 1741 utroque
1698 1671 1961 1737 Macario,

363 1761 463 1816 sed
492 1766 550 1815 et
576 1760 645 1814 de
684 1759 809 1813 aliis
855 1758 1138 1830 plerisque
1187 1758 1447 1813 omnibus
1494 1758 1793 1826 habentur,
1849 1749 2026 1815 nonB

363 1849 550 1906 inanis
579 1848 806 1902 omnino
839 1847 1082 1918 suspicio
1106 1852 1209 1912 est,
1228 1847 1315 1900 vel
1333 1852 1619 1901 auctorem
1639 1849 1809 1919 hujus
1838 1848 1964 1903 libri

368 1955 403 1993 a
431 1937 700 2003 Palladio,
730 1936 817 1990 vel
846 1936 996 1991 hunc
1026 1934 1095 1989 ab
1135 1936 1251 2003 illo,
1287 1936 1374 1989 vel
1404 1941 1707 2009 utrumque
1736 1954 1771 1991 a
1796 1938 1965 1992 tertio

367 2026 652 2098 quopiam,
684 2024 881 2079 ordine
903 2029 1127 2079 tantum
1144 2029 1382 2092 mutato,
1417 2024 1751 2096 quibusdam
1780 2027 1965 2082 detra-

365 2115 471 2171 ctis
490 2115 575 2169 vel
606 2113 829 2182 additis,
861 2129 965 2168 sua
992 2117 1300 2168 mutuatos.

434 2204 535 2260 Est
562 2203 789 2275 quidem
806 2202 1078 2257 nonnulla
1095 2201 1154 2257 in
1175 2203 1499 2258 narratione
1527 2204 1838 2272 diversitas,
1865 2206 1963 2260 sed

364 2310 433 2350 ea
449 2310 742 2366 perparva.
764 2294 911 2348 Nam
938 2292 998 2346 in
1021 2292 1129 2346 hoc
1148 2290 1292 2347 libro
1314 2308 1435 2363 cap.
1462 2292 1511 2360 1,
1536 2294 1683 2364 quod
1706 2294 1774 2348 de
1793 2296 1964 2350 Joan-

366 2400 439 2439 ne
463 2388 566 2449 est,
580 2386 775 2436 narrat
803 2385 999 2437 auctor
1026 2397 1086 2435 se
1115 2397 1242 2435 cum
1272 2386 1488 2452 septem
1508 2381 1777 2437 fratribus
1796 2384 1965 2438 Joan-

367 2488 498 2528 nem
524 2471 853 2538 accessisse;
894 2472 955 2525 in
979 2469 1252 2524 Lausiaca
1279 2474 1469 2524 autem
1501 2470 1744 2526 llistoria
1771 2478 1967 2527 narrat

366 2567 564 2617 auctor
586 2560 735 2632 quod
764 2559 917 2614 solus
954 2559 1227 2614 Joannem
1256 2558 1594 2627 convenerit,
1627 2566 1685 2615 et
1703 2567 1831 2632 post
1856 2561 1966 2617 fra-

364 2649 547 2706 tribus
581 2648 699 2703 suis
728 2647 893 2702 sociis
940 2647 1011 2702 de
1047 2663 1113 2702 eo
1141 2646 1488 2716 indicaverit,
1524 2649 1620 2719 qui
1664 2649 1865 2704 deinde
1893 2651 1964 2705 ad

367 2755 499 2795 eum
519 2737 751 2810 profecti
771 2741 923 2804 sunt,
950 2753 1018 2791 ex
1047 2752 1288 2808 quorum
1320 2742 1516 2793 narrat
1544 2754 1641 2794 ore
1671 2754 1793 2810 qua
1822 2756 1964 2811 pra-

364 2833 456 2885 ter
483 2843 550 2883 ea
575 2843 744 2899 quam
773 2826 893 2897 ipse
921 2825 1137 2881 viderat
1155 2826 1225 2881 de
1240 2826 1456 2883 Joanne
1482 2826 1674 2883 refert.
1707 2829 1967 2901 Prolego—

365 2933 533 2974 meno
564 2914 650 2984 14,
684 2916 743 2971 in
770 2914 1078 2987 interprete
1096 2914 1228 2970 libri
1254 2930 1377 2971 vm.

438 3005 713 3078 Equidem
745 3006 804 3060 in
832 3004 1210 3061 vetustissimo
1254 3004 1498 3078 quodam
1536 3005 1725 3063 libello
1761 3023 1964 3063 manu-

368 3097 575 3171 scripto
586 3096 805 3168 collegii
814 3096 994 3152 nostri
1004 3095 1332 3167 Brugensis,
1349 3112 1458 3168 quo
1468 3097 1634 3153 varia
1644 3103 1966 3154 sanctorum

365 3188 510 3244 Vita
540 3185 917 3253 continentur,
946 3190 1116 3258 atque
1142 3186 1293 3241 inter
1318 3191 1546 3241 cateras
1577 3187 1816 3243 Abraha
1844 3205 1969 3243 ere-

367 3275 909 3349 mita,pramittitur
922 3275 974 3329 ei
992 3275 1135 3331 Vita
1151 3274 1422 3346 praefatio,
1441 3275 1776 3332 Benedictus
1795 3277 1964 3346 Deus,

369 3370 429 3422 et
452 3382 577 3421 cum
600 3365 706 3421 hoc
733 3365 900 3420 titulo
933 3383 944 3419 :
965 3366 1171 3435 Incipit
1192 3368 1453 3435 prologus
1476 3368 1723 3421 Palladii
1747 3370 1863 3422 viri
1879 3370 1970 3422 do-

368 3457 605 3511 ctissimi
640 3457 704 3511 dc
743 3457 872 3511 Vitis
904 3457 1291 3524 ﬂgyptiomnt
1314 3456 1571 3524 Patrum,
1593 3472 1716 3528 qua
1742 3456 1969 3529 quidem

368 3544 621 3619 prafatio
641 3543 733 3600 hic
760 3544 893 3600 huic
924 3544 1168 3599 secundo
1198 3543 1341 3599 libro
1369 3544 1698 3617 praflgitur.

365 3678 800 3753 §III.Auctorem
810 3678 990 3732 videri
998 3678 1345 3733 Heraclidem
1355 3677 1631 3746 Bithynia
1639 3681 1964 3751 episcopum.

441 3812 550 3878 Qui
577 3813 684 3868 hoc
699 3810 907 3866 diserte
927 3815 1220 3878 assereret,
1240 3814 1444 3883 prater
1454 3811 1766 3868 Gesnerum
1780 3813 1967 3872 inveni

368 3902 674 3959 neminem.
698 3901 784 3956 Ita
806 3900 956 3955 enim
978 3901 1071 3955 ille
1085 3899 1441 3956 Bibliotheca
1464 3917 1579 3958 sua
1602 3906 1741 3958 tom.
1754 3904 1855 3973 III,
1873 3906 1964 3962 tit.

366 4006 459 4058 vn,
483 4009 541 4063 p.
575 3989 598 4047 1
620 4008 632 4045 :
663 4009 686 4042 α
710 3989 1021 4046 Heraclidis
1035 3989 1273 4045 historia
1290 4006 1405 4047 non
1422 3990 1535 4047 alia
1556 3996 1692 4065 puto
1714 4009 1883 4066 quam
1898 3996 1968 4053 de

367 4080 514 4137 Vitis
540 4080 773 4135 Patrum
786 4123 802 4140 .
850 4099 876 4133 ))
1900 4120 1907 4125 .

438 4169 1142 4240 Trithemius,Catal.Eccl.
1168 4169 1602 4243 Script.,asserit
1612 4172 1968 4231 Heraclidem

366 4259 707 4316 monachum
734 4259 804 4313 de
832 4258 964 4315 Vita
986 4264 1044 4315 et
1063 4260 1488 4316 conversatione
1516 4266 1837 4318 sanctorum
1866 4264 1969 4320 Pa-

366 4354 522 4405 trum
548 4347 838 4422 scripsisse
873 4367 885 4403 :
913 4366 940 4403 α
957 4349 1299 4417 Heraclides,
1314 4350 1514 4422 inquit,
1536 4353 1863 4421 monachus,
1883 4353 1969 4409 vir

2038 508 2225 587 potest
2261 515 2409 586 quod
2445 511 2879 575 Alexandrinus,
2911 512 3060 583 quod
3101 512 3311 567 Christi
3338 529 3641 570 succensus

2038 622 2247 671 amore,
2274 604 2423 659 inter
2446 603 2669 657 deserta
2722 606 2781 656 et
2825 607 2990 655 antra
3032 601 3278 655 ferarum
3310 603 3639 674 pauperiem

2038 698 2259 748 secutus
2284 711 2297 760 ;
2331 692 2480 764 quod
2513 690 2788 762 Bithynia
2814 689 2955 760 (ipso
2986 690 3215 761 quidem
3238 690 3413 745 invito
3450 708 3516 747 ac
3544 709 3639 747 re-

2038 783 2336 851 clamante)
2366 781 2540 835 totius
2560 779 2754 852 populi
2782 778 3049 849 suil‘ragio
3079 779 3139 834 in
3166 779 3489 852 episcopum
3519 782 3640 837 suf-

2038 870 2235 925 fectus.
2269 889 2296 924 »
2320 870 2459 924 Vide
2480 869 2644 941 plura
2662 868 2732 923 de
2759 884 2825 923 eo
2846 867 2995 940 apud
3015 868 3267 937 Petrum,
3287 868 3345 925 in
3366 870 3639 943 Catalogo

2041 960 2162 1026 SS.,
2182 958 2324 1013 libro
2353 972 2428 1025 xx,
2460 973 2582 1028 cap.
2618 957 2705 1013 87.

2113 1064 2407 1130 Baronius,
2446 1063 2637 1118 annali
2661 1061 2766 1119 388
2788 1063 3096 1118 Heraclidis
3120 1063 3451 1120 Paradisum
3476 1081 3639 1121 eum-

2043 1154 2169 1208 dem
2190 1153 2323 1208 facit
2335 1170 2461 1208 cum
2473 1152 2744 1208 Lausiaca
2753 1152 3001 1207 Historia
3018 1153 3427 1210 Palladii.Sane
3442 1156 3642 1210 eadem

2043 1242 2341 1314 utrobique
2360 1242 2630 1314 reperias.
2646 1242 2780 1313 [XIV]
2801 1243 2882 1297 De
2899 1247 3139 1313 utroque
3158 1243 3333 1314 igitur
3351 1243 3502 1299 idem
3518 1250 3640 1300 esto

2038 1332 2336 1403 judicium,
2372 1332 2558 1403 quoad
2575 1330 2705 1385 libri
2735 1331 2904 1402 hujus
2932 1337 3239 1386 auctorem.

2115 1438 2273 1493 Idem
2287 1442 2417 1492 ante
2430 1437 2735 1492 Baronium
2751 1442 3006 1492 senserat
3018 1438 3280 1510 Aloysius
3298 1439 3642 1512 Lipomanus

2046 1528 2338 1599 episcopus
2366 1526 2725 1593 Veronensis,
2745 1530 2900 1581 tomo
2925 1526 3005 1581 III
3035 1527 3104 1581 de
3131 1528 3275 1583 Vitis
3295 1535 3639 1600 sanctorum,

2048 1616 2143 1688 qui
2187 1616 2490 1671 editionem
2520 1615 2849 1682 Heraclidis,
2890 1616 3163 1671 nonnulla
3208 1617 3644 1690 interpolatione

2046 1704 2301 1760 adhibita
2332 1706 2417 1775 (de
2445 1721 2558 1776 qua
2578 1705 2699 1759 vide
2722 1705 3119 1776 prolegomeno
3145 1705 3235 1773 14,
3254 1705 3348 1760 ubi
3367 1708 3558 1778 agitur
3573 1710 3643 1764 de

2046 1795 2355 1866 interprete
2372 1793 2501 1849 libri
2521 1808 2637 1862 vm,
2661 1796 2822 1866 cujus
2838 1801 3035 1849 auctor
3061 1801 3147 1850 est
3174 1794 3481 1862 Palladius)
3514 1799 3644 1853 Pal-

2046 1884 2181 1938 ladii
2209 1883 2437 1938 nomine
2452 1888 2606 1938 tomo
2628 1883 2712 1937 illi
2746 1884 2826 1939 III
2845 1883 3102 1939 inseruit.
3133 1884 3240 1949 Qui
3270 1901 3437 1956 porro
3465 1886 3647 1941 discu-

2046 1972 2302 2027 tiendum
2330 1972 2438 2027 sibi
2476 1988 2658 2044 opera
2697 1972 2943 2044 pretium
2993 1972 3300 2028 arbitratus
3355 1980 3459 2041 est,
3494 1977 3646 2031 unde

2042 2062 2254 2117 factum
2278 2062 2354 2117 sit
2379 2067 2444 2116 ut
2472 2062 2741 2117 ementito
2776 2076 2910 2117 vero
2937 2062 3107 2133 hujus
3145 2061 3272 2116 libri
3308 2069 3535 2119 auctore
3560 2067 3648 2133 (ut

2045 2151 2164 2223 ipse
2197 2152 2499 2221 existimat)
2529 2151 2633 2207 sub
2656 2150 2820 2207 titulo
2848 2151 3105 2207 Paradisi
3134 2152 3444 2208 Heraclidis
3474 2154 3534 2209 in
3554 2155 3644 2211 lu-

2046 2257 2169 2295 cem
2195 2240 2506 2296 emerserit.

2116 2348 2292 2419 quue
2319 2349 2584 2420 primum,
2605 2347 2809 2421 inquit,
2829 2348 3006 2404 menti
3029 2349 3289 2416 occurrit,
3323 2349 3644 2407 Parisinum

2045 2438 2463 2508 typographum
2494 2437 2658 2494 istius
2689 2437 2992 2492 commenti
3020 2443 3314 2510 parentem
3335 2438 3635 2494 exstitisse.

2049 2526 2191 2580 Cum
2232 2526 2383 2581 enim
2431 2526 2660 2597 legisset
2687 2526 2736 2581 is
2774 2543 2877 2598 per
2920 2527 3110 2581 divum
3150 2528 3557 2599 Hieronymum
3587 2530 3645 2585 in

2046 2616 2319 2687 prooemio
2356 2616 2720 2687 Dialogorum
2732 2620 2929 2671 contra
2950 2616 3278 2687 Pelagianos
3302 2618 3475 2673 fuisse
3504 2619 3645 2673 scri-

2045 2710 2227 2777 ptum,
2247 2723 2273 2758 α
2292 2706 2627 2774 Palladium,
2642 2706 2857 2761 servilis
2876 2706 3141 2777 nequitia
3160 2707 3362 2776 virum,
3383 2708 3645 2780 Origenis

2046 2794 2303 2849 haresim
2332 2794 2669 2863 instaurare,
2697 2814 2725 2850 »
2747 2795 2937 2851 divum
2954 2813 3176 2868 quoque
3196 2797 3574 2869 Epiphanium
3584 2799 3644 2855 in

2047 2883 2283 2955 epistola
2311 2884 2382 2939 ad
2425 2885 2700 2940 Joannem
2744 2885 3065 2958 episcopum
3109 2887 3645 2960 Jerosolymitanum

2046 2978 2408 3041 asserentem,
2435 2992 2461 3027 ‹
2482 2974 2795 3030 Palladium
2806 2974 3188 3047 Galatam,qui
3199 2976 3333 3031 olim
3344 2976 3450 3032 sibi
3462 2978 3649 3035 fuerat

1985 3063 2270 3133 Ccharus,
2312 3064 2571 3135 Origenis
2606 3063 2866 3120 haeresim
2907 3065 3213 3138 pradicare
3261 3071 3319 3123 et
3358 3067 3575 3136 docere,
3610 3088 3638 3123 ι

2050 3152 2261 3209 veritus
2289 3158 2375 3208 est
2399 3152 2579 3209 bonus
2593 3154 3079 3226 impressor,ne,si
3098 3154 3305 3211 librum
3326 3155 3430 3211 sub
3456 3163 3645 3214 aucto-

2051 3242 2129 3297 ris
2155 3243 2380 3298 nomine
2398 3243 2703 3314 evulgaret,
2734 3243 2782 3298 is
2792 3243 2984 3299 statim
3011 3243 3081 3299 ab
3094 3244 3279 3312 initio,
3305 3251 3370 3301 ut
3384 3245 3454 3301 ab
3474 3247 3647 3303 hare-

2050 3332 2161 3388 tico
2199 3333 2429 3388 homine
2475 3333 2843 3406 conscriptus,
2905 3333 3313 3406 exploderetur.
3366 3336 3648 3408 Cogitavit

2050 3422 2224 3493 igitur
2246 3423 2391 3491 (meo
2413 3421 2643 3494 judicio)
2678 3423 2970 3496 stropham
2998 3424 3173 3492 illam,
3196 3429 3261 3479 ut
3296 3425 3365 3480 de
3394 3426 3645 3483 Palladio

2050 3511 2383 3567 Paradisum
2410 3511 2635 3579 faceret,
2669 3513 2827 3585 cujus
2850 3513 3128 3586 perfacilis
3155 3514 3397 3569 inversio
3417 3514 3647 3572 videba-

2049 3605 2164 3668 tur,
2198 3606 2255 3656 et
2273 3606 2546 3673 tanquam
2572 3600 2642 3656 ab
2673 3602 2785 3658 alio
2812 3603 3183 3676 compositum
3230 3604 3487 3660 volumen
3523 3606 3643 3662 edi-

2051 3688 2150 3757 dit,
2177 3705 2286 3761 quo
2315 3690 2506 3745 doctos
2535 3690 2681 3745 viros
2709 3691 2782 3746 ad
2802 3693 2927 3763 ejus
2947 3692 3289 3766 emptionem
3298 3692 3513 3751 facilius
3527 3694 3648 3751 ani-

2049 3785 2251 3835 maret.
2283 3798 2311 3835 »
2337 3781 2423 3835 Ita
2452 3780 2678 3853 quidem
2702 3781 2980 3854 Aloysius.

2122 3888 2296 3960 Cujus
2325 3905 2459 3944 sane
2485 3888 2592 3944 viri
2618 3888 2927 3945 doctissimi
2977 3889 3228 3947 studium
3267 3895 3436 3964 atque
3476 3892 3643 3949 indu-

2048 3977 2248 4032 striam
2267 3976 2504 4034 obscura
2514 3996 2793 4052 quemque
2805 3980 3216 4052 pervestigandi
3232 3981 3315 4036 uti
3327 3981 3641 4051 laudamus,

2047 4066 2131 4121 ita
2143 4066 2233 4121 hic
2247 4069 2579 4141 conjectura
2600 4069 2922 4124 felicitatem
2934 4068 3171 4142 probare
3190 4087 3301 4126 non
3323 4088 3643 4144 possumus.

2048 4156 2194 4211 Vere
2222 4156 2372 4212 enim
2391 4160 2775 4231 typographus
2797 4159 3007 4214 librum
3036 4177 3167 4215 eum
3210 4161 3520 4217 Heraclidis
3547 4179 3647 4217 no-

2048 4246 2202 4301 mine
2220 4253 2593 4320 pranotatum
2622 4248 2852 4317 invenit,
2879 4254 2937 4305 et
2962 4249 3128 4305 titulo
3146 4250 3645 4323 Paradisiinsigni-

2048 4339 2191 4391 tum.
2209 4337 2297 4392 Ita
2315 4337 2465 4392 enim
2484 4339 2586 4392 Ms.
2620 4338 2843 4408 praefert
2867 4354 3035 4411 quem
3060 4338 3361 4412 inspexi,et
3372 4342 3494 4413 jam
3510 4340 3646 4398 olim

366 4438 618 4495 moribus
645 4443 890 4506 sanctus,
915 4443 972 4493 et
990 4438 1307 4494 divinarum
1337 4440 1755 4512 scripturarum
1783 4437 2028 4500 erud“)
2049 4442 2085 4481 a
2107 4426 2400 4481 Vincentio
2430 4427 2750 4483 Bclvacensi
2779 4427 2839 4482 in
2878 4428 3114 4500 Speculo
3161 4430 3458 4498 historiali,
3501 4430 3646 4487 libro

363 4529 518 4585 tione
538 4528 799 4601 insignis,
818 4531 1144 4583 sanctorum
1155 4528 1388 4583 Patrum
1406 4530 1968 4599 anachoretarum,ac

364 4618 772 4676 monachorum
796 4616 1259 4691 diligentissimus
1279 4617 1580 4689 inquisitor
1608 4625 1665 4675 et
1689 4621 1961 4691 imitator,

366 4708 466 4782 qui
483 4708 637 4763 velut
663 4712 1062 4779 argumentosa
1080 4707 1203 4779 apis
1217 4706 1286 4761 de
1299 4708 1653 4779 singulorum
1675 4726 1965 4767 conversa-

363 4797 521 4855 tione
547 4796 717 4853 flores
734 4797 1008 4853 virtutum
1037 4797 1098 4853 in
1116 4796 1391 4854 alveolum
1411 4798 1653 4870 pectoris
1667 4800 1756 4855 sui
1774 4801 1961 4856 confe-

363 4902 516 4956 rens,
566 4886 681 4941 mel
725 4885 996 4958 spiritalis
1042 4887 1351 4943 dulcedinis
1378 4889 1708 4960 procreavit,
1745 4891 1969 4963 scripsit

364 4978 516 5035 inter
545 4975 657 5032 alia
682 4974 755 5029 ad
778 4974 1204 5032 adiﬁcationem
1230 4978 1539 5050 legentium
1566 4996 1707 5051 opus
1723 4980 1961 5052 insigne,

368 5067 439 5123 de
451 5067 584 5122 Vita
598 5069 657 5122 et
665 5064 1086 5121 conversatione
1094 5072 1418 5124 sanctorum
1435 5069 1667 5124 Patrum
1678 5069 1738 5124 in
1754 5087 1962 5141 eremo,

367 5157 455 5213 vel
480 5157 541 5213 in
568 5154 836 5213 coenobiis
864 5155 1193 5227 degentium
1221 5158 1325 5214 sub
1354 5159 1567 5230 regula,
1587 5161 1748 5231 cujus
1767 5161 1966 5217 titulus

370 5250 474 5315 est,
487 5247 812 5314 Paradisus,
830 5243 1040 5302 librum
1060 5260 1099 5301 Ι.
1123 5246 1341 5304 Claruit
1349 5248 1694 5321 temporibus
1709 5249 1964 5307 Gratiani

366 5336 725 5410 imperatoris
753 5352 901 5392 anno
929 5335 1153 5392 Domini
1184 5333 1305 5393 380.
1341 5354 1369 5390 »

441 5426 661 5483 Prodiit
686 5425 779 5481 hic
798 5425 942 5481 liber
970 5426 1220 5494 Parisiis,
1256 5442 1323 5481 ex
1351 5427 1574 5484 ofﬁcina
1594 5429 1967 5487 Bellovisiana

371 5516 523 5589 apud
553 5516 828 5572 Joannem
853 5516 1118 5584 Parvum,
1159 5532 1307 5572 anno
1352 5517 1577 5573 Domini
1629 5520 1785 5589 1504,
1832 5538 1969 5577 cura

368 5604 562 5664 Jacobi
615 5603 784 5664 Fabri
830 5605 1197 5682 Stapulensis,
1232 5607 1330 5681 qui
1357 5607 1474 5664 hac
1499 5608 1568 5666 de
1606 5626 1672 5665 eo
1717 5609 1885 5667 habet
1908 5612 1969 5669 in

2046 4528 2171 4581 xvn,
2203 4517 2447 4591 a'capitc
2472 4515 2560 4584 64,
2587 4518 2837 4589 adusque
2863 4517 2953 4585 99,
2991 4523 3048 4573 et
3075 4519 3243 4574 Petro
3289 4536 3324 4574 a
3350 4520 3648 4576 Natalibus

2045 4606 2105 4660 in
2131 4606 2396 4678 Catalogo
2425 4612 2767 4675 sanctorum,
2790 4606 2933 4662 libro
2947 4622 3026 4676 x1,
3054 4624 3176 4680 cap.
3202 4607 3292 4676 87,
3322 4625 3387 4664 eo
3418 4609 3648 4666 nomine

2044 4696 2322 4767 tituloque
2350 4697 2628 4752 adductus
2650 4701 2752 4753 est.
2783 4697 2929 4763 Quin
2954 4702 3011 4752 et
3038 4697 3319 4754 veteribus
3345 4698 3648 4756 Paradisus

2044 4790 2211 4840 notus
2241 4785 2364 4840 fuit.
2379 4786 2613 4841 Photius
2634 4786 2787 4841 enim
2804 4785 3159 4843 Bibliotheca
3184 4804 3297 4843 sua
3315 4788 3517 4844 Codice
3545 4787 3650 4846 198

2049 4873 2178 4929 libri
2203 4875 2460 4930 meminit
2485 4875 2581 4947 qui
2607 4876 2908 4948 inscriptus
2932 4881 3021 4932 est
3037 4876 3174 4933 Νέον
3200 4877 3557 4950 Παραδεὶσιον,
3589 4881 3649 4938 id

2049 4967 2151 5030 est,
2186 4965 2367 5020 Novus
2395 4966 2714 5032 Paradisus,
2738 4965 2885 5037 quod
2904 4965 2974 5021 de
2994 4965 3335 5035 Limonario,
3351 4984 3452 5023 seu
3468 4968 3646 5027 Prato
3728 5010 3735 5017 ι

2049 5053 2247 5124 spiritu
2254 5054 2329 5107 ali
2340 5053 2572 5108 Joannis
2585 5054 2796 5109 Moschi
2810 5053 2927 5110 inte
2934 5055 3398 5127 lligi,declaratur
3411 5075 3649 5131 sequen-

2048 5143 2091 5197 ti
2113 5142 2314 5199 Codice
2334 5141 2458 5200 199.
2492 5143 2652 5198 Unde
2681 5142 2841 5199 facile
2852 5145 3115 5217 colligere
3135 5149 3239 5213 est,
3255 5146 3302 5202 si
3321 5147 3509 5204 Novus
3539 5149 3646 5205 ali-

2049 5232 2173 5304 quis
2197 5233 2498 5288 Paradisus
2520 5238 2627 5303 est,
2651 5238 2708 5289 et
2724 5234 2986 5290 Veterem
3006 5234 3252 5306 aliquem
3270 5235 3462 5306 fuisse,
3477 5255 3646 5311 quem

2046 5339 2161 5378 non
2189 5323 2362 5378 alium
2375 5322 2444 5377 ab
2482 5323 2587 5379 hoc
2614 5328 2805 5380 nostro
2833 5323 3006 5380 fuisse
3035 5324 3201 5381 liceat
3229 5326 3571 5384 existimare.

2120 5432 2442 5488 Heraclides
2471 5448 2714 5504 quoque,
2765 5433 3071 5493 monachus
3121 5433 3352 5507 quidam
3390 5442 3647 5510 tempore

2048 5521 2424 5578 Macariorum
2443 5528 2609 5579 notus
2628 5522 2755 5592 fuit,
2774 5528 2839 5580 ut
2854 5528 3076 5580 constat
3089 5541 3158 5581 ex
3173 5525 3510 5599 Nicephoro,
3544 5528 3642 5585 lib.

2051 5626 2130 5682 ιχ,
2163 5630 2285 5685 cap.
2317 5612 2410 5676 14,
2449 5613 2595 5682 Quin
2623 5618 2682 5672 et
2708 5614 2968 5689 Synodus
3003 5615 3076 5678 ad
3114 5616 3396 5690 Quercum
3425 5616 3642 5691 habita,
