4046 6212
380 294 448 354 27
1158 378 1173 388 Ι
1286 295 1366 350 ΙΝ
1400 294 1612 352 VITAS
1649 293 1946 352 PATRUM
1981 295 2524 354 PROLEGOMENA
2558 298 2752 354 XXVI.

3578 298 3652 360 28

380 422 500 479 lata
525 423 695 478 verba
720 422 928 478 Gelasii
949 439 1015 476 ex
1041 421 1284 487 decreto,
1317 422 1372 476 d.
1395 421 1494 478 15:
1523 423 1720 478 «Vitas
1739 424 1972 478 Patrum
1990 424 2042 484 A
2059 422 2253 477 Graeca
2283 423 2505 494 Evagrii
2527 423 2586 477 in
2612 423 2876 478 Latinum
2909 439 3243 479 sermonem.
3265 423 3647 479 transtulisse.

383 510 565 578 Pauli,
606 513 854 576 Antonii,
889 511 1277 576 Hilarionis,et
1304 511 1558 567 omnium
1587 514 1970 583 eremitarum,

385 615 524 670 quas
551 606 743 655 tamen
771 601 854 654 vir
871 599 1228 654 beatissimus
1253 600 1548 672 descripsit.
1575 603 1971 675 Hieronymus,

381 704 514 748 cum
542 690 694 744 omni
725 691 934 743 honore
953 689 1290 760 suscipimus
1313 709 1360 758 ;»
1385 691 1503 746 haec
1521 691 1727 746 subdit:
1759 693 1870 748 «Ea
1885 699 1972 748 est

382 795 518 834 usus
531 779 750 834 cautela
771 779 1047 844 Gelasius,
1057 779 1322 850 quoniam
1345 785 1403 834 et
1421 781 1690 851 Evagrius
1709 783 1974 838 Ponticus

383 869 606 939 scripsit
634 867 791 921 Vitas
820 869 1074 934 Patrum,
1109 874 1167 922 et
1200 869 1426 924 miscuit
1454 869 1802 941 Origenistas
1838 889 1976 926 non-

384 958 587 1020 nullos,
639 973 779 1028 quos
825 957 972 1012 idem
1007 958 1386 1030 Hieronymus
1431 965 1591 1014 notat
1628 961 1874 1016 scribens
1903 962 1974 1016 ad

385 1046 862 1118 Ctesiphontem.)
893 1047 962 1102 Et
989 1047 1197 1118 passim
1217 1047 1436 1119 Evagrii
1455 1049 1682 1104 nomine
1705 1067 1799 1104 eas
1818 1051 1977 1106 Vitas

383 1135 521 1190 citat
538 1142 659 1190 tum
673 1135 732 1190 in
752 1135 1176 1208 Martyrologio,
1203 1141 1322 1191 tum
1345 1137 1404 1191 in
1419 1139 1746 1193 Annalibus.
1758 1140 1814 1194 In
1825 1140 1976 1195 Mar-

383 1225 663 1296 tyrologio
675 1225 902 1296 quidem
927 1226 949 1278 'l
962 1227 992 1280 5
1003 1226 1569 1292 Januarii,notatione
1586 1229 1658 1282 ad
1675 1229 1972 1298 Isidorum;

387 1318 445 1367 et
472 1313 536 1368 l7
557 1315 830 1380 Januarii,
859 1319 1042 1370 notat.
1075 1316 1146 1370 ad
1175 1320 1431 1370 sanctum
1451 1317 1794 1386 Antonium;
1827 1323 1884 1373 et
1909 1319 1976 1375 27

386 1403 595 1469 Martii,
629 1409 805 1458 notat.
821 1404 892 1459 ad
911 1406 1186 1459 Joannem
1230 1405 1544 1460 eremitam.
1577 1407 1642 1461 lu
1669 1407 1979 1463 Annalibus

386 1508 518 1546 vero
547 1510 694 1558 anno
741 1494 950 1549 Christi
985 1493 1030 1561 1,
1064 1500 1121 1550 et
1143 1510 1290 1548 anno
1320 1493 1442 1562 393,
1485 1499 1543 1549 et
1579 1511 1725 1550 anno
1753 1495 1882 1564 394,
1923 1503 1981 1552 et

383 1579 511 1636 aliis
538 1581 692 1636 locis.

458 1671 791 1726 Possevinus
807 1688 1027 1743 quoque
1055 1672 1113 1725 in
1143 1673 1430 1744 Apparatu
1458 1673 1700 1740 sacro,in
1721 1675 1976 1746 Evagrio,

2055 513 2181 567 Non
2202 512 2516 568 absimilem
2530 513 2766 567 Honorii
2786 513 2869 567 vel
2881 513 3217 568 erroremvel
3231 513 3650 586 corruptionem

2055 601 2180 656 vide
2207 602 2368 656 initio
2399 601 2526 656 libri
2543 619 2598 670 Π,
2647 603 2936 658 notatione
2961 603 3032 658 ad
3058 609 3312 658 veterum
3333 603 3404 658 de
3423 603 3650 658 Rufﬁno

2057 692 2258 762 elogia.

2128 779 2340 836 Omitto
2352 781 2501 852 quod
2524 781 2582 836 in
2605 781 2710 836 hoc
2731 783 2976 837 secundo
2995 781 3138 836 libro
3159 781 3372 836 deVitis
3392 783 3648 848 Patrum,

2056 885 2178 941 cap.
2207 869 2296 937 27,
2325 875 2504 924 exstet
2522 871 2650 925 Vita
2668 871 2908 943 Evagrii,
2945 891 2968 923 ι
2991 877 3262 943 tanquam
3284 870 3654 926 continentis-

2058 958 2188 1012 simi
2212 964 2269 1013 et
2305 959 2672 1014 eruditissimi
2693 961 2817 1028 viri,
2845 979 2872 1014 ι
2905 965 2971 1015 ut
2991 978 3118 1015 eam
3137 959 3213 1014 ibi
3231 960 3425 1015 haberi
3452 959 3656 1014 asserit

2059 1049 2552 1103 Gennadius.Nam
2561 1050 2682 1120 ejus
2700 1067 2765 1105 eo
2780 1051 2840 1104 in
2861 1050 3003 1104 libro
3028 1068 3054 1104 α
3069 1050 3447 1122 spiritualium
3459 1065 3652 1104 rerum

2059 1137 2310 1204 scientia,
2344 1143 2401 1192 et
2417 1137 2759 1194 incredibilis
2783 1139 3125 1194 abstinentia
3143 1159 3170 1190 »
3201 1140 3646 1204 commendatur,

2061 1243 2230 1298 quam
2259 1243 2372 1282 non
2392 1233 2479 1282 est
2509 1228 2692 1282 simile
2720 1245 2849 1284 vero
2893 1229 3192 1300 Evagrium
3239 1229 3432 1302 ipsum
3483 1229 3553 1284 de
3591 1243 3654 1282 se

2060 1315 2354 1372 historiam
2392 1317 2652 1372 texuisse.

2132 1403 2184 1459 3.
2225 1405 2383 1470 Quod
2413 1407 2460 1460 si
2489 1407 2854 1478 manuscripti
2895 1407 3123 1479 quidam
3176 1406 3304 1461 libri
3353 1406 3655 1478 Evagrium

2061 1494 2382 1564 praeferunt,
2423 1501 2488 1550 ut
2515 1495 2628 1562 ille,
2661 1496 2731 1550 de
2769 1513 2879 1567 quo
2908 1496 3168 1562 diximus,
3200 1496 3652 1567 Burdegalensis,

2062 1587 2121 1636 et
2149 1583 2372 1653 qualem
2397 1601 2519 1638 esse
2544 1584 2711 1639 audio
2738 1584 2966 1639 Parisiis
2993 1585 3144 1657 apud
3171 1585 3549 1639 clarissimum
3569 1584 3654 1638 vi-

2061 1687 2188 1726 rum
2217 1672 2512 1727 Nicolaum
2543 1673 2806 1740 Fabrum,
2839 1691 2952 1728 non
2972 1690 3312 1746 magnopere
3326 1689 3548 1728 movere
3560 1673 3658 1727 de-

387 1760 467 1814 ait
496 1760 802 1815 existimari
828 1777 957 1814 eum
985 1761 1144 1816 Vitas
1189 1763 1420 1816 Patrum
1450 1763 1847 1834 composuisse,
1875 1765 1979 1818 hoc
1997 1746 2044 1806 B
2062 1761 2412 1833 bet.Duplici
2437 1763 2587 1817 enim
2615 1763 2721 1818 hoc
2744 1779 2912 1818 causa
2939 1764 3058 1818 ﬁeri
3079 1763 3408 1834 potuit,tum
3437 1780 3505 1817 ex
3523 1763 3658 1816 Vita

387 1855 490 1916 est,
524 1849 762 1920 primam
795 1866 989 1904 earum
1029 1855 1246 1922 partem
1297 1852 1451 1916 (citat
1477 1869 1542 1906 ex
1573 1853 1974 1923 vulgatissima,

389 1956 557 2009 quam
597 1939 900 1992 secundam
929 1956 1082 2005 voco,
1141 1939 1402 2009 editione)
1436 1939 1506 1993 ab
1533 1941 1696 1994 initio
1717 1942 1932 2013 prologi
1962 1960 1973 1995 :

387 2029 704 2081 Benedictus
741 2029 882 2082 θεας
921 2031 1020 2097 qui
1047 2031 1166 2082 vult
1195 2045 1396 2095 omnes,
1437 2045 1616 2100 usque
1663 2030 1733 2084 ad
1763 2037 1932 2102 caput
1961 2050 1973 2086 :

387 2117 460 2170 De
480 2119 744 2184 periculis
776 2119 838 2170 in
871 2133 1066 2184 ercmo,
1099 2117 1248 2190 quod
1287 2119 1550 2188 praecedit
1574 2119 1761 2174 Vitam
1799 2120 1982 2174 sancti

389 2205 568 2260 Pauli.

461 2295 576 2349 Sed
605 2300 662 2349 et
689 2295 950 2366 Aloysius
979 2295 1668 2367 Lipomanus,pra2fatione
1693 2302 1824 2352 ante
1853 2299 1982 2353 Pal-

391 2384 797 2455 ladium,quem
822 2389 1188 2456 repraesentat
1205 2390 1358 2439 tomo
1392 2387 1470 2440 ΙΙΙ
1509 2387 1580 2440 de
1596 2387 1739 2440 Vitis
1767 2393 1984 2442 sancto-

389 2490 536 2540 rum,
559 2474 680 2528 loco
705 2474 802 2528 illo
831 2473 943 2528 divi
969 2473 1296 2546 Hieronymi
1333 2473 1614 2540 inductus,
1647 2475 1984 2530 existimavit

391 2562 461 2618 ab
492 2563 726 2633 Evagrio
752 2561 958 2616 librum
990 2563 1150 2633 quasi
1178 2563 1247 2617 de
1273 2563 1561 2618 monachis
1581 2565 1978 2636 conscriptum,

391 2651 486 2722 qui
508 2657 699 2706 tamen
713 2668 825 2706 non
847 2651 1110 2722 exprimit
1126 2669 1198 2706 an
1219 2653 1390 2723 hujus
1409 2669 1536 2707 eum
1552 2652 1681 2707 libri
1693 2659 1980 2709 auctorem

389 2745 616 2795 censeat
647 2759 659 2806 ;
706 2740 820 2794 imo
848 2740 1056 2795 sentire
1103 2741 1324 2796 videtur
1352 2757 1480 2796 eum
1519 2742 1739 2812 Evagrii
1775 2742 1984 2798 librum

385 2830 506 2901 jam
537 2846 649 2884 non
680 2834 915 2884 exstare.

459 2919 762 2974 Videamus
789 2936 938 2974 nunc
963 2919 1165 2992 quibus
1193 2920 1310 2974 haec
1337 2920 1635 2986 sententia,
1682 2937 1804 2993 quae
1852 2923 1986 2978 Eva-

389 3009 578 3080 grium
626 3009 915 3064 Ponticum
944 3008 1072 3063 libri
1124 3010 1294 3081 hujus
1323 3016 1610 3065 auctorem
1641 3011 1791 3078 facit,
1821 3027 1985 3082 argu-

391 3099 597 3154 mentis
624 3099 729 3153 niti
758 3099 950 3170 possit.

2062 1851 2239 1905 sancti
2267 1851 2518 1918 Antonii,
2543 1869 2665 1922 quae
2703 1853 2936 1906 Patrum
2965 1853 3111 1906 Vitis
3138 1853 3472 1924 plerumque
3507 1867 3658 1922 prae-

2061 1940 2421 2007 mittitur,cui
2435 1941 2652 2011 Evagrii
2667 1941 3268 2012 tanquaminterpretis
3289 1941 3489 1996 titulus
3509 1957 3660 2010 prte-

2062 2029 2375 2101 ﬁgitur,qui
2403 2035 2460 2084 et
2485 2029 2609 2084 aliis
2621 2030 2981 2101 sequentibus
3001 2036 3128 2102 post
3153 2029 3422 2096 adhaesit;
3443 2035 3566 2084 tum
3589 2044 3658 2083 ex

2062 2117 2174 2172 divi
2213 2119 2542 2191 Hieronymi
2573 2120 2644 2174 ad
2683 2120 3100 2192 Ctesiphontem
3131 2120 3370 2192 epistola
3394 2119 3542 2173 male
3572 2118 3660 2172 in-

2063 2208 2304 2274 tellecta,
2337 2209 2406 2262 de
2438 2225 2550 2280 qua
2575 2209 2742 2279 paulo
2772 2209 2897 2281 post
2919 2210 2978 2262 in
3019 2209 3241 2264 Rufﬁno
3271 2208 3544 2263 dicemus.

2136 2298 2188 2351 4.
2239 2299 2444 2352 Locum
2497 2298 2718 2352 invenio
2764 2298 2820 2352 in
2873 2299 3119 2365 Socrate,
3170 2297 3269 2352 lib.
3299 2313 3372 2364 Iv,
3405 2314 3527 2369 cap.
3559 2295 3650 2364 23,

2066 2387 2200 2440 edit.
2228 2387 2348 2454 Gr.,
2382 2393 2439 2440 et
2465 2403 2512 2440 c.
2571 2385 2651 2452 18,
2703 2387 2837 2441 edit.
2869 2388 3014 2452 Lat.,
3051 2387 3147 2458 qui
3176 2387 3235 2442 in
3255 2388 3399 2441 hanc
3427 2392 3658 2441 senten-

2064 2475 2202 2529 tiam
2241 2475 2428 2532 ali'erri
2446 2482 2647 2548 posset.
2679 2477 2765 2531 Ita
2792 2477 2942 2531 enim
2970 2477 3170 2548 capitis
3197 2477 3398 2532 titulus
3417 2476 3660 2547 concipi-

2063 2569 2160 2619 tur
2195 2585 2206 2618 :
2249 2565 2379 2636 Περὶ
2421 2572 2509 2618 τοῦ
2555 2565 2693 2634 ἁγίου
2741 2565 3036 2636 μονάζοντος
3085 2565 3306 2637 Ἀμειοΰ,
3349 2567 3430 2618 καὶ
3476 2566 3656 2636 ἑτέρων

2066 2653 2217 2724 ἁγίων
2258 2649 2450 2725 ἀνδρῶν
2493 2655 2766 2724 κατάλογος
2812 2653 2861 2707 ἐκ
2903 2661 2988 2722 τῆς
3035 2651 3283 2724 Eua-{pica
3323 2661 3653 2726 συγγραφῆςε

2066 2731 2137 2796 Dc
2156 2748 2343 2796 sanclo
2363 2745 2396 2798 Α
2409 2760 2606 2798 nunun
2633 2745 2968 2809 monacho,et
2981 2747 3112 2798 aliis
3129 2747 3268 2798 viris
3285 2745 3492 2798 sanctis
3513 2747 3662 2797 cata-

2068 2835 2309 2899 logu3,c.r
2327 2833 2557 2900 Evagrii
2585 2833 2961 2887 libro.Vcrum
2991 2832 3049 2886 in
3065 2833 3170 2887 hoc
3184 2831 3366 2904 capite
3383 2837 3662 2895 tractatur

2067 2920 2136 2974 de
2170 2920 2466 2986 Ammone,
2492 2921 2750 2992 Didymo,
2769 2921 2950 2986 Piore,
2971 2921 3205 2988 Isidoro,
3238 2920 3661 2986 Pambone,Pe-

2065 3008 2195 3074 tiro,
2215 3010 2465 3064 Macariis
2485 3009 2796 3076 duobus,de
2819 3010 3020 3082 quibus
3051 3010 3222 3064 etiam
3254 3011 3444 3082 agitur
3469 3009 3531 3064 in
3554 3010 3661 3064 hoc

2065 3099 2308 3154 secundo
2337 3100 2406 3153 de
2459 3100 2602 3154 Vitis
2633 3101 2864 3154 Patrum
2911 3099 3080 3158 libro.
3115 3100 3173 3155 Si
3201 3100 3376 3170 igitur
3393 3099 3490 3153 illa
3508 3099 3660 3170 apud

460 3189 513 3242 1.
535 3191 660 3242 Non
689 3188 842 3242 aliud
865 3188 1087 3243 videtur
1111 3189 1386 3244 Baronius
1416 3189 1708 3245 sententia:
1747 3206 1860 3244 suae
1887 3207 1980 3244 ar-
2007 3187 2348 3251 CSocratem
2369 3189 2667 3259 desumpta
2695 3194 2829 3242 sunt
2857 3205 2923 3243 ex
2951 3187 3094 3242 libro
3127 3187 3438 3258 Evagrii,ut
3459 3188 3661 3242 titulus

389 3283 723 3349 gumentum
740 3277 1002 3332 habuisse
1021 3294 1192 3349 quam
1207 3277 1361 3332 illam
1377 3278 1490 3332 divi
1529 3279 1855 3350 Hieronymi
1871 3279 1984 3350 epi-

391 3369 592 3422 stolam
613 3368 683 3422 ad
706 3367 1148 3438 Ctesiphontem,
1178 3367 1446 3422 adversus
1475 3367 1828 3439 Pelagianos,
1861 3384 1984 3439 quae

388 3457 822 3528 libricujusdam
850 3457 919 3512 de
943 3457 1232 3512 Monachis
1265 3474 1364 3512 seu
1387 3457 1620 3511 Patrum
1653 3457 1794 3510 Vitis
1823 3473 1984 3511 men-

387 3547 602 3602 tionem
640 3547 790 3602 facit.
818 3547 1146 3618 Respondeo
1171 3565 1182 3599 :
1214 3547 1340 3600 Non
1359 3545 1464 3599 rite
1491 3561 1618 3598 eam
1641 3546 1985 3600 intellectam

391 3654 426 3693 a
453 3635 692 3691 Baronio
721 3652 848 3689 mox
885 3633 1299 3700 ostendam,ubi
1337 3633 1621 3688 Rufﬁnum
1651 3633 1874 3688 illarum
1892 3634 1986 3688 Vi-

389 3731 582 3780 tarum
602 3728 890 3778 auctorem
929 3723 1039 3790 (vel
1061 3728 1210 3777 certe
1239 3722 1623 3794 interpretem;
1648 3739 1714 3776 ex
1744 3723 1986 3795 ipsomet

391 3813 503 3870 divi
528 3813 858 3884 Hieronymi
885 3813 1005 3867 loco
1031 3811 1338 3866 clarissime
1367 3811 1633 3882 probabo.

460 3901 923 3959 2.Prosententia
938 3900 1164 3956 Baronii
1199 3900 1474 3955 adducere
1504 3901 1628 3972 quis
1658 3906 1847 3972 posset
1874 3903 1989 3958 Ho-

391 3991 633 4057 norium,
689 3991 759 4044 de
790 3989 1099 4044 illustribus
1143 3989 1397 4044 Ecclesiae
1437 3990 1828 4062 Scriptoribus,
1860 4009 1982 4064 cap.

392 4079 482 4146 40,
514 4079 611 4136 ubi
642 4080 724 4134 ita
753 4078 938 4134 habet:
975 4078 1292 4149 «Evagrius
1313 4080 1636 4140 monachus.
1678 4081 1986 4151 supradicti

391 4171 622 4226 Macarii
636 4169 918 4241 (Egyptii)
933 4168 1224 4223 familiaris
1236 4167 1560 4240 discipulus,
1575 4169 1766 4224 divina
1796 4176 1853 4224 et
1877 4171 1984 4226 hu-

391 4277 560 4315 mana
587 4259 906 4314 litteratura
927 4258 1183 4329 insignis,
1216 4257 1439 4330 scripsit
1465 4259 1645 4313 multa
1671 4261 1988 4316 necessaria

392 4349 698 4416 monachis,
731 4347 942 4404 scilicet
954 4347 1142 4402 Vitam
1171 4348 1421 4414 Patrum,
1453 4352 1512 4402 et
1537 4348 1846 4403 Adversum
1862 4355 1986 4405 octo

2065 3277 2262 3349 capitis
2291 3277 2534 3348 praefert,
2565 3277 2824 3331 videntur
2847 3283 2905 3332 et
2933 3277 3051 3332 haec
3077 3277 3138 3332 in
3160 3276 3303 3331 Vitis
3331 3268 3564 3331 Patrum
3591 3293 3662 3330 ex

2067 3367 2189 3436 ejus
2223 3366 2365 3420 libro
2383 3366 2697 3437 desumpta.
2719 3367 3086 3438 Respondeo:
3147 3365 3296 3420 Haasi
3334 3365 3426 3419 hic
3474 3365 3660 3437 primo

2064 3456 2261 3527 gradu,
2310 3471 2410 3510 nec
2454 3455 2710 3510 videbam
2737 3455 2835 3527 qui
2864 3472 2954 3510 me
2980 3455 3050 3510 ab
3078 3455 3183 3509 hac
3212 3455 3412 3526 pedica
3439 3454 3664 3526 expedi-

2066 3561 2184 3598 rem
2208 3563 2220 3608 ;
2247 3543 2343 3600 ubi
2371 3551 2562 3599 tamen
2589 3550 2757 3617 caput
2777 3549 2960 3600 totum
2989 3544 3220 3616 parlegi,
3253 3561 3285 3599 e
3304 3543 3538 3615 vestigio
3559 3561 3660 3598 ex-

2065 3634 2288 3706 peditus
2315 3633 2412 3689 fui.

2137 3724 2282 3778 Nam
2322 3723 2577 3778 Socrates
2604 3721 2764 3778 initio
2812 3723 3010 3794 capitis
3036 3723 3155 3794 agit
3181 3721 3409 3794 quidem
3437 3722 3507 3777 de
3533 3721 3659 3780 istis

2067 3811 2346 3878 Patribus,
2370 3813 2465 3866 sed
2477 3812 2687 3866 nullam
2705 3811 2764 3866 in
2792 3817 2948 3867 textu
2974 3811 3318 3866 mentionem
3345 3811 3482 3866 facit
3507 3811 3660 3866 unde

2068 3916 2133 3954 ea
2149 3899 2542 3970 desumpserit.
2562 3901 2694 3956 Post
2713 3899 2962 3954 medium
2985 3899 3185 3972 capitis
3198 3899 3492 3972 subjungit
3511 3917 3661 3972 quaa-

2067 3989 2198 4043 dam
2214 3990 2283 4043 de
2295 3989 2425 4043 Vita
2441 3988 2662 4059 Evagrii
2681 3993 2737 4042 et
2753 3991 2878 4060 ejus
2893 3989 3287 4062 scriptis,inter
3302 4006 3425 4060 quae
3440 3990 3660 4044 nullum

2065 4082 2399 4133 numeratur
2422 4077 2570 4149 quod
2604 4077 2812 4132 diserte
2836 4079 2994 4133 Vitas
3031 4079 3264 4134 Patrum
3301 4079 3658 4150 complexum

2067 4168 2255 4223 fuerit.
2279 4167 2416 4222 Inde
2436 4167 2516 4222 ait
2543 4172 2921 4239 opportunum
2943 4183 3064 4222 esse
3083 4166 3325 4240 tempus,
3355 4184 3566 4238 «pauca
3594 4183 3662 4222 ex

2066 4257 2178 4312 illis
2207 4273 2331 4328 quae
2359 4261 2491 4311 sunt
2536 4255 2606 4310 ab
2657 4273 2724 4311 eo
2747 4257 2816 4312 de
2862 4257 3152 4312 monachis
3197 4263 3658 4324 commemorata,

2069 4347 2204 4416 [XIX]
2223 4345 2353 4400 huic
2381 4345 2628 4400 sermoni
2657 4346 2960 4400 attexendi.
2989 4364 3016 4399 io
3067 4347 3339 4401 Recenset
3361 4350 3553 4400 autem
3581 4344 3660 4400 ibi

389 4439 784 4512 principalium
803 4437 1067 4493 vitiorum
1111 4437 1515 4508 suggestiones.
1550 4457 1576 4491 »
1607 4439 1934 4510 Respondeo
1968 4431 2326 4506 :unaedam
2380 4433 2666 4489 Didactica
2712 4451 2779 4489 ex
2830 4433 2972 4489 libro
2999 4437 3094 4506 qui
3133 4436 3430 4490 Monachus
3459 4451 3558 4490 seu
3587 4435 3663 4491 De

393 4530 636 4586 Omnino
667 4545 860 4584 vereor
878 4543 950 4582 ne
977 4527 1099 4580 limi
1119 4526 1330 4598 aliquid
1353 4528 1694 4582 contraxerit
1721 4528 1812 4582 hic
1839 4528 1988 4584 rivu-

391 4619 498 4684 lus,
529 4619 714 4690 [xvul]
745 4618 841 4690 qui
867 4617 927 4672 in
954 4615 1106 4674 fonte
1150 4632 1252 4671 suo
1285 4615 1409 4670 fluit
1435 4616 1651 4687 purius.
1711 4618 1797 4672 Ita
1834 4618 1986 4672 enim

395 4707 721 4762 Gennadius
744 4724 864 4779 cap.
880 4707 909 4762 1
925 4707 971 4774 1,
993 4723 1058 4762 ex
1090 4722 1200 4778 quo
1227 4721 1331 4760 sua
1356 4705 1634 4760 corrivare
1665 4706 1862 4761 solitus
1900 4712 1988 4762 est

391 4795 704 4851 Honorius:
723 4816 746 4848 ι
772 4797 1041 4868 Evagrius
1064 4795 1390 4862 monachus,
1425 4795 1732 4866 supradicti
1763 4795 1986 4851 Macarii

395 4883 1202 4956 (Egyptii)discipulus,divina
1218 4888 1387 4956 atque
1399 4883 1648 4938 humana
1666 4883 1986 4940 litteratura

391 4973 647 5043 insignis,
689 4972 850 5042 cujus
879 4973 1050 5028 etiam
1080 4973 1224 5029 liber
1251 4975 1348 5046 qui
1367 4972 1687 5028 attitulatur
1726 4975 1850 5030 Vita:
1878 4975 1984 5028 Pa-

395 5067 570 5129 trum,
595 5063 747 5118 velut
758 5062 1225 5118 continentissimi
1247 5069 1305 5119 et
1323 5061 1687 5119 eruditissimi
1707 5061 1809 5117 viri
1834 5079 1986 5118 men-

394 5150 608 5207 tionem
633 5150 1016 5223 facit,scripsit
1039 5151 1219 5206 multa
1244 5151 1534 5207 monachis
1552 5151 1886 5219 necessaria,
1920 5167 1987 5207 ex

395 5240 598 5312 quibus
626 5240 736 5295 ista
765 5243 932 5295 sunt:
956 5241 1227 5295 Adversus
1255 5246 1368 5295 octo
1391 5244 1799 5312 principalium
1822 5243 1985 5297 vitio-

391 5347 524 5386 rum
553 5332 937 5399 suggestiones.
975 5347 997 5380 ι

461 5420 578 5474 Nec
606 5418 865 5474 existimo
897 5433 1234 5490 quemquam
1280 5417 1371 5473 hic
1390 5417 1550 5473 facile
1573 5419 1980 5488 dubitaturum,

391 5507 650 5580 potiorne
679 5507 970 5566 Gennadio
997 5523 1072 5562 an
1097 5507 1346 5562 Honorio
1375 5507 1514 5562 ﬁdes
1547 5509 1619 5564 sit
1643 5509 1977 5580 adhibenda,

389 5615 518 5655 cum
573 5598 694 5680 ipse
723 5597 1049 5662 Gennadius
1091 5597 1300 5653 ibidem
1349 5602 1566 5654 asserat
1617 5616 1677 5656 se
1713 5600 1981 5672 pleraque

2066 4527 2182 4578 vita
2228 4527 2292 4578 in
2316 4527 2528 4579 actione
2555 4527 2732 4594 posita
2765 4523 3090 4579 inscribitur
3114 4543 3128 4592 ;
3159 4525 3296 4580 item
3319 4523 3576 4595 quaedam
3596 4540 3664 4578 ex

2066 4612 2226 4678 libro,
2237 4613 2332 4684 qui
2357 4613 2640 4670 Gnosticus
2661 4630 2761 4668 seu
2775 4612 3020 4669 Scientia
3044 4615 3312 4683 pradilus
3334 4611 3560 4668 dicitur.
3594 4612 3666 4667 Et

2065 4689 2208 4758 nihil
2245 4719 2440 4758 eorum
2469 4703 2528 4758 in
2575 4703 2681 4758 hoc
2706 4702 2851 4758 libro
2879 4703 2948 4758 de
2975 4703 3137 4774 cujus
3159 4707 3387 4758 auctore
3435 4707 3663 4757 contro-

2067 4792 2336 4847 vertimus
2356 4792 2654 4864 reperitur.
2688 4791 3035 4864 Nicephorus
3055 4791 3398 4863 quoque,lib.
3430 4806 3506 4858 XI,
3533 4807 3658 4863 cap.

2066 4881 2154 4947 42,
2187 4887 2484 4937 enumerat
2534 4881 2745 4953 scripta
2777 4881 3016 4952 Evagrii,
3067 4885 3124 4936 et
3164 4880 3306 4936 nihil
3341 4881 3411 4935 de
3429 4880 3666 4935 Patrum

2068 4971 2212 5026 Vitis
2240 4970 2426 5039 habet;
2459 4975 2516 5025 et
2563 4987 2684 5042 cap.
2733 4969 2824 5037 43,
2859 4971 2996 5024 citat
3024 4969 3280 5040 quaedam
3307 4985 3379 5024 ex
3407 4966 3552 5024 libro
3593 4969 3664 5024 de

2068 5060 2356 5116 Monachis
2386 5065 2443 5116 et
2463 5059 2760 5127 Gnosticis,
2791 5059 2891 5115 sed
2921 5059 3060 5115 nihil
3087 5074 3284 5114 eorum
3308 5057 3368 5114 in
3387 5058 3493 5114 hoc
3518 5057 3661 5113 libro

2068 5154 2376 5222 comparet.

2139 5240 2324 5304 Quare
2343 5239 2491 5311 quod
2511 5239 2710 5294 titulus
2731 5237 2930 5310 capitis
2951 5236 3137 5304 habet,
3162 5253 3227 5294 ea:
3245 5237 3478 5306 Evagrii
3496 5236 3658 5302 libro,

2067 5327 2422 5384 referendum
2453 5334 2540 5384 est
2567 5345 2682 5385 non
2707 5329 2781 5384 ad
2804 5332 2986 5384 totum
3005 5331 3191 5400 caput,
3225 5325 3325 5382 sed
3339 5326 3410 5382 ad
3441 5341 3508 5380 ea
3539 5342 3664 5398 quae

2067 5421 2253 5474 textus
2297 5419 2575 5490 expressis
2623 5417 2804 5474 verbis
2833 5421 3025 5472 monet
3047 5433 3118 5471 ex
3147 5415 3370 5488 Evagrii
3397 5414 3540 5470 libro
3570 5415 3666 5470 de-

2063 5513 2306 5580 sumpta,
2338 5509 2610 5564 Monacho
2637 5507 2852 5564 scilicet
2879 5511 2937 5561 et
2993 5505 3278 5561 Gnostico.
3329 5505 3399 5560 Et
3439 5504 3666 5576 epigra-

2063 5599 2173 5670 phe
2193 5598 2448 5672 capitum
2468 5615 2614 5672 saepe
2641 5596 2940 5663 nonvalde
2969 5595 3256 5663 distincta,
3274 5594 3407 5667 quia
3422 5595 3668 5666 plerum-
