3990 6194
288 357 371 416 29

1592 347 2087 405 PROLEGOMEN
2089 348 2190 405 ΟΝ
2226 347 2322 404 IV.

3527 337 3595 395 30

288 500 413 555 que
436 498 551 537 non
573 481 641 535 ab
660 485 905 546 auctore,
938 479 1035 533 sed
1066 494 1100 531 a
1114 475 1344 532 librario
1382 475 1571 547 aliquo
1595 475 1900 530 concinna-
1919 477 1971 536 Α
1992 475 2285 530 confusum
2303 473 2436 540 vidi,
2452 472 2656 544 partim
2669 471 3173 544 reinterpretando,
3194 467 3398 541 partim
3410 480 3597 520 emen-

284 578 414 627 tur.
443 572 536 626 Sic
564 571 760 624 Petrus
776 568 978 623 Gillius
999 565 1274 638 Bosphori
1301 564 1525 619 Thracii
1548 564 1647 619 lib.
1684 579 1743 632 II,
1777 580 1900 635 cap.

291 660 387 726 10,
410 662 565 714 clare
584 657 954 730 deprehendit
976 655 1240 710 elenchos
1259 654 1510 725 capitum
1537 654 1785 708 historia
1801 655 1904 709 So-

289 750 522 803 zomeni
552 748 622 802 ab
648 747 849 801 inscito
877 745 1104 800 homine
1125 745 1324 799 factos.
1347 744 1493 798 Nam
1510 743 1658 814 quod
1678 743 1826 797 clare
1846 743 1945 798 in-

288 845 462 893 textu
487 842 573 891 est
600 836 698 890 lib.
721 850 785 901 11,
809 852 934 906 cap.
962 834 1013 901 3,
1038 834 1108 888 de
1128 832 1445 897 Michaelio,
1463 832 1601 886 illud
1618 832 1677 885 in
1696 832 1907 886 Hestiis

291 945 428 982 esse
464 926 558 980 ille
603 922 926 997 ἔλεγχοποιός
960 923 1096 977 dicit
1135 937 1263 977 esse
1300 922 1359 975 in
1398 920 1713 986 Sosthenio,
1758 919 1908 988 quod

294 1016 506 1071 Gillius
539 1014 618 1069 ait
649 1013 894 1084 amplius
920 1011 1305 1082 duodeviginti
1334 1010 1532 1064 stadiis
1559 1009 1693 1064 inde
1722 1026 1902 1063 remo-

295 1112 448 1159 tum.
483 1105 595 1158 Pro
618 1101 917 1158 Sosthenio
939 1101 1093 1172 apud
1112 1099 1483 1171 Stephanum,
1502 1099 1572 1153 de
1592 1097 1824 1153 urbibus
1850 1098 1910 1152 in

298 1192 666 1254 Γυναιχόπολις
697 1196 785 1246 est
811 1190 1159 1245 Λεωσοέιειον.

370 1284 457 1337 Ne
473 1282 602 1353 quis
611 1296 780 1352 porro
792 1279 1016 1333 lectoris
1031 1280 1223 1334 animo
1247 1277 1545 1349 scrupulus
1562 1276 1806 1332 insideat
1824 1276 1910 1331 vel

296 1372 372 1426 ob
404 1370 658 1436 Baronii,
676 1370 765 1424 vel
793 1368 1032 1423 aliorum
1063 1367 1475 1433 auctoritatem,
1502 1367 1661 1420 Vitas
1676 1367 1909 1421 Patrum

298 1461 547 1531 Evagrio
563 1459 794 1514 Pontico
809 1458 1205 1523 asserentium,
1217 1456 1514 1527 subjiciam
1527 1455 1619 1510 hic
1636 1454 1909 1510 librorum

299 1549 536 1620 Evagrii
582 1548 936 1618 Catalogum,
983 1552 1049 1601 ut
1089 1546 1137 1600 is
1178 1550 1362 1601 exstat
1401 1545 1551 1617 apud
1598 1545 1904 1612 Socratem,

300 1639 564 1705 Suidam,
596 1637 998 1708 Nicephorum,
1033 1635 1407 1690 Gennadium.

372 1730 464 1784 Ita
490 1727 672 1799 igitur
701 1726 958 1781 Socrates
990 1741 1164 1796 supra
1195 1744 1207 1779 :
1243 1724 1423 1795 Τούτῳ
1458 1724 1539 1777 καὶ
1581 1724 1744 1793 βιϐλία
1784 1720 1908 1794 ἄγαν

1991 564 2195 630 dando,
2228 563 2473 618 auctoris
2501 563 2726 616 veritati
2754 561 2994 616 restitui.

2063 672 2086 705 α
2118 652 2447 724 Composuit
2463 657 2531 717 et
2558 651 2853 705 canobitis
2881 656 2939 705 et
2960 647 3235 721 synoditis
3266 644 3584 700 doctrinam

1988 746 2181 814 aptam
2212 741 2338 796 vita
2368 741 2704 795 communis.

2064 849 2092 884 α
2115 832 2184 885 Et
2210 831 2282 885 ad
2310 830 2559 900 virgines
2587 830 2702 884 Deo
2727 834 2976 883 sacratas
2995 827 3247 882 libellum
3273 826 3590 895 competen-

1992 924 2108 974 tem
2148 919 2409 990 religioni
2440 925 2496 973 et
2515 918 2691 973 sexui.

2064 1026 2090 1061 α
2116 1008 2304 1062 Edidit
2325 1013 2383 1062 et
2412 1024 2620 1079 paucas
2651 1006 3035 1071 sententiolas,
3058 1005 3217 1058 valde
3246 1004 3509 1058 obscuras
3537 1004 3596 1054 et

1996 1097 2078 1167 (ut
2094 1096 2214 1168 ipse
2255 1098 2314 1151 in
2343 1096 2429 1151 his
2453 1096 2554 1166 ait)
2581 1096 2715 1150 solis
2760 1096 3163 1149 monachorum
3203 1092 3460 1147 cordibus
3494 1106 3590 1144 co-

1989 1186 2349 1256 gnoscibiles.
2376 1186 2527 1249 Quas
2547 1184 2806 1239 similiter
2833 1201 2938 1253 ego
2961 1183 3174 1238 Latinis
3203 1180 3407 1235 edidi.)

2062 1276 2189 1329 Non
2243 1275 2335 1328 hic
2383 1275 2554 1329 aﬂ‘ero
2596 1291 2719 1344 qua
2755 1274 2824 1327 de
2867 1274 3065 1328 eodem
3098 1270 3268 1326 habet
3303 1267 3587 1323 Honorius

1992 1365 2261 1434 Catalogo
2277 1380 2377 1418 suo
2397 1363 2677 1417 deillustr.
2706 1362 2962 1418 Ecclesiae
2982 1362 3251 1432 Scriptor.
3280 1398 3294 1425 ,
3320 1358 3413 1429 qui
3437 1358 3588 1410 Gen-

1990 1452 2223 1508 nadium
2249 1451 2559 1506 exscribere
2590 1451 2806 1517 solitus,
2848 1451 3017 1521 idque
3047 1448 3283 1504 subinde
3309 1445 3586 1510 mutilate,

1992 1548 2057 1596 ut
2078 1541 2273 1596 monui
2304 1541 2394 1594 hic
2422 1545 2758 1609 argumento
2789 1539 3058 1595 secundo.

2064 1631 2123 1685 Si
2151 1629 2420 1700 Evagrius
2449 1628 2650 1684 alicubi
2673 1633 2971 1682 tractasset
3002 1629 3070 1681 de
3102 1626 3247 1680 Vitis
3275 1626 3511 1680 Patrum
3533 1623 3593 1677 in

1991 1718 2178 1791 aliquo
2202 1718 2471 1773 librorum
2501 1717 2570 1772 ab
2599 1717 2921 1772 auctoribus
2943 1715 3128 1771 citatis
3150 1715 3585 1784 assignatorum,

301 1797 557 1870 σπουδαῖα
599 1816 984 1886 συγγέγραπται.
1015 1812 1121 1867 ⁸Ὧν
1167 1811 1225 1866 τὸ
1275 1812 1360 1883 μὲν
1410 1809 1675 1883 Μοναχὸς,
1719 1812 1748 1879 ἦ
1797 1811 1909 1882 περὶ

2010 1808 2149 1862 Valde
2180 1806 2360 1862 simile
2388 1823 2518 1862 vero
2550 1812 2637 1861 est
2665 1807 2812 1877 quod
2849 1807 2954 1860 hoc
2979 1803 3330 1877 praestitisset
3356 1802 3413 1855 in
3446 1799 3588 1855 libro

302 1911 577 1977 πρακτικῆς
606 1901 978 1975 ἐπιγέγραπται,
1013 1900 1070 1955 τὸ
1096 1901 1150 1954 δὲ
1182 1899 1461 1963 Γνωστικὸς
1491 1901 1520 1969 ἢ
1550 1898 1635 1953 τὸν
1664 1900 1911 1963 καταξιω-

300 1997 452 2048 Θέντα
475 1995 710 2064 γνώσεως
732 1992 875 2062 (lege
896 2008 961 2045 ex
983 1990 1176 2058 Suida,
1205 1991 1234 2058 ἤ
1261 1991 1370 2061 περὶ
1393 1989 1491 2043 τῶν
1516 1989 1909 2052 καταξιωθέντων

300 2085 582 2151 τνώπωςὶ,
614 2080 857 2150 κεφάλαια
885 2079 940 2132 δὲ
964 2078 1111 2133 αὺτοῦ
1135 2082 1451 2146 πεντήκοντα.
1486 2076 1563 2131 To
1591 2076 1664 2142 δὲ,
1709 2073 1911 2147 Ἀντιῤ-

304 2168 511 2241 gnua;
553 2165 653 2221 ἀπὸ
701 2175 801 2221 τῶν
841 2170 986 2222 ϐείων
1027 2174 1230 2239 γραφῶν
1277 2165 1398 2238 πρὸς
1443 2166 1555 2228 τοὺς
1594 2165 1911 2237 πειράζοντας

300 2260 573 2329 διίμονας,
606 2254 655 2310 ἐν
692 2250 823 2310 ἂκτὼ
861 2259 1155 2328 διῃρημένον
1195 2257 1382 2327 μέρεσι,
1420 2254 1546 2308 κατὰ
1582 2252 1667 2308 τὸν
1705 2250 1910 2326 ἀριθμὸν

300 2354 412 2402 τῶν
465 2341 598 2399 ὁκτώ
644 2347 919 2417 λογισμῶν.
976 2345 1080 2399 Καὶ
1126 2343 1353 2407 ἑξακόσια
1397 2342 1741 2416 προγνωστικὰ
1783 2361 1912 2413 προ-

304 2439 551 2506 ϐλήματα
582 2456 594 2467 ’
629 2436 697 2488 ἔτι
727 2435 823 2504 μὴν
859 2436 940 2487 καὶ
969 2431 1184 2506 στιχηρὰ
1210 2435 1317 2498 δύο,
1359 2436 1407 2486 ἓν
1438 2430 1560 2504 πρὸς
1589 2432 1699 2495 τοὺς
1727 2430 1774 2485 ἐν
1803 2450 1910 2484 κοι-

302 2523 497 2581 νῇ-Εῐοις
535 2521 562 2587 ἢ
596 2518 644 2572 ἐν
673 2520 917 2580 συνοδίαις
957 2519 1207 2589 μοναχούς
1243 2538 1255 2551 ’
1281 2519 1363 2570 καὶ
1400 2520 1449 2571 ἓν
1491 2514 1614 2588 πρὸς
1652 2518 1740 2585 τὴν
1779 2537 1911 2588 παρ-

299 2612 447 2662 θένον
483 2626 497 2661 :
535 2626 561 2657 ε
586 2607 739 2663 Libri
771 2607 843 2661 ab
882 2607 978 2662 illo
1017 2612 1275 2661 accurate
1306 2606 1625 2677 conscripti,
1670 2623 1911 2678 quorum

300 2714 460 2752 unus
500 2696 817 2760 Monachus,
862 2696 977 2749 sive
1030 2695 1100 2749 de
1146 2695 1364 2749 vivendi
1420 2695 1639 2748 ratione
1680 2711 1803 2766 qua
1849 2694 1910 2748 in

303 2785 536 2856 agendo
554 2786 822 2851 cernitur;
843 2784 990 2839 alter
1016 2784 1334 2851 Gnosticus,
1365 2783 1480 2838 sive
1509 2784 1746 2838 scientia
1772 2800 1911 2855 pra-

304 2876 463 2931 ditus
477 2874 749 2929 dicendus
761 2874 854 2941 sit,
882 2874 941 2927 in
971 2890 1081 2944 quo
1108 2878 1245 2928 sunt
1274 2858 1929 2954 cepitaq‘uinquagintah

307 2965 459 3019 alter
481 2962 916 3029 Antirrheticus,
966 2962 1023 3016 id
1054 2968 1157 3028 est,
1189 2962 1454 3016 adversus
1483 2962 1763 3043 (immensas
1786 2978 1921 3042 seu:

307 3058 503 3108 tantes
537 3052 865 3117 confutatio,
909 3067 975 3105 ex
1004 3051 1191 3131 sacrisa
1206 3051 1433 3131 Litteris
1461 3051 1710 3117 collecta,
1739 3050 1910 3123 inque

1992 1898 2062 1952 de
2089 1896 2376 1951 Monachis
2405 1915 2417 1964 ;
2452 1912 2583 1950 nam
2613 1896 2812 1950 titulus
2842 1895 2935 1949 ille
2958 1894 3019 1948 in
3043 1910 3165 1948 eam
3198 1908 3317 1946 rem
3346 1890 3590 1944 maxime

1993 1985 2461 2057 quadratgreliqui
2472 1984 2623 2039 enim
2641 1984 2792 2038 aliud
2806 1984 3134 2054 promittere
3146 1981 3407 2034 videntur
3417 1995 3589 2049 quam

1992 2075 2151 2129 Vitas
2178 2075 2433 2139 Patrum,
2464 2074 2732 2127 videlicet
2767 2072 3044 2127 didactica
3072 2070 3348 2141 quadam,
3381 2073 3438 2122 et
3466 2082 3590 2121 sen-

1991 2163 2334 2218 tentias.Sed
2345 2163 2485 2217 nihil
2498 2162 2754 2216 Vitarum
2770 2162 2828 2215 in
2849 2161 2990 2214 libro
3008 2160 3076 2213 de
3097 2157 3375 2213 Monachis
3396 2155 3588 2222 fuisse,

1992 2253 2179 2323 colligi
2197 2257 2384 2323 potest
2399 2268 2466 2306 ex
2485 2251 2737 2322 reliquiis
2757 2251 2904 2321 apud
2927 2251 3217 2305 Socratem
3238 2251 3295 2301 et
3310 2245 3590 2316 Nicepho-

1993 2358 2141 2411 rum,
2161 2357 2284 2412 qua
2308 2346 2531 2395 tantum
2555 2340 2796 2394 morales
2825 2339 3097 2409 quasdam
3116 2336 3513 2391 instructiones
3533 2338 3592 2388 et

1993 2430 2300 2485 sententias
2327 2429 2634 2495 continent,
2669 2446 2808 2499 quas
2846 2445 2948 2481 suo
2988 2428 3107 2481 loco
3146 2424 3329 2479 verbis
3362 2423 3585 2493 Evagrii

1992 2519 2270 2585 dabimus,
2314 2518 2408 2574 ubi
2430 2518 2638 2574 eadem
2660 2518 2767 2571 illa
2781 2516 3072 2571 sententia
3091 2514 3242 2586 apud
3262 2511 3587 2567 aliorumli-

1992 2608 2222 2664 brorum
2250 2608 2319 2662 de
2348 2607 2490 2662 Vitis
2520 2608 2752 2661 Patrum
2769 2606 3135 2677 interpretem
3169 2602 3393 2672 Evagrii
3417 2617 3476 2655 se
3490 2616 3587 2655 no-

1990 2697 2143 2752 mine
2171 2697 2430 2769 prodent.
3018 2688 3027 2697 Χ

1991 2795 2145 2869 §VI.
2187 2796 2477 2850 Auctorem
2521 2796 2700 2848 videri
2737 2796 3011 2849 Joannem
3053 2793 3588 2859 Jcrosolymitanum

2620 2868 2944 2934 cpiscopum.

2064 2964 2338 3039 Henricus
2367 2962 2623 3039 (aravius,
2652 2962 2801 3017 notis
2821 2961 2891 3015 ad
2913 2960 3211 3032 epistolam
3240 2959 3352 3013 divi
3387 2958 3585 3012 Hiero-

1994 3032 2149 3127 nymi
2178 3032 2722 3124 addtesiphontem,
2756 3068 2881 3106 cum
2904 3050 3038 3105 dicit
3060 3050 3206 3104 hunc
3232 3048 3437 3102 librum
3470 3062 3582 3101 non

308 3148 437 3197 octo
466 3146 657 3213 partes
667 3140 864 3206 divisa,
883 3156 1119 3194 numero
1136 3120 1687 3223 pc&:i,pgita};qim1a
1702 3120 1909 3222 meritis

2010 3159 2118 3216 asse
2142 3141 2470 3213 Hieronymi
2505 3141 2586 3195 vel
2614 3140 2844 3195 Joannis
2873 3137 3346 3210 Jcrosolymitani,
3368 3137 3591 3191 videtur

309 3236 520 3285 nostra
560 3234 691 3299 apte
727 3228 1143 3299 respondentia.
1178 3228 1921 3310 Sexcentmpm-tereaprot
1990 3232 2226 3295 innuerc
2246 3230 2666 3310 tuissaaquuos
2701 3230 2759 3283 in
2787 3246 2855 3283 ea
2883 3228 3182 3293 sententia,
3213 3232 3277 3281 ut
3306 3226 3587 3281 existima-

311 3319 563 3375 blemata
575 3318 646 3372 de
658 3334 848 3372 rerum
868 3317 1241 3389 prasensione
1252 3316 1591 3372 futurarum.
1625 3318 1725 3373 His
1752 3335 1910 3374 acce-

309 3409 455 3462 dunt
476 3407 587 3461 duo
614 3407 928 3461 carminum
953 3406 1112 3460 libri:
1149 3421 1294 3460 unus
1313 3406 1384 3461 ad
1404 3408 1707 3461 monachos
1728 3408 1824 3478 qui
1851 3408 1912 3463 in

311 3497 584 3552 coenobiis
616 3500 675 3551 et
717 3494 1079 3550 conventibus
1120 3500 1344 3549 atatem
1389 3496 1621 3567 degunt,
1663 3498 1807 3551 alter
1840 3498 1912 3552 ad

312 3586 656 3657 virginem.)
708 3585 843 3650 Qua
895 3584 1092 3639 eadem
1120 3583 1192 3638 ad
1247 3584 1480 3639 verbum
1534 3585 1708 3640 habes
1763 3587 1914 3657 apud

313 3675 551 3730 Suidam
580 3675 638 3728 in
673 3672 955 3743 Μακάριος,
990 3678 1047 3728 et
1083 3673 1231 3745 apud
1271 3674 1669 3746 Nicephorum,
1702 3675 1797 3732 lib.
1833 3692 1909 3744 χι,

313 3780 438 3835 cap.
471 3761 562 3819 42.

386 3851 717 3907 Gennadius
742 3865 876 3905 vero
909 3850 979 3904 de
1016 3850 1328 3905 illustribus
1357 3852 1613 3908 Ecclesia
1662 3854 1912 3926 Scripto-

312 3940 493 4007 ribus,
521 3958 646 4012 cap.
684 3938 745 3995 11
774 3957 785 3991 :
808 3958 830 3991 ι
861 3939 1133 4009 Evagrius
1148 3941 1454 3995 monachus
1473 3942 1775 4013 supradicti
1801 3944 1915 3998 Ma-

314 4030 456 4083 carii
493 4028 775 4101 (Egyptii)
809 4027 1100 4083 familiaris
1128 4029 1452 4101 discipulus,
1512 4031 1699 4085 divina
1744 4038 1913 4103 atque

318 4119 571 4173 humana
598 4118 922 4172 litteratura
950 4117 1207 4187 insignis.
1243 4119 1417 4189 Cujus
1446 4119 1617 4174 etiam
1648 4120 1791 4176 liber
1818 4122 1915 4193 qui

319 4208 647 4263 attitulatur
695 4208 818 4261 Vita
860 4210 1113 4273 Patrum,
1145 4197 1304 4262 velut
1344 4208 1812 4264 continentissimi
1859 4217 1917 4266 et

316 4295 692 4352 eruditissimi
714 4295 818 4349 viri
842 4296 958 4367 [xx]
976 4296 1317 4351 mentionem
1335 4295 1484 4365 facit,
1500 4298 1721 4370 scripsit
1737 4300 1917 4355 multa

314 4385 613 4442 monachis
637 4385 974 4452 necessaria,
1006 4402 1075 4439 ex
1103 4385 1302 4457 quibus
1322 4386 1432 4441 ista
1468 4392 1629 4441 sunt:

1990 3321 2175 3376 verint
2221 3307 3063 3393 Joannemgjierosolymimnum
3099 3318 3302 3371 harum
3327 3316 3588 3370 Vitarum

1994 3427 2115 3465 esse
2135 3415 2445 3464 auctorem.

2065 3499 2172 3563 Qui
2202 3499 2306 3552 hoc
2352 3497 2625 3552 sentirent
2665 3513 2778 3551 non
2812 3494 2940 3567 legi,
2991 3510 3165 3566 quare
3210 3510 3313 3548 nec
3342 3493 3591 3548 rationes

1995 3604 2190 3643 eorum
2220 3587 2472 3641 divinare
2502 3602 2750 3665 possum.
2774 3586 2910 3639 Fors
2940 3584 3153 3639 inducti
3190 3583 3346 3638 fuere
3375 3582 3434 3636 in
3463 3598 3590 3636 eam

1996 3677 2318 3748 Opinionem
2348 3676 2417 3730 de
2440 3677 2673 3742 Joanne,
2704 3673 2836 3745 quia
2865 3674 2955 3728 hic
2971 3673 3112 3728 libro
3130 3688 3206 3740 1v,
3228 3689 3351 3744 cap.
3386 3672 3472 3737 35,
3493 3688 3595 3726 au-

1995 3772 2115 3820 ctor
2142 3766 2212 3819 de
2241 3766 2531 3820 Theodoro
2561 3764 2762 3818 abbate
2802 3763 2969 3817 dicit:
3011 3782 3036 3815 «
3056 3764 3291 3833 Meoque
3319 3778 3410 3815 me
3445 3759 3584 3833 [xm]

1994 3854 2244 3910 vocitans
2287 3854 2515 3908 nomine
2545 3853 2722 3907 dixit:
2767 3851 2993 3918 Quanti,
3027 3851 3229 3923 inquit,
3263 3867 3296 3905 ο
3325 3852 3588 3916 Joannes,

1994 3944 2064 3997 de
2084 3944 2199 3997 Deo
2228 3942 2600 4013 loquunturh
2637 3958 2810 4013 quare
2841 3957 2970 3995 eum
2999 3941 3270 3995 Joannem
3301 3939 3590 3994 existima-

1992 4032 2179 4086 verint
2208 4031 2579 4103 quorumdam
2601 4030 2872 4085 librorum
2888 4030 2956 4084 de
2978 4029 3121 4083 Vitis
3146 4031 3381 4084 Patrum
3400 4032 3591 4083 aucto-

1994 4138 2133 4176 rem.
2167 4120 2325 4185 Quod
2340 4125 2527 4174 autem
2552 4118 3083 4191 Jerosolymitanum
3103 4118 3193 4173 hic
3209 4118 3395 4190 potius
3423 4133 3594 4189 quam

1997 4210 2250 4283 quemvis
2277 4209 2451 4265 alium
2485 4208 2881 4276 intellexerint,
2933 4224 3001 4263 ea
3042 4224 3211 4263 causa
3236 4224 3358 4263 esse
3386 4207 3589 4278 potuit,

1999 4300 2148 4371 quod
2164 4299 2310 4354 liber
2321 4299 2549 4370 quidam
2564 4298 2633 4352 de
2650 4298 2900 4353 asceticis
2920 4298 3346 4352 circumferatur
3358 4296 3593 4351 Joannis

1998 4388 2451 4460 Jerosolymitani
2469 4388 2714 4455 nomine,
2737 4387 2833 4459 qui
2859 4387 2938 4441 eis
2957 4386 3329 4458 suspicionem
3358 4384 3591 4455 ingene-

388 4493 418 4528 ε
442 4474 761 4573 Adversum
777 4478 901 4573 octo
916 4474 1310 4573 principalium
1323 4475 1584 4573 vitiorum
1606 4478 2128 4573 suggestio-Drare
2170 4478 2355 4549 potuit
2381 4478 2643 4532 eumdem
2685 4493 2808 4532 esse
2843 4493 2968 4532 cum
3017 4492 3082 4531 eo
3115 4476 3275 4546 cujus
3310 4472 3451 4527 libro
3496 4472 3593 4527 illo

314 4581 435 4631 nes,
475 4579 617 4636 quas
652 4567 753 4618 aut
782 4562 998 4634 primus
1022 4563 1279 4631 advertit,
1301 4570 1401 4619 aut
1423 4564 1573 4620 inter
1599 4567 1810 4637 primos
1838 4567 1920 4622 di—

316 4654 475 4720 dicit,
517 4669 586 4708 ex
605 4651 706 4708 SS.
741 4652 1160 4723 Scripturarum
1182 4653 1519 4709 testimoniis
1559 4656 1820 4727 Opposuit
1848 4656 1919 4710 li-

321 4743 487 4811 bros;
517 4742 593 4796 ad
610 4740 1039 4796 similitudinem
1059 4741 1317 4797 videlicet
1338 4743 1581 4810 Domini,
1615 4745 1710 4817 qui
1742 4751 1923 4803 tenta-

319 4833 430 4888 tori
448 4848 552 4887 suo
581 4847 805 4902 semper
834 4830 1255 4902 Scripturarum
1282 4832 1620 4888 testimoniis
1652 4834 1912 4903 obviavit,

320 4922 402 4977 ita
433 4926 499 4976 ut
543 4936 894 4991 unaquaque
942 4920 1155 4991 species
1189 4921 1276 4975 vel
1320 4921 1546 4990 diaboli,
1580 4924 1665 4977 vel
1713 4924 1918 4981 vitiata

317 5016 543 5066 natura
560 5009 986 5081 suggestionum
1017 5012 1214 5067 contra
1234 5026 1294 5065 se
1322 5010 1557 5068 haberet
1573 5012 1917 5069 testimonia.

320 5099 484 5165 Quod
502 5115 646 5171 Opus
674 5099 873 5154 eadem
888 5097 1264 5170 simplicitate,
1288 5116 1402 5172 qua
1417 5100 1474 5156 in
1497 5102 1690 5158 Graco
1711 5102 1918 5173 inveni,

314 5190 513 5261 jussus
538 5188 601 5244 in
621 5188 885 5247 Latinum
911 5188 1195 5243 transtuli.

398 5298 422 5331 ι
458 5278 790 5350 Composuit
808 5283 867 5333 et
891 5277 1244 5334 anachoretis
1272 5279 1601 5353 simpliciter
1615 5281 1923 5339 viventibus

318 5367 529 5425 librum
555 5373 783 5424 centum
797 5368 1226 5436 sententiarum,
1243 5386 1344 5441 per
1363 5372 1611 5443 capitula
1620 5372 1919 5444 digestum.

392 5478 421 5511 ι
459 5458 533 5514 Et
562 5458 805 5513 eruditis
820 5458 1160 5514 acstudiosis
1185 5459 1596 5531 quinquaginta
1621 5463 1925 5518 sententia-

316 5563 467 5614 rum,
487 5563 656 5619 quem
687 5563 794 5618 ego
823 5546 1088 5602 Latinum
1115 5547 1332 5619 primus
1346 5548 1469 5605 feci.
1502 5550 1650 5607 Nam
1666 5551 1922 5625 superio-

315 5653 445 5695 rem
467 5636 600 5698 olim
627 5635 994 5709 u‘anslatum,
1019 5637 1152 5712 quia
1180 5637 1441 5704 vitiatum
1461 5657 1565 5715 per
1610 5646 1834 5717 tempus
1865 5648 1922 5701 et

2003 4572 2203 4639 quarto
2235 4568 2300 4622 ﬁt
2327 4567 2559 4621 mentio.

2073 4657 2183 4712 Sed
2208 4673 2311 4712 nec
2327 4655 2454 4710 libri
2483 4655 2636 4711 illius
2665 4655 2870 4727 quarti,
2901 4671 3004 4710 nec
3033 4654 3202 4724 hujus
3228 4651 3456 4707 secundi
3486 4667 3588 4707 au-

2005 4751 2125 4802 ctor
2151 4752 2237 4801 est
2264 4747 2507 4802 Joannes
2531 4745 3050 4817 Jerosolymitanus.
3071 4744 3204 4807 Qua
3219 4742 3368 4796 enim
3388 4740 3595 4795 haben-

2004 4840 2100 4891 tur
2127 4835 2271 4890 libro
2289 4852 2369 4904 ιν,
2392 4852 2513 4907 cap.
2538 4834 2624 4902 35,
2649 4835 2944 4905 desumpta
2961 4838 3095 4888 sunt
3114 4848 3180 4887 ex
3208 4833 3424 4887 Joanne
3452 4831 3588 4888 Cas-

2006 4925 2183 4992 siano,
2204 4924 2302 4979 lib.
2326 4941 2360 4979 v
2384 4925 2655 4991 Institut.,
2689 4938 2810 4994 cap.
2842 4921 3003 4989 35,ex
3020 4938 3130 4994 quo
3149 4926 3208 4976 et
3231 4922 3433 4977 Severo
3460 4920 3588 4975 Sul-

2002 5014 2147 5087 picio
2174 5018 2329 5070 totus
2350 5014 2444 5069 ille
2477 5013 2619 5068 liber
2637 5016 2931 5068 contextus
2959 5016 3063 5079 est,
3088 5016 3155 5066 ut
3180 5010 3259 5066 ibi
3280 5009 3594 5065 ostendam.

2002 5104 2162 5160 Unde
2191 5110 2248 5158 et
2272 5104 2375 5158 Ms.
2402 5101 2696 5158 Latiensis
2723 5102 2907 5173 major
2934 5106 3134 5173 quarto
3161 5100 3303 5155 libro
3323 5101 3597 5156 Joannem

2004 5193 2334 5249 Cassianum
2361 5192 2619 5265 praﬁgit.

2002 5283 2143 5357 §VII
2152 5285 2209 5338 .A
2219 5289 2460 5338 actorem
2471 5283 2651 5337 videri
2666 5284 2985 5338 Petronium
3000 5283 3070 5338 Bo
3078 5266 3257 5337 nonis:
3271 5284 3573 5351 episcopum
3583 5320 3595 5334 .

2076 5371 2400 5427 Gennadius
2432 5372 2562 5443 (non
2591 5371 2991 5445 Hieronymus,
3033 5377 3096 5429 ut
3126 5388 3238 5428 non
3265 5376 3417 5426 recte
3447 5370 3598 5442 apud

2002 5461 2371 5530 Antoninum,
2399 5467 2546 5534 part.
2568 5460 2621 5530 2,
2656 5462 2745 5517 tit.
2777 5460 2858 5530 11,
2888 5479 3008 5534 cap.
3038 5461 3122 5519 11.
3156 5460 3185 5534 §
3216 5462 3264 5532 5)
3295 5461 3365 5515 de
3392 5460 3596 5514 illustr.

2004 5551 2264 5610 Ecclesia
2280 5552 2568 5626 Scriptor.,
2589 5570 2712 5626 cap.
2736 5550 2828 5619 41,
2848 5552 3177 5608 Petronium
3198 5549 3463 5605 Bononia
3473 5547 3594 5618 epi-

2005 5659 2237 5716 scopum
2261 5642 2391 5701 libri
2406 5643 2577 5717 hujus
2608 5647 2895 5701 auctorem
2916 5657 3019 5702 suo
3038 5646 3291 5715 tempore
3320 5637 3596 5696 existima-
