3990 6194
316 350 401 410 33

1619 346 2213 411 PROLEGOMENON
2249 354 2346 410 IV.
3548 356 3617 415 34

321 477 555 533 stinata
576 476 768 550 procul
790 472 958 531 dubio
977 474 1256 547 reperitis,
1282 475 1377 547 qui
1406 492 1508 547 per
1525 481 1710 533 totum
1739 478 1931 534 orbem
1950 480 1999 540 A
2018 494 2349 551 persuasum
2373 482 2460 532 est
2483 476 2684 543 Fabro,
2706 478 3112 553 Hieronymum
3145 496 3366 553 quoque
3395 483 3464 537 de
3487 484 3619 539 Vita

316 570 621 621 terrarum
653 568 913 632 ﬂoruere,
935 570 1002 619 ut
1019 571 1213 619 sancta
1242 564 1485 621 imitatio
1513 583 1610 621 vos
1626 584 1933 638 provocans

319 656 402 709 ad
436 657 688 711 coelestia
706 672 892 726 regna
929 655 1219 726 perducat.
1266 674 1290 705 ι
1335 655 1685 727 Respondeo,
1718 664 1933 711 exstare

319 762 463 800 eam
476 747 768 818 epistolam
782 745 1109 815 Hieronymi
1120 745 1347 799 nomine
1368 745 1528 800 initi'o
1552 747 1935 818 Martyrologii

317 835 599 901 Usuardi,
629 834 727 889 sed
750 835 908 889 nulla
935 834 1012 888 ibi
1044 834 1257 888 mentio
1284 834 1544 889 Vitarum
1576 836 1828 891 Patrum.
1862 837 1938 891 Ut

314 925 489 978 nullo
520 924 687 978 modo
716 923 846 978 inde
875 923 1059 992 colligi
1089 923 1264 994 possit
1287 923 1692 996 Hieronymum
1721 926 1807 978 vel
1834 925 1936 979 ha-

315 1029 460 1067 rum
490 1014 754 1068 Vitarum
795 1012 884 1067 vel
931 1011 1168 1067 aliarum
1202 1018 1489 1068 auctorem
1519 1030 1659 1069 esse.
1692 1015 1936 1069 Tantum

316 1103 572 1173 epistola
598 1119 667 1157 ea
686 1102 914 1174 respicit
937 1102 1401 1173 Martyrologium
1432 1104 1579 1175 quod
1608 1104 1935 1176 Hieronymi

316 1192 562 1246 nomine
582 1196 706 1264 post
728 1192 1023 1263 epistolam
1054 1208 1178 1245 eam
1208 1198 1343 1246 tunc
1373 1192 1645 1250 exstabat.
1664 1193 1935 1265 Quodque

315 1296 480 1335 nunc
493 1297 689 1336 recens
698 1286 898 1335 nactus
914 1297 1041 1335 sum
1062 1297 1127 1335 ex
1142 1280 1489 1336 Bibliotheca
1512 1283 1929 1353 Epternacensi,

314 1387 463 1425 sane
490 1371 961 1437 vetustissimum,
983 1376 1113 1425 ante
1137 1387 1298 1425 DCCCC
1330 1388 1525 1439 annos,
1558 1372 1613 1426 id
1645 1377 1729 1426 est
1757 1372 1934 1426 sancti

314 1460 683 1514 VVillibrordi
712 1466 987 1531 tempora,
1023 1460 1311 1531 scriptum.
1337 1460 1488 1525 Quas
1519 1460 1694 1533 igitur
1719 1478 1783 1515 eo
1812 1463 1935 1516 loco

317 1565 441 1603 non
471 1549 650 1605 refert
678 1549 1120 1603 remotissimum
1135 1549 1293 1603 Vitas
1313 1550 1569 1617 Patrum,
1602 1551 1698 1605 sed
1713 1557 1935 1605 tantum

319 1637 443 1692 duo
486 1638 801 1710 sequentia,
848 1637 1224 1693 confessiones
1252 1638 1523 1701 ﬁdelium,
1565 1645 1622 1693 et
1648 1640 1935 1710 passiones

322 1733 651 1799 martyrum
682 1744 921 1799 quorum
952 1727 1282 1781 brevissima
1326 1727 1385 1781 in
1411 1728 1810 1800 Martyrologio
1839 1729 1933 1783 illo

320 1818 628 1884 memoria,
663 1834 762 1871 seu
791 1817 977 1888 potius
998 1816 1373 1871 nomenclatio
1403 1822 1600 1871 exstat.

2017 574 2074 622 et
2104 568 2352 623 moribus
2398 573 2723 623 sanctorum
2768 571 3001 625 Patrum
3051 569 3260 625 librum
3303 572 3613 644 scripsisse,

2017 658 2113 728 qui
2143 674 2289 712 nunc
2318 657 2694 727 desideretur;
2726 675 2826 713 nec
2856 660 3006 714 enim
3028 660 3159 713 inde
3187 661 3345 732 sequi
3377 662 3616 718 sustine-

2016 745 2132 815 bat,
2167 763 2294 801 eum
2340 746 2546 802 librum
2577 748 2673 819 qui
2702 749 2869 819 vulgo
2902 749 3066 803 titulo
3096 749 3355 805 Vitarum
3386 751 3620 809 Patrum

2016 835 2311 903 increbuit,
2355 835 2423 889 ab
2451 837 2794 909 Hieronymo
2824 838 3201 910 conscriptum
3232 856 3373 894 esse.
3404 842 3612 910 Primo,

2019 925 2153 996 quia
2180 925 2555 997 Hieronymus
2588 927 2708 997 ipse
2754 914 3159 982 alium‘earum
3188 935 3472 984 auctorem
3502 931 3620 986 evi-

2018 1014 2362 1069 dentissimis
2383 1014 2604 1069 indiciis
2614 1015 2888 1087 designat,
2912 1017 2995 1071 uti
3017 1022 3145 1088 post
3162 1018 3491 1074 videbimus.
3517 1020 3619 1075 Se-

2018 1103 2219 1170 cundo,
2256 1104 2385 1175 quia
2416 1120 2482 1158 ex
2507 1104 2639 1158 Vita
2668 1105 2918 1173 Joannis,
2950 1122 3073 1176 quae
3101 1106 3283 1178 primo
3311 1107 3431 1163 loco
3458 1108 3621 1179 poni-

2019 1196 2132 1259 tur,
2176 1193 2443 1247 discimus
2473 1209 2602 1248 eum
2650 1194 2746 1265 qui
2784 1194 2990 1249 librum
3018 1195 3366 1267 conscripsit,
3396 1197 3624 1271 presby-

2018 1287 2204 1335 terum
2234 1298 2346 1336 non
2371 1282 2560 1349 fuisse,
2589 1283 2687 1336 sed
2716 1284 2897 1337 solum
2925 1284 3251 1351 diaconum;
3274 1301 3386 1340 non
3404 1303 3617 1356 senem,

2019 1371 2114 1425 sed
2141 1372 2404 1441 juvenem
2429 1391 2444 1425 :
2478 1372 2885 1443 Hieronymum
2914 1378 3102 1427 autem
3125 1390 3252 1428 cum
3281 1375 3502 1429 deserta
3529 1391 3625 1447 pe-

2016 1460 2126 1526 tiit,
2160 1466 2217 1514 et
2253 1460 2645 1532 presbyterum
2692 1462 2883 1528 fuisse,
2911 1467 2968 1516 et
2995 1467 3159 1517 aetate
3188 1480 3400 1532 senem,
3432 1465 3621 1520 nullus

2017 1549 2160 1604 forte
2190 1549 2429 1603 dubitat.
2462 1552 2549 1604 Ita
2570 1549 2797 1621 quidem
2826 1550 3023 1606 Faber.

2088 1638 2199 1693 Sed
2241 1643 2305 1692 ut
2331 1644 2481 1693 recte
2512 1640 2672 1693 Vitas
2700 1641 2803 1695 has
2831 1640 2900 1694 ab
2930 1642 3272 1713 Hieronymo
3303 1647 3475 1713 negat
3501 1659 3623 1699 esse

2016 1727 2311 1799 profectas,
2338 1728 2415 1781 ita
2445 1744 2558 1782 non
2580 1728 2718 1782 satis
2743 1729 3140 1800 circumspecte
3168 1731 3338 1785 citato
3364 1732 3623 1787 testimo-

2016 1816 2111 1871 nio
2137 1816 2243 1870 sibi
2270 1834 2470 1888 passus
2500 1822 2586 1871 est
2628 1817 2971 1888 persuaderi,
3005 1818 3074 1872 ab
3105 1818 3449 1892 Hieronymo
3477 1838 3622 1892 quo-

404 1906 458 1963 4.
524 1907 847 1974 Gratianus,
900 1906 959 1960 in
1014 1906 1256 1973 decreto,
1313 1912 1473 1978 parte
1517 1905 1571 1974 ?,
1630 1924 1799 1962 causa
1841 1907 1928 1973 97,
1948 1924 1996 1983 Β
2016 1923 2124 1978 que
2145 1906 2303 1960 Vitas
2333 1907 2587 1973 Patrum,
2621 1906 2726 1960 etsi
2757 1908 2895 1962 alias
2921 1923 2954 1961 a
2980 1907 3240 1978 vulgatis,
3284 1909 3455 1964 fuisse
3483 1926 3622 1964 con-

322 2003 532 2068 quaest.
563 1994 617 2063 2,
651 2013 772 2067 cap.
809 1992 900 2063 26,
946 2000 1074 2067 post
1105 1996 1339 2049 recitata
1373 1994 1544 2049 verba
1570 1994 1785 2050 Nicolai
1812 1997 1838 2050 Ι
1866 1996 1938 2051 ad

322 2085 602 2140 Carolum
625 2101 835 2155 regem,
859 2083 1064 2155 quibus
1084 2085 1333 2139 decernit
1356 2103 1382 2136 (‹
1405 2101 1517 2138 non
1538 2085 1724 2151 licere,
1743 2084 1851 2139 nisi
1872 2102 1938 2139 ex

318 2188 609 2230 consensu
639 2174 934 2245 utriusque
954 2173 1225 2245 conjugis,
1249 2179 1378 2228 vota
1398 2174 1752 2229 continentiae
1768 2173 1938 2228 susci-

317 2279 496 2335 pere;
533 2282 558 2317 p
600 2262 791 2318 subdit
833 2263 1098 2333 glossam,
1148 2280 1173 2314 α
1212 2261 1397 2329 licere,
1445 2262 1669 2333 quando
1708 2268 1932 2317 tantum

316 2358 465 2407 sunt
484 2352 825 2424 desponsati.
839 2371 860 2403 ›
880 2351 1226 2423 Probatque:
1256 2372 1277 2403 ‹
1295 2352 1371 2406 Ut
1384 2353 1535 2405 enim
1546 2351 1718 2406 refert
1734 2351 1931 2407 beatus

318 2443 730 2513 Hieronymus,
764 2440 1049 2495 Macarius
1078 2441 1390 2512 praecipuus
1418 2440 1569 2495 inter
1580 2440 1789 2495 Christi
1815 2457 1932 2496 ere-

317 2530 524 2595 mitas,
572 2529 740 2600 [xxxv]
786 2528 1064 2583 celebrato
1113 2530 1441 2601 nuptiarum
1487 2529 1754 2596 convivio,
1801 2546 1930 2585 cum

316 2636 562 2690 vespere
591 2619 902 2673 thalamum
935 2623 1083 2673 esset
1112 2618 1486 2689 ingressurus,
1522 2635 1587 2672 ex
1611 2617 1749 2672 urbe
1778 2635 1932 2690 egre-

317 2709 512 2774 diens,
541 2708 918 2762 transmarina
946 2708 1125 2779 petiit,
1160 2714 1215 2762 et
1240 2708 1415 2762 eremi
1445 2707 1804 2762 solitudinem
1824 2707 1932 2761 sibi

317 2798 520 2868 elegit.
561 2818 584 2848 ι
620 2798 781 2862 Quod
828 2798 886 2851 in
931 2798 1063 2852 Vita
1107 2798 1335 2852 Macarii
1364 2798 1603 2851 Romani
1627 2797 1930 2866 invenitur,

318 2904 451 2959 qua
478 2886 722 2941 habetur
745 2904 894 2942 nunc
925 2887 1151 2958 quidem
1187 2886 1330 2941 libro
1360 2887 1544 2958 primo
1574 2887 1643 2941 de
1663 2887 1806 2941 Vitis
1832 2888 1934 2941 Pa-

318 2987 501 3043 trum,
523 2977 656 3030 olim
668 2977 810 3031 forte
829 2976 973 3031 libro
986 2977 1237 3031 secundo
1247 2993 1463 3031 annexa
1472 2977 1594 3042 fuit,
1620 2975 1715 3030 ubi
1727 2977 1795 3031 de
1808 2976 1933 3030 aliis

320 3066 550 3120 duobus
569 3067 829 3121 Macariis
858 3066 1064 3138 agitur.
1095 3066 1424 3137 Respondeo
1456 3066 1788 3120 Gratianum
1827 3065 1937 3120 for-

326 3157 507 3210 tassis
528 3156 874 3210 occasionem
886 3154 1188 3227 sumpsisse
1208 3155 1394 3209 Vitam
1412 3155 1640 3210 Macarii
1653 3154 1937 3209 tribuendi

325 3245 701 3317 Hieronymo,
727 3244 875 3316 quod
914 3244 1261 3299 existimaret
1289 3260 1482 3298 omnes
1514 3244 1671 3298 Vitas
1700 3244 1933 3297 Patrum

326 3333 403 3388 ab
428 3334 777 3406 Hieronymo
796 3333 1155 3405 conscriptas,
1174 3332 1435 3388 inductus
1452 3332 1667 3388 duabus
1698 3332 1930 3386 rationi-

325 3423 454 3491 bus,
488 3441 630 3495 quas
648 3425 769 3494 jam
799 3423 981 3495 primo
1009 3428 1344 3493 argumento
1375 3422 1624 3494 proxime
1652 3422 1925 3476 dedimus.

401 3514 453 3567 5.
488 3513 832 3567 'I‘rithemius
862 3529 1101 3583 quoque,
1134 3513 1193 3565 in
1226 3512 1492 3582 Catalago
1520 3511 1663 3565 Eccl.
1701 3510 1926 3581 Script.,

325 3602 489 3656 Vitas
521 3602 753 3656 Patrum
784 3602 1131 3673 Hieronymo
1157 3600 1381 3675 tribuit.
1412 3601 1479 3654 Et
1499 3616 1569 3654 ne
1594 3600 1717 3671 quis
1748 3600 1933 3654 existi-

230 3678 243 3686 ’
330 3698 451 3746 met
479 3691 549 3745 de
598 3691 723 3745 aliis
766 3707 897 3745 eum
925 3690 1071 3745 Viti's
1117 3690 1271 3761 loqui
1301 3702 1471 3760 quam
1498 3689 1756 3759 vulgatis,
1806 3705 1931 3760 qua:

326 3780 657 3853 Hieronymi
688 3780 917 3835 nomine
935 3779 1424 3845 circumferuntur,
1442 3796 1635 3833 earum
1658 3777 1933 3849 praefatio-

322 3887 457 3925 nem
484 3870 750 3924 inchoare
778 3870 878 3936 ait,
908 3871 1223 3923 Benedictus
1250 3870 1409 3935 Deus,
1434 3885 1467 3922 a
1496 3884 1600 3940 qua
1621 3872 1676 3921 et
1694 3868 1931 3937 vulgatae

326 3959 437 4014 illae
470 3960 695 4014 initium
730 3959 961 4013 ducunt.
995 3958 1361 4029 Respondeo:
1395 3956 1669 4028 Imposuit
1710 3956 1933 4010 Trithe-

331 4049 446 4103 mio
478 4049 711 4120 vulgata
737 4047 936 4114 editio;
970 4064 1102 4101 nam
1122 4047 1341 4101 inMss.
1382 4046 1478 4099 alii
1508 4050 1761 4100 auctores
1793 4044 1935 4099 assi-

328 4143 599 4208 gnantur,
640 4137 723 4191 uti
754 4137 961 4209 partim
980 4136 1239 4201 vidimus,
1275 4136 1481 4207 partim
1511 4134 1684 4188 visuri
1722 4151 1932 4188 sumus.

398 4225 453 4283 6.
504 4226 744 4281 Iacobus
771 4224 953 4280 Faber
993 4225 1362 4296 Stapulensis,
1394 4223 1718 4295 praefatione
1749 4223 1821 4277 ad
1849 4223 1933 4276 le-

2019 1995 2258 2066 scriptas
2279 2014 2295 2060 ;
2329 2011 2454 2049 cum
2486 1995 2713 2065 Regulae
2750 1995 2859 2049 illae
2888 1997 3398 2053 sanctimonialium
3424 2016 3457 2053 a
3483 2015 3623 2070 pru-

2020 2082 2369 2138 dentioribus
2396 2084 2531 2139 viris
2560 2083 2629 2139 ab
2660 2101 2827 2156 opere
2855 2085 3011 2156 [xxv]
3038 2086 3477 2159 Hieronymiano
3497 2088 3621 2158 jam

2018 2172 2237 2244 pridem
2259 2173 2373 2227 sint
2392 2172 2661 2245 ablegatae
2684 2193 2696 2237 ;
2721 2180 2779 2228 et
2803 2174 2864 2229 in
2883 2175 3090 2229 calcem
3108 2176 3350 2247 rejectze,
3382 2177 3533 2232 velut
3547 2175 3619 2230 ab

2018 2262 2350 2334 Hieronymi
2377 2262 2544 2333 genio
2575 2261 2789 2317 alienae.

2087 2351 2319 2422 Scripsit
2337 2350 2562 2422 quidem
2583 2352 2959 2423 Hieronymus
2989 2353 3281 2424 epistolam
3320 2354 3392 2408 ad
3419 2353 3620 2410 Eusto-

2014 2440 2226 2507 chium,
2255 2456 2377 2512 quae
2407 2446 2493 2495 est
2530 2440 2725 2495 ordine
2762 2440 2852 2509 22,
2894 2442 2963 2496 de
2996 2442 3358 2498 custodienda
3393 2444 3621 2515 virgini-

2014 2534 2149 2589 tate.
2182 2528 2241 2583 in
2271 2546 2383 2601 qua
2411 2529 2666 2601 quaedam
2690 2531 2919 2601 attingit
2947 2532 3016 2585 de
3030 2532 3431 2587 monachorum
3449 2548 3619 2603 gene-

2013 2618 2188 2686 ribus,
2223 2624 2280 2674 et
2308 2636 2504 2674 eorum
2536 2619 2734 2689 regula
2764 2626 2932 2691 atque
2960 2620 3236 2675 instituto.
3260 2621 3366 2675 Sed
3396 2621 3615 2676 nullum

2013 2703 2145 2761 inde
2195 2707 2462 2761 indicium
2495 2708 2679 2778 colligi
2721 2714 2903 2779 potest
2933 2710 3081 2780 quod
3118 2709 3491 2781 Hieronymus
3526 2710 3615 2764 vel

2015 2797 2224 2867 regulae
2255 2797 2406 2851 illius
2435 2798 2676 2867 vulgatae
2706 2796 2765 2851 in
2793 2799 2962 2853 calice
2982 2815 3216 2870 operum
3233 2799 3355 2871 ejus
3374 2799 3612 2869 rejectaa,

2015 2886 2102 2939 vel
2132 2884 2259 2939 libri
2288 2885 2458 2955 hujus
2488 2891 2684 2940 auctor
2709 2885 2801 2944 sit.

2085 2974 2232 3037 Quin
2256 2974 2369 3028 imo
2400 2974 2804 3047 Hieronymum
2834 2975 3004 3045 hujus
3032 2976 3161 3030 libri
3190 2981 3477 3031 auctorem
3498 2990 3613 3031 non

2018 3079 2159 3131 esse,
2193 3080 2257 3117 ex
2287 3062 2408 3134 ipso
2440 3064 2782 3135 Hieronymo
2821 3063 3111 3133 evincitur,
3150 3070 3215 3119 ut
3250 3064 3278 3138 §
3312 3064 3375 3121 10
3406 3064 3618 3119 videbi-

2018 3169 2163 3206 mus.
2199 3152 2307 3216 Qui
2339 3152 2489 3206 enim
2521 3153 2916 3225 Hieronymus,
2940 3169 3079 3224 quos
3106 3153 3225 3226 ipse
3253 3154 3464 3208 detexit
3493 3170 3615 3208 esse

2019 3241 2332 3308 haereticos,
2367 3247 2424 3296 et
2451 3243 2653 3296 asserit
2678 3243 2734 3296 in
2767 3243 3001 3297 concilio
3031 3243 3421 3315 episcoporum
3450 3243 3615 3297 dam-

2020 3335 2200 3397 natos,
2228 3330 2286 3384 in
2312 3331 2529 3385 litteras
2559 3330 2825 3399 mitteret,
2856 3336 2910 3385 et
2930 3336 3199 3403 tanquam
3229 3338 3450 3387 sanctos
3463 3348 3615 3386 com-

2013 3420 2337 3474 mendaret?

2084 3510 2200 3563 Nec
2228 3509 2323 3563 illa
2353 3507 2519 3563 Fabri
2558 3508 2793 3564 assertio
2827 3515 2913 3564 est
2936 3509 3132 3577 solida,
3174 3525 3283 3582 qua
3302 3568 3313 3575 ,
3332 3508 3618 3581 pertendit

2021 3597 2428 3669 Hieronymum
2455 3603 2513 3651 et
2540 3598 2931 3670 presbyterum
2961 3598 3131 3653 fuisse
3161 3603 3219 3652 et
3247 3615 3455 3665 senem,
3488 3614 3616 3653 cum

2016 3685 2085 3740 ad
2136 3686 2310 3758 Syriae
2358 3704 2418 3741 se
2456 3687 2668 3758 recepit
2714 3704 2988 3741 eremum.
3021 3688 3140 3742 Imo
3181 3704 3284 3741 nec
3321 3703 3489 3742 senex
3515 3703 3619 3741 nec

2014 3774 2309 3848 presbyter
2334 3781 2468 3831 tunc
2493 3781 2632 3831 erat.
2657 3776 2798 3831 Vide
2819 3777 2910 3830 hic
2934 3776 3095 3830 initio
3123 3776 3291 3848 primi
3330 3776 3458 3831 libri
3483 3775 3619 3829 Hie-

2016 3864 2236 3936 ronymi
2279 3865 2811 3936 peregrinationem,
2859 3871 2917 3919 et
2944 3881 3065 3936 quae
3110 3865 3168 3919 in
3197 3866 3318 3936 lege
3344 3865 3612 3931 Talionis,

2014 3952 2208 4008 tabula
2226 3953 2277 4021 5,
2299 3971 2401 4026 pro
2422 3953 2664 4009 Baronio
2686 3959 2883 4008 contra
2899 3952 3293 4008 Casaubonum
3313 3953 3617 4025 disputavi.

2059 4085 2088 4157 §
2118 4088 2212 4142 1X.
2246 4088 2534 4143 Auctorem
2564 4089 2744 4142 videri
2767 4090 3193 4142 Postumianum
3222 4088 3576 4142 monachum.

2087 4221 2316 4276 Invenio
2337 4221 2395 4274 in
2425 4220 2758 4291 quibusdam
2788 4219 3205 4291 manuscriptis,
3237 4220 3321 4275 uti
3346 4220 3616 4291 Aquicin-

329 4320 564 4381 ctorem,
598 4331 769 4386 quam
799 4314 1110 4369 Heraclidis
1126 4314 1393 4368 Paradiso
1415 4312 1641 4367 Parisiis
1664 4311 1831 4379 edito,
1865 4311 1934 4365 de
2018 4309 2188 4377 ctino,
2225 4309 2486 4364 Laetiensi
2516 4310 2750 4379 majore,
2790 4313 2845 4362 et
2871 4307 3328 4374 Camberonensi,
3361 4307 3511 4362 hunc
3538 4324 3624 4362 se-

335 4422 442 4476 quo
464 4421 654 4476 supra,
687 4403 717 4477 ἓ
736 4403 787 4469 3,
808 4404 1062 4475 praeﬁxit,
1088 4403 1287 4457 asserit
1309 4420 1367 4457 se
1387 4420 1420 4456 a
1441 4401 1683 4474 quodam
1705 4417 1936 4455 suorum
2018 4399 2263 4454 cundum
2291 4398 2496 4452 librum
2520 4415 2633 4452 una
2657 4414 2780 4451 cum
2804 4402 3002 4468 quarto
3023 4396 3224 4451 ascribi
3254 4396 3617 4450 Postumiana

333 4494 615 4548 monitum
643 4494 794 4565 quod
816 4510 927 4547 non
950 4492 1056 4547 rite
1074 4494 1131 4547 in
1158 4492 1394 4564 epistola
1418 4490 2000 4581 dedicatoriaVitasD
2018 4488 2311 4541 monacho.
2345 4487 2487 4541 Eum
2517 4487 2745 4541 titulum
2775 4486 2944 4541 etiam
2977 4485 3230 4557 quaedam
3274 4484 3445 4581 editio
3473 4500 3618 4555 prae-

334 4584 567 4638 Patrum
599 4584 942 4654 Hieronymo
972 4582 1362 4653 abjudicasset,
1390 4598 1528 4652 quas
1559 4572 1995 4652 Hieronymus"
2017 4576 2163 4631 ferre
2192 4576 2415 4631 dicitur.
2440 4576 2594 4630 Nihil
2625 4575 2695 4630 de
2724 4592 2788 4630 eo
2816 4575 2927 4646 legi
2957 4574 3103 4647 quod
3133 4575 3277 4628 hanc
3296 4572 3618 4644 opinionem

336 4672 455 4744 ipse
494 4690 528 4727 a
573 4689 633 4727 se
674 4673 911 4744 scriptas
951 4676 1323 4743 agnosceret;
1358 4660 1524 4742 quem
1575 4669 1725 4724 enim
1761 4670 1935 4723 alium
2016 4666 2267 4721 stabilire
2297 4665 2492 4737 possit.

338 4762 633 4816 certiorem
653 4778 822 4833 quam
844 4761 1028 4832 ipsum
1050 4765 1250 4815 testem
1270 4758 1689 4813 desideremus?
1712 4758 1857 4812 Nam
1877 4757 1935 4811 in
2088 4756 2211 4810 Non
2234 4755 2460 4809 inanem
2483 4770 2712 4825 prorsus
2742 4752 3115 4825 suspicionem
3137 4750 3411 4818 existimo,
3431 4751 3477 4807 si
3495 4750 3619 4823 quis

339 4851 544 4922 Regula
558 4850 1263 4921 sanctimonialium,quam
1275 4847 1564 4919 scripsitad
1576 4846 1940 4901 Eustochium
2023 4844 2172 4898 dicat
2200 4849 2384 4898 ortum
2414 4843 2562 4897 hunc
2590 4842 2816 4896 titulum
2838 4858 2903 4894 ex
2933 4842 3135 4895 Severo
3156 4841 3420 4913 Sulpicio,
3443 4841 3541 4912 qui
3559 4840 3619 4895 in

337 4946 394 4994 et
420 4941 667 5011 reliquas
689 4940 952 5010 virgines,
982 4955 1104 5010 cap.
1145 4936 1229 5004 lO,
1260 4938 1340 4991 ita
1361 4936 1551 4991 scribit
1577 4954 1588 4989 :
1629 4955 1653 4988 (ί
1677 4937 1823 4990 Dum
1841 4935 1942 5005 igi-
2022 4932 2276 5003 Dialogis
2297 4931 2425 4997 suis.
2439 4930 2866 4986 Postumianum
2893 4947 2957 4983 ex
2978 4929 3213 5017 Oriente
3224 4936 3351 5001 post
3368 4930 3620 4984 trienna-

335 5034 429 5083 tur
442 5047 542 5101 per
563 5046 884 5084 eremorum
920 5032 1083 5083 antra
1099 5032 1311 5099 septem
1330 5026 1493 5080 annis
1511 5030 1731 5080 sanctos
1745 5026 1940 5079 Patres
2022 5023 2132 5076 lem
2163 5020 2666 5093 peregrinationem
2698 5018 2978 5083 reducem,
3011 5019 3190 5073 multa
3216 5019 3284 5072 de
3313 5019 3617 5073 monacho-

336 5119 605 5189 degentes
635 5117 843 5172 ibidem
876 5118 933 5171 in
964 5117 1148 5182 terris,
1177 5117 1326 5170 velut
1346 5116 1404 5170 in
1424 5116 1576 5169 coelis
1598 5115 1826 5184 angelos
1847 5130 1941 5168 as-
2020 5128 2143 5165 rum
2177 5116 2234 5164 et
2264 5110 2625 5165 eremitarum
2650 5107 2762 5161 vita
2788 5123 2851 5161 ac
2886 5107 3144 5162 instituto
3172 5112 3498 5162 narrantem
3528 5108 3619 5162 in-

336 5209 600 5263 sistentes
630 5208 856 5262 assiduo
895 5206 1086 5261 labore
1116 5205 1354 5263 itineris.
1390 5203 1691 5274 arduisque
1720 5202 1938 5256 vivendi
2021 5199 2291 5254 troducit:
2320 5216 2345 5248 «
2361 5196 2776 5263 Postumianus,
2799 5196 3196 5268 ninquitinitio
3209 5195 3416 5266 dialogi
3429 5196 3615 5267 primi,

333 5292 1805 5368 incommodis,caeterisqueinnumeriscalamitatibus
1820 5308 1941 5363 per-
2028 5308 2052 5341 «
2085 5288 2153 5342 ab
2182 5287 2429 5349 Oriente,
2464 5303 2573 5357 quo
2605 5302 2663 5339 se
2693 5291 2823 5340 ante
2854 5284 3159 5340 triennium
3186 5285 3428 5356 patriam
3454 5285 3621 5339 relin-

334 5388 584 5459 agrando
604 5387 910 5454 visitarem,
942 5386 1011 5440 de
1044 5402 1283 5458 quorum
1316 5384 1429 5439 vita
1450 5383 1811 5454 moribusque
1841 5381 1941 5435 mi-
2024 5394 2199 5450 quens
2216 5374 2550 5441 contulerat,
2574 5392 2880 5446 regressus,
2907 5393 2932 5428 »
2957 5378 3061 5429 etc.
3084 5375 3229 5428 Nam
3242 5391 3364 5444 quae
3383 5372 3474 5428 hic
3491 5373 3618 5427 libri

334 5477 524 5545 riﬁcis,
551 5494 677 5549 qum
697 5476 1009 5532 luculenter
1027 5475 1145 5547 ipse
1161 5475 1437 5547 perspexi,
1458 5472 1707 5527 libellum
1721 5488 1940 5543 compe-
2022 5465 2207 5539 quarti
2226 5462 2507 5536 prioribus
2538 5463 2752 5535 aliquot
2789 5463 3065 5535 capitibus
3089 5461 3386 5529 habentur,
3411 5479 3477 5516 ea
3505 5477 3615 5549 om.

328 5565 406 5637 gi,
434 5566 531 5638 qui
548 5548 708 5621 vobis
737 5564 812 5621 sit
830 5572 895 5620 ut
917 5565 1146 5620 lucerna
1166 5563 1225 5619 in
1240 5561 1594 5629 candelabro,
1615 5560 1686 5616 ad
1708 5559 1941 5615 medita-
2021 5555 2114 5612 nia
2144 5552 2475 5624 compendio
2501 5552 2753 5608 subiecta
2793 5555 2927 5608 sunt
2958 5567 3024 5607 ex
3061 5549 3243 5638 primo
3276 5548 3464 5638 Severi
3493 5548 3616 5604 dia-

328 5635 549 5711 tionem
569 5653 861 5727 religionis
890 5658 948 5711 et
974 5653 1120 5711 vitae.
1149 5669 1172 5708 ι
1204 5651 1325 5719 Quo
1356 5649 1585 5725 quidem
1614 5645 1939 5706 testimonio
2018 5643 2170 5715 logo,
2203 5640 2262 5698 in
2295 5655 2405 5713 quo
2435 5640 2832 5698 Postumianae
2859 5642 3119 5698 narrator
3142 5635 3539 5696 introducitur.
