3990 6194
363 288 434 346 35
1269 283 1350 339 IN
1384 280 1596 338 VITAS
1635 278 1933 337 PATRUM
1970 276 2517 335 PROLEGOMENA
2552 276 2751 334 XXVI.

3575 276 3647 336 36

364 410 393 483 §
419 410 491 467 X.
524 410 814 465 Auctorem
851 422 957 461 esse
986 406 1276 483 Ruf/inum
1309 405 1713 474 Aquileiensem
1745 404 1973 473 presby-
1987 401 2150 464 Ased
2180 402 2250 456 de
2277 401 2503 457 Ruﬂino
2525 401 2749 470 dicitur,
2776 400 3047 475 quiXysti
3072 399 3428 473 Pythagorai
3453 401 3663 457 librum

1067 482 1268 530 terum.

439 588 681 653 Primus,
715 585 865 657 quod
881 584 1073 651 sciam,
1097 600 1128 637 e
1156 581 1562 638 recentioribus
1590 580 1796 636 librum
1823 580 1974 634 hunc

367 676 591 732 Rufﬁno
622 675 824 729 saltem
844 679 907 727 ut
933 672 1227 743 interpreti
1246 673 1404 744 (nam
1431 671 1728 741 Evagrium
1750 684 1972 741 quoque

366 767 539 837 hujus
561 764 690 819 libri
718 768 1006 818 auctorem
1031 762 1214 816 facere
1236 761 1472 831 videtur)
1500 759 1799 814 vindicavit
1819 759 1974 814 Jaco-

364 854 470 910 bus
498 853 679 910 Faber
701 851 1050 924 Stapulensis
1069 850 1391 922 prafatione
1411 849 1482 903 ad
1511 848 1844 903 Paradisum
1866 847 1975 901 He-

366 942 610 1010 raclidis,
654 942 816 996 nixus
855 940 967 995 divi
1014 939 1345 1012 Hieronymi
1384 938 1737 1003 auctoritate,
1789 935 1885 1007 qui
1916 934 1975 989 in

368 1030 605 1103 epistola
636 1030 707 1084 ad
736 1028 1158 1099 Ctesiphontem
1185 1032 1381 1082 contra
1411 1025 1761 1095 Pelagianos,
1805 1024 1887 1077 ita
1906 1022 1976 1076 de

367 1118 603 1190 Evagrio
624 1123 681 1173 et
697 1118 920 1172 Ruftino
949 1116 1144 1171 scribit
1173 1135 1184 1170 :
1227 1134 1254 1168 (ί
1287 1115 1575 1186 Evagrius,
1597 1112 1799 1185 inquit,
1825 1113 1975 1166 Pon-

366 1209 514 1263 ticus
543 1206 939 1278 Hyperborita,
969 1206 1065 1278 qui
1094 1205 1287 1260 scribit
1306 1204 1377 1259 ad
1406 1204 1669 1274 virgines,
1686 1200 1881 1256 scribit
1902 1200 1973 1254 ad

351 1298 691 1371 'monachos,
721 1295 917 1350 scribit
953 1296 1025 1350 ad
1054 1312 1198 1361 eam,
1230 1295 1390 1365 cujus
1419 1309 1626 1348 nomen
1662 1289 1975 1362 nigredinis

376 1385 691 1453 (Melanium
713 1385 884 1456 [xxv1]
905 1385 1090 1440 innuit
1113 1383 1355 1439 nominis
1376 1382 1715 1454 significatu)
1736 1384 1979 1433 testatur

2052 491 2218 546 titulo
2237 490 2376 546 Sixti
2397 491 2661 563 martyris
2683 491 2876 560 edidit,
2900 497 2966 546 ut
2980 491 3196 545 clarum
3216 495 3303 544 est
3320 506 3387 544 ex
3406 491 3531 545 aliis
3551 491 3664 546 divi

2053 580 2384 651 Hieronymi
2410 580 2566 647 locis,
2589 585 2655 635 ut
2672 580 2731 635 in
2750 595 2866 635 xxu
2882 597 3002 652 cap.
3027 581 3261 649 Jerem.,
3288 578 3387 634 ubi
3407 596 3537 636 eum
3565 597 3665 636 no-

2055 668 2207 723 mine
2239 669 2480 723 Grunnii
2521 670 2868 740 perstringit,
2901 674 2959 724 et
3002 669 3062 723 in
3109 685 3232 741 cap.
3278 683 3412 724 xvnI
3441 670 3661 735 Ezech.,

2054 758 2190 812 item
2231 775 2296 813 ex
2324 758 2638 828 Augustino
2679 757 2776 815 lib.
2808 773 2852 813 II
2890 758 3219 824 Retractat.,
3254 775 3376 829 cap.
3427 758 3496 814 40
3546 759 3665 830 (qui

2057 848 2321 919 deceptus
2351 853 2483 902 ante
2510 847 2652 903 libro
2670 846 2864 921 [xxvn]
2885 849 2955 903 de
2980 849 3111 904 Nat.
3144 853 3200 902 et
3221 848 3403 916 Grat.,
3427 865 3548 919 cap.
3571 847 3666 917 64,

2058 937 2200 991 Sixti
2221 936 2511 991 Pontificis
2536 936 2763 992 nomine
2789 936 3099 1008 allegarat),
3133 942 3191 992 et
3207 952 3274 992 ex
3303 937 3428 1008 ipsa
3452 936 3667 993 Rufﬁni

2059 1025 2294 1097 epistola
2331 1025 2402 1080 ad
2429 1025 2837 1097 Apronianum,
2870 1043 3040 1098 quam
3077 1026 3529 1098 interpretationi
3549 1027 3665 1081 En-

2057 1114 2284 1170 chiridii
2315 1114 2456 1169 Sixti
2494 1116 2755 1186 praﬁxit.
3379 1130 3391 1139 ‘

2129 1202 2179 1258 3.
2212 1203 2356 1268 Quia
2384 1204 2623 1259 similem
2643 1204 2899 1261 fraudem
2922 1204 3205 1260 subnectit
3230 1204 3324 1260 hic
3351 1205 3511 1260 divus
3539 1204 3665 1260 Hie-

2057 1308 2330 1364 ronymus
2352 1292 2421 1346 de
2440 1293 2749 1364 suppositio
2777 1293 3072 1364 Pamphilo
3098 1293 3159 1347 in
3189 1293 3513 1348 defensione
3541 1293 3666 1349 Ori-

2056 1381 2249 1457 genis:
2280 1399 2306 1433 «
2334 1382 2584 1448 Fecerat,
2606 1381 2704 1449 ait,
2731 1382 2837 1436 hoc
2856 1387 2914 1437 et
2936 1382 2996 1436 in
3022 1382 3201 1436 sancti
3218 1382 3499 1453 Pamphili
3516 1398 3667 1436 mar—

371 1481 429 1530 et
451 1475 699 1547 perﬁdia
726 1473 1008 1539 tenebras,
1034 1473 1209 1527 edidit
1226 1471 1431 1526 librum
1451 1476 1508 1525 et
1527 1468 1835 1525 sententias
1863 1467 1977 1538 περὶ
2059 1470 2199 1541 tyris
2228 1470 2473 1537 nomine,
2505 1476 2570 1525 ut
2603 1470 2809 1525 librum
2855 1471 3103 1542 primum
3130 1488 3224 1526 sex
3252 1471 3525 1524 librorum
3571 1471 3667 1525 de-

371 1561 605 1627 ἀπαθείας
633 1568 817 1635 (quam
841 1580 943 1617 nos
962 1560 1472 1633 impassibilitatem
1491 1559 1577 1612 vel
1596 1554 1980 1628 imperturba-
2060 1558 2325 1613 fensionis
2341 1559 2617 1630 Origenis,
2644 1558 2866 1614 Eusebii
2885 1560 3262 1626 Casariensis,
3293 1576 3459 1631 quem
3492 1559 3665 1619 fuisse

262 1692 265 1693 ν
356 1653 581 1723 φίοηθηι
602 1668 898 1723 possumus
931 1651 1158 1716 dicere},
1192 1648 1415 1721 quando
1445 1662 1736 1717 nunquam
1756 1644 2033 1723 animus_
2061 1648 2334 1702 Arianum
2372 1664 2537 1703 nemo
2584 1653 2672 1702 est
2719 1648 2815 1719 qui
2851 1649 3084 1714 nesciat,
3116 1648 3345 1703 nomine
3383 1649 3666 1720 Pamphili

356 1721 484 1816 Lullo
505 1721 942 1813 perturbationis
965 1740 1097 1794 vitio
1123 1743 1525 1804 commovetur;
1558 1740 1633 1802 et,
1666 1740 1731 1789 ut
1760 1721 2329 1808 simpli-Bmartyris
2365 1742 2724 1808 pranotaret.
2763 1757 2786 1788 ι
2817 1738 2990 1809 Atqui
3035 1754 3071 1792 a
3099 1738 3321 1792 Rufﬁno
3361 1754 3485 1792 eam
3517 1738 3667 1792 frau-

356 1831 511 1905 .citer
533 1831 735 1894 dicam,
770 1830 853 1883 vel
894 1845 1090 1883 saxum
1136 1827 1221 1881 vel
1250 1828 1399 1881 Deus
1443 1830 1546 1880 est.
1580 1824 1762 1894 Hujus
1805 1821 1979 1877 libros
2060 1826 2190 1880 dem
2215 1832 2527 1893 consutam,
2561 1826 2731 1880 nimis
2772 1842 2942 1897 quam
2987 1832 3205 1881 notum.
3236 1826 3496 1881 Meminit
3517 1827 3667 1897 ejus-

355 1937 474 1991 .per
494 1920 783 1975 Orientem
802 1919 1041 1984 Graecos,
1068 1922 1125 1971 et
1143 1917 1548 1987 interpretante
1564 1911 1834 1983 discipulo
1856 1911 1978 1982 ejus
2060 1913 2187 1969 dem
2224 1914 2438 1969 fraudis
2475 1915 2636 1969 divus
2687 1915 3059 1986 Hieronymus
3097 1932 3190 1986 ap.
3242 1915 3280 1970 l.
3326 1913 3349 1971 l
3398 1915 3665 1969 adversus

369 2009 594 2064 Rufﬁno
624 2008 872 2073 Latinos,
906 2006 1158 2078 plerique
1187 2005 1246 2059 in
1283 2003 1584 2059 Occidente
1607 2001 1883 2056 lectitant.

444 2116 472 2150 α
506 2097 613 2162 Qui
638 2096 845 2151 librum
875 2111 1096 2166 quoque
1127 2093 1352 2165 scripsit
1380 2092 1539 2163 quasi
1567 2091 1638 2145 de
1667 2087 1974 2155 monachis,

372 2185 692 2255 multosque
709 2184 765 2237 in
789 2200 854 2238 eo
872 2187 1184 2251 enumerat,
1212 2181 1308 2253 qui
1325 2195 1617 2251 nunquam
1634 2178 1882 2245 fuerunt,
1901 2180 1974 2242 et,

358 2291 509 2349 "quos
540 2272 713 2327 fuisse
743 2271 950 2339 scribit,
985 2271 1333 2342 Origenistas
1360 2268 1430 2323 ab
1451 2266 1723 2341 episcopis
1748 2265 1980 2320 damna-

372 2368 460 2417 tos
489 2378 610 2416 esse
641 2377 756 2415 non
790 2359 1022 2415 dubium
1068 2365 1182 2427 est;
1214 2357 1578 2413 Ammonium
1605 2354 1881 2419 videlicet,
1922 2357 1981 2406 et

358 2450 692 2527 Eusebium,
728 2454 784 2504 et
814 2448 1197 2521 Euthymium,
1233 2453 1290 2502 et
1315 2447 1502 2519 ipsum
1531 2444 1850 2514 Evagrium,
1901 2441 1979 2496 Or

2060 2002 2291 2071 Rufﬁn.,
2319 2003 2414 2057 lib.
2447 2017 2510 2071 II,
2542 2008 2601 2058 et
2617 2004 2781 2075 epist.
2813 2000 2902 2069 65,
2937 2004 3009 2058 ad
3038 2004 3137 2058 Pa.
3171 2008 3228 2057 et
3253 2004 3483 2069 Ocean.,
3514 2007 3571 2057 et
3604 2003 3666 2057 in

2061 2109 2183 2164 cap.
2236 2107 2373 2147 xvm
2412 2092 2630 2161 Ezech.,
2663 2098 2721 2146 et
2756 2091 2891 2147 dial.
2934 2093 3059 2147 adv.
3099 2092 3450 2162 Pelagianos,
3493 2108 3665 2162 quam

2060 2182 2312 2236 nondum
2341 2181 2628 2237 detexerat
2654 2181 2816 2235 divus
2856 2180 3252 2253 Hieronymus,
3284 2198 3409 2236 cum
3460 2180 3665 2235 scribe-

2059 2275 2148 2324 ret
2161 2270 2492 2341 Catalogum
2516 2270 2716 2341 Script.
2741 2270 2971 2337 Eccles.,
2996 2276 3060 2324 ut
3077 2275 3233 2342 patet
3253 2270 3505 2341 ejusdem
3536 2286 3658 2341 cap.

2062 2356 2130 2415 75
2160 2359 2219 2413 in
2249 2359 2562 2431 Pamphilo.

2129 2449 2317 2503 Unum
2355 2449 2460 2525 hoc
2495 2448 2607 2503 divi
2635 2448 2961 2520 Hieronymi
2995 2447 3381 2503 testimonium
3411 2447 3665 2503 sufﬁcere

370 2556 593 2612 quoque
623 2544 681 2594 et
706 2538 1005 2605 Isidorum,
1035 2544 1092 2592 et
1112 2538 1320 2591 multos
1357 2535 1514 2602 alios,
1558 2550 1698 2606 quos
1726 2531 1980 2587 dinume-
2052 2537 2264 2608 judico,
2287 2543 2353 2592 ut
2378 2536 2521 2591 liber
2542 2530 2633 2592 hic
2650 2537 2875 2592 Rufﬁno
2899 2542 3199 2592 asseratur.
3226 2537 3441 2592 Omitto
3462 2538 3666 2592 suifra-

372 2645 500 2682 rare
530 2627 757 2682 tadium
787 2632 891 2693 est,
931 2631 988 2681 et
1010 2627 1173 2697 juxta
1200 2625 1337 2679 illud
1366 2623 1615 2679 Lucretii
1646 2640 1658 2676 :

558 2743 625 2791 Ac
651 2740 795 2791 veluti
819 2740 998 2803 pueris,
1023 2740 1271 2790 absinthia
1292 2745 1414 2789 tetra
1437 2740 1699 2803 medentes,

562 2804 680 2854 Cum
708 2800 1091 2866 dare'conantur,
1115 2804 1252 2866 prius
1279 2816 1387 2851 oras
1412 2802 1580 2866 pocula
1606 2800 1789 2849 circum

560 2865 860 2926 Contingunt
883 2865 1014 2914 dulci
1039 2863 1198 2914 mollis
1219 2863 1428 2927 ﬂavoque
1448 2863 1636 2927 liquore
1654 2876 1667 2921 ;

369 2985 451 3040 ita
476 2983 572 3039 ille
597 2998 773 3037 unum
807 2982 1083 3036 Joannem
1109 2980 1167 3035 in
1195 2979 1371 3051 ipsius
1398 2977 1528 3032 libri
1556 2974 1745 3049 posuit
1772 2971 1976 3046 princi-

371 3074 464 3146 pio
489 3089 656 3145 quem
688 3077 745 3126 et
763 3070 1119 3137 catholicum,
1152 3074 1210 3123 et
1236 3073 1489 3123 sanctum
1522 3066 1694 3120 fuisse
1730 3079 1845 3118 non
1872 3062 1974 3116 du-

368 3163 525 3217 bium
553 3167 655 3228 est,
677 3164 743 3214 ut
772 3176 873 3230 per
896 3158 1045 3213 illius
1074 3157 1425 3212 occasionem
1445 3161 1693 3222 cateros,
1717 3168 1856 3225 quos
1879 3167 1975 3222 po-

368 3255 578 3317 suerat,
612 3248 903 3303 hareticos
929 3247 1184 3303 Ecclesia
1208 3247 1614 3301 introduceret.
1658 3264 1680 3295 ι

438 3339 661 3394 Audisti
709 3338 900 3392 divum
948 3337 1373 3408 Hieronymum,
1423 3337 1626 3401 lector;
1660 3330 1794 3404 quid
1822 3344 1973 3383 nunc

373 3430 442 3483 de
469 3429 639 3499 hujus
667 3427 794 3481 libri
826 3432 1052 3481 auctore
1083 3441 1296 3491 censes,
1323 3425 1382 3479 in
1412 3441 1522 3495 quo
1552 3420 1804 3477 omnium
1835 3417 1975 3472 isto-

372 3536 498 3573 rum
525 3517 621 3589 qui
650 3520 1053 3571 enumerantur
1084 3515 1147 3568 tit
1173 3513 1424 3568 mentio?

441 3607 584 3660 Vide
608 3605 783 3675 igitur
801 3621 939 3657 num
968 3602 1063 3656 alii
1088 3619 1215 3656 cum
1246 3600 1486 3656 Baronio
1507 3600 1619 3654 sint
1644 3596 1805 3669 lapsi,
1827 3592 1975 3665 quod

374 3693 749 3749 existimarint
776 3692 891 3746 hac
907 3690 1094 3758 verba,
1123 3709 1149 3743 α
1173 3690 1268 3760 qui
1288 3688 1494 3743 librum
1512 3703 1735 3760 quoque
1755 3681 1982 3754 scripsit

374 3782 534 3854 quasi
565 3782 634 3835 de
665 3778 970 3845 monachis,
1025 3798 1045 3829 ν
1082 3778 1151 3832 de
1188 3777 1422 3849 Evagrio
1451 3775 1837 3847 intelligenda.
1870 3767 1983 3828 Sed

374 3871 443 3925 de
473 3869 696 3925 Rufﬁno
741 3866 978 3938 intelligi
1019 3866 1239 3933 debere,
1282 3868 1444 3938 cujus
1476 3882 1681 3920 nomen
1725 3864 1978 3937 proxime

372 3958 672 4032 praecessit,
708 3956 1068 4012 manifestum
1099 3960 1186 4010 est
1213 3955 1561 4027 argumentis
1593 3952 1975 4025 sequentibus.

449 4047 497 4104 1.
530 4047 674 4112 Quia
714 4046 904 4100 subdit
932 4045 1091 4099 divus
1132 4044 1507 4116 Hieronymus
1553 4043 1702 4114 quod
1741 4042 1835 4096 ille
1882 4040 1979 4112 qui

370 4136 576 4191 librum
599 4137 667 4190 de
687 4132 980 4189 monachis
999 4132 1303 4205 scripsit,in
1326 4149 1390 4187 eo
1410 4137 1703 4188 enumerat
1725 4136 1783 4186 et
1794 4130 1980 4202 ipsum

374 4226 700 4297 Evagrium;
734 4222 991 4278 videlicet
1033 4224 1195 4293 cujus
1235 4223 1356 4293 jam
1402 4226 1533 4276 ante
1565 4220 1777 4275 mentio
1807 4219 1973 4273 facta.

370 4315 484 4369 Nec
512 4315 694 4369 simile
724 4330 869 4379 vero,
897 4317 961 4366 ut
998 4313 1117 4382 jam
1143 4327 1331 4382 supra,
1363 4308 1391 4383 §
1416 4311 1469 4377 5,
1499 4310 1632 4376 dixi,
1666 4314 1889 4364 suomet
1915 4325 1975 4363 se

2054 2626 2179 2697 gari
2213 2625 2339 2681 Mss.
2370 2626 2703 2698 complures,
2735 2631 2801 2681 ut
2826 2626 3306 2682 Audomarensem
3337 2633 3484 2681 nota
3525 2626 3665 2698 opti-

2056 2732 2181 2783 ma,
2202 2720 2259 2770 et
2279 2720 2544 2770 avetusta
2563 2731 2756 2781 manu,
2779 2732 2889 2786 quo
2910 2715 3187 2786 praecipue
3223 2715 3282 2769 in
3307 2714 3663 2770 recensendis

2056 2802 2145 2858 his
2176 2803 2332 2858 libris
2365 2821 2501 2859 usus
2526 2821 2682 2872 sum;
2715 2809 2780 2859 ut
2815 2804 2955 2859 alios
2985 2821 3125 2875 quos
3153 2804 3355 2859 vidisse
3375 2821 3435 2859 se
3462 2804 3665 2858 asserit

2055 2893 2326 2948 Henricus
2347 2894 2600 2959 Gravius,
2634 2892 2781 2948 notis
2809 2893 2881 2947 ad
2910 2893 3070 2965 epist.
3095 2893 3211 2948 divi
3231 2893 3561 2966 Hieronymi
3589 2892 3659 2947 ad

2058 2982 2497 3054 Ctesiphontem,
2525 2982 2593 3037 de
2624 2983 2871 3054 quajam
2902 2987 3113 3037 actum.

2124 3071 2326 3126 Nescio
2355 3088 2427 3125 an
2458 3076 2516 3125 et
2545 3071 2804 3126 Rufﬁnus
2830 3071 2951 3141 ipse
2977 3070 3153 3125 videri
3171 3070 3347 3142 possit
3375 3070 3662 3126 insinuare

2054 3176 2115 3215 se
2142 3160 2311 3231 hujus
2345 3159 2473 3214 libri
2501 3165 2788 3215 auctorem
2814 3160 2901 3214 vel
2943 3160 3312 3231 interpretem
3340 3176 3482 3215 esse.
3516 3161 3662 3237 Nam

2055 3265 2177 3320 cap.
2201 3248 2270 3306 29
2291 3247 2418 3303 libri
2447 3249 2618 3319 hujus
2646 3248 2895 3313 secundi,
2928 3248 3024 3303 ubi
3048 3248 3117 3302 de
3147 3248 3389 3303 Macario
3420 3249 3662 3303 Alexan-

2056 3337 2216 3392 drino
2239 3338 2372 3408 agit,
2409 3337 2565 3392 addit
2600 3357 2611 3391 :
2651 3358 2673 3389 ι
2710 3337 2817 3392 Sed
2842 3342 2900 3392 et
2939 3337 3136 3404 multa,
3167 3342 3233 3391 ut
3262 3337 3524 3403 diximus,
3552 3338 3664 3391 alia

2058 3426 2126 3480 de
2154 3426 2417 3497 operibus
2443 3426 2621 3480 sancti
2643 3426 2871 3480 Macarii
2897 3425 3254 3480 Alexandrini
3284 3424 3563 3480 mirabilia
3581 3426 3663 3480 fe-

2056 3519 2279 3581 runtur,
2312 3531 2379 3569 ex
2407 3514 2608 3586 quibus
2640 3514 2911 3569 nonnulla
2941 3514 2999 3568 in
3021 3513 3163 3569 libro
3191 3529 3249 3568 x1
3274 3515 3481 3569 Eccles.
3511 3515 3652 3570 llist.

2058 3602 2274 3657 inserta
2301 3603 2396 3674 qui
2413 3602 2650 3674 requirit
2668 3603 2933 3659 inveniet.
2957 3621 2984 3657 δ)
3009 3604 3074 3658 In
3099 3620 3209 3674 quo
3242 3602 3385 3657 libro
3407 3618 3486 3667 x1,
3510 3603 3663 3658 vide-

2061 3691 2194 3745 licet
2230 3691 2539 3763 posteriore
2577 3709 2643 3746 ex
2687 3691 2923 3757 duobus,
2968 3691 3038 3746 ab
3065 3691 3306 3762 ipsomet
3341 3691 3564 3746 Ruﬂino
3593 3692 3663 3746 ad

2066 3778 2290 3835 Eusebii
2337 3779 2780 3835 Ecclesiasticam
2816 3779 3121 3835 Historiam
3169 3781 3359 3851 (quam
3400 3797 3430 3834 e
3473 3780 3663 3835 Graco

2058 3870 2321 3937 verterat)
2350 3868 2575 3935 additis,
2599 3885 2719 3941 cap.
2743 3868 2797 3935 4,
2828 3867 3107 3923 habentur
3124 3868 3380 3939 quadam
3395 3869 3465 3924 de
3485 3870 3665 3925 Maca-

2060 3954 2143 4009 rio
2162 3956 2558 4024 Alexandrino,
2584 3974 2709 4028 qua
2737 3957 2842 4011 hoc
2868 3956 3012 4012 libro
3042 3957 3283 4012 secundo
3301 3957 3370 4012 de
3389 3958 3535 4012 Vitis
3563 3958 3664 4013 Pa-

2065 4050 2218 4100 trum
2248 4045 2476 4112 desunt;
2507 4062 2747 4117 quorum
2787 4046 3034 4118 primum
3064 4052 3150 4101 est
3176 4047 3244 4101 de
3273 4063 3417 4103 caeco
3441 4045 3666 4102 relumi-

2063 4138 2215 4201 nato,
2256 4133 2351 4205 qui
2380 4134 2604 4205 pulvere
2638 4151 2705 4188 ex
2732 4134 2871 4189 cella
2898 4135 3129 4189 Macarii
3160 4135 3401 4203 deterso,
3435 4141 3493 4190 et
3520 4152 3667 4206 aqua

2061 4222 2217 4293 putei
2253 4239 2361 4294 quo
2390 4221 2582 4276 bibere
2611 4222 2810 4277 solitus
2840 4228 2963 4278 erat
2979 4228 3279 4291 macerato,
3303 4223 3665 4279 oculosiuun-

2056 4309 2165 4378 xit;
2196 4310 2503 4365 secundum
2530 4328 2660 4365 vero
2691 4310 2760 4365 de
2800 4311 2987 4366 leana
3027 4313 3226 4367 catulis
3255 4312 3378 4367 visu
3421 4312 3661 4377 donatis,

373 4419 601 4459 ornasse
616 4401 892 4476 praeconio
908 4399 1225 4471 Evagrium,
1249 4405 1305 4453 et
1324 4415 1483 4453 suam
1495 4415 1717 4470 quoque
1737 4396 1976 4453 aliorum
1993 4393 2042 4452 D
2055 4398 2127 4453 ad
2157 4416 2279 4471 qua
2308 4399 2432 4470 ipsa
2463 4398 2742 4454 mirabilia
2771 4400 2954 4472 capite
2980 4400 3075 4456 illo
3102 4400 3171 4458 29
3190 4401 3319 4455 libri
3348 4401 3575 4456 secundi
3598 4401 3666 4456 de

371 4492 513 4547 Vitis
540 4490 933 4546 immiscuisse.
956 4488 1116 4553 Quod
1135 4486 1279 4542 forte
1300 4487 1752 4542 animadvertens
1768 4486 1977 4542 Maria-

372 4597 478 4635 nus
506 4581 785 4635 Victorius
815 4576 1141 4648 Hieronymi
1155 4575 1499 4643 scholiastes,
1521 4575 1860 4630 existimavit
1885 4592 1975 4630 se-

372 4669 559 4723 cundo
576 4669 681 4723 hoc
704 4669 824 4723 loco
844 4666 1078 4721 alterius
1107 4664 1323 4735 Evagrii
1344 4664 1663 4719 distinctam
1674 4663 1743 4718 ab
1764 4664 1978 4736 Hyper-

370 4756 557 4811 borita
585 4757 924 4811 mentionem
951 4754 1091 4811 fieri.
1112 4752 1224 4808 Sed
1238 4753 1307 4807 de
1336 4751 1713 4825 Hyperborita
1726 4753 1975 4808 secundo

373 4862 594 4916 quoque
620 4845 741 4898 loco
763 4843 1192 4913 intelligendum
1221 4840 1411 4896 divum
1443 4840 1867 4912 Hieronymum,
1899 4841 1983 4895 ni-

373 4932 480 4987 mis
506 4949 675 5003 quam
706 4930 1068 4984 manifestum
1102 4947 1222 4984 esse
1252 4929 1488 5002 quisque
1507 4928 1904 5000 deprehendet.

442 5019 496 5078 2.
532 5021 675 5085 Quia
701 5017 1024 5074 immediate
1054 5024 1181 5089 post
1213 5017 1382 5081 verba
1406 5018 1497 5073 hic
1527 5034 1591 5072 ex
1619 5017 1747 5072 divo
1786 5017 1979 5072 Hiero-

375 5126 545 5182 nymo
576 5109 798 5164 reddita
842 5105 1132 5178 subjungit
1170 5106 1316 5160 idem
1355 5107 1516 5162 divus
1560 5106 1927 5178 Hieronymus
1960 5125 1971 5160 :

381 5216 408 5252 ι
432 5198 593 5252 Illam
623 5203 814 5251 autem
840 5194 1237 5259 temeritatem,
1272 5194 1386 5249 imo
1412 5194 1689 5250 insaniam
1708 5195 1830 5265 ejus
1851 5195 1977 5266 quis

377 5287 546 5358 digno
574 5286 752 5357 possit
787 5283 1061 5356 explicare
1090 5298 1367 5349 sermone,
1405 5284 1553 5355 quod
1580 5283 1785 5338 librum
1814 5284 1977 5356 Xysti

378 5375 749 5448 Pythagorai,
792 5371 1037 5428 hominis
1062 5370 1271 5441 absque
1298 5371 1519 5427 Christo
1548 5378 1717 5445 atque
1744 5373 1973 5439 ethnici,

377 5465 674 5519 immutata
686 5462 931 5527 nomine,
958 5459 1097 5515 Sixti
1112 5458 1395 5531 martyris,
1420 5465 1477 5514 et
1494 5461 1761 5517 Romana
1790 5461 1977 5517 Eccle-

379 5553 475 5607 sia
521 5550 764 5625 episcopi
817 5547 1183 5623 pranotavit?
1213 5566 1241 5603 ι
1286 5546 1436 5620 quod
1480 5564 1593 5603 non
1622 5548 1691 5604 de
1719 5550 1970 5623 Evagrio,

2057 4486 2203 4541 Vitis
2223 4487 2457 4542 Patrum
2481 4487 2702 4542 videtur
2730 4488 2994 4543 lectorem
3033 4488 3342 4544 remittere.

2129 4574 2403 4645 EquIdem
2430 4573 2588 4629 Vitas
2627 4576 2861 4630 Patrum
2891 4576 3128 4648 scriptas
3163 4593 3284 4632 esse
3327 4580 3452 4649 post
3491 4575 3664 4633 libros

2057 4662 2185 4744 illos
2205 4662 2451 4718 historia
2471 4663 2869 4719 Ecclesiastica
2881 4681 2916 4719 a
2935 4665 3177 4731 Rufﬁno,
3208 4666 3413 4738 partim
3432 4666 3669 4720 transla-

2058 4756 2165 4819 tos,
2209 4752 2412 4824 partim
2447 4753 2800 4824 compositos,
2840 4753 2961 4825 ipse
2990 4755 3242 4825 ejusdem
3274 4754 3399 4809 libri
3427 4769 3503 4820 x1,
3541 4771 3665 4826 cap.

2058 4840 2183 4912 jam
2224 4840 2389 4908 dicto,
2420 4840 2716 4896 manifeste
2746 4841 3024 4909 declarat;
3057 4841 3247 4897 subdit
3276 4843 3425 4898 enim
3457 4862 3472 4897 :
3510 4864 3531 4896 ι
3565 4844 3669 4898 Ve-

2064 4946 2191 4984 rum
2221 4930 2269 4984 si
2297 4929 2648 5000 singulorum
2680 4929 3019 4985 mirabilium
3047 4937 3209 5001 gesta
3251 4932 3512 5004 prosequi
3540 4932 3669 4986 veli-

2062 5034 2207 5085 mus,
2238 5018 2632 5073 excludimura
2646 5019 2932 5091 proposita
2948 5018 3239 5087 brevitate,
3268 5021 3510 5075 maxime
3539 5038 3667 5075 cum

2059 5107 2439 5161 narrationem
2461 5108 2671 5178 proprii
2686 5108 2870 5178 operis
2891 5112 3231 5163 mereantur.
3262 5128 3284 5160 »
3306 5109 3467 5174 Quod
3485 5110 3669 5181 ipsum

2058 5202 2256 5268 postea
2278 5196 2622 5268 prastitisse,
2652 5196 2861 5251 librum
2888 5197 3036 5251 hunc
3064 5214 3094 5251 e
3131 5198 3327 5253 Graco
3350 5204 3508 5254 textu
3539 5215 3668 5253 con-

2060 5285 2360 5352 cinnando,
2385 5284 2496 5338 divi
2522 5285 2850 5357 Hieronymi
2879 5286 3273 5343 testificatione
3303 5288 3620 5343 didicimus.

2130 5374 2356 5438 Quaeres
2378 5392 2389 5427 :
2413 5373 2562 5428 unde
2583 5379 2699 5428 tam
2715 5374 2983 5440 incertus,
3005 5375 3173 5430 etiam
3183 5377 3301 5448 jam
3325 5377 3476 5441 olim,
3498 5377 3668 5446 hujus

2060 5462 2188 5517 libri
2230 5468 2428 5517 auctor
2469 5462 2610 5517 fuit?
2647 5462 3013 5534 Respondeo:
3048 5464 3192 5530 Quia
3228 5469 3425 5520 auctor
3461 5480 3668 5519 nomen

2058 5567 2226 5607 suum
2236 5550 2656 5627 suppressit,uti
2668 5557 2725 5606 et
2736 5550 3034 5624 interpres,
3053 5553 3270 5625 [xxvm]
3292 5553 3451 5623 cujus
3462 5569 3669 5608 nomen
