4046 6212
377 338 453 398 37

1680 345 2173 401 PROLEGOMEN
2176 342 2277 402 ON
2311 346 2379 399 V.

3588 352 3660 412 38

379 481 500 521 non
521 464 776 521 nisi‘divi
802 465 1134 539 Hieronymi
1160 471 1218 523 et
1257 485 1565 540 paucorum
1608 472 1741 526 Mss.
1774 472 1979 527 indicio
1995 473 2042 534 Α
2064 472 2342 542 quoddam
2364 471 2625 526 volumen
2658 472 2906 527 Gothicis
2934 471 3136 528 litteris
3174 475 3465 547 scriptum,
3498 480 3660 550 cujus

378 571 664 610 novrmus.

456 641 573 696 Cur
601 646 790 695 autem
826 641 1084 698 Rufﬁnus
1118 660 1325 699 nomen
1370 661 1535 701 suum
1583 648 1977 718 suppresserit,

381 729 643 784 existimo
668 730 809 786 duas
826 732 1073 788 rationes
1100 734 1377 805 assignari
1397 752 1579 807 posse.
1609 736 1798 792 Primo
1820 753 1835 793 :
1855 754 1982 793 cum

382 819 557 886 enim,
590 819 867 875 referente
892 822 1233 894 Hieronymo
1256 824 1420 895 epist.
1439 826 1512 879 ad
1536 826 1976 898 Ctesiphontem,

380 914 603 964 constet
627 911 927 965 nonnullos
951 912 1298 983 Origenistas
1316 914 1407 968 hic
1436 915 1732 984 immistos,
1755 934 1870 972 non
1888 934 1983 973 au-

381 1015 482 1053 sus
504 998 613 1053 fuit
641 1016 771 1054 eum
800 999 1009 1055 librum
1037 1003 1265 1057 nomine
1282 1020 1383 1059 suo
1410 1006 1707 1060 extrudere
1724 1011 1781 1062 et
1792 1007 1982 1062 vendi-

381 1092 510 1142 tare
533 1088 810 1154 Rufﬁnus,
832 1092 979 1161 quod
1000 1092 1120 1162 ipse
1139 1092 1208 1147 de
1227 1093 1427 1148 haeresi
1447 1111 1515 1149 ea
1531 1101 1823 1167 suspectus
1839 1103 1977 1152 erat.

380 1177 459 1232 Ut
485 1177 662 1249 igitur
688 1178 831 1233 liber
852 1179 943 1234 hic
970 1181 1088 1235 sine
1107 1182 1222 1236 ullo
1242 1182 1300 1237 in
1317 1183 1513 1238 limine
1540 1185 1871 1240 olfendiculo
1900 1204 1984 1241 re-

381 1266 685 1338 ciperetur,
716 1268 1100 1339 praefationem
1123 1271 1349 1341 quidem
1379 1274 1631 1344 praeﬁxit,
1660 1275 1759 1329 sed
1776 1292 1983 1330 nomen

381 1356 679 1414 subticuit.
717 1358 929 1412 Eodem
957 1360 1122 1414 modo
1151 1378 1356 1416 nomen
1389 1380 1555 1417 suum
1585 1366 1896 1436 suppressit
1923 1366 1982 1420 in

382 1446 631 1501 editione
654 1448 1041 1503 translationis
1064 1449 1336 1505 librorum
1364 1452 1624 1524 Origenis
1649 1456 1757 1525 περὶ
1785 1450 1978 1527 ἀρχῶν,

382 1535 931 1609 quodHieronymus
962 1538 1174 1593 indicat
1219 1541 1381 1611 epist.
1426 1540 1494 1596 66
1534 1542 1605 1595 ad
1654 1542 1977 1599 Rufﬁnum:

388 1642 417 1677 ι
445 1625 883 1682 Praefatiuncula
910 1627 1184 1683 librorum
1225 1631 1335 1701 περὶ
1364 1626 1537 1704 ἀρχῶν
1578 1633 1651 1686 ad
1688 1649 1780 1688 me
1809 1634 1981 1688 missa

384 1721 489 1782 est,
523 1732 695 1786 quam
724 1733 790 1770 ex
817 1718 962 1789 stylo
992 1718 1242 1773 intellexi
1261 1724 1420 1775 tuam
1449 1737 1587 1775 esse.
1614 1739 1641 1775 ν

2063 561 2264 616 titulus
2289 566 2428 628 erat,
2476 562 2599 615 Vitae
2612 563 2846 616 Patrum
2865 563 3258 630 Orientalium,
3276 565 3396 620 sine
3407 573 3656 625 auctore.

2065 650 2225 714 Quod
2252 656 2444 705 tamen
2471 650 2657 705 inveni
2677 650 2736 704 in
2755 652 3076 722 prmfatione
3094 654 3362 726 scriptum
3382 673 3417 710 a
3435 658 3658 713 Valerio

2062 740 2408 795 Asturicensi
2435 740 2936 812 archipresbytero,
2968 759 3081 797 aera
3107 741 3230 810 940,
3265 744 3369 799 hoc
3400 752 3485 801 est
3512 764 3659 803 anno

2064 829 2291 884 Domini
2310 829 2435 886 90'2.
2468 829 2874 885 Exordiebatur
2899 836 3139 886 autema
3165 833 3297 887 Vita
3323 835 3574 903 Joannis,
3590 837 3660 890 de

2067 934 2177 987 quo
2190 917 2333 972 liber
2351 919 2573 990 Evagrii
2595 919 2799 987 (verius
2819 919 3049 988 Rufﬁni,
3062 925 3126 974 ut
3133 922 3252 992 jam
3266 923 3539 995 probavi),
3561 926 3659 980 sed

2066 1007 2245 1061 multo
2257 1007 2745 1078 longiore.Deinde
2757 1008 3001 1064 habebat
3015 1010 3220 1064 multas
3234 1012 3392 1067 Vitas
3403 1014 3656 1083 Patrum,

2064 1096 2231 1167 longe
2253 1098 2599 1152 diversorum
2631 1097 2700 1152 ab
2728 1098 2797 1153 iis
2827 1099 2923 1170 qui
2953 1098 3272 1155 referuntur
3289 1103 3663 1158 communiter

2066 1186 2126 1239 in
2173 1187 2316 1241 Vitis
2371 1188 2618 1255 Patrum,
2681 1205 2850 1260 quam
2908 1188 2976 1242 ob
3032 1205 3152 1242 rem
3199 1207 3422 1245 omnem
3475 1209 3661 1249 meam

2064 1276 2436 1347 suspicionem
2466 1277 2661 1348 abjeci.
2700 1296 2724 1330 »
2759 1278 3040 1331 Hactenus
3072 1278 3320 1333 Castrius
3342 1285 3549 1336 noster.

2137 1366 2378 1420 Omnino
2408 1366 2622 1421 occasio
2647 1367 2965 1438 suspicandi
2986 1374 3125 1435 erat,
3146 1386 3271 1423 cum
3289 1387 3494 1424 nomen
3521 1371 3658 1425 illud

2064 1455 2314 1526 praefatio
2339 1456 2643 1527 praeferret.
2662 1457 2769 1510 Sed
2784 1457 3158 1511 certissimum
3170 1458 3330 1513 nobis
3342 1460 3373 1513 d
3383 1477 3411 1513 e
3432 1465 3658 1515 auctore

2064 1545 2149 1598 vel
2171 1545 2477 1617 interprete
2499 1547 2668 1616 hujus
2681 1547 2911 1601 secundi
2939 1547 3064 1600 libri
3087 1564 3150 1601 ex
3176 1548 3299 1602 divo
3316 1550 3660 1622 Hieronymo

2064 1634 2314 1704 suppetit
2339 1634 2742 1689 testimonium.
2768 1635 2935 1701 Quin,
2964 1636 3110 1706 quod
3141 1636 3282 1691 liber
3323 1637 3418 1690 ille
3449 1638 3661 1692 Toleta-

2065 1738 2170 1777 nus
2201 1723 2422 1777 dicatur
2450 1724 2692 1794 scriptus
2720 1741 2755 1778 a
2781 1724 3023 1791 Valerio,
3058 1742 3169 1779 non
3197 1726 3389 1780 statim
3416 1727 3548 1781 inde
3575 1744 3661 1782 se-

456 1805 734 1873 Secundo,
757 1806 891 1877 quia
910 1807 1166 1863 Bullinus
1186 1808 1354 1880 hujus
1373 1810 1502 1864 libri
1520 1827 1633 1865 non
1647 1816 1768 1866 tam
1787 1817 1983 1867 auctor
1999 1796 2053 1857 B
2065 1812 2258 1883 quitur
2276 1829 2404 1867 eum
2426 1814 2548 1882 ejus
2572 1812 2702 1867 libri
2719 1819 3004 1868 auctorem
3020 1830 3160 1869 esse.
3180 1815 3339 1869 Multi
3361 1816 3658 1886 scriptores

386 1894 467 1963 (ut
485 1895 609 1965 jam
629 1895 769 1966 dixi)
787 1913 958 1966 quam
972 1897 1248 1969 interpres
1267 1903 1384 1954 est:
1405 1900 1642 1971 ideoque
1662 1902 1843 1956 noluit
1854 1919 1981 1957 eum
2066 1918 2228 1956 suum
2259 1918 2466 1956 nomen
2494 1903 2794 1973 praefigunt
2838 1903 2927 1956 vel
2962 1908 3307 1975 postponunt
3340 1904 3497 1959 libris
3518 1921 3656 1976 quos

384 2000 485 2038 suo
514 1985 735 2039 nomini
751 2002 1038 2057 arrogare.
1065 1988 1207 2042 Cum
1229 1989 1380 2043 enim
1403 1989 1516 2043 fere
1530 1990 1720 2044 omnia
1737 2007 1860 2062 quae
1880 1991 1983 2046 hoc
2064 1991 2494 2063 exscripserunt,
2519 1991 2625 2045 etsi
2654 2008 2767 2046 non
2787 1992 3217 2062 composuerint,
3241 1994 3387 2063 quod
3400 1993 3659 2063 ignorare

385 2072 524 2127 libro
553 2079 864 2128 narrantur
893 2084 1025 2142 (uno
1053 2077 1236 2147 capite
1264 2078 1333 2132 de
1364 2079 1696 2151 Oxyryncho
1735 2081 1979 2152 excepto)
2064 2096 2177 2134 non
2197 2085 2383 2151 potest
2401 2080 2496 2151 qui
2510 2081 2595 2134 vel
2615 2097 2820 2151 paucos
2846 2081 3018 2135 libros
3048 2083 3179 2135 Mss.
3196 2082 3658 2137 oculislustravit.

386 2162 702 2218 habeantur
714 2165 863 2235 apud
884 2165 1196 2221 Palladium
1210 2173 1269 2223 et
1290 2168 1661 2235 Heraclidem,
1681 2168 1983 2224 verisimile
2068 2170 2208 2223 Cum
2235 2175 2427 2223 autem
2457 2168 2600 2223 liber
2629 2169 2722 2223 ille
2767 2170 3070 2224 Toletanus
3116 2170 3335 2225 dicatur
3378 2171 3662 2225 continere

385 2252 525 2306 mihi
546 2253 613 2306 ﬁt
629 2253 945 2309 Palladium
961 2255 1046 2308 vel
1072 2256 1424 2312 Heraclidem
1437 2258 1521 2312 vel
1535 2258 1711 2312 alium
1737 2258 1984 2330 aliquem
2072 2254 2098 2309 (ὲ
2129 2258 2335 2312 multas
2364 2257 2523 2311 Vitas
2548 2258 2781 2312 Patrum
2811 2258 2976 2328 longe
3009 2258 3356 2313 diversorum
3388 2259 3458 2313 ab
3487 2259 3593 2325 his,
3634 2278 3657 2311 ι

387 2340 507 2396 haec
537 2341 729 2397 Graece
759 2343 1020 2410 edidisse,
1053 2362 1353 2417 suppresso
1381 2347 1627 2415 nomine,
1661 2365 1786 2419 quae
1814 2348 1987 2402 Rufﬁ-
2068 2346 2252 2418 potuit
2268 2346 2524 2401 Valerius
2545 2347 2638 2401 ille
2658 2363 2862 2402 novam
2882 2346 3265 2403 collectionem
3279 2348 3537 2403 Vitarum
3558 2349 3664 2403 Pa-

384 2446 496 2484 nus
527 2432 712 2486 vertit.
746 2433 882 2497 Quae
901 2439 1028 2504 post
1055 2435 1338 2491 Palladius
1376 2436 1628 2492 auctiora
1664 2437 1843 2492 edidit
1877 2455 1980 2493 suo
2061 2440 2214 2492 trum
2245 2436 2574 2491 instituisse.

386 2519 614 2574 nomine
642 2523 888 2592 praeﬁxo,
923 2527 981 2577 et
999 2526 1302 2579 Historiam
1330 2528 1651 2581 Lausiacam
1674 2527 1978 2599 inscripsit.
2417 2536 2462 2588 P
2476 2535 2526 2588 R
2545 2535 2590 2590 Ο
2612 2535 2656 2588 L
2677 2535 2722 2589 E
2736 2534 2784 2589 G
2804 2536 2849 2590 Ο
2870 2535 2926 2589 Μ
2944 2535 2987 2589 Ε
3005 2535 3056 2590 Ν
3076 2535 3121 2590 Ο
3140 2537 3193 2591 Ν
3233 2537 3303 2593 V.

460 2610 591 2664 Haec
617 2627 767 2666 nunc
792 2612 1074 2667 sufﬁciant
1108 2614 1177 2668 de
1220 2616 1525 2685 quaestione
1555 2616 1659 2670 hac
1700 2618 1980 2688 perplexa.
2480 2617 2613 2683 Qui:
2653 2618 2806 2670 tertii
2841 2618 2979 2670 libri
3012 2621 3247 2671 auctor?

386 2696 456 2751 R.
501 2699 564 2753 Ρ.
600 2700 877 2772 Georgius
920 2703 1222 2770 Garnefelt,
1274 2704 1586 2761 Carthusiae
1634 2706 1985 2760 Coloniensis
2136 2704 2285 2759 Editi
2310 2704 2401 2758 hic
2426 2703 2555 2758 libri
2584 2709 2828 2775 pergunt
2849 2704 3055 2759 erroris
3083 2705 3275 2760 funem
3320 2711 3560 2774 nectere,
3603 2712 3662 2762 et

384 2787 670 2856 alumnus,
703 2796 761 2844 et
786 2790 1259 2859 bibliothecarius,
1305 2794 1508 2848 studiis
1546 2794 1687 2849 meis
1731 2795 1985 2866 impense
2066 2793 2685 2866 DivumHieronymum
2700 2799 2988 2849 auctorem
3004 2793 3244 2863 faciunt;
3272 2796 3558 2868 sedstylus
3573 2814 3663 2851 sa-

384 2875 595 2945 favens,
617 2879 679 2932 in
697 2880 1006 2951 appendice
1016 2898 1119 2936 sua
1132 2882 1202 2936 ad
1219 2881 1629 2938 Elucidationes
1640 2901 1828 2938 sacras
1840 2884 1983 2938 ima-
2063 2881 2139 2936 tis
2168 2882 2357 2952 arguit
2386 2884 2508 2952 ejus
2532 2898 2644 2936 non
2671 2899 2812 2949 esse,
2835 2882 2967 2938 licet
2994 2883 3104 2938 tria
3130 2884 3332 2938 ultima
3368 2884 3553 2957 capita
3595 2902 3665 2940 ex

382 2966 583 3035 ginum
615 2969 1001 3037 eremitarum,
1034 2987 1265 3042 Operose
1292 2972 1528 3043 inquirit
1564 2973 1634 3027 de
1664 2972 1985 3028 auctoribus
2026 3008 2039 3017 ς
2067 2972 2189 3041 ejus
2218 2971 2469 3043 epistolis
2499 2972 2798 3042 desumpta
2825 2972 2956 3039 sint,
3007 2989 3130 3045 quae
3168 2978 3457 3029 auctorem
3490 2991 3661 3031 suum

382 3054 911 3128 VitammPatrum,
942 3061 1130 3115 volens
1148 3077 1241 3115 me
1269 3061 1577 3130 sublevare,
1594 3063 1681 3116 vel
1702 3067 1986 3117 errantem
2070 3065 2357 3114 venustate
2386 3060 2645 3115 dictionis
2677 3060 2939 3131 produnt.

384 3146 445 3199 in
476 3146 621 3205 viam
655 3150 941 3204 reducere.
961 3150 1264 3205 Contendit
1289 3151 1551 3219 maxime,
1576 3152 1985 3223 Hieronymum
2008 3154 2052 3217 Ο
2108 3144 2289 3203 ’Νἰῒιὶι
2318 3148 2554 3204 subsidii
2583 3150 2654 3203 ad
2693 3156 2980 3205 auctorem
3029 3150 3411 3222 indagandum
3448 3170 3482 3208 a
3523 3154 3659 3208 Mss.

381 3235 446 3289 in
474 3237 713 3307 epistola
740 3238 812 3292 ad
841 3239 1280 3310 Ctesiphontem,
1305 3256 1433 3296 cum
1463 3241 1560 3308 ait,
1601 3262 1623 3293 ι
1655 3242 1751 3312 qui
1776 3240 1984 3295 librum

385 3341 608 3396 quoque
636 3326 864 3398 scripsit
882 3329 1043 3399 quasi
1061 3330 1130 3384 de
1158 3330 1466 3397 Monachis,
1505 3350 1528 3382 ι
1555 3331 1983 3401 intelligendum

384 3412 459 3466 de
488 3414 749 3485 Evagrio,
775 3417 968 3473 nonde
982 3418 1225 3474 Ruﬂino.
1248 3420 1401 3475 Nihil
1422 3420 1510 3475 hic
1530 3420 1692 3475 addo.
1732 3419 1981 3501 Judicio-

378 3518 482 3556 sus
506 3504 686 3559 lector
712 3509 929 3561 textum
951 3512 1173 3563 tantum
1192 3508 1472 3580 inspiciat,
1520 3526 1688 3580 quem
1720 3509 1811 3563 hic
1852 3512 1982 3562 ante

378 3592 533 3659 dedi,
568 3598 627 3647 et
650 3594 901 3665 judicet:
935 3598 1178 3667 cujusvis
1200 3598 1409 3669 judicio
1448 3615 1678 3655 securus
1706 3597 1884 3652 stabo.
1917 3598 1986 3653 Et

381 3682 486 3752 qui
511 3682 835 3740 meminerit
844 3702 956 3740 non
983 3687 1156 3741 semel
1177 3704 1266 3742 me
1281 3687 1569 3760 scripsisse
1581 3688 1869 3743 Rufﬁnum
1882 3704 1982 3759 po-

378 3771 500 3825 tius
527 3771 898 3845 interpretem
929 3791 1098 3846 quam
1125 3781 1411 3831 auctorem
1458 3794 1596 3844 esse,
1629 3781 1887 3832 contorta
1914 3776 1984 3831 ab

376 3860 570 3914 amica
597 3877 772 3917 manu
800 3863 915 3920 tela
943 3864 1141 3919 evadet
1164 3864 1372 3920 omnia.
1405 3865 1548 3921 Nolo
1566 3865 1657 3919 hic
1682 3865 1985 3920 umbonem

380 3966 673 4020 opponere
701 3950 879 4006 amico
900 3951 1187 4021 benevolo,
1208 3955 1294 4007 vel
1322 3954 1435 4008 tela
1448 3954 1509 4008 in
1529 3954 1769 4009 amicum
1793 3959 1986 4026 pectus

381 4045 738 4110 retorquere.
769 4041 914 4096 Nam
945 4048 1004 4095 et
1028 4042 1148 4113 ipse
1168 4043 1394 4097 tandem
1427 4061 1555 4099 cum
1582 4045 1773 4099 omnia
1794 4061 1987 4099 excus-

384 4128 481 4195 sit,
505 4129 745 4201 Evagrio
774 4147 905 4185 eum
934 4130 1141 4186 librum
1171 4130 1420 4203 abrogat,
1466 4137 1524 4187 et
1549 4132 1827 4188 incertum
1867 4134 1989 4204 ejus

386 4225 681 4273 auctorem
707 4220 923 4274 statuit.
956 4221 1115 4285 Quod
1135 4237 1169 4274 a
1195 4227 1383 4276 mente
1413 4238 1541 4277 mea
1564 4238 1678 4277 non
1700 4221 1984 4289 abhorret,

385 4322 519 4360 cum
551 4307 843 4363 Rutﬁnum
862 4309 1061 4364 saltem
1091 4311 1213 4381 ejus
1231 4309 1599 4382 interpretem
1627 4312 1982 4367 asseruerim.

2065 3237 2221 3292 libris
2246 3238 2336 3293 hic
2362 3238 2562 3293 habeo.
2587 3239 2809 3293 Nullius
2823 3239 2975 3294 enim
2994 3241 3086 3295 hic
3106 3256 3314 3296 nomen
3339 3247 3665 3298 constanter

2066 3328 2392 3398 praefigitur.
2415 3328 2515 3381 Vel
2534 3327 2683 3381 enim
2702 3328 2797 3398 qui
2819 3329 3153 3399 praecedenti
3174 3329 3316 3385 libro
3334 3336 3392 3385 et
3404 3332 3663 3403 sequenti

2068 3416 2367 3487 Evagrium
2396 3422 2494 3471 aut
2522 3417 2948 3471 Postumianum
2978 3418 3308 3486 inscribunt,
3351 3420 3501 3475 hunc
3542 3420 3664 3475 sine

2064 3505 2428 3577 inscriptione
2455 3505 2703 3560 medium
2729 3506 2972 3561 transire
2994 3507 3362 3577 permittunt;
3382 3509 3527 3564 velsi
3548 3526 3667 3564 eos-

2065 3594 2194 3650 dem
2214 3599 2471 3650 auctores
2489 3595 2658 3650 etiam
2677 3595 2808 3649 huic
2828 3593 3156 3663 inscribunt,
3181 3613 3413 3652 erronee
3429 3597 3658 3663 faciunt,

2065 3689 2130 3739 ut
2158 3684 2227 3739 de
2256 3685 2603 3755 praecedente
2633 3684 2774 3738 libro
2798 3685 2919 3755 jam
2949 3685 3131 3740 docui.
3159 3686 3318 3750 Quod
3339 3687 3386 3741 si
3417 3702 3545 3741 eum
3567 3686 3664 3757 qui

2067 3774 2402 3845 praecedenti
2417 3772 2559 3828 libro
2574 3773 2916 3842 inscribitur,
2932 3774 3103 3829 etiam
3122 3775 3290 3845 hujus
3304 3781 3361 3830 et
3379 3774 3664 3846 sequentis

2064 3861 2195 3916 libri
2221 3868 2507 3917 auctorem
2538 3879 2659 3918 esse
2686 3863 2897 3929 volunt,
2933 3863 3152 3918 nullum
3185 3864 3279 3933 jus
3308 3863 3494 3935 potius
3523 3864 3665 3917 Eva-

2066 3951 2189 4022 grio
2219 3957 2277 4006 et
2302 3951 2684 4018 Postumanio,
2705 3967 2874 4023 quam
2898 3951 3141 4018 Ruffino,
3159 3969 3287 4006 cum
3310 3958 3366 4006 et
3383 3952 3552 4023 hujus
3569 3968 3667 4006 no-

2070 4056 2201 4095 men
2243 4040 2304 4095 in
2330 4041 2463 4095 Mss.
2494 4040 2829 4111 quibusdam
2858 4040 3194 4112 praecedenti
3228 4039 3372 4096 libro
3416 4040 3666 4112 praescri-

2069 4127 2258 4184 batur.

2143 4218 2288 4284 Quid
2313 4219 2531 4290 igitur?
2560 4220 2749 4274 nullus
2770 4236 2841 4274 ne
2859 4219 2951 4274 hic
2979 4224 3166 4274 certus
3191 4224 3388 4274 auctor
3407 4219 3666 4290 indagari

2071 4308 2316 4379 poterit?
2345 4308 2617 4380 Equidem
2648 4309 2801 4379 [XXX]
2819 4308 3005 4362 evenit
3032 4308 3189 4373 mihi,
3215 4308 3364 4378 quod
3383 4308 3519 4362 olim
3538 4307 3666 4362 divo

387 4396 557 4450 Certe
586 4396 796 4452 Bullini
822 4398 915 4453 hic
938 4415 1169 4454 manum
1198 4401 1517 4467 accessisse,
1565 4401 1663 4472 qui
1716 4417 2047 4473 perpense_
2073 4398 2417 4470 Hieronymo
2452 4397 2514 4452 in
2542 4414 2603 4452 re
2651 4414 2763 4452 non
2800 4397 3082 4465 absimili;
3126 4398 3217 4451 cui
3254 4413 3379 4451 cum
3415 4396 3666 4467 praefatio

388 4484 727 4557 Hieronymi
751 4486 905 4543 illam
921 4488 991 4543 ad
1007 4487 1429 4559 Ctesiphontem
1453 4468 1747 4561 epistolam
1768 4468 1986 4561 legerit,
2009 4468 2342 4542 Dlibrorum
2375 4488 2485 4558 περὶ
2516 4481 2688 4559 ἀρχῶν
2729 4486 2989 4557 Origenis
3017 4486 3315 4540 offerretur
3342 4485 3496 4538 nullo
3523 4501 3669 4555 prie-

390 4571 658 4629 dnbitare
686 4591 797 4629 non
822 4577 1047 4648 poterit.

391 4668 424 4742 ἓ
444 4671 542 4727 XI.
568 4673 859 4728 Auctorem
879 4676 1058 4730 videri
1094 4676 1370 4730 Valerium
1389 4677 1791 4730 Asturicemem
1811 4676 1995 4729 archi-

991 4748 1394 4815 presbyterum.

469 4843 657 4914 Atquc
685 4842 755 4897 de
783 4843 1104 4899 auctoribus
1129 4844 1282 4900 hisce
1305 4846 1424 4916 jam
1451 4845 1531 4899 ita
1545 4844 1989 4915 disquisiveram,

398 4949 529 4987 cum
543 4950 668 4987 ecce
687 4950 753 4987 ex
773 4934 1045 5004 Hispania
1057 4934 1234 4988 mittit
1250 4934 1321 4988 ad
1340 4951 1429 4988 me
1450 4934 1812 4988 tractatulum
1829 4950 1994 4988 suum

399 5021 470 5075 de
496 5023 818 5078 auctoribus
835 5023 1091 5077 Vitarum
1107 5024 1282 5094 [XXIX]
1308 5024 1541 5078 Patrum
1560 5023 1634 5079 R.
1670 5023 1730 5076 P.
1750 5022 1997 5077 Christo-

400 5112 614 5181 phorus
635 5112 705 5166 de
727 5114 942 5178 Castro,
966 5129 1136 5168 sacrae
1158 5113 1459 5184 Scriptum
1482 5113 1542 5166 in
1564 5111 1993 5167 Salmanticensi

401 5200 705 5256 Academia
730 5201 1029 5274 professor,
1059 5201 1119 5256 in
1140 5218 1249 5272 quo
1278 5202 1426 5256 inter
1445 5201 1556 5256 alia
1581 5200 1772 5256 scribit
1794 5200 1852 5254 in
1882 5201 1999 5255 haec

403 5288 574 5344 verba
595 5309 607 5343 :

478 5398 503 5429 ι
538 5379 676 5433 Mihi
706 5379 1009 5451 aliquando
1034 5380 1092 5434 in
1117 5385 1363 5434 mentem
1384 5380 1642 5435 veniebat
1666 5385 1885 5434 essetne
1904 5396 2000 5434 au-

401 5474 527 5522 ctor
551 5467 679 5522 libri
717 5469 974 5524 Valerius
1000 5469 1376 5524 Asturicensis
1419 5468 1885 5541 archipresbyter,
1942 5470 2000 5523 in

400 5557 566 5629 cujus
594 5558 806 5630 scripta
833 5575 966 5613 casu
993 5558 1184 5626 incidi,
1215 5574 1342 5614 cum
1374 5558 1434 5612 in
1459 5557 1795 5613 bibliotheca
1824 5559 2000 5614 eccle-

2074 4578 2182 4631 ﬁxo
2211 4576 2395 4641 titulo,
2440 4593 2507 4629 ex
2549 4576 2695 4647 stylo
2740 4574 3111 4646 deprehendit
3158 4572 3368 4629 Ruffini
3406 4589 3546 4639 esse,
3605 4577 3670 4627 ut

2074 4666 2194 4737 ipse
2220 4670 2464 4720 testatur
2494 4663 2655 4736 epist.
2699 4663 2786 4731 66,
2838 4665 2911 4718 ad
2953 4662 3215 4718 eumdem
3258 4662 3566 4717 Ruffinum.
3609 4662 3670 4717 Si

2077 4755 2229 4810 idem
2257 4755 2425 4810 hodie
2453 4754 2612 4821 mihi,
2645 4753 2946 4807 obtusioris
2984 4752 3115 4806 licet
3149 4751 3320 4817 naris,
3371 4751 3671 4821 contigisse

2076 4845 2292 4911 dixero,
2329 4845 2563 4899 fortasse
2590 4859 2701 4897 non
2730 4841 2958 4896 omnino
2988 4857 3266 4895 erravero.
3301 4841 3410 4895 Sed
3442 4840 3673 4911 vestigia

2076 4935 2246 5004 hujus
2266 4933 2566 5004 indaginis,
2594 4935 2746 4987 certa
2765 4930 2920 4996 satis,
2947 4928 3055 4984 nisi
3073 4947 3165 4985 me
3185 4930 3334 4996 fallo,
3360 4946 3509 4985 nunc
3528 4929 3672 4984 assi-

2075 5021 2258 5093 gnabo
2269 5066 2279 5074 .

2152 5113 2293 5166 Cum
2327 5115 2583 5165 accurate
2606 5108 2776 5179 hujus
2804 5114 2860 5162 et
2886 5108 3252 5180 praecedentis
3298 5106 3425 5161 libri
3472 5106 3674 5178 praefa-

2078 5201 2293 5255 tionem
2323 5200 2470 5254 inter
2501 5215 2561 5253 se
2604 5198 2936 5265 conferrem,
2987 5197 3331 5269 deprehendi
3374 5212 3486 5250 non
3542 5195 3674 5267 styli

2080 5295 2300 5344 tantum
2330 5288 2649 5359 paritatem,
2681 5287 2780 5341 sed
2805 5288 2915 5342 duo
2944 5291 3233 5358 praeterea,
3273 5303 3395 5356 quae
3435 5301 3527 5338 me
3572 5300 3675 5338 au-

2084 5379 2273 5445 ctoris,
2298 5378 2382 5431 vel
2410 5382 2559 5432 certe
2585 5376 2928 5448 interpretis,
2962 5375 3256 5430 certiorem
3286 5374 3555 5428 fecerunt.

2164 5467 2206 5524 ι.
2249 5466 2527 5533 Rufﬁnus,
2578 5467 2905 5539 praefatione
2955 5464 3083 5519 libri
3128 5461 3511 5535 praecedentis,
3561 5462 3678 5515 haec

2085 5556 2255 5612 habet
2274 5556 2330 5610 in
2352 5555 2894 5611 commendationem
2915 5552 3316 5608 monachorum
3339 5572 3351 5606 :
3382 5571 3403 5603 ι
3430 5550 3505 5605 Ut
3522 5548 3679 5603 dubi-

399 5646 502 5704 siaa
527 5647 810 5705 Toletanae
838 5648 1031 5720 aliqua
1048 5648 1356 5708 evolverem
1374 5646 1506 5703 Mss.
1537 5645 1635 5702 ubi
1649 5645 1765 5708 vidi
1785 5646 2003 5719 justum
2085 5644 2317 5702 tarinon
2327 5643 2734 5702 debeateorum
2745 5640 2962 5700 meritis
2972 5640 3154 5696 adhuc
3168 5642 3319 5693 stare
3330 5636 3623 5693 mundum.
3644 5658 3672 5695 ι
