3990 6194
395 354 465 412 39
1307 350 1386 405 IN
1423 348 1632 404 VITAS
1670 345 1967 403 PATRUM
2002 344 2548 404 PROLEGOMENA
2585 348 2782 403 XXVI.

3607 346 3680 405 40

411 479 498 532 Ad
523 495 690 548 quem
717 475 977 531 eumdem
1005 473 1189 527 locum
1221 478 1416 527 auctor
1446 475 1750 546 respiciens
1765 517 1777 535 ,
1809 479 1866 528 et
1895 472 2002 527 sibi
2021 472 2073 534 Α
2087 473 2246 529 video
2261 492 2360 529 cur
2378 491 2490 529 non
2510 473 2690 546 possit
2707 471 2878 528 tribui
2903 472 3175 528 Eucherio
3197 471 3312 528 haec
3322 487 3388 527 ex
3409 471 3677 527 Cassiano

403 568 560 638 quasi
591 563 1072 638 epiphonematice
1103 564 1462 634 respondens,
1506 565 1799 635 prologum
1827 564 1996 633 hujus

400 656 628 710 secundi
655 655 780 708 libri
811 654 891 707 ita
918 652 1240 723 auspicatur
1269 671 1280 705 :
1320 673 1342 704 ε
1371 653 1514 706 Vere
1553 651 1826 707 mundum
1872 651 1997 722 quis

399 745 620 800 dubitet
648 743 864 798 meritis
894 749 1044 796 stare
1071 742 1426 796 sanctorum?
1455 760 1482 795 ))

469 834 522 890 2.
554 835 827 898 Rufﬁnus,
863 833 1185 904 praefatione
1217 832 1410 886 eadem
1444 831 1806 903 praecedentis
1845 831 1996 896 libri,

403 923 660 993 quaedam
682 920 1035 975 adumbravit
1055 937 1116 973 ex
1147 921 1418 990 procemio
1433 921 1667 974 Palladii
1695 921 1752 974 in
1773 920 2001 974 Lausia-

402 1027 526 1065 cam
555 1010 858 1065 Historiam
893 1028 905 1062 :
941 1009 999 1062 in
1029 1009 1198 1079 hujus
1225 1025 1355 1062 vero
1385 1008 1512 1063 libri
1533 1009 1764 1080 prologo
1795 1025 1860 1062 ex
1881 1008 2003 1062 Pal-

401 1100 538 1154 ladii
567 1101 804 1171 epistola
833 1099 903 1154 ad
931 1101 1198 1165 Lausum,
1244 1116 1365 1170 quae
1408 1100 1680 1170 procemio
1720 1097 2002 1153 subnecti-

401 1196 515 1257 tur,
539 1189 881 1255 transcribit,
918 1205 1040 1261 quaz
1066 1189 1200 1244 locis
1231 1188 1348 1243 suis
1378 1189 1581 1243 collata
1608 1193 1666 1243 et
1693 1192 1888 1243 notata
1913 1187 2003 1241 in-

401 1279 607 1334 venies.

475 1370 661 1434 Quare
701 1386 828 1424 cum
869 1386 985 1424 una
1026 1368 1278 1440 praefatio
1327 1368 1563 1423 alteram
1615 1368 1878 1440 respiciat
1931 1366 2002 1420 ad

404 1475 639 1530 eamque
662 1460 893 1526 alludat,
937 1465 993 1512 et
1023 1465 1263 1529 utraque
1292 1475 1357 1511 ex
1389 1458 1587 1512 eodem
1617 1457 1768 1512 fonte
1815 1461 2002 1511 ortum

405 1550 626 1616 habeat,
652 1550 883 1622 parique
905 1547 1037 1621 styli
1063 1549 1323 1603 decurrat
1353 1549 1528 1613 alveo,
1563 1548 1819 1602 existimo
1867 1546 2003 1600 satis

405 1639 768 1710 probabiliter
788 1639 1080 1709 utriusque
1107 1637 1446 1709 prmfationis
1473 1642 1531 1691 et
1565 1636 1693 1691 libri
1741 1637 2003 1690 eumdem

2077 565 2447 618 concinnatio.

2151 653 2271 707 Nisi
2302 654 2536 707 fortasse
2567 653 2844 724 quispiam
2862 652 3082 707 obstare
3112 651 3243 706 velit
3272 651 3420 724 quod
3451 653 3554 708 hoc
3582 669 3678 707 eo-

2081 741 2208 796 dem
2237 743 2566 814 compendio
2598 759 2700 813 per
2731 742 2919 797 Severi
2950 743 3139 796 vineta
3167 742 3300 810 itur,
3337 759 3458 814 quae
3482 743 3681 814 etipsa

2081 831 2365 902 putatoria
2392 832 2684 886 caeduntur
2712 832 2868 886 falce.
2916 833 3002 887 Ita
3033 831 3257 903 quidem
3297 832 3502 886 librum
3531 833 3680 886 hunc

2083 926 2345 990 quartum
2379 927 2436 975 et
2465 921 2610 975 Editi
2637 927 2694 976 et
2715 922 2840 976 Mss.
2874 938 2936 975 ex
2968 923 3169 976 Severo
3191 927 3248 977 et
3272 922 3556 988 Cassiano,
3589 928 3679 976 ta-

2085 1009 2208 1063 citis
2229 1016 2415 1064 tamen
2434 1010 2773 1078 nominibus,
2793 1011 3129 1065 adornatum
3147 1011 3425 1066 exhibent.
3442 1012 3568 1066 Non
3588 1012 3680 1065 de-

2085 1104 2217 1153 sunt
2228 1104 2417 1154 tamen
2430 1101 2583 1164 Mss.,
2600 1101 2684 1155 uti
2707 1099 3189 1167 Camberonensis,
3207 1100 3520 1172 quilibrum
3531 1101 3680 1155 hunc

2088 1193 2350 1258 quartum
2366 1205 2429 1242 ex
2450 1190 2567 1244 solo
2584 1181 2851 1245 Cassiano
2872 1189 3076 1245 habeat
3095 1206 3437 1262 expressum,
3461 1189 3679 1244 omissis

2085 1277 2196 1331 illis
2221 1294 2344 1348 quae
2374 1295 2439 1332 ex
2461 1279 2662 1334 Severo
2683 1279 2893 1350 passim
2907 1279 3342 1351 praemittuntur.
3389 1281 3573 1350 Atque
3600 1279 3680 1332 ita

2086 1366 2359 1420 Eucherio
2391 1368 2507 1422 haec
2532 1367 2775 1439 epitome
2803 1368 2976 1422 tribui
3001 1386 3163 1440 posse
3192 1363 3368 1423 videri
3395 1368 3587 1439 possit.

2155 1456 2386 1510 Accedit
2413 1457 2565 1510 Petri
2595 1458 2852 1512 Damiani
2868 1475 2980 1513 non
2999 1457 3228 1512 omnino
3263 1474 3396 1512 vero
3425 1456 3678 1511 absimile

2083 1545 2470 1599 testimonium
2486 1545 2583 1601 lib.
2602 1561 2655 1614 v,
2681 1547 2842 1618 epist.
2864 1545 2953 1604 19:
2985 1568 3006 1599 ε
3027 1547 3185 1612 Quod
3205 1547 3253 1601 si
3275 1545 3427 1600 vobis
3447 1545 3678 1600 dubium

2084 1634 2323 1700 videtur,
2347 1635 2546 1689 saltem
2563 1641 2874 1690 vestrarum
2894 1636 3136 1708 partium
3151 1635 3474 1690 testimonio
3485 1651 3680 1689 aurem

409 1734 692 1783 auctorem
708 1729 793 1782 vel
810 1729 1173 1800 interpretem
1191 1744 1352 1799 posse
1371 1726 1730 1783 statui.Unde
1743 1725 2014 1781 etlibrum
2029 1718 2078 1779 B
2093 1724 2509 1779 accommodate
2535 1744 2547 1792 ;
2575 1725 2742 1796 legite
2763 1725 3101 1781 Collationes
3130 1727 3382 1792 Patrum,
3409 1740 3546 1796 quas
3576 1725 3682 1778 Eu-

406 1817 554 1873 hunc
583 1819 806 1873 Rufﬁno
831 1817 1111 1889 inscripsi.

788 1941 1484 1998 PROLEGOMENON
1525 1941 1620 1996 VI.

815 2053 947 2118 Quis
967 2052 1160 2120 quarti
1192 2052 1329 2104 libri
1363 2053 1600 2104 auctor?

477 2175 636 2231 Dico:
670 2176 916 2241 Quartus
944 2174 1088 2228 liber
1116 2191 1182 2228 ex
1209 2175 1412 2228 Severo
1434 2171 1680 2244 Sulpicio
1711 2176 1770 2226 et
1790 2172 2006 2227 Joanne

407 2266 676 2320 Cassiano
705 2270 792 2320 est
820 2264 1207 2319 concinnatus.
1523 2254 1528 2258 ’

478 2357 622 2410 Sunt
649 2355 795 2410 enim
814 2359 1037 2408 tantum
1059 2356 1320 2423 excerpta
1337 2349 1595 2422 quaedam
1625 2365 1690 2404 ex
1719 2365 1915 2404 eorum
1936 2348 2005 2403 li-

403 2443 538 2511 bris,
569 2443 751 2498 verbis
770 2460 910 2514 pene
932 2442 1162 2496 eisdem.
1186 2441 1332 2494 Loca
1349 2439 1594 2509 singula,
1615 2438 1766 2493 unde
1786 2437 2008 2493 desum-

403 2539 500 2604 pta
524 2538 672 2598 sunt,
708 2532 778 2586 ad
809 2532 1033 2602 singula
1060 2530 1246 2600 capita
1268 2527 1676 2582 annotavimus.

475 2622 612 2686 Quis
641 2628 832 2675 autem
865 2637 931 2674 ea
971 2617 1408 2682 concinnaverit,
1456 2633 1569 2671 non
1622 2615 1799 2670 habeo
1852 2619 2005 2670 certo

406 2711 610 2764 dicere.
635 2710 937 2763 Videamus
965 2714 1157 2762 tamen
1193 2723 1267 2760 an
1311 2711 1368 2760 et
1413 2705 1507 2759 hic
1545 2705 1689 2759 felici
1742 2703 2007 2776 indagine

409 2799 688 2870 possimus
709 2799 779 2852 ad
801 2797 1212 2852 concinnatoris
1233 2794 1520 2867 pervenire
1541 2793 1764 2848 cubilia.
1778 2793 1935 2858 Quod
1959 2794 2007 2847 si

404 2907 517 2944 non
545 2889 772 2943 omnino
813 2887 1251 2959 pervenerimus,
1297 2883 1608 2955 jucundum
1657 2883 1857 2938 saltem
1901 2882 2009 2936 erit

407 2995 601 3050 pressa
631 2978 833 3048 legisse
861 2976 1097 3046 vestigia

479 3069 602 3122 Scio
625 3066 1002 3132 Gennaulium,
1025 3065 1095 3119 de
1116 3065 1313 3135 Script.
1342 3062 1512 3129 Eccl.,
1527 3079 1649 3134 cap.
1671 3061 1757 3127 63,
1782 3060 2008 3116 tradere

2086 1812 2308 1867 cherius
2330 1813 2720 1884 Lugdunensis
2757 1815 3047 1887 episcopus
3062 1815 3288 1869 elimato
3309 1830 3566 1869 sermone
3588 1813 3682 1868 ab-

2088 1901 2340 1958 breviare
2357 1903 2574 1958 studuit
2597 1923 2608 1971 ;
2642 1910 2700 1958 et
2727 1904 2775 1958 si
2799 1904 2958 1960 nobis
2985 1905 3212 1960 credere
3232 1921 3344 1959 non
3364 1903 3552 1969 vultis,
3577 1903 3683 1957 sal-

2087 1995 2203 2045 tem
2232 1991 2382 2047 illius
2405 1992 2602 2048 litterae
2623 1993 2852 2048 credite.
2883 2013 2904 2046 ι
2933 1994 3068 2064 Agit
3086 1993 3162 2047 ibi
3183 1994 3252 2048 de
3273 1993 3475 2048 vestitu
3495 2009 3684 2047 mona-

2088 2080 2317 2136 chorum
2347 2082 2672 2148 Damianus,
2704 2083 2774 2137 de
2804 2099 2914 2154 quo
2941 2083 3001 2138 in
3022 2083 3126 2138 hoc
3152 2082 3339 2138 Severi
3359 2087 3416 2137 et
3430 2081 3681 2137 Cassiani

2086 2170 2416 2240 compendio
2443 2170 2614 2226 habes
2639 2187 2759 2243 cap.
2781 2169 2868 2227 15.

2161 2258 2303 2322 Quia
2330 2265 2520 2314 tamen
2549 2260 2696 2314 Editi
2724 2276 2918 2315 omnes
2947 2266 3004 2316 et
3032 2260 3284 2333 plerique
3309 2260 3441 2316 Mss.
3475 2259 3682 2315 librum

2087 2346 2237 2400 hunc
2250 2364 2314 2401 ex
2326 2353 2566 2420 utroque
2577 2355 2928 2404 contractum
2939 2355 3363 2421 repraesentant,
3381 2350 3681 2404 videndum

2089 2451 2161 2489 an
2178 2436 2327 2507 quod
2347 2436 2517 2492 habet
2534 2438 2917 2504 Cassiodorus,
2944 2438 3123 2494 Divin.
3146 2439 3350 2506 instit.,
3373 2456 3494 2510 cap.
3508 2437 3596 2505 29,
3613 2438 3682 2492 de

2087 2523 2310 2579 Victore
2327 2527 2568 2596 quodam
2590 2527 2742 2593 Afro,
2769 2527 2876 2584 huc
2896 2528 3076 2582 facere
3097 2528 3275 2600 possit
3298 2545 3310 2581 :
3347 2549 3369 2580 ι
3402 2527 3678 2593 Cassiani,

2087 2612 2288 2684 inquit,
2321 2615 2468 2670 dicta
2486 2616 2677 2670 Victor
2697 2617 3098 2688 Martyritanus
3119 2617 3411 2688 episcopus
3430 2616 3562 2670 Afer
3581 2615 3676 2681 ita,

2088 2702 2328 2757 Domino
2351 2705 2603 2773 juvante,
2624 2706 2899 2776 purgavit,
2925 2711 2980 2760 et
2996 2723 3117 2777 quae
3135 2707 3324 2761 minus
3352 2711 3516 2760 erant
3530 2704 3684 2758 addi-

2089 2791 2190 2856 dit,
2225 2798 2289 2846 ut
2317 2793 2366 2846 ei
2393 2810 2582 2848 rerum
2613 2795 2848 2849 istarum
2877 2796 3064 2866 palma
3092 2796 3293 2850 merito
3324 2796 3676 2850 conferatur:

2090 2896 2257 2950 quem
2288 2880 2435 2936 inter
2453 2883 2566 2936 alia
2593 2884 2661 2937 de
2679 2884 2877 2939 Africae
2903 2885 3154 2955 partibus
3171 2886 3369 2955 [xxxn]
3395 2885 3502 2938 cito
3525 2884 3684 2938 nobis

2089 2969 2368 3024 credimus
2397 2989 2518 3025 esse
2540 2972 2914 3043 dirigendum.
2941 2990 2966 3025 ι
2991 2973 3156 3026 Forte
3175 2973 3325 3026 enim
3346 2973 3556 3026 additio
3568 2973 3685 3027 haec

2088 3057 2328 3129 intelligi
2355 3065 2538 3129 potest
2563 3060 2631 3114 de
2663 3061 2851 3115 Severi
2882 3061 3143 3132 epitome,
3169 3079 3291 3132 qua:
3312 3062 3403 3116 hic
3432 3061 3684 3116 Cassiani

407 3157 744 3210 Eucherium
756 3154 1146 3226 Lugdunensis
1167 3153 1423 3208 Ecclesiae
1437 3151 1845 3223 presbyterum,
1861 3167 2009 3220 quae-
2029 3159 2073 3219 ο
2090 3147 2346 3218 epitomate
2363 3148 2629 3218 adjuncta
2647 3155 2749 3203 est.
2766 3149 2885 3203 Nisi
2907 3150 3160 3221 quaedam
3179 3151 3460 3205 addiderit
3480 3148 3548 3205 iis
3562 3167 3683 3221 quae

406 3246 536 3299 dam
563 3245 814 3300 Cassiani
839 3243 1107 3315 opuscula
1129 3243 1242 3297 lato
1265 3248 1426 3296 tensa
1446 3257 1724 3306 sermone,
1762 3244 2004 3310 angusto

406 3334 560 3388 verbi
574 3334 862 3388 resolvisse
876 3332 1188 3398 tramite,et
1198 3332 1255 3386 in
1267 3348 1444 3385 unum
1458 3331 1717 3385 volumen
1730 3328 2001 3398 coegisse.

480 3424 604 3477 Scio
621 3423 1035 3487 Cassiodorum,
1062 3421 1244 3475 Instit.
1269 3421 1464 3485 divin.,
1481 3437 1601 3490 cap.
1616 3417 1706 3482 ‘29,
1721 3417 2005 3471 afﬁrmare

396 3513 674 3566 Victorem
691 3510 1187 3582 quemdamAfrum
1197 3551 1210 3574 ,
1223 3511 1261 3563 Μ
1271 3509 1648 3579 artyritanum
1661 3507 2002 3577 episcopum,

411 3601 664 3655 Cassiani
694 3602 761 3654 de
787 3599 1136 3654 institutione
1183 3595 1360 3668 [XXXI]
1414 3596 1815 3650 monachorum
1860 3594 2006 3648 dicta

410 3706 699 3761 purgasse,
731 3696 787 3742 et
816 3705 939 3758 quae
970 3687 1155 3740 minus
1179 3690 1357 3750 erant,
1393 3683 1692 3750 addidisse,
1739 3699 1852 3738 non
1887 3683 2005 3736 sine

408 3778 646 3849 palmari
679 3778 865 3838 laude.

483 3867 592 3921 Sed
619 3882 688 3919 an
720 3865 810 3918 hic
835 3864 995 3928 liber,
1029 3880 1196 3935 quem
1244 3861 1520 3916 habemus
1565 3877 1680 3932 prae
1725 3860 2002 3928 manibus,

412 3955 494 4010 vel
524 3955 651 4008 libri
680 3954 867 4027 alijua
886 3970 1032 4024 pars,
1061 3952 1223 4005 alteri
1245 3967 1439 4005 eorum
1461 3949 1761 4004 tribuenda
1777 3949 1866 4014 sit,
1893 3965 2005 4002 non

409 4045 590 4099 ausim
611 4043 672 4097 af
672 4046 703 4097 fi
712 4060 914 4096 rmare.
928 4044 1002 4096 At
1017 4046 1244 4113 praestat
1262 4040 1351 4094 hic
1362 4040 1483 4110 ipsa
1497 4038 1770 4092 Gennadii
1789 4037 2007 4091 Cassio-

411 4134 644 4203 dorique
671 4131 839 4186 verba
867 4130 1226 4201 subjungere,
1255 4135 1318 4182 ut
1349 4129 1524 4182 lector
1559 4127 1746 4181 videat
1790 4126 1837 4180 si
1875 4125 2008 4197 quid

411 4223 549 4276 certi
578 4223 646 4276 de
677 4221 1069 4275 concinnatore
1100 4220 1204 4272 hoc
1233 4217 1549 4272 discernere
1581 4215 1776 4287 possit.

486 4309 808 4365 Gennadius
831 4308 1003 4378 igitur
1026 4309 1140 4362 haec
1161 4307 1228 4361 de
1250 4305 1551 4361 Eucherio:
1579 4324 1604 4358 α
1631 4304 1739 4360 Sed
1757 4309 1813 4358 et
1832 4305 2008 4359 sancti

414 4398 664 4453 Cassiani
687 4397 939 4469 quaedam
961 4395 1244 4468 opuscula,
1259 4395 1372 4448 lato
1386 4399 1549 4448 tensa
1565 4409 1842 4460 sermone,
1859 4392 2007 4447 idem

2087 3236 2366 3307 purgavit,
2401 3237 2458 3291 id
2488 3244 2590 3304 est,
2623 3239 2942 3292 antidotum
2983 3244 3179 3294 contra
3215 3239 3413 3294 veneni
3451 3240 3684 3294 intima-

2087 3325 2320 3392 tionem,
2361 3325 2507 3396 quod
2545 3327 2766 3398 scriptis
2805 3327 2921 3382 suis
2961 3329 3199 3400 sparsim
3239 3328 3523 3382 inserebat
3553 3330 3683 3382 Cas-

2087 3413 2301 3480 sianus,
2335 3417 2676 3485 apposuerit.

2159 3503 2433 3557 Baronius
2462 3521 2631 3576 supra
2659 3505 2860 3560 existin
2884 3513 2942 3560 at
2978 3507 3373 3562 Cassiodorum
3419 3526 3516 3579 spe
3563 3507 3685 3562 fru-

2088 3597 2326 3645 stratum
2357 3610 2469 3647 non
2501 3595 2778 3664 accepisse
2807 3595 2953 3665 quod
2991 3612 3056 3649 ex
3091 3595 3278 3649 Africa
3305 3595 3678 3667 exspectabat.

2089 3680 2376 3751 Siquidem
2403 3681 2523 3736 Ado
2558 3683 2888 3738 Viennensis
2916 3684 3223 3755 episcopus,
3277 3685 3332 3738 in
3383 3686 3676 3751 Chronico,

2087 3785 2236 3824 anno
2252 3768 2374 3833 425,
2395 3770 2464 3823 ab
2485 3771 2605 3842 ipso
2632 3772 2962 3826 Cassiodoro
2984 3773 3039 3827 id
3058 3773 3262 3844 operis,
3278 3781 3342 3828 ut
3354 3775 3683 3829 Cassianum
3725 3797 3728 3800 λ

2089 3858 2413 3929 corrigeret,
2445 3859 2791 3914 elaboratum
2822 3861 3085 3928 affirmat,
3109 3862 3242 3916 dum
3282 3863 3397 3916 ait:
3439 3881 3465 3916 ex
3499 3864 3685 3933 Opera

2089 3946 2240 4001 illius
2265 3963 2296 4000 a
2327 3948 2614 4002 catholicis
2654 3950 2974 4005 cautissime
3011 3951 3265 4022 legenda,
3319 3952 3560 4006 maxime
3613 3953 3682 4005 de

2087 4035 2264 4091 libero
2285 4035 2518 4092 arbitrio
2541 4043 2598 4090 et
2614 4039 2800 4108 gratia
2824 4058 2835 4104 ;
2854 4041 2950 4094 sed
2973 4046 3030 4094 et
3051 4040 3461 4094 Encratitarum
3484 4041 3682 4095 haeresi

2088 4125 2367 4180 incautius
2390 4125 2542 4180 favit.
2576 4127 2973 4182 Erroresillius
3005 4129 3367 4184 Cassiodorus
3397 4131 3684 4184 Ravenna-

2089 4219 2213 4269 tum
2245 4221 2472 4270 senator
2501 4233 2743 4286 purgare
2772 4217 2980 4284 volens,
3010 4234 3122 4272 non
3151 4219 3221 4272 ad
3260 4219 3485 4289 plenum
3529 4217 3682 4272 omni

2092 4319 2157 4356 ex
2186 4310 2345 4374 parte
2375 4305 2575 4375 potuit.
2609 4326 2630 4356 ι

2164 4391 2300 4456 Quis
2311 4409 2459 4447 nunc
2483 4394 2680 4447 horum
2695 4399 3086 4466 excerptorum
3099 4402 3294 4451 auctor
3303 4395 3471 4450 statui
3484 4395 3629 4468 possi
3639 4401 3676 4461 t,

413 4488 716 4544 Eucherius
737 4491 975 4556 angusto
1001 4484 1150 4538 verbi
1175 4484 1455 4537 resolvens
1480 4482 1724 4545 tramite,
1748 4482 1807 4535 in
1831 4498 2008 4536 unum
2025 4473 2073 4533 D
2093 4481 2241 4535 malo
2269 4481 2329 4535 in
2358 4481 2541 4536 medio
2566 4482 2902 4553 relinquere,
2937 4500 3105 4556 quam
3135 4490 3348 4540 temere
3377 4486 3508 4556 quid
3538 4501 3684 4539 asse-

413 4578 599 4648 coegit
627 4577 906 4630 volumen.
947 4593 968 4624 l
995 4574 1125 4628 Ilarc
1141 4572 1482 4636 Gennadius,
1506 4571 1709 4642 inquit,
1733 4571 2008 4625 Baronius

414 4665 635 4720 annal.4
645 4664 788 4734 33,ej
798 4663 988 4717 usdem
1007 4660 1365 4732 (Pelagianae)
1378 4659 1568 4714 farinae
1581 4676 1708 4713 cum
1721 4661 1813 4716 Cas.
1825 4659 2004 4728 siano;

415 4754 510 4824 qui
532 4770 600 4807 ne
613 4754 826 4806 diceret
845 4751 1127 4806 erroribus
1145 4749 1446 4804 confutatis
1465 4747 1800 4803 Eucherium
1812 4765 2009 4820 expur-

413 4843 597 4912 gando
627 4841 967 4895 contraxisse
985 4856 1155 4910 opera
1187 4837 1460 4903 Cassiani,
1493 4837 1669 4892 latum
1691 4853 2008 4892 sermonem

415 4929 831 4985 circumcidisse
861 4927 1171 4999 praetexuit.
1201 4929 1287 4982 Ita
1316 4926 1427 4980 ille.

485 5019 644 5084 Quod
675 5019 722 5072 si
755 5016 1060 5072 Eucherius
1089 5015 1280 5084 hujus,
1314 5014 1461 5086 quod
1492 5015 1596 5068 hoc
1620 5013 1762 5069 libro
1810 5020 2008 5086 quarto

413 5109 629 5173 damus,
664 5104 978 5177 compendii
1000 5111 1085 5159 est
1099 5110 1312 5172 auctor,
1338 5121 1467 5158 eum
1490 5109 1547 5158 et
1570 5103 1829 5174 scalpello
1845 5120 2008 5157 usum

415 5204 472 5252 et
498 5197 724 5267 forcipe,
757 5211 905 5249 nunc
933 5210 1132 5247 venam
1162 5193 1474 5259 incidendo,
1508 5193 1848 5263 noxiumque
1876 5208 2007 5246 san-

410 5287 640 5357 guinem
672 5284 1032 5349 extrahendo,
1067 5299 1214 5336 nunc
1245 5282 1532 5336 luxurians
1553 5281 1885 5352 capillitium
1906 5280 2009 5334 cir-

411 5374 794 5438 cumcidenda,
847 5372 1048 5426 merito
1079 5371 1302 5428 dixeris.
1352 5371 1494 5424 Nam
1545 5370 1624 5423 ita
1671 5386 1860 5436 sanus,
1927 5369 2009 5424 ita

411 5464 666 5520 concisus
693 5463 783 5516 hic
809 5461 1107 5516 Cassianus
1128 5466 1230 5526 est,
1263 5465 1328 5514 ut
1346 5459 1500 5513 nullo
1531 5457 1846 5529 Pelagiana:
1869 5475 2008 5529 pra;-

411 5551 654 5608 lldentiae
685 5550 859 5606 nimio
877 5549 1090 5605 fervore
1114 5565 1257 5603 vena
1276 5547 1462 5613 micet,
1487 5546 1657 5602 nullis
1672 5546 2007 5618 prolixitatis

410 5639 683 5698 cincinnis
704 5637 969 5696 exuberet
986 5635 1276 5694 fastidiosa
1292 5632 1571 5691 facundia.
1595 5633 1868 5706 Equidem
1892 5649 2006 5690 non

2090 4585 2214 4623 rere
2223 4614 2234 4624 .

2145 4658 2346 4712 Petrus
2360 4657 3038 4731 Ciacconius,praefatione
3049 4662 3119 4716 ad
3131 4662 3394 4717 lectorem
3409 4661 3678 4727 Cassiani,

2090 4745 2260 4800 refert
2279 4746 2336 4800 in
2366 4746 2524 4800 Vatic
2535 4764 2634 4801 ma
2655 4748 2990 4804 bibliotheca
3004 4752 3358 4806 collectiones
3369 4752 3601 4821 aliquot,
3629 4757 3686 4803 et

2092 4841 2215 4890 octo
2247 4841 2557 4906 postremos
2573 4836 2745 4891 libros
2768 4839 3191 4895 Institutiouum
3223 4841 3282 4894 in
3302 4841 3551 4894 Graecam
3581 4840 3685 4892 lin-

2089 4941 2259 4995 guam
2281 4941 2572 4978 conversos
2593 4941 2733 4991 esse,
2757 4927 2853 4981 sed
2875 4927 2932 4981 in
2954 4929 3340 5000 compendium
3366 4929 3552 5000 potius
3592 4946 3651 4982 re
3667 4957 3684 4968 -

2092 5013 2301 5079 dactos,
2338 5029 2505 5084 quam
2535 5014 2751 5086 integre
2771 5032 3081 5084 conversos,
3106 5034 3270 5088 quem
3300 5035 3366 5072 ea
3395 5018 3464 5072 de
3490 5034 3549 5071 re
3576 5017 3684 5071 dis-

2091 5107 2370 5158 serentem
2404 5105 2587 5175 legere
2619 5106 2857 5179 quisque
2881 5112 3082 5178 potest.

2447 5229 3130 5286 PROLEGOMENON
3185 5233 3324 5287 VII.

2502 5336 2632 5402 Quis
2660 5340 2848 5406 quinti
2873 5339 3009 5392 libri
3035 5344 3230 5393 auctor
3253 5346 3276 5392 ν

2159 5459 2293 5513 Dico
2317 5477 2328 5512 :
2368 5459 2560 5523 Quinti
2587 5459 2715 5513 libri
2737 5466 2933 5515 auctor
2960 5461 3208 5518 incertus

2164 5545 2210 5602 1.
2245 5546 2388 5611 Quia
2411 5546 2756 5618 Sigebertus,
2775 5549 2853 5620 de
2877 5549 3082 5606 illustr.
3109 5552 3364 5608 Ecclesiae
3386 5552 3636 5624 Scriptor
3663 5595 3676 5618 ,

2086 5631 2146 5689 in
2173 5632 2419 5706 Pelagio,
2453 5649 2576 5708 cap.
2606 5633 2731 5704 116,
2763 5635 2970 5696 librum
2999 5655 3129 5697 eum
3157 5645 3316 5696 vocat
3359 5643 3428 5696 De
3477 5643 3591 5697 vita
3633 5650 3682 5697 ct
