4046 6212
304 332 377 391 41

1560 328 2050 390 PROLEGOMEN
2053 330 2153 387 ON
2190 331 2337 386 VIII.

3508 338 3579 398 42

305 455 570 509 doctrina
596 458 647 507 et
671 452 1000 522 perfectione
1018 447 1115 506 SS.
1136 452 1392 519 Patrum,
1413 469 1514 509 nec
1535 459 1780 513 auctoris
1801 474 1903 512 no-
1919 457 2410 522 Asententiarum,
2434 473 2602 527 quem
2624 474 2729 528 ego
2757 458 3020 513 Latinum
3046 459 3261 531 primus
3289 461 3411 518 feci.
3430 463 3577 519 Nam

308 558 446 596 men
468 540 748 613 exprimit.

383 630 437 684 2.
474 630 617 694 Quia
655 628 827 684 etiam
865 628 929 683 in
965 627 1153 701 Photii
1195 627 1560 700 Bibliotheca,
1609 634 1745 689 Cod.
1776 632 1904 700 198,

308 720 439 773 sine
481 718 721 773 auctoris
767 718 997 772 nomine
1037 716 1243 772 citatur
1281 737 1293 771 :
1349 717 1661 791 ’Λνεγνώσῦη
1712 719 1904 794 ἀνδρῶν

309 807 471 879 ἁγίων
498 808 661 876 βίϐλος
694 824 707 859 :
742 808 925 860 Lectus
951 811 1025 860 est
1049 806 1147 861 SS.
1160 808 1415 862 virorum
1445 812 1603 865 liber.
1635 812 1904 866 Eumdem

307 895 570 950 Graecum
601 910 743 956 esse,
777 911 907 949 cum
951 911 1016 949 eo
1046 910 1215 966 quem
1244 911 1346 950 nos
1379 897 1577 952 Latine
1609 899 1899 968 habemus,

308 1001 383 1039 eo
409 986 528 1039 loco
557 983 945 1039 manifestabo.

385 1074 736 1144 Margarinus
755 1073 894 1127 dela
919 1072 1116 1142 Bigne,
1131 1072 1386 1144 catalogo
1411 1091 1512 1130 seu
1534 1076 1718 1132 indice
1748 1079 1906 1133 chro-

301 1162 562 1232 nologico
586 1161 642 1217 in
676 1161 1077 1217 Bibliothecam
1114 1161 1369 1229 Patrum,
1397 1165 1596 1219 saeculo
1633 1183 1687 1233 v,
1720 1168 1904 1221 existi-

306 1257 433 1305 mat
462 1251 758 1321 Evagrium
787 1254 1073 1305 auctorem
1092 1265 1214 1304 esse
1238 1249 1423 1320 operis
1443 1252 1591 1322 quod
1613 1255 1731 1326 ipse
1750 1260 1903 1309 tomo

305 1340 389 1395 IX
427 1339 681 1394 secundae
716 1337 977 1393 editionis
1015 1338 1192 1392 edidit
1225 1338 1332 1392 hoc
1369 1338 1533 1394 titulo
1567 1360 1579 1394 :
1620 1341 1715 1399 SS.
1748 1346 1907 1412 χερν-

295 1431 557 1499 ptiorum
579 1428 1042 1482 anachoretan
1070 1426 1538 1498 apophthegmata,
1562 1447 1684 1501 quae
1710 1432 1905 1486 eadem

303 1523 447 1571 sunt
498 1534 624 1572 cum
669 1515 813 1571 libro
850 1517 956 1571 hoc
1000 1535 1050 1584 v,
1089 1516 1315 1591 Pelagio
1356 1518 1680 1590 interprete,
1723 1526 1779 1575 et
1825 1536 1900 1587 VI,

307 1607 527 1661 Joanne
545 1606 871 1677 interprete.
892 1607 1056 1662 Ratio
1085 1610 1207 1679 ejus
1228 1614 1331 1677 est,
1356 1609 1505 1681 quod
1527 1609 1900 1680 Nicephorus,

1989 545 2334 616 superiorem
2351 546 2484 599 olim
2509 546 2872 616 translatum;
2892 548 3025 619 quia
3042 549 3301 605 vitiatum
3320 568 3423 623 per
3438 558 3581 609 tem-

1988 650 2093 704 pus
2104 641 2161 688 et
2179 637 2472 690 contusum
2483 635 2615 697 vidi,
2634 636 2837 707 partim
2852 638 3353 710 reinterpretando,
3370 643 3579 713 partim

1988 723 2335 778 emendando
2364 725 2607 779 auctoris
2637 726 2859 779 veritati
2879 727 3117 782 restitui.
3152 749 3174 780 ι
3201 730 3330 784 Haec
3359 731 3581 788 Genna-

1987 811 2130 865 dius.
2155 812 2423 882 Equidem
2443 811 2547 866 etsi
2570 812 2803 867 velimus
2826 815 3032 870 multas
3054 833 3175 872 esse
3193 819 3499 875 sententias
3519 821 3579 876 in

1986 902 2090 957 hoc
2116 919 2283 973 opere
2321 919 2386 956 ex
2414 903 2633 974 Evagrii
2662 905 2985 960 collectione
3028 914 3299 981 acceptas,
3342 914 3402 964 at
3444 916 3580 967 sunt

1986 991 2075 1044 hic
2102 991 2229 1062 plus
2257 1008 2425 1062 quam
2456 1008 2538 1045 DC.
2575 993 2644 1047 Et
2671 1010 2798 1048 cum
2851 994 2957 1049 hoc
2998 1012 3166 1067 opere
3220 999 3320 1052 ﬁat
3366 999 3580 1054 mentio

1984 1080 2277 1151 Theophili
2328 1081 2709 1149 Alexandrini,
2767 1084 2999 1138 Joannis
3053 1085 3324 1152 Cassiani,
3383 1088 3579 1159 Cyrilli

1982 1168 2343 1222 Alexandrini
2356 1170 2476 1239 jam
2504 1170 3146 1239 defunctorummertum
3176 1180 3263 1229 est
3280 1176 3581 1245 Evagrium

1986 1255 2299 1323 Ponticum,
2357 1258 2602 1324 tametsi,
2644 1263 2787 1314 teste
2844 1261 3154 1330 Gennadio,
3203 1263 3370 1335 longa
3416 1271 3581 1323 aetate

1986 1345 2199 1409 vixerit,
2244 1362 2357 1399 non
2399 1347 2648 1416 potuisse
2683 1354 2876 1404 sancto
2917 1351 3125 1422 Cyrillo
3155 1368 3277 1407 esse
3305 1356 3580 1426 supersti-

1986 1438 2101 1488 tem
2127 1454 2139 1488 :
2173 1432 2243 1487 ob
2273 1450 2441 1505 quam
2469 1435 2639 1490 etiam
2658 1437 2935 1493 rationem
2965 1439 3312 1511 exploratum
3341 1447 3429 1498 est
3455 1461 3581 1501 san-

1986 1526 2139 1577 ctum
2168 1523 2570 1594 Hieronymum
2592 1540 2705 1578 non
2736 1541 2857 1580 esse
2890 1527 3092 1583 horum
3130 1531 3579 1605 apophthegma-

1984 1618 2108 1666 tum
2135 1611 2518 1682 interpretem.
2537 1612 2915 1669 Nominantur
2940 1616 3279 1689 interpretes
3316 1622 3579 1694 Pelagius

308 1694 699 1760 Eccles.,Hist.
730 1693 873 1749 libro
902 1709 980 1761 x1,
1013 1713 1134 1768 cap.
1167 1695 1255 1765 43,
1284 1698 1420 1753 citet
1446 1715 1511 1752 ex
1536 1698 1755 1768 Evagrii
1775 1715 1905 1771 ope-
1930 1768 1965 1775 _
1987 1700 2184 1755 S.R.E.
2218 1700 2504 1765 diaconus,
2537 1706 2593 1754 et
2619 1702 2863 1757 Joannes
2891 1705 3144 1775 ejusdem
3170 1708 3227 1763 S.
3260 1709 3326 1765 R.
3355 1711 3418 1766 E.
3450 1693 3581 1767 sub-

306 1783 468 1839 ribus
506 1784 687 1838 multa
727 1783 795 1837 de
835 1784 1068 1839 Patrum
1114 1786 1296 1855 dictis,
1336 1802 1458 1858 quae
1511 1768 1832 1842 occurrunt“
1846 1787 1904 1842 in
1930 1768 2364 1843 Bdiaconus.De
2392 1787 2602 1862 [xxxxv]
2622 1790 2826 1862 quibus
2846 1768 2965 1864 agit
2993 1794 3335 1865 Sigebertus,
3361 1798 3431 1855 de
3452 1801 3574 1859 Vir.

308 1889 483 1945 opere
510 1872 619 1926 isto
641 1872 762 1942 jam
783 1870 955 1927 dicto.

379 1961 493 2017 Sed
518 1977 715 2016 vereor
740 1966 805 2015 ut
828 1960 1050 2016 labatur
1077 1962 1447 2035 Margarinus.

382 2048 434 2106 ι.
466 2049 611 2114 Quia
628 2050 734 2104 etsi
762 2050 1017 2121 quaedam
1037 2052 1096 2105 in
1114 2052 1200 2106 his
1219 2053 1377 2108 libris
1403 2051 1760 2124 reperiantur
1781 2068 1903 2124 quae

1984 1877 2210 1940 illustr.,
2249 1893 2367 1948 cap.
2409 1875 2511 1933 116
2540 1883 2597 1931 et
2631 1877 2750 1934 117.
2800 1880 3083 1938 Hactenus
3117 1887 3389 1958 magister
3435 1890 3579 1946 sacri

1986 1966 2258 2100 magis}
2289 2042 2438 2092 recte
2469 2038 2572 2092 hos
2594 2038 2766 2093 libros
2794 2040 3030 2112 Evagrio
3054 2046 3269 2100 auctori
3297 2051 3355 2103 et
3378 2047 3580 2105 Hiero-

305 2138 660 2210 Nicephoms
695 2155 762 2193 ex
801 2140 1009 2210 [mm]
1047 2139 1268 2213 Evagrii
1303 2141 1566 2213 operibus
1605 2140 1758 2204 citat,
1792 2157 1904 2195 ηοη
1985 2141 2156 2196 nymo
2186 2125 2480 2198 interpreti
2510 2128 2815 2197 adjudicat,
2843 2129 2926 2184 ita
2952 2132 3139 2188 minus
3166 2141 3318 2191 recte
3363 2144 3581 2195 certum

304 2227 673 2299 reperiuntur
700 2243 766 2281 eo
786 2227 969 2289 modo.
991 2228 1152 2299 quasi
1180 2230 1449 2301 Evagrius
1470 2246 1537 2284 ea
1555 2229 1675 2300 ipse
1703 2229 1908 2284 referat
1988 2231 2109 2268 esse
2138 2214 2232 2279 ait,
2256 2214 2461 2269 librum
2481 2215 2638 2270 Vitas
2666 2217 2901 2272 Patrum
2920 2235 3040 2275 esse
3066 2222 3306 2294 Evagrii,
3326 2242 3457 2283 cum
3486 2245 3584 2300 po-

304 2315 520 2371 librum
569 2315 720 2371 velut
770 2315 1142 2385 conscribens,
1183 2318 1281 2372 sed
1332 2319 1519 2390 potius
1560 2335 1627 2373 ex
1674 2318 1907 2389 Evagrio

375 2494 454 2549 Ut
481 2493 629 2564 quod
648 2492 997 2564 Nicephorus
1015 2494 1150 2548 citat
1168 2509 1239 2548 ex
1258 2493 1401 2549 libro
1421 2495 1671 2549 Practico
1689 2496 1909 2566 Evagrii

312 2582 469 2636 senis
496 2581 784 2653 cujusdam
804 2582 1007 2636 scitum
1034 2581 1104 2636 de
1134 2582 1379 2638 aridiore
1408 2584 1592 2650 diaeta,
1624 2583 1796 2638 habes
1822 2584 1912 2638 hic

310 2669 505 2725 libello
530 2686 551 2726 ι
574 2669 804 2741 Pelagii,
836 2686 991 2724 num.
1038 2671 1091 2725 4.
1129 2690 1156 2723 ‹‹
1201 2671 1356 2726 Dixit
1381 2671 1552 2726 abbas
1590 2673 1858 2744 Evagrius
1892 2695 1903 2729 :

312 2758 464 2822 Quia
487 2757 746 2813 dicebant
772 2757 1002 2828 quidam
1030 2759 1282 2814 Patrum.
1319 2780 1346 2813 ν
1379 2760 1538 2825 Quod
1564 2760 1612 2814 si
1640 2759 1910 2832 Evagrius

311 2848 485 2918 hujus
504 2846 676 2901 libelli
700 2851 897 2901 auctor
923 2853 1087 2914 esset,
1119 2865 1234 2904 non
1259 2849 1499 2903 diceret:
1525 2869 1547 2901 ε
1567 2849 1719 2904 Dixit
1741 2849 1911 2905 abbas

313 2936 607 3006 Evagrius.
641 2952 669 2987 ι

386 3023 624 3087 Ibidem,
642 3038 800 3078 num.
830 3023 880 3078 5.
901 3041 929 3077 ι
949 3024 1163 3079 Iterum
1186 3024 1327 3079 dixit
1339 3025 1571 3090 (scilicet
1590 3027 1874 3098 Evagrius)
1895 3045 1909 3083 :

1987 2303 2100 2357 tius
2118 2309 2270 2358 certo
2290 2308 2508 2359 constet
2538 2305 2659 2375 ejus
2677 2322 2790 2360 non
2819 2323 2961 2364 esse.
2986 2309 3126 2364 Vide
3154 2310 3303 2368 dicta
3329 2316 3582 2389 prolego-

1990 2408 2155 2446 mena
2185 2390 2230 2458 ’1,
2263 2391 2291 2464 §
2319 2393 2371 2447 5.

2402 2482 2997 2542 PROLEGOMENON
3023 2486 3173 2543 VIII.

2420 2573 2552 2638 Quis
2580 2576 2719 2627 sexti
2746 2576 2882 2629 libri
2909 2581 3103 2630 auctor
3135 2583 3159 2631 ?

2064 2658 2197 2713 Dico
2230 2676 2242 2711 :
2277 2659 2428 2713 Sexti
2459 2659 2588 2714 libri
2618 2666 2815 2716 auctor
2848 2662 3116 2719 incertus.

2062 2747 2270 2814 Primo,
2304 2748 2437 2820 quia
2465 2749 2805 2819 Sigebertus,
2840 2751 2909 2806 de
2929 2752 3133 2808 illustr.
3157 2754 3412 2812 Ecclesiae
3443 2757 3588 2817 Scri-

1992 2839 2160 2905 ptor.,
2182 2836 2240 2890 in
2266 2837 2499 2903 Joanne,
2518 2854 2617 2909 cap
2674 2836 2791 2906 117,
2809 2838 3017 2895 librum
3045 2858 3177 2897 eum
3197 2848 3355 2899 vocat
3371 2847 3444 2901 De
3468 2848 3586 2902 Vita

1994 2928 2043 2977 ct
2066 2926 2321 2980 doctrina
2348 2928 2601 2992 Patrum,
2643 2943 2746 2981 nec
2786 2929 3033 2984 auctoris
3062 2947 3266 2987 nomen
3294 2934 3582 3007 exprimit.

2065 3013 2337 3079 Secundo,
2372 3014 2504 3083 quia
2542 3015 2776 3070 Photius
2805 3017 2864 3071 in
2892 3018 3253 3088 Bibliotheca,
3287 3006 3428 3078 Cod.
3461 3022 3584 3093 198,

312 3112 592 3168 Nuntiata
614 3080 705 3166 est
731 3111 951 3166 cuidam
980 3113 1254 3168 monacho
1284 3080 1436 3169 mors
1462 3080 1660 3186 patris,
1700 3080 1736 3166 ξ
1762 3080 1910 3186 quod

1998 3117 2163 3171 quem
2217 3102 2469 3172 proximo
2524 3104 2921 3174 prolegomeno
2957 3107 3139 3175 citavi,
3182 3109 3333 3165 hunc
3378 3111 3587 3168 librum

314 3201 489 3256 etiam
518 3217 585 3255 ex
611 3200 849 3271 Evagrio
868 3200 1005 3256 citat
1030 3202 1382 3273 Nicephorus
1409 3220 1600 3275 supra.

390 3290 464 3344 Et
509 3288 696 3343 libello
732 3303 806 3355 v1,
849 3305 999 3344 num.
1049 3288 1081 3346 5
1113 3313 1125 3349 ε
1172 3309 1198 3342 ς(
1231 3291 1384 3345 Dixit
1422 3291 1593 3346 abbas
1646 3292 1915 3362 Evagrius

318 3378 494 3433 fuisse
514 3377 813 3448 quemdam
832 3378 1063 3433 fratrem
1084 3378 1179 3450 qui
1199 3379 1341 3433 nihil
1364 3378 1561 3434 habuit
1577 3379 1637 3434 in
1661 3378 1918 3434 substan-

317 3467 401 3520 tia
430 3481 553 3531 sua,
578 3465 687 3519 nisi
716 3469 939 3520 tantum
977 3466 1338 3536 Evangelium
1372 3508 1385 3534 ,
1423 3486 1449 3520 )›
1482 3483 1606 3538 quae
1633 3468 1803 3522 etiam
1851 3484 1918 3521 ex

318 3554 544 3624 Evagrii
569 3553 824 3608 Practico
850 3554 988 3609 citat
1016 3554 1364 3626 Nicephorus
1390 3572 1580 3626 supra.

389 3642 444 3696 τὶ.
476 3641 761 3708 Quaedam,
795 3660 918 3714 quae
946 3643 1083 3697 citat
1110 3643 1460 3715 Nicephorus
1489 3662 1557 3699 ex
1593 3644 1814 3715 Evagrii
1845 3644 1914 3698 li-

319 3730 457 3797 bris,
492 3730 583 3784 hic
611 3746 724 3785 non
760 3730 1137 3802 reperiuntur.
1172 3732 1263 3795 Ut,
1309 3733 1458 3803 quod
1496 3733 1631 3787 citat
1666 3749 1732 3786 ex
1772 3732 1915 3788 libro

318 3819 587 3874 Gnostico
614 3820 738 3889 ejus
765 3819 836 3873 de
864 3820 1134 3889 Gregorio
1153 3821 1327 3889 justo,
1350 3821 1419 3874 de
1441 3826 1683 3892 quatuor
1700 3820 1915 3875 virtuti-

319 3907 426 3962 bus
454 3906 854 3974 cardinalibus,
883 3907 953 3961 de
992 3908 1316 3979 Serapione,
1348 3908 1418 3962 de
1449 3913 1634 3963 mente
1677 3908 1916 3980 spiritali

317 3996 642 4067 cognitione
661 3995 898 4063 imbuta,
921 3995 991 4061 de
1010 3996 1267 4068 Didymo,
1287 3997 1356 4050 de
1378 3996 1734 4052 Providentia
1754 4004 1812 4052 et
1832 3999 1921 4069 ju-

317 4084 488 4145 dicio,
506 4084 577 4139 de
598 4083 824 4148 Basilio,
844 4084 993 4155 quod
1013 4083 1249 4138 scientia
1276 4084 1639 4139 meditatione
1654 4091 1917 4156 augetur,

322 4172 393 4227 de
426 4172 750 4237 Athanasio,
781 4172 850 4225 de
879 4187 1076 4226 mensa
1106 4171 1327 4243 )loysis.

394 4260 446 4315 3.
480 4259 627 4324 Quia
646 4259 786 4314 varii
810 4260 1059 4316 citantur
1088 4265 1345 4315 auctores
1386 4260 1624 4331 Evagrio
1652 4261 1919 4333 posterio-

1995 3189 2167 3259 priori
2194 3190 2472 3258 annectit;
2504 3208 2679 3261 quare
2704 3193 2856 3248 idem
2883 3195 2953 3249 de
2984 3196 3089 3251 hoc
3115 3197 3411 3255 ferendum
3431 3200 3588 3272 judi-

1997 3278 2147 3332 cium
2177 3278 2326 3349 quod
2355 3279 2424 3332 de
2447 3279 2654 3349 priore.

2069 3368 2143 3421 At
2159 3384 2415 3422 occurres
2443 3386 2453 3421 :
2480 3369 2726 3424 Joannes
2741 3371 3140 3441 Damascenus,
3162 3374 3219 3429 in
3243 3376 3386 3432 libro
3398 3378 3495 3448 qui
3508 3378 3594 3434 in-

1999 3455 2277 3523 scribitur,
2310 3458 2384 3511 De
2402 3459 2475 3511 iis
2494 3460 2595 3526 qui
2614 3474 2740 3511 cum
2758 3460 2862 3526 ﬁde
2885 3468 3228 3517 excesserunt
3243 3480 3313 3519 ea:
3330 3465 3433 3520 hac
3450 3470 3586 3534 vita,

1998 3543 2170 3598 refert
2186 3543 2255 3598 de
2269 3544 2511 3599 Macario
2538 3545 2855 3612 historiam,
2888 3548 2984 3619 qui
3013 3565 3086 3604 ex
3112 3552 3322 3607 mortui
3350 3552 3593 3609 hominis

1997 3633 2186 3688 cranio
2213 3634 2527 3690 sciscitatus
2555 3640 2641 3689 est
2668 3635 2738 3690 de
2763 3637 2887 3706 ejus
2909 3641 3082 3705 statu,
3112 3655 3351 3713 eamque
3373 3642 3511 3697 citat
3526 3659 3596 3697 ex

1996 3723 2231 3777 Palladii
2247 3723 2518 3778 Lausiaca
2536 3724 2804 3779 Historia.
2822 3725 2994 3797 Atqui
3016 3727 3133 3783 haec
3152 3728 3348 3785 eadem
3359 3730 3597 3786 historia

1998 3812 2277 3882 reperitur
2319 3810 2461 3867 libro
2510 3812 2616 3867 hoc
2660 3816 2835 3880 sexto,
2893 3814 3083 3872 libello
3114 3818 3282 3874 tertio
3339 3800 3591 3888 Joannis,

1997 3917 2155 3955 num.
2173 3900 2261 3967 16,
2283 3906 2345 3955 ut
2362 3907 2419 3955 et
2432 3901 2603 3971 hujus
2627 3901 2755 3956 libri
2774 3903 2917 3958 sexti
2935 3909 3133 3960 auctor
3149 3906 3406 3964 videatur
3423 3908 3597 3964 fuisse

1999 3988 2122 4059 ipse
2149 3989 2448 4044 Palladius.
2487 3990 2957 4061 Respondeo:Ita
2997 3992 3245 4064 quidem,
3282 3996 3390 4052 hoc
3426 4014 3597 4069 argu-

2000 4083 2189 4132 mento
2209 4078 2635 4145 motus,censuit
2648 4078 3000 4135 Guentianus
3020 4081 3381 4151 Hervetus,in
3402 4085 3598 4158 prefer-

2000 4167 2152 4221 tione
2181 4166 2453 4221 versionis
2481 4183 2598 4222 sua:
2626 4166 2989 4237 Palladianee,
3019 4171 3116 4242 qui
3145 4188 3272 4228 eam
3298 4172 3593 4230 historiam

2001 4254 2193 4310 haberi
2223 4254 2305 4309 ait
2328 4254 2469 4310 libro
2494 4269 2566 4321 Iv,
2586 4256 2682 4326 qui
2707 4257 2974 4312 Doctrina
2994 4260 3230 4315 Patrum
3247 4260 3594 4331 inscribitur,

321 4367 438 4414 res,
452 4354 513 4404 ut
530 4350 776 4405 Joannes
800 4350 1121 4415 Cassianus,
1141 4350 1382 4421 Cyrillus
1410 4350 1844 4419 Alexandrinus,
1864 4356 1923 4406 et
2003 4360 2123 4414 (τδρ.
2155 4345 2227 4399 De
2241 4347 2501 4413 exemplis
2516 4348 2566 4397 ϐε
2585 4345 2839 4400 doctrina
2858 4349 2983 4401 vita
3006 4350 3325 4417 spiritualis
3342 4350 3445 4419 (ita
3470 4366 3601 4407 con-

323 4437 424 4492 alii
452 4438 729 4505 nonnulli,
763 4455 902 4510 quos
926 4438 1101 4493 lector
1125 4437 1245 4509 ipse
1274 4437 1673 4509 deprehendet.

1942 4429 1991 4486 D
2006 4432 2213 4503 cipitur
2230 4438 2287 4486 et
2318 4431 2609 4503 inscriptio
2635 4437 2694 4487 et
2709 4440 2880 4507 caput
2902 4435 2963 4490 in
2988 4435 3232 4493 editione
3256 4437 3598 4507 Coloniensi,

398 4527 525 4581 Non
554 4526 758 4581 inutile
784 4527 894 4581 erit
939 4527 1030 4580 hic
1066 4526 1272 4580 addere
1309 4542 1432 4596 quae
1465 4526 1569 4580 hac
1597 4525 1718 4597 ipse
1764 4526 1834 4580 de
1863 4542 1924 4581 re
2006 4536 2128 4591 quae
2162 4519 2374 4575 librum
2400 4526 2622 4576 sextum
2647 4526 2705 4577 et
2742 4523 3003 4594 quintum
3031 4541 3144 4580 uno
3172 4524 3313 4582 libro
3342 4543 3599 4600 compre-

326 4615 543 4669 notavit
562 4615 654 4670 Fr.
676 4615 961 4672 Joannnes
985 4614 1155 4670 Maria
1174 4613 1649 4682 Brasichellensis,
1664 4613 1807 4669 sacri
1830 4630 1925 4686 pa-

326 4703 452 4758 latii
479 4704 771 4775 apostolici
800 4703 1086 4775 magister,
1119 4703 1178 4757 in
1210 4703 1391 4758 indice
1421 4700 1693 4759 librorum
1721 4719 1923 4775 expur—

2004 4608 2252 4676 hendit);
2287 4609 2384 4680 qui
2412 4608 2554 4664 liber
2581 4609 2732 4666 idem
2756 4616 2848 4667 est
2871 4629 2998 4667 cum
3028 4612 3133 4668 hoc
3157 4619 3312 4670 sexto
3339 4613 3502 4673 libro.

2078 4698 2237 4763 Quod
2259 4699 2306 4753 si
2324 4699 2382 4753 id
2406 4699 2595 4755 minus
2622 4699 2885 4771 placeret,
2907 4701 3265 4759 existimabat
3283 4720 3410 4760 eam
3429 4705 3605 4763 histo-

324 4792 663 4862 gandorum,
695 4793 768 4847 ad
790 4799 1005 4848 tomum
1036 4792 1113 4848 IX
1143 4792 1500 4847 Bibliotheca:
1540 4792 1792 4859 Patrum,
1827 4791 1924 4846 ubi
2005 4787 2149 4843 riam
2166 4786 2336 4843 fuisse
2357 4788 2415 4843 in
2429 4788 2702 4844 Lausiaca
2718 4788 3228 4863 Historiatempore
3244 4792 3600 4865 Damasceni,

326 4880 520 4950 agitur
560 4882 632 4936 de
682 4881 1148 4936 anachoretarum
1177 4880 1684 4953 apOphthegmatis,
1718 4879 1814 4936 ubi
1847 4880 1930 4935 ita
2011 4881 2069 4930 et
2103 4881 2297 4948 postea
2339 4876 2408 4931 ab
2443 4877 2705 4933 haeretica
2749 4876 2938 4948 aliquo
2972 4879 3252 4937 malitiose
3300 4882 3601 4941 sublatam.

326 4974 744 5025 commentatur
765 4989 778 5024 :
800 4988 825 5023 α
841 4971 922 5025 De
946 4976 1175 5025 auctore
1198 4976 1256 5024 et
1282 4969 1587 5041 interprete
1607 4969 1777 5039 hujus
1801 4985 1930 5040 ope-
2010 4964 2170 5029 QllOd
2200 4982 2329 5020 cum
2350 4965 2553 5021 diXisse
2581 4965 2764 5032 Credo,
2785 4966 2933 5038 (100d
2951 4967 3082 5023 huic
3101 4968 3393 5028 hominum
3409 4974 3609 5045 generi

326 5058 412 5112 ris
438 5058 593 5114 varie
612 5058 944 5129 ambigitur;
968 5065 1256 5113 auctorem
1284 5056 1532 5128 quidam,
1562 5064 1620 5112 et
1657 5057 1808 5112 inter
1833 5073 1929 5112 eos
2017 5054 2210 5108 omnes
2220 5054 2338 5109 haec
2348 5055 2647 5126 spirituum
2660 5055 3039 5126 apparitiones
3055 5073 3225 5116 mersa
3240 5060 3605 5132 suntfabulaa,

325 5146 688 5217 Margarinus
714 5148 773 5201 in
799 5147 1188 5218 chronologico
1217 5151 1506 5201 auctorum
1538 5145 1709 5217 hujus
1733 5145 1938 5201 Biblio-
2017 5142 2225 5213 quique
2262 5159 2408 5213 aegre
2436 5143 2624 5198 ferunt
2649 5143 2736 5197 vel
2764 5144 3059 5202 minimam
3086 5148 3483 5220 sulfragiorum
3507 5151 3611 5224 pro

326 5235 509 5289 theca
523 5235 726 5302 indice,
749 5236 1074 5290 existimant
1092 5234 1262 5290 fuisse
1287 5234 1592 5304 Evagrium
1613 5234 1928 5301 Ponticum,
2014 5229 2309 5286 animabus
2338 5230 2728 5286 defunctorum
2758 5234 3090 5289 memoriam
3118 5242 3356 5293 exstare.

326 5325 494 5393 cujus
513 5330 733 5378 certum
763 5330 849 5379 est
876 5342 995 5379 esse
1024 5324 1230 5379 librum
1264 5323 1419 5377 Vitas
1442 5324 1692 5389 Patrum,
1722 5323 1811 5377 cui
1845 5323 1934 5378 hic
2088 5320 2358 5391 Equidem
2388 5337 2501 5374 non
2534 5319 2801 5376 abhorret
2834 5321 2906 5377 ab
2955 5323 3217 5380 haeretica
3253 5327 3443 5397 genio,
3480 5345 3611 5384 cum

327 5411 882 5482 apophthegmatum
898 5428 1119 5483 semper
1139 5411 1473 5466 annectitur.
1501 5411 1843 5475 Gennadius,
1874 5411 1933 5464 in
2016 5409 2352 5465 Philisthaeis
2377 5414 2574 5481 puteos
2606 5410 2780 5465 Israel
2808 5410 3101 5469 obstruere
3143 5415 3293 5482 (Gen.
3344 5421 3508 5486 xxvr),
3540 5435 3612 5472 ne

327 5501 611 5571 catalogo,
643 5500 762 5556 hac
803 5499 872 5554 de
904 5500 1136 5571 Evagrio
1172 5498 1340 5555 habet
1374 5517 1385 5552 :
1438 5516 1466 5551 «
1515 5498 1842 5571 Composuit
1870 5499 1941 5553 de
2023 5498 2248 5569 aliquod
2278 5497 2408 5553 inde
2438 5497 2766 5557 mortalibus
2790 5500 3017 5556 accedat
3050 5501 3424 5574 refrigerium.
3451 5507 3615 5560 Certe

327 5586 695 5643 anachoretis
738 5586 1069 5660 simpliciter
1113 5586 1425 5643 viventibus
1465 5584 1671 5642 librum
1714 5592 1942 5642 centum
2025 5603 2150 5641 cum
2183 5585 2464 5642 Palladius
2490 5586 2658 5643 tertio
2686 5586 2974 5660 prodierit,
3007 5594 3065 5645 et
3091 5604 3157 5645 ex
3184 5598 3470 5662 postrema
3497 5590 3619 5648 edi-

724 5684 991 5746 Parnon.
1021 5684 1300 5747 LXXIII.
3258 5689 3298 5747 2
