4046 6212
361 321 435 376 43

362 446 518 500 tione
532 449 765 508 constet,
779 443 962 514 primo
982 441 1356 502 decurtatum,
1369 440 1499 494 inde
1516 442 1768 496 nonnihil
1789 442 1960 496 inter-
1970 447 2022 504 Α

364 535 614 604 polatum
638 531 929 604 prodiisse.
954 529 1038 581 uti
1059 528 1279 598 plenius
1312 528 1685 583 declarabitur
1711 531 1962 600 prolego-

362 639 530 676 meno
563 621 647 685 14,
682 619 776 673 ubi
800 617 988 687 agitur
1014 617 1083 670 de
1109 617 1285 670 octavi
1315 616 1462 679 libri,
1493 617 1652 686 cujus
1676 617 1959 672 Palladius

363 717 562 764 auctor
593 715 695 772 est,
741 707 1068 776 interprete,
1099 704 1406 758 existimari
1435 711 1618 775 potest
1661 722 1763 759 nec
1791 706 1958 760 tertio

362 799 586 866 integer
607 793 791 866 [xxxv]
811 793 1104 865 prodiisse,
1130 793 1584 863 quandoquidem
1604 811 1670 847 ea
1687 795 1755 847 de
1779 794 1956 848 Maca-

361 888 444 940 rio
495 883 764 948 narratio,
797 899 965 952 quam
1004 882 1138 935 olim
1179 882 1556 935 Damascenus
1598 883 1657 936 in
1687 883 1957 937 Lausiaca

365 973 608 1026 Historia
641 972 872 1042 legerat,
914 987 984 1025 ne
1012 970 1069 1024 in
1101 970 1206 1024 hac
1247 969 1474 1040 quidem
1499 971 1669 1024 tertia
1711 971 1955 1026 editione

360 1061 524 1116 hodie
554 1061 887 1132 reperiatur.

427 1151 612 1221 Atque
640 1149 770 1203 huic
805 1149 1074 1220 opinioni,
1107 1166 1274 1222 quam
1311 1149 1504 1220 priori.
1545 1149 1744 1203 accedo
1775 1147 1954 1204 liben-

356 1240 488 1305 tius,
524 1256 634 1310 qua
662 1245 779 1292 tam
817 1239 942 1292 libri
979 1239 1157 1309 quinti
1197 1255 1364 1310 quam
1397 1238 1553 1302 sexti,
1584 1239 1679 1308 qui
1709 1255 1809 1308 pro
1839 1255 1950 1292 uno

355 1327 498 1382 libro
522 1329 792 1381 hactenus
821 1327 977 1380 fuere
997 1327 1326 1392 circumlati,
1347 1327 1493 1396 quod
1518 1327 1576 1380 in
1592 1343 1656 1380 eo
1677 1327 1951 1381 narratio-

353 1433 485 1472 nem
514 1434 639 1471 eam
667 1417 741 1470 sit
765 1417 1032 1486 reperire,
1059 1416 1344 1469 Palladius
1371 1421 1566 1469 auctor
1602 1415 1865 1469 creditur.

426 1506 641 1560 Accedo
673 1513 862 1560 autem
898 1505 1161 1557 libentius
1187 1523 1200 1556 :

425 1595 636 1659 Primo,
665 1595 797 1665 quia
838 1593 978 1646 liber
1006 1593 1099 1645 ille
1130 1592 1360 1662 quintus
1389 1598 1446 1646 et
1486 1598 1673 1646 sextus
1701 1609 1735 1645 a
1767 1593 1940 1659 nullo,

353 1683 500 1753 quod
522 1684 712 1746 sciam,
744 1681 1014 1736 Lausiaca
1041 1679 1290 1734 Historia
1305 1681 1526 1746 dicitur,
1551 1681 1611 1734 in
1624 1697 1737 1752 qua
1754 1686 1945 1735 tamen

351 1788 476 1824 eam
503 1788 562 1824 se
591 1771 792 1840 legisse
822 1771 1118 1840 profitetur
1144 1770 1542 1824 Damascenus.

422 1859 698 1924 Secundo,
733 1859 864 1928 quia
899 1858 954 1912 in
999 1858 1140 1911 libro
1189 1858 1404 1928 quinto,
1438 1857 1626 1911 libello
1659 1875 1711 1922 x,
1764 1874 1818 1910 n.
1855 1857 1941 1924 67,

347 1947 496 2000 inter
525 1947 742 2017 reliqua
759 1947 1042 2000 seniorum
1057 1946 1204 2000 dicta
1229 1945 1466 2000 habetur
1482 1946 1692 2000 dictum
1720 1962 1942 2016 quoque

346 2036 603 2090 Palladii.
636 2036 795 2090 Unde
825 2036 1084 2105 colligere
1107 2041 1193 2088 est
1221 2034 1422 2088 librum
1447 2035 1604 2088 illum
1634 2050 1744 2088 non
1763 2050 1797 2087 a
1821 2035 1941 2089 Pal-

344 2124 514 2192 ladio,
544 2124 642 2180 sed
671 2123 741 2178 ab
767 2125 876 2179 alio
909 2125 1096 2195 aliquo
1114 2123 1285 2177 fuisse
1311 2123 1723 2177 concinnatum.

772 2248 1374 2306 PROLEGOMENON
1412 2249 1509 2304 IX.

735 2375 865 2443 Quis
891 2377 1111 2444 septimi
1141 2377 1278 2429 libri
1305 2379 1500 2427 auctor
1525 2378 1548 2426 ?

411 2483 546 2540 Dico
580 2503 593 2538 :
627 2482 862 2554 Septimi
890 2481 1020 2535 libri
1053 2485 1248 2535 auctor
1275 2480 1542 2533 incertus.

409 2574 582 2628 Vocat
609 2589 740 2626 eum
767 2571 975 2625 librum
1006 2569 1328 2640 Sigebertus
1348 2568 1416 2623 de
1445 2568 1649 2622 illustr.
1677 2566 1933 2621 Ecclesia

340 2663 630 2733 Scriptor.,
665 2677 784 2730 cap.
817 2657 923 2715 118
951 2677 964 2712 :
990 2661 1052 2712 In
1067 2661 1455 2725 terrogationcs
1486 2663 1533 2710 ct
1562 2658 1934 2724 responsiones

338 2752 435 2808 SS.
468 2753 848 2818 {Egyptiorum
877 2751 1130 2812 Patrum,
1160 2763 1262 2801 nec
1281 2746 1524 2801 auctoris
1556 2744 1833 2799 meminit.
1865 2745 1935 2799 Et

337 2842 456 2911 ipse
485 2838 819 2894 Paschasius
847 2838 1146 2907 interpres,
1181 2835 1360 2906 capite
1387 2835 1474 2901 44,
1507 2835 1565 2888 in
1595 2835 1724 2900 fine,
1769 2833 1932 2888 abso-

337 2931 454 2984 lute
479 2927 807 3000 pronuntiat
838 2944 850 2978 :
888 2945 914 2978 α
943 2927 1073 2980 Hac
1100 2924 1439 2995 sapientium
1467 2930 1524 2978 et
1551 2922 1932 2994 spiritualium

336 3034 606 3090 responsa
633 3018 884 3081 Patrum,
919 3033 945 3069 ι)
976 3015 1132 3070 nulla
1162 3013 1405 3068 auctoris
1435 3012 1681 3067 notione.

791 3140 1279 3198 PROLEGOMEN
1283 3139 1382 3196 ON
1410 3140 1479 3194 X.

745 3269 876 3336 Quis
907 3269 1081 3322 octavi
1121 3267 1258 3321 libri
1292 3270 1487 3320 auctor
1515 3272 1537 3318 ἵ

405 3376 539 3433 Dico
573 3395 584 3430 :
620 3375 813 3431 Octavi
841 3373 969 3428 libri
998 3379 1195 3429 auctor
1211 3377 1296 3427 est
1315 3372 1599 3428 Palladius
1621 3369 1931 3440 Helen0po-

334 3468 449 3523 leos
470 3466 779 3538 episcopus,
808 3464 1124 3534 diciturque
1154 3464 1423 3517 Lausiaca
1452 3463 1724 3516 Historia.

405 3557 634 3611 Clarum
663 3555 765 3608 hoc
790 3553 927 3608 satis
963 3570 1029 3606 ex
1058 3553 1304 3606 Socrate.
1338 3549 1434 3602 lib.
1462 3566 1533 3614 Iv,
1564 3564 1686 3618 cap.
1715 3545 1802 3613 23,
1828 3563 1926 3601 cu-

329 3648 424 3716 jus
443 3643 610 3699 verba
634 3642 962 3714 exprimam.
985 3641 1111 3694 Alia
1127 3639 1380 3710 quadam
1399 3637 1520 3691 vide
1542 3636 1601 3690 in
1631 3635 1837 3707 Elogiis
1857 3636 1928 3690 ad

335 3749 464 3787 eum
502 3731 729 3786 librum.
770 3730 868 3784 Ait
893 3729 1067 3800 igitur
1097 3747 1109 3781 :
1147 3728 1212 3783 El
1251 3728 1307 3780 δέ
1343 3747 1415 3789 τις
1457 3727 1682 3796 βούλοιτο
1718 3723 1782 3779 τὰ
1819 3726 1929 3796 περὶ

335 3819 496 3874 αὐτῶν
537 3819 793 3891 μανθάνειν
829 3813 899 3871 ὧν
928 3837 980 3871 τε
1010 3815 1262 3885 ἐποίησαν,
1302 3809 1372 3868 ὧν
1401 3835 1452 3869 τε
1484 3814 1715 3886 ἔπραξαν,
1747 3815 1828 3867 καὶ
1857 3809 1927 3868 ὧν

335 3907 457 3981 πρὸς
497 3907 736 3980 ὠφέλειαν
770 3914 870 3961 τῶν
901 3901 1213 3960 άκουσάντῶν
1245 3903 1552 3976 ἐφθέγξαντο,
1586 3901 1722 3966 ὅπως
1749 3923 1802 3957 τε
1837 3901 1926 3956 αὖ·

334 4007 434 4060 τοῖς
464 3997 526 4050 τὰ
553 3999 698 4068 θηρία
733 3998 966 4064 ὗπήκουν,
999 3995 1268 4062 πεπόνηται
1298 3993 1580 4065 Παλλαδίῳ
1608 4000 1683 4065 τῷ
1715 3999 1927 4065 μοναχῷ

331 4087 458 4140 ἴδιον
488 4085 799 4158 μονόϐιϐλον,
833 4084 886 4147 ὃς
918 4082 1168 4156 Εὖαγρίου
1199 4085 1286 4154 μέν
1319 4103 1390 4145 τις
1417 4082 1654 4153 μαθητὴς,
1688 4082 1848 4136 πάντα
1876 4082 1930 4134 δὲ

334 4171 544 4246 ἀκριϐῶς
573 4175 683 4246 περὶ
717 4171 877 4226 αὐτῶν
906 4174 1149 4240 διεξῆλθεν
1185 4170 1232 4225 ἐν
1337 4173 1416 4224 καὶ
1443 4177 1682 4242 γυναικῶν
1721 4168 1930 4242 ἐφάμιλ-

333 4267 422 4318 λον
482 4274 584 4326 τοῐς
639 4265 1008 4334 προειρημένοις
1066 4257 1296 4332 ἀνδράσιν
1356 4258 1727 4330 ἐπανελομένων
1788 4261 1926 4329 βίον,

1272 316 1351 370 ΙΝ
1387 315 1596 371 VITAS
1635 316 1931 373 PATRUM
1967 318 2509 379 PROLEGOMENA
2543 322 2745 376 XXVI.

3591 329 3668 386 44

2478 445 2977 500 PROLEGOMEN
2981 445 3082 500 ON
3107 447 3206 502 XI.

2469 554 2600 618 Quis
2641 554 2782 605 noni
2812 553 2950 605 libri
2981 557 3179 606 auctor
3206 559 3231 606 ?

2110 657 2244 710 Dico
2277 675 2288 709 :
2314 656 2457 710 Noni
2477 657 2605 710 libri
2631 661 2830 711 auctor
2850 662 2936 711 est
2949 657 3341 714 Theodoretus
3372 661 3507 732 Cyri
3539 663 3661 734 epi-

2040 761 2258 816 sc0pus,
2291 755 2630 815 vocaturque
2661 744 2902 806 Φιλόοεος
2926 761 3024 800 seu
3057 745 3331 816 Θεοφιλής.

2005 869 2012 882 ι
2107 835 2368 888 Testatur
2392 833 2498 887 hoc
2527 833 2644 904 ipse
2669 833 2909 903 epistola
2935 832 3027 898 82,
3049 834 3120 887 ad
3142 835 3450 891 Eusebium
3471 840 3658 912 Ancy-

2037 923 2474 993 raepiscopum:
2504 942 2526 973 ι
2547 921 2847 993 Mysticum
2869 922 3040 976 etiam
3071 923 3648 996 scripsimuslibrum,

2038 1018 2094 1065 et
2121 1012 2190 1064 de
2220 1011 2573 1065 Providentia
2600 1011 2730 1076 alia,
2755 1015 2813 1064 et
2841 1011 2911 1064 ad
2940 1012 3424 1083 Interrogationes
3455 1033 3648 1088 mago-

2035 1118 2161 1156 rum
2183 1101 2308 1164 alia
2339 1107 2396 1153 et
2419 1101 2487 1154 de
2513 1099 2647 1154 Vitis
2678 1101 3031 1165 Sanctorum,
3064 1108 3123 1155 et
3152 1109 3358 1174 prater
3385 1105 3508 1160 hac
3533 1108 3647 1162 alia

2035 1190 2231 1243 multa.
2257 1211 2284 1240 υ
2309 1189 2482 1258 Cujus
2509 1189 2633 1242 libri
2653 1189 2880 1242 nomine
2902 1189 3182 1244 Philothei
3204 1192 3416 1262 passim
3438 1197 3645 1250 memi-

2032 1278 2115 1331 nit
2142 1278 2342 1348 ipsein
2376 1278 2517 1332 Hist.
2550 1278 2758 1332 Eccles.

2103 1367 2468 1438 Nicephorus,
2503 1366 2598 1420 lib.
2631 1381 2736 1431 xiv,
2771 1384 2894 1438 cap.
2930 1367 3018 1433 54,
3068 1367 3167 1422 ubi
3219 1370 3371 1425 inter
3410 1371 3523 1427 alia
3565 1376 3636 1429 de

2030 1455 2364 1509 Theodoreti
2393 1455 2616 1526 scriptis
2641 1456 2760 1524 agit
2789 1474 2799 1508 :
2830 1475 2854 1506 «
2885 1457 2953 1510 Et
2973 1473 3220 1523 rursum,
3244 1459 3448 1529 inquit,
3479 1463 3641 1516 Φιλο-

2028 1544 2264 1606 an;,hoc
2276 1545 2487 1610 est,Dei
2501 1544 2812 1598 amantium
2830 1545 3164 1611 Historia,in
3183 1563 3291 1618 qua
3315 1549 3641 1606 institutum

2027 1638 2149 1686 tum
2179 1649 2372 1688 eorum
2400 1633 2494 1706 qui
2512 1639 2674 1688 atate
2695 1650 2800 1688 sua
2823 1633 2996 1688 vitam
3025 1642 3219 1690 sancte
3246 1642 3641 1709 transegerent

1959 1753 2008 1814 B
2031 1723 2408 1794 persequitur.
2443 1741 2472 1776 υ

2446 1829 3044 1887 PROLEGOMENON
3080 1831 3208 1889 XII.

2435 1939 2564 2004 Quis
2591 1939 2792 1991 decimi
2821 1941 2958 1992 libri
2981 1945 3176 1994 auctor
3200 1946 3224 1994 ?

2096 2042 2236 2096 Dico
2269 2058 2282 2092 :
2313 2043 2526 2097 Decimi
2556 2043 2683 2097 libri
2723 2051 2920 2099 auctor
2939 2052 3026 2100 est
3060 2047 3306 2102 Joannes
3343 2049 3626 2117 Moschus,

2023 2136 2081 2186 et
2117 2131 2438 2186 inscribitur
2476 2133 2774 2201 Sophronii
2802 2135 3215 2204 Limonarium,
3246 2154 3348 2192 seu
3392 2141 3627 2194 Pratum

2021 2223 2332 2290 spirituale,
2365 2237 2466 2275 seu
2503 2222 2684 2276 Novus
2713 2225 3034 2277 Paradisus.

2096 2312 2144 2367 i.
2178 2311 2301 2380 Ipse
2342 2327 2546 2364 nomen
2599 2327 2765 2364 suum
2805 2312 3069 2384 exprimit
3095 2330 3216 2385 cap.
3257 2313 3329 2370 77
3362 2335 3375 2370 :
3414 2335 3440 2368 (ί
3473 2318 3622 2375 Dixit

2020 2395 2158 2450 mihi
2190 2397 2536 2467 Sophronius
2568 2417 2579 2451 :
2612 2399 2773 2466 Vere,
2817 2399 2962 2455 abba
2992 2402 3255 2470 Joannes,
3290 2404 3459 2460 hodie
3482 2402 3626 2461 nihil

2019 2485 2170 2540 ultra
2197 2487 2541 2542 studeamus.
2581 2507 2602 2538 »

2087 2574 2140 2629 2.
2184 2575 2437 2643 Photius,
2485 2577 2841 2632 Bibliotheca
2895 2595 3011 2634 sua
3047 2581 3183 2635 Cod.
3236 2580 3359 2650 199,
3402 2585 3624 2654 plenius

2015 2679 2218 2718 nomen
2239 2671 2297 2719 et
2315 2665 2594 2720 diversum
2616 2666 2741 2721 libri
2762 2667 2992 2722 titulum
3014 2670 3240 2725 exhibet
3262 2690 3274 2725 :
3304 2671 3623 2745 Ἀνεγνώσθη

2017 2754 2220 2822 βιϐλίον,
2243 2756 2474 2826 τέσσαρσι
2500 2757 2579 2808 καὶ
2609 2758 2902 2826 τριακοσίοις
2932 2760 3202 2829 διηγήμασι
3227 2763 3618 2832 περιειλημένον.

2017 2839 2160 2911 Πρός
2199 2841 2286 2910 τὴν
2319 2837 2578 2911 άσκητικὴν
2612 2844 2665 2897 δὲ
2704 2846 2784 2897 καὶ
2821 2852 2966 2899 τοῦτο
3003 2847 3066 2900 τὰ
3107 2847 3323 2918 μάλιστα
3362 2852 3621 2904 συντελοΰν

2017 2927 2116 2982 ἐστι
2146 2932 2414 2996 πολιτείαν,
2446 2933 2508 2985 τὰ
2538 2931 2660 2986 αὐτά
2688 2954 2794 2996 πως
2832 2936 3299 3007 πραγματεύομενον
3327 2945 3401 3009 τῷ
3447 2959 3620 3009 προει-

2015 3021 2234 3091 ρημένῳ,
2265 3020 2393 3088 πλὴν
2423 3017 2496 3074 ὅτι
2523 3027 2623 3074 τῶν
2650 3025 3070 3094 μεταγενεστέρων
3096 3018 3290 3094 ἀνδρῶν
3317 3026 3437 3096 ἔργα
3459 3046 3510 3079 τε
3534 3030 3616 3082 καὶ

1956 3107 2213 3178 Οπράξεις
2266 3103 2624 3176 άξιοζηλώτους
2673 3105 2940 3182 ἀναγράφει
2974 3132 2986 3143 ·
3019 3112 3100 3164 καὶ
3147 3111 3242 3182 γὰρ
3291 3108 3466 3166 ἐκεῖθεν
3513 3119 3614 3168 τῶν

2018 3199 2166 3267 μέχρι
2203 3202 2288 3264 τῆς
2329 3197 2627 3268 (Ηράκλειου
2667 3193 2826 3270 ἀρχῆς
2858 3199 2939 3252 καὶ
2977 3196 3208 3252 ἐπιπλέον
3243 3201 3610 3272 διατρεψάντων

2017 3279 2236 3354 ἀρεταῖς,
2293 3282 2553 3358 ἐπέρχεται
2602 3285 2713 3349 τοὺς
2765 3289 2913 3356 βίους.
2969 3287 3214 3360 Λειμῶνα
3259 3289 3313 3342 δὲ
3358 3291 3610 3344 καλεῖσθαι

2014 3374 2214 3426 δίδωσιν
2245 3373 2272 3426 ὁ
2299 3374 2652 3445 συνταξάμενος
2687 3374 2844 3446 ὄνομα
2880 3375 2938 3428 τό
2975 3378 3159 3446 βιϐλίον
3196 3399 3207 3410 ο
3240 3377 3364 3439 τινὲς
3399 3378 3452 3430 δὲ
3492 3376 3609 3432 αὐτὸ

2011 3462 2090 3513 καὶ
2120 3462 2255 3516 Νέον
2281 3456 2574 3534 ὀνομάζουσι
2604 3463 2938 3535 Παραδείσιον
2967 3466 3355 3538 (manuscripti
3377 3467 3606 3537 quidam

2011 3549 2335 3621 Παραδείσιν,
2369 3551 2464 3623 qui
2492 3552 2562 3606 ad
2592 3553 2904 3623 marginem
2931 3555 3300 3626 manuscripti
3326 3541 3606 3626 Margunii

2009 3644 2240 3695 vocatur
2253 3640 2546 3712 Πατερικόν)
2574 3641 2638 3697 Ὁ
2659 3641 2711 3695 δὲ
2733 3644 3062 3715 συντεταχὼς,
3079 3642 3316 3711 Ἰωάννης
3339 3642 3424 3715 μέν
3447 3643 3606 3715 ὄνομα

2012 3725 2164 3801 mith
2180 3727 2228 3793 ἐξ
2249 3727 2546 3798 ἐπικλήσεως
2565 3729 2620 3783 δὲ
2641 3728 2833 3802 ἐλέγετο
2856 3731 2882 3784 ὁ
2901 3737 2990 3785 τοῦ
3010 3732 3306 3804 Μοσχοῢβς
3328 3727 3602 3795 ἀπετάξατο

2012 3813 2098 3888 μὲν
2142 3814 2189 3870 ἐν
2231 3823 2291 3890 τῇ
2331 3824 2419 3872 τοῦ
2461 3818 2600 3889 ἁγίου
2643 3819 2917 3875 Θεοδοσίου
2961 3826 3105 3892 μονῇ,
3152 3810 3256 3874 εἶτα
3299 3821 3603 3891 συνδιέτρεψε

2014 3907 2252 3977 [XXXVII]
2283 3917 2384 3970 τοῖς
2409 3926 2460 3960 τε
2487 3907 2612 3960 κατὰ
2636 3906 2720 3961 τὸν
2765 3907 3018 3979 Ἰορδάνην
3052 3905 3144 3962 ἀνὰ
3173 3910 3260 3978 τὴν
3297 3911 3479 3980 ἔρημον
3514 3905 3606 3962 ἆσ-

2011 3997 2281 4066 κουμένοις,
2311 3997 2392 4049 καὶ
2419 4006 2520 4058 τοῖς
2551 3994 2599 4050 ἐν
2628 4002 2688 4069 τῇ
2718 3999 2803 4067 νέᾳ
2829 3997 3012 4069 Λαύρᾳ
3047 4004 3135 4052 τοῦ
3172 3998 3388 4069 μεγάλου
3429 3997 3605 4052 Σάϐϐα

2013 4085 2306 4138 διαθλοΰσιν.
2347 4084 2600 4141 Ἐντεῦθεν
2637 4086 2691 4139 δὲ
2727 4085 2790 4139 τά
2817 4106 2870 4139 τε
2897 4093 2983 4154 τῆς
3020 4085 3330 4160 Ἀντιοχείας
3367 4087 3600 4157 κλίματα,

2013 4174 2091 4226 καὶ
2137 4174 2226 4240 τὴν
2267 4173 2616 4246 Ἀλεξάνδρου,
2668 4176 2747 4228 καὶ
2794 4175 2881 4243 τὴν
2924 4175 3034 4246 περὶ
3084 4173 3230 4243 αὐτὴν
3276 4177 3481 4246 ἔρημον,
3526 4175 3605 4227 καὶ

2014 4264 2194 4335 μέχρισ
2224 4261 2448 4325 Ὀάσεως
2471 4261 2706 4328 ἐπελθὼν,
2733 4265 2813 4316 καὶ
2838 4266 3040 4317 πολλῶν
3058 4265 3138 4317 καὶ
3160 4264 3390 4336 μεγάλων
3413 4258 3603 4334 ἀνδρῶν

335 4358 531 4427 μνήμην
559 4356 820 4422 πεποίηται
854 4370 866 4405 :
894 4371 919 4405 (ι
953 4353 1307 4422 Quapropter
1333 4349 1381 4404 si
1409 4349 1534 4420 quis
1563 4348 1748 4403 studio
1778 4347 1932 4403 duci-

2022 4345 2253 4421 ιὶριστείας
2301 4356 2644 4424 συναγηοχὼς,
2698 4359 2842 4407 τοῦτο
2895 4353 2981 4423 μὲν
3031 4352 3158 4423 ὄψει,
3216 4357 3361 4406 τοῦτο
3416 4351 3471 4404 δὲ
3525 4351 3604 4403 καὶ

334 4452 428 4500 tur
457 4451 717 4501 accurate
757 4440 1125 4513 cognoscendi
1170 4456 1310 4511 quas
1351 4456 1440 4493 res
1487 4437 1784 4509 gesserint,
1819 4455 1929 4509 quo

2022 4441 2245 4512 νεαζούσῃ
2291 4435 2412 4513 ἀκοῇ
2457 4461 2468 4473 ·
2510 4440 2592 4492 διὰ
2636 4441 2724 4508 τὴν
2780 4439 2930 4530 αὐτὴν
2981 4441 3035 4494 δὲ
3091 4439 3245 4494 αἰτίαν
3299 4442 3380 4492 καὶ
3441 4442 3603 4507 νήσοις

332 4539 496 4605 pacto
520 4553 579 4589 se
609 4536 669 4588 in
689 4534 802 4588 vita
823 4529 1190 4593 exercuerint,
1212 4545 1333 4600 qua
1355 4527 1425 4582 ad
1453 4527 1804 4582 audientium
1823 4527 1931 4581 uti-

333 4623 551 4676 litatem
579 4622 751 4677 locuti
780 4621 1006 4686 fuerint,
1040 4618 1318 4691 quomodo
1352 4616 1540 4671 bestia
1567 4616 1678 4670 illis
1710 4615 1928 4671 obtem-

332 4710 602 4781 perarint,
631 4711 782 4779 legat
806 4709 1012 4764 librum
1032 4724 1066 4762 a
1091 4705 1334 4761 Palladio
1359 4705 1654 4770 monacho,
1674 4704 1770 4776 qui
1795 4705 1930 4760 Eva-

329 4797 439 4870 grii
472 4797 580 4852 fuit
605 4797 928 4869 discipulus,
950 4796 1252 4870 separatim
1285 4793 1355 4850 de
1381 4793 1490 4848 illis
1519 4793 1748 4848 editum.
1782 4794 1929 4849 Nam

333 4887 524 4942 omnia
548 4904 671 4959 qua
701 4886 770 4940 ad
800 4903 894 4941 eos
923 4891 1199 4958 spectant,
1221 4885 1281 4940 in
1305 4901 1371 4940 eo
1400 4890 1533 4938 sunt
1554 4888 1813 4938 accurate
1839 4899 1929 4938 ex-

331 4977 556 5048 plicata.
590 4977 655 5033 In
698 4993 808 5048 quo
849 4975 1044 5047 [XXXVI]
1074 4976 1245 5031 etiam
1293 4974 1362 5030 de
1411 4972 1758 5038 mulieribus,
1803 4989 1926 5045 quae

329 5082 527 5137 parem
554 5065 772 5121 vivendi
792 5064 1070 5120 rationem
1086 5081 1214 5120 cum
1241 5064 1374 5120 viris
1400 5079 1572 5136 supra
1585 5062 1749 5118 dictis
1763 5079 1925 5118 exco-

330 5153 537 5222 lebant,
587 5169 773 5208 sermo
819 5157 1109 5224 susceptus
1148 5158 1251 5207 est.
1289 5173 1313 5204 ι
1347 5154 1426 5208 Ex
1463 5169 1572 5223 quo
1618 5151 1926 5223 Tripartita

331 5242 580 5298 Historia
633 5243 731 5297 lib.
795 5260 902 5307 vm,
953 5257 1074 5312 cap.
1127 5241 1178 5307 1,
1213 5247 1270 5296 et
1321 5242 1670 5314 Nicephorus
1716 5240 1814 5296 lib.
1847 5256 1920 5309 xx,

328 5349 449 5404 cap.
483 5331 573 5389 44.

400 5421 542 5476 Cum
572 5427 762 5476 autem
807 5426 923 5476 tres
965 5420 1079 5476 sint
1122 5419 1354 5474 diversa
1384 5419 1620 5475 Palladii
1650 5419 1923 5475 editiones

323 5510 558 5566 diversis
584 5510 1005 5583 intrepretibus,
1040 5527 1162 5582 qua
1188 5525 1385 5565 earum
1422 5507 1677 5566 videatur
1702 5525 1921 5580 germa-

322 5599 466 5668 nior,
501 5600 626 5656 vide
655 5601 1053 5672 prolegomeno
1087 5600 1174 5668 14,
1206 5597 1304 5656 ubi
1329 5599 1396 5655 de
1423 5598 1844 5670 interpretibus.

2013 4528 2412 4599 ἱστορησάμενος,
2445 4526 2492 4583 ἐν
2529 4536 2604 4601 τῷ
2635 4528 2758 4601 πρὸς
2785 4531 2872 4598 τὴν
2903 4525 3092 4601 Ρώμην
3122 4530 3338 4600 διάπλῳ,
3373 4525 3525 4581 ἐκεῖσέ
3552 4547 3604 4580 τε

2009 4616 2072 4670 τὰ
2117 4618 2439 4688 παραπλήσια
2489 4618 2936 4690 διερευνησάμενος,
2987 4620 3066 4672 καὶ
3115 4619 3304 4690 μαθὼν,
3344 4615 3402 4671 τό
3445 4613 3602 4688 παρὸν

2011 4707 2262 4777 σύνταγμα
2281 4706 2474 4778 γράφει,
2499 4708 2578 4760 καὶ
2603 4717 2884 4780 προσφωνεῖ
2910 4709 3188 4780 Σωφρονίῳ
3209 4708 3237 4775 ἢ
3261 4707 3512 4777 Σωφρονᾷ
3530 4711 3603 4776 τῷ

2011 4792 2172 4866 οἰκείῳ
2217 4799 2429 4868 μαθητῇ,
2466 4797 2546 4850 καὶ
2590 4795 2845 4870 ἐγχειρίζει
2889 4795 3021 4870 αὐτῷ
3050 4803 3215 4860 τοῦτο,
3253 4795 3340 4863 τὴν
3369 4801 3456 4848 τοῦ
3497 4795 3602 4864 βίου

2012 4886 2285 4956 μέλλουσαν
2331 4883 2610 4956 ἐφίστασθαι
2657 4884 2780 4958 πρὸς
2825 4887 2887 4940 τὰ
2935 4882 3167 4959 ἀμείνονα
3219 4884 3602 4956 προτεθεαμένος

2012 4975 2304 5044 μεταϐολήν.
2339 4973 2486 5042 Πλὴν
2527 4971 2576 5037 ἐξ
2607 4974 2836 5029 ἁπάντων
2863 4973 2920 5029 τὸ
2950 4978 3196 5048 χρήσιμον
3227 4974 3254 5026 ὁ
3293 4970 3488 5034 συνετός
3520 4970 3600 5024 καὶ

2007 5063 2231 5134 Θεοφιλὴς
2282 5057 2404 5134 ἀνὴρ
2455 5063 2754 5135 δρεπόμενος
2805 5062 2890 5118 οὐκ
2942 5062 3000 5116 ἂν
3049 5070 3149 5117 τῶν
3201 5061 3598 5132 συντεταγμένων

2005 5150 2150 5223 κόρον
2178 5154 2440 5223 καταγνοίη
2477 5170 2489 5205 :
2525 5170 2552 5205 α
2583 5153 2784 5209 Lectus
2822 5159 2908 5208 est
2945 5151 3086 5207 liber
3126 5158 3371 5224 quatuor
3397 5156 3456 5204 et
3480 5153 3598 5202 tre-

2007 5241 2182 5296 centis
2202 5245 2461 5297 constans
2475 5242 2906 5298 narrationibus.
2917 5243 3020 5297 Hic
3035 5257 3256 5314 quoque
3276 5237 3598 5295 monastica

2004 5329 2360 5400 potissimum
2397 5331 2523 5386 vita
2569 5331 2846 5398 conducit,
2895 5331 3263 5403 eamdemque
3309 5329 3426 5385 fere
3467 5343 3595 5382 cum
3617 5375 3632 5384 .

2003 5418 2290 5491 superiore
2321 5421 2676 5489 (Sanctorum
2703 5421 2949 5477 virorum
2968 5420 3131 5489 libro,
3155 5426 3221 5476 ut
3249 5418 3483 5475 Photius
3504 5415 3595 5470 in-

2001 5507 2219 5578 digitat,
2241 5526 2406 5580 quem
2427 5511 2518 5565 hic
2535 5527 2706 5583 supra
2725 5510 2922 5582 quinto
2943 5515 3002 5566 et
3020 5516 3174 5568 sexto
3187 5508 3330 5566 libro
3352 5505 3594 5564 divisum

2002 5595 2194 5667 habes)
2220 5602 2546 5669 pertractat,
2573 5598 2683 5656 nisi
2714 5599 2864 5672 quod
2911 5615 3105 5659 eorum
3155 5601 3406 5656 virorum
3444 5597 3595 5652 dicta
