3990 6194
278 342 333 409 45
1478 349 1854 406 PROLEGOM

1906 352 1971 407 ΞΝ
1973 352 2073 408 ΟΝ
2108 349 2232 407 XII.
3412 356 3482 413 46

276 477 487 548 factaque
504 471 808 529 inuitatione
827 472 998 543 digna
1033 472 1264 546 colligit,
1295 476 1392 547 qui
1420 482 1549 547 post
1573 476 1807 530 insecuti
1823 480 1870 536 A
1891 493 2118 547 prorsus
2137 476 2380 531 Joannes
2396 475 2734 530 anachoreta
2756 476 2879 532 fuit.
2913 478 2976 533 Id
3004 477 3106 534 tibi
3127 496 3194 534 ex
3214 480 3397 553 capite
3413 482 3481 538 77

275 573 395 621 sunt.
409 567 552 620 Vitas
567 563 773 618 etenim
791 568 987 618 narrat
1004 579 1200 618 eorum
1218 565 1451 635 quijam
1479 566 1609 619 inde
1634 581 1811 636 usque
1892 565 2188 619 voluminis
2227 564 2404 636 ipsius
2436 564 2647 636 liquido
2686 572 2942 622 constare
2981 570 3206 638 poterit.
3252 570 3486 627 Photius

276 656 329 710 ad
345 652 558 710 Heraclii
581 651 889 723 imperium.
901 657 959 706 et
985 652 1247 725 deinceps
1262 653 1469 709 virtute
1495 671 1549 708 m
1559 654 1679 724 agis
1706 653 1814 707 cla-
1895 669 2116 724 quoque
2128 653 2277 707 hunc
2287 653 2469 725 ipsum
2481 658 2767 708 auctorem
2779 653 2906 709 libri
2917 657 3189 712 Joannem
3200 659 3493 715 Moschum

273 747 486 799 ruerunt.
497 743 721 797 Pratum
742 746 935 795 autem
956 740 1183 797 titulum
1204 741 1346 796 libro
1364 742 1571 797 indidit
1596 746 1809 808 auctor,
1895 743 2138 811 (natione
2157 743 2411 809 fortasse)
2434 742 2605 797 fuisse
2632 744 2850 811 asserit,
2880 747 3041 816 cujus
3069 763 3380 819 cognomen
3405 749 3492 804 in-

275 848 409 904 quem
428 836 479 885 et
499 830 822 885 Paradisum
851 845 1058 884 nouum
1080 830 1309 901 quidam
1338 831 1640 902 appellant.
1670 830 1818 885 Scri-
1895 836 2110 901 terpres
2139 832 2372 886 Latinus
2402 832 2590 886 forsan
2608 832 2902 887 'Eviratum
2931 835 3190 893 reddidit.
3227 856 3254 889 »

272 927 376 993 ptor
389 921 498 990 ejus
513 919 754 973 Joannes
769 916 997 988 quidam
1020 918 1229 973 Moschi
1242 924 1631 991 cognomento,
1647 918 1813 991 quiin
1964 920 2172 974 Verum
2216 921 2528 990 Saphronio
2556 921 2643 974 his
2678 921 2747 975 de
2776 922 2958 976 causis
2983 924 3311 980 attribuitur
3339 944 3352 980 :
3404 927 3493 982 vel

270 1008 391 1063 beati
405 1006 686 1063 Theodosii
704 1006 952 1078 primum
980 1008 1322 1063 monasterio
1342 1010 1607 1063 saeculum
1629 1007 1812 1062 valere
1895 1008 2029 1078 quia
2054 1009 2125 1062 ad
2154 1008 2339 1079 ipsum
2369 1025 2471 1080 per
2495 1009 2889 1066 charisslmum
2905 1013 3116 1067 socium
3146 1013 3490 1083 inscribitur,

264 1096 450 1169 jubens,
480 1112 600 1151 cum
636 1096 706 1150 iis
733 1093 939 1150 deinde
975 1094 1266 1150 monachis
1310 1095 1569 1162 convixit,
1615 1095 1712 1166 qui
1753 1097 1813 1148 in
1899 1097 2371 1166 quemadmodum
2416 1103 2473 1151 et
2517 1098 2819 1153 Rhetorica
2846 1099 3133 1156 Ciceronis
3176 1103 3247 1156 ad
3276 1104 3495 1159 Heren-

269 1187 451 1241 deserto
473 1185 540 1239 ad
565 1185 871 1239 Iordanem
911 1184 1327 1250 exercebantur,
1357 1185 1566 1255 quique
1595 1199 1739 1238 nova
1757 1183 1817 1237 in
1898 1185 2075 1249 nium,
2094 1191 2151 1239 et
2164 1186 2415 1255 ejusdem
2430 1186 2501 1240 ad
2518 1187 2764 1241 Atticum
2779 1189 3045 1259 epistolae,
3061 1190 3133 1244 ad
3147 1190 3496 1248 Herennium

268 1273 612 1344 Lauramagni
634 1272 796 1329 Sabe
807 1272 1280 1328 certabantUnde
1296 1290 1520 1327 rursum
1541 1273 1611 1326 ad
1627 1272 1821 1326 Antio-
1901 1279 1958 1328 et
1986 1274 2056 1328 ad
2077 1274 2322 1328 Atticum
2350 1274 2475 1328 libri
2506 1275 2893 1346 appellantur;
2922 1277 3002 1332 sic
3032 1278 3333 1350 Sophronii
3354 1279 3499 1336 liber

267 1364 377 1417 chize
406 1362 651 1433 regiones
693 1366 754 1416 et
800 1361 1103 1417 Alexandri
1144 1361 1362 1427 urbem,
1392 1362 1818 1433 proximamque
1904 1363 1991 1416 hic
2020 1362 2256 1429 dicatur,
2282 1363 2414 1434 quia
2436 1363 2507 1417 ad
2530 1364 2905 1435 Sophronium
2925 1365 3207 1437 dirigitur.
3227 1370 3412 1440 Atque
3431 1385 3501 1424 ex

269 1468 498 1517 eremum,
518 1451 588 1505 ad
608 1449 801 1506 Oasim
820 1466 1000 1522 usque
1011 1450 1572 1518 delatus,multorum
1594 1465 1822 1519 magno-
1903 1467 1968 1505 eo
1996 1451 2257 1517 maxime,
2293 1451 2441 1522 quod
2470 1452 2541 1505 ad
2568 1468 2734 1507 usum
2761 1452 2912 1509 illius
2934 1454 2994 1509 in
3018 1455 3217 1526 primis
3251 1458 3502 1511 conscri-

268 1556 465 1612 rumque
505 1540 755 1595 virorum
791 1555 883 1595 res
934 1540 1201 1611 praeclare
1245 1545 1433 1610 gestas
1476 1537 1817 1610 aggregavit,
1903 1544 2034 1610 ptus
2051 1545 2154 1593 est.
2177 1539 2432 1610 Namque
2456 1544 2653 1595 auctor
2680 1540 2879 1611 ipsein
2910 1543 3146 1613 epistola
3166 1561 3338 1616 quam
3356 1546 3501 1600 libro

268 1646 380 1701 quas
395 1628 587 1700 partim
607 1628 786 1683 oculis
800 1628 921 1699 ipse
932 1629 1218 1699 spectavit,
1234 1628 1443 1700 partim
1455 1627 1665 1682 recenti
1691 1631 1824 1681 tunc
1904 1626 2213 1698 praemittit,
2237 1626 2447 1681 fatetur
2472 1645 2532 1681 se
2562 1644 2627 1706 ως
2654 1628 2759 1682 hoc
2783 1634 2944 1700 prato
2964 1647 3228 1687 coronam
3258 1634 3504 1706 Sophro-

268 1717 510 1773 auditione
528 1716 748 1772 didicit.
772 1716 980 1771 Eadem
1004 1733 1170 1788 porro
1198 1717 1269 1771 de
1297 1733 1466 1771 causa
1493 1732 1621 1770 cum
1651 1714 1823 1770 etiam
1905 1715 1998 1769 nio
2017 1715 2384 1782 contexuisse,
2409 1732 2473 1769 ac
2498 1732 2598 1786 per
2610 1701 2746 1771 eum
2774 1717 2899 1774 aliis
2920 1719 3182 1791 deinceps
3207 1701 3500 1780 obtulisse.

268 1806 443 1860 insulas
478 1805 716 1859 Romam
757 1820 951 1859 versus
995 1804 1269 1875 navigans
1303 1805 1619 1868 lustrasset,
1671 1803 1823 1856 hisce
1842 1827 1888 1887 B
1977 1806 2087 1858 Seu
2108 1802 2307 1875 quiain
2340 1804 2444 1858 hoc
2461 1804 2602 1859 libro
2624 1805 2774 1859 dicta
2797 1812 2855 1860 et
2880 1813 3043 1877 gesta
3064 1808 3240 1880 ipsius
3261 1811 3505 1883 Sophro-

266 1893 497 1948 similibus
515 1893 593 1948 ibi
615 1909 840 1965 quoque
863 1892 1193 1964 conquisitis
1213 1898 1272 1947 et
1287 1892 1545 1963 cognitis,
1559 1892 1664 1945 hoc
1683 1907 1823 1962 opus
1903 1892 1982 1947 nii
2001 1909 2101 1964 pro
2122 1892 2322 1963 majori
2340 1897 2500 1964 parte
2521 1893 2896 1948 continentur.
2920 1897 3066 1950 Nam
3087 1896 3134 1951 is
3153 1898 3327 1953 totius
3342 1899 3507 1956 itine-

268 1982 566 2055 conscripsit,
601 1982 757 2054 quod
790 1982 1013 2036 dedicat
1040 1981 1354 2053 Sophronia
1383 1997 1483 2035 seu
1520 1980 1824 2051 Saphrouaa
1904 1982 1983 2035 ris
2017 1980 2147 2035 libri
2177 1981 2347 2051 hujus
2393 1981 2639 2035 auctoris
2666 1981 2775 2036 fuit
2813 1982 3133 2041 individuus
3182 2003 3409 2057 comes;
3449 1991 3507 2043 et

269 2071 495 2143 discipulo
520 2087 649 2137 suo,
673 2070 971 2141 eidemque
1000 2070 1104 2125 hoc
1128 2070 1314 2141 ipsum
1339 2070 1519 2135 oll‘ert,
1554 2085 1681 2123 cum
1703 2069 1825 2139 jam
1907 2085 2254 2141 quacunque
2273 2068 2546 2123 ambobus
2574 2069 2991 2126 ambulantibus
3010 2081 3394 2145 occurrerunt,
3420 2077 3509 2132 vel

270 2160 422 2214 animo
458 2159 789 2230 praeciperet
825 2157 1039 2213 instare
1068 2158 1193 2213 vitae
1235 2159 1404 2229 hujus
1447 2158 1506 2211 in
1535 2158 1824 2212 meliorem
1906 2158 2285 2230 quaerentibus
2312 2158 2639 2229 responderi
2666 2159 2918 2230 contigit,
2953 2161 3382 2232 diligentissime
3408 2164 3513 2220 de-

270 2249 746 2303 wmmutationem.
763 2248 1041 2302 Caeterum
1062 2263 1129 2301 ex
1139 2247 1227 2300 his
1243 2246 1501 2301 omnibus
1512 2245 1825 2300 industrius
1907 2248 2118 2318 scripta
2130 2246 2473 2310 sunt.Quare
2485 2245 2656 2300 etiam
2671 2247 2788 2301 haec
2806 2247 2974 2303 verba
2988 2250 3294 2321 saepissime
3305 2253 3510 2309 iterata

268 2338 465 2408 quisque
488 2343 542 2391 et
570 2337 681 2392 Dei
709 2353 927 2413 amans,
961 2336 1206 2390 fructum
1240 2335 1484 2405 capiens,
1533 2350 1824 2405 nunquam
1906 2334 2118 2390 videbis
2149 2351 2162 2386 :
2209 2336 2460 2387 Venimus
2489 2349 2581 2401 ego
2621 2339 2671 2387 et
2696 2336 2958 2389 dominus
2986 2353 3137 2391 meus
3164 2337 3511 2408 Sophronias

266 2424 406 2496 hujus
432 2425 617 2497 scripti
644 2425 882 2479 nimiam
909 2424 1288 2495 prolixitatem
1318 2423 1613 2478 accusarit.
1641 2442 1666 2475 ι
1691 2424 1825 2486 Quae
1906 2425 2143 2493 sophista
2160 2424 2233 2477 ad
2254 2423 2503 2476 abbatem
2528 2421 2720 2488 talem,
2745 2428 2851 2478 etc.
2871 2424 3073 2479 Etideo
3094 2442 3319 2499 semper
3335 2428 3507 2484 etiam

267 2513 462 2568 Photius
510 2512 848 2584 compendio
895 2512 1169 2583 excerpsit
1216 2527 1282 2566 ex
1327 2511 1508 2582 elogio
1556 2509 1822 2575 auctoris,
1906 2510 2110 2582 plurali
2125 2511 2402 2565 locutione
2430 2510 2629 2573 utitur,
2648 2510 2869 2567 dicens:
2895 2514 3510 2583 Perrewimus,accessi-

266 2602 497 2656 nunchac
524 2601 779 2656 secunda
811 2600 1125 2656 Moretiana
1143 2600 1407 2665 editione,
1438 2600 1560 2669 ejus
1585 2598 1731 2653 libro
1759 2614 1825 2651 ex
1910 2615 2050 2665 mus,
2085 2602 2345 2665 vidimus,
2372 2602 2631 2652 narravit
2662 2602 2815 2654 nobis
2834 2617 2996 2656 senem
3014 2608 3342 2660 monasterii
3368 2607 3507 2662 dum.

265 2688 373 2743 Mss.
409 2689 608 2743 Graecis
650 2688 902 2759 praeﬁxo.
1909 2688 2017 2741 Per
2045 2704 2167 2758 quae
2191 2686 2382 2740 omnia
2397 2686 2640 2757 conspici
2658 2687 2842 2755 datur,
2868 2690 3199 2761 scriptorem
3219 2707 3511 2765 nunquam

320 2776 366 2831 3.
391 2778 642 2832 Secunda
678 2777 907 2831 Nicaena
940 2776 1208 2847 synodus,
1246 2792 1370 2846 quae
1399 2792 1469 2829 vn
1508 2780 1595 2829 est
1632 2774 1827 2828 ordine
1909 2776 2091 2830 solum
2118 2774 2290 2829 fuisse
2319 2773 2377 2828 in
2406 2774 2493 2828 his
2533 2792 2656 2846 quae
2682 2782 2877 2831 narrat
2904 2778 3311 2849 perquirendis.
3349 2781 3505 2837 Sicut

268 2865 387 2919 inter
414 2866 729 2937 generales,
772 2865 994 2921 actione
1022 2864 1053 2918 4
1089 2864 1171 2918 ita
1197 2863 1368 2917 habet
1397 2882 1409 2915 :
1442 2863 1549 2917 Τοῦ
1585 2860 1633 2915 ἐν
1674 2862 1828 2933 ἁγίοις
1909 2875 2043 2929 ergo
2066 2859 2313 2913 Platonis
2340 2860 2620 2925 Phaedrus,
2662 2862 2913 2928 Timavus,
2937 2862 3183 2931 Gorgias,
3203 2870 3255 2919 et
3282 2868 3509 2921 Parme-

269 2950 416 3023 πατρὸς
448 2956 585 3025 ἡμῶν
632 2954 930 3024 Σωφρονίω
961 2950 1011 3006 ἐκ
1037 2958 1126 3006 τοῦ
1151 2952 1520 3023 Λειμωναρίου.
1556 2950 1770 3021 ’Έλεγεν
1801 2948 1828 3001 ὁ

1937 2951 2068 3013 lites,
2088 2952 2145 3001 et
2171 2947 2340 3001 Tullii
2369 2947 2513 3001 liber
2535 2947 2605 3001 de
2635 2949 2933 3004 Senectute
2960 2950 3088 3004 Cato
3109 2952 3292 3020 Major
3317 2953 3513 3009 inscri-

270 3036 388 3103 ἀδεεῖς
412 3041 689 3113 Θεόδωροσ
720 3040 749 3092 ὁ
776 3037 1052 3108 Αἰλιώτης,
1085 3037 1159 3093 ὅτι
1187 3032 1246 3107 ἧν
1275 3059 1346 3101 τις
1377 3040 1649 3110 ἕγκλειστος
1680 3036 1743 3099 εἰς
1770 3033 1828 3090 τὸ

1908 3035 2119 3090 buntur
2147 3052 2181 3088 a
2211 3036 2485 3106 personis.
2520 3035 2722 3106 [χχχιχ]
2763 3053 2886 3107 quin
2931 3037 3009 3092 ibi
3046 3040 3484 3111 colloquentesst

270 3127 358 3197 ὅρος
379 3138 467 3182 τῶν
500 3130 754 3194 Ἐλαιῶν,
784 3123 1058 3199 ἀγωνιστὴς
1087 3128 1232 3191 πάνυ,
1260 3133 1364 3182 etc.
1393 3147 1415 3179 ι
1440 3127 1704 3197 Ejusdem
1730 3127 1831 3180 Pa-

1929 3124 2260 3195 lisputantes
2288 3124 2663 3191 inducuntur;
2707 3125 2842 3195 quid
2896 3125 3141 3181 obstabit
3177 3128 3307 3183 huic
3342 3129 3505 3199 libro,

267 3216 347 3271 tris
370 3218 533 3273 nostri
560 3216 872 3288 Sophronii
905 3232 971 3271 ex
998 3216 1143 3270 libro
1168 3217 1356 3270 Prato.
1387 3214 1620 3270 Dicebat
1656 3214 1827 3269 abbas
1910 3211 2045 3283 quin
2067 3210 2365 3283 Saphronii
2380 3211 2613 3275 dicatur,
2636 3212 2839 3266 cumin
2864 3229 2930 3266 eo
2961 3213 3010 3268 is
3034 3214 3350 3283 ambulans,
3376 3218 3513 3274 visi-

266 3306 550 3362 Theodorus
596 3306 813 3362 Eliota
857 3304 992 3376 quia
1036 3305 1268 3376 quidam
1309 3304 1561 3358 inclusus
1606 3309 1728 3357 erat
1768 3303 1826 3356 in
1911 3306 2056 3366 tans,
2099 3315 2356 3371 operans,
2408 3299 2769 3368 interrogans
2817 3305 2875 3354 et
2919 3302 3266 3373 respondens
3304 3304 3513 3378 ubique

267 3400 423 3448 monte
451 3395 765 3460 Olivarum,
799 3393 956 3446 valde
991 3399 1258 3458 certator,
1305 3412 1329 3444 ι
1362 3398 1467 3446 etc.
1510 3391 1617 3446 Ubi
1644 3397 1828 3446 totum
1909 3389 2025 3443 fere
2052 3387 2376 3443 asseratur?

266 3490 403 3552 caput
419 3482 504 3547 45,
532 3483 694 3555 quod
734 3482 794 3535 in
828 3482 935 3535 hoc
961 3482 1104 3536 libro
1138 3480 1396 3547 habetur,
1431 3481 1622 3536 Graece
1653 3481 1833 3551 expri-
1983 3479 2097 3533 Aut
2132 3476 2363 3531 demum
2393 3491 2458 3530 ex
2487 3476 2583 3531 illa
2621 3492 2792 3531 causa
2833 3477 3147 3550 SoPhronio
3189 3479 3507 3552 ascribitur,

267 3570 425 3624 mitur.
459 3571 620 3635 Quod
653 3570 803 3624 idem
848 3568 1123 3640 repetitur
1151 3569 1368 3623 actione
1408 3569 1460 3634 5,
1495 3567 1591 3623 ubi
1619 3574 1677 3622 et
1719 3569 1832 3623 alia
1913 3567 2177 3638 quoniam
2206 3581 2322 3620 una
2357 3581 2486 3619 cum
2514 3566 2730 3619 Joanne
2756 3566 3022 3637 praedicto
3050 3569 3397 3641 conscriptor
3420 3571 3515 3643 (ut

265 3658 353 3713 duo
372 3661 618 3731 exempla
652 3676 717 3713 ex
755 3658 951 3712 eodem
990 3657 1310 3712 Limonario
1350 3657 1614 3711 citantur.
1912 3656 1994 3709 ita
2019 3654 2222 3723 dicam)
2252 3653 2396 3708 forte
2426 3652 2681 3723 ejusdem
2702 3652 2831 3707 libri
2854 3653 2978 3709 fuit.
3001 3655 3150 3726 Lege
3173 3656 3343 3728 hujus
3361 3658 3516 3714 volu-

320 3747 537 3819 [nmn]
567 3750 626 3803 4.
662 3749 906 3802 Joannes
926 3746 1221 3812 Diaconus,
1242 3746 1336 3800 lib.
1363 3760 1401 3812 ι,
1426 3762 1546 3817 cap.
1576 3746 1663 3811 A5,
1690 3745 1830 3799 Vita:
1913 3743 2079 3798 minis
2108 3747 2278 3813 caput
2302 3743 2389 3805 77,
2422 3746 2479 3795 et
2497 3741 2556 3795 in
2580 3741 2703 3811 ejus
2732 3742 3007 3814 principio
3028 3743 3112 3798 ita
3128 3744 3398 3816 scriptum
3419 3763 3514 3802 re-

263 3836 409 3890 sancti
434 3835 694 3908 Gregorii
721 3834 899 3905 Magni
932 3852 944 3887 :
983 3854 1010 3887 α
1040 3834 1418 3890 Nihilominus
1447 3850 1513 3887 ex
1542 3833 1705 3898 libro,
1733 3833 1829 3904 qui
1913 3832 2096 3904 peries
2124 3849 2135 3884 :
2176 3849 2201 3882 ς(
2232 3832 2350 3901 Ego
2378 3835 2436 3883 et
2461 3829 2722 3885 dominus
2753 3846 2912 3885 meus
2940 3830 3287 3903 Sophronias
3323 3850 3511 3906 perreg

265 3937 291 3973 εὶ
312 3923 492 3979 Graecis
520 3926 740 3996 Λειμων
774 3922 997 3988 dicitur,
1031 3939 1065 3976 a
1091 3922 1306 3978 Latinis
1336 3938 1468 3977 vero
1496 3921 1832 3992 intelligitur
1910 3921 2093 3975 ximus
2111 3920 2183 3975 ad
2207 3917 2521 3991 philosophi
2538 3918 2810 3989 Stephani
2832 3919 3061 3975 domum
3085 3919 3354 3977 doctrinae
3373 3939 3508 3995 gra-

263 4009 461 4082 Campus
476 4013 561 4067 vel
586 4015 855 4080 Pratum,
885 4016 1194 4082 praeceptor
1221 4028 1380 4066 meus
1411 4011 1558 4064 inter
1580 4010 1692 4065 alia
1713 4015 1829 4064 toto
1910 4009 2011 4076 tia,
2038 4031 2059 4059 ι
2094 4014 2200 4063 etc.
2232 4007 2447 4062 Deinde
2478 4006 2538 4061 in
2559 4008 2671 4061 ﬁne
2702 4007 2953 4078 ejusdem
2981 4008 3179 4081 capitis
3207 4009 3313 4066 hoc
3339 4012 3509 4068 modo

264 4097 372 4153 orbe
388 4102 503 4170 jam
530 4100 830 4155 diﬁ‘amata
859 4099 1132 4153 miracula
1158 4099 1560 4171 interpretatus
1590 4103 1693 4153 est.
1729 4118 1754 4151 »
1911 4100 2182 4170 scriptum
2198 4096 2437 4167 legitur:
2468 4114 2492 4148 (‹
2517 4096 2634 4151 Ista
2657 4111 2786 4151 cum
2807 4096 3141 4164 audivimus,
3158 4098 3347 4155 innuit
3365 4100 3506 4156 mihi

319 4186 360 4240 5.
380 4188 620 4243 Joannes
654 4188 1053 4254 Damascenus,
1077 4188 1136 4241 in
1157 4189 1268 4242 ﬁne
1296 4187 1466 4259 primi
1489 4187 1636 4254 libri,
1663 4203 1829 4258 quem
1912 4185 2173 4240 dominus
2200 4201 2358 4239 meus
2399 4184 2767 4256 Sophronius,
2801 4190 2859 4239 et
2894 4185 3249 4255 recessimus,
3282 4193 3341 4243 et
3366 4189 3506 4245 dixit

262 4290 343 4341 pro
370 4275 712 4347 imaginibus
756 4275 995 4346 scripsit,
1033 4276 1417 4331 testimonium
1451 4292 1517 4330 ex
1554 4276 1660 4330 hoc
1687 4274 1830 4329 libro
1913 4273 2080 4328 mihi:
2118 4275 2274 4343 Vere,
2306 4271 2451 4327 abba
2476 4273 2738 4340 Joannes,
2760 4272 2927 4327 hodie
2946 4273 3088 4328 nihil
3111 4273 3263 4330 ultra
3284 4277 3509 4332 studea-

262 4361 477 4432 adducit,
508 4365 619 4419 hoc
666 4356 833 4418 titulo
865 4382 877 4416 :
926 4362 1021 4417 Ἐκ
1057 4369 1143 4417 τοῦ
1180 4363 1529 4435 Λειμωναρίου
1566 4370 1653 4417 τοῦ
1692 4364 1831 4435 ἁγίου

1913 4378 2065 4428 mus;
2090 4362 2228 4416 satis
2256 4361 2406 4416 enim
2434 4360 2692 4415 aediﬁcati
2721 4377 2936 4417 sumus.
2971 4362 3104 4417 Haec
3126 4378 3259 4433 ergo
3283 4363 3481 4436 scripsi

262 4449 415 4520 επρός
455 4455 602 4524 ἡμῶν
659 4452 953 4522 Σωφρονίου
1003 4446 1391 4524 ἀρχιεπισκόπου
1445 4451 1825 4523 Ἱεροσολύμων.

1498 4452 1825 4523 εροσολύμων.
1847 4467 2056 4547 1)mus,
2089 4455 2154 4505 ut
2189 4455 2247 4504 et
2271 4467 2369 4504 vos
2396 4449 2609 4521 pariter
2631 4450 3005 4506 ediﬁcemini.
3050 4471 3074 4503 ι

266 4554 288 4588 ι
312 4538 379 4593 Bx
398 4542 566 4595 Pareo
594 4543 767 4595 Prata
795 4539 974 4594 sancti
1005 4539 1188 4594 Patris
1215 4539 1393 4594 nostri
1421 4538 1720 4611 Sophronii
1739 4554 1831 4593 ar-
1851 4538 1893 4547 '
1984 4541 2107 4595 Una
2151 4556 2283 4609 ergo
2313 4555 2379 4593 ex
2407 4538 2496 4593 his
2524 4539 2855 4607 rationibus,
2902 4556 3002 4594 seu
3027 4538 3215 4610 potius
3243 4540 3507 4598 omnibus

263 4624 570 4700 chiepiscopi
602 4627 1104 4700 Jerosolymorum.
1143 4648 1168 4681 ››
1915 4628 2082 4683 simul
2127 4626 2535 4694 accedentibus,
2570 4629 2701 4699 jure
2731 4627 3045 4698 meritoque
3075 4626 3218 4682 liber
3254 4627 3363 4685 iste
3405 4629 3499 4687 8οη

318 4713 366 4768 6.
385 4717 752 4789 Nicephorus,
774 4715 873 4770 lib.
916 4730 1028 4783 vm,
1060 4733 1179 4788 cap.
1214 4715 1275 4772 41
1317 4735 1328 4769 :
1369 4736 1391 4769 α
1417 4716 1654 4772 Multam
1691 4734 1831 4788 quo-
1915 4717 2137 4789 phronii
2156 4716 2380 4771 nomine
2404 4716 2705 4787 inscriptus
2721 4716 2960 4769 videtur.

261 4819 350 4873 que
367 4812 420 4859 et
434 4806 639 4861 utilem
659 4805 728 4858 de
742 4804 812 4858 iis
837 4804 1162 4873 (monachis)
1177 4804 1469 4859 historiam
1484 4804 1829 4876 Sophronius
1982 4806 2144 4861 Dices
2162 4823 2175 4858 :
2203 4807 2268 4861 In
2296 4804 2400 4860 hoc
2420 4804 2561 4859 libro
2577 4803 2922 4875 Saphronius
2939 4802 3030 4858 hic
3051 4820 3166 4860 non
3192 4806 3508 4878 appellatur

260 4891 738 4965 Jerosolymitanus
770 4892 932 4947 nobis
963 4892 1211 4964 reliquit,
1241 4896 1402 4948 Prati
1428 4898 1487 4947 et
1512 4896 1642 4947 novi
1659 4895 1830 4948 Para-
1911 4895 2388 4966 Jerosolymorum
2416 4881 2755 4963 patriarcha,
2775 4891 2875 4947 sed
2892 4892 3164 4964 sophista.
3186 4894 3511 4966 Respondet

258 4981 351 5034 disi
374 4983 556 5051 titulo,
589 4983 802 5053 scripto
830 4988 888 5037 et
914 4981 1109 5036 indito.
1140 5000 1166 5034 »
1913 4982 2060 5037 idem
2089 4982 2349 5055 Aloysius
2379 4999 2392 5034 :
2424 4979 2762 5036 Vocabulum
2790 4980 2895 5035 hoc
2921 4996 3036 5035 non
3054 4980 3116 5037 in
3133 4981 3344 5037 malam
3371 4982 3509 5040 olim

317 5069 549 5133 Quaeres.
574 5070 687 5135 Qui
714 5070 806 5124 hic
821 5068 964 5123 liber
989 5085 1139 5152 nunc
1165 5070 1478 5142 Sophronio
1499 5060 1831 5141 patriarchae
1911 5076 2150 5144 partem,
2184 5071 2330 5127 sicut
2362 5070 2427 5124 fit
2447 5069 2611 5123 modo
2647 5068 2878 5140 passim,
2911 5069 3011 5124 sed
3039 5069 3100 5124 in
3128 5068 3334 5126 bonam
3361 5070 3511 5127 acci-

255 5154 716 5232 Jemsolymorum
753 5158 1110 5226 inscribatur,
1142 5159 1225 5213 uti
1256 5175 1291 5213 a
1335 5158 1579 5214 secunda
1606 5158 1833 5213 Nicaena
1914 5159 2199 5232 piebatur;
2234 5176 2335 5213 nec
2358 5158 2510 5233 aliud
2539 5157 2889 5228 designabat,
2913 5174 3083 5229 quam
3111 5159 3426 5230 sapientem
3452 5164 3512 5216 et

258 5247 464 5315 synodo,
488 5254 549 5303 et
579 5247 797 5303 Joanne
822 5247 1186 5314 Damasceno,
1204 5264 1353 5301 nunc
1378 5247 1578 5302 Joanni
1607 5247 1831 5302 Moscho
1916 5248 2248 5320 prudentem
2266 5247 2572 5313 hominem,
2591 5246 2773 5318 qualis
2792 5246 2902 5302 fuit
2931 5253 2988 5301 et
3004 5245 3273 5303 Libanius
3290 5248 3404 5317 ille,
3436 5249 3511 5304 ad

256 5349 339 5389 seu
360 5336 587 5391 Evirato
619 5336 692 5390 ad
720 5336 1099 5407 Sophronium
1136 5337 1480 5408 sophistam?
1516 5338 1835 5409 Respondet
1918 5354 2084 5408 quem
2114 5336 2303 5391 multm
2324 5335 2509 5407 Magni
2524 5335 2717 5391 Basilii
2743 5335 2991 5408 epistola
3010 5335 3233 5391 directae
3257 5336 3507 5405 fuerunt,

257 5424 497 5495 Aloysius
516 5425 887 5496 Lipomanus,
912 5425 1201 5497 episcOpus
1226 5425 1580 5492 Veronensis,
1602 5426 1697 5497 qui
1726 5426 1837 5497 pri-
1920 5427 2103 5498 ipsum
2123 5425 2379 5479 maximis
2403 5424 2691 5496 praeconiis
2715 5424 3029 5479 elferentes.
3053 5424 3247 5479 Potuit
3275 5441 3409 5496 ergo
3429 5426 3513 5479 vir

256 5524 365 5564 mus
390 5512 543 5567 hunc
571 5511 782 5567 librum
813 5512 902 5567 edi
930 5513 1163 5581 curavit,
1195 5530 1361 5585 quem
1397 5513 1716 5585 Apostolica
1744 5514 1839 5568 Bi-
1923 5515 2029 5568 iste
2056 5501 2212 5585 prius
2240 5521 2299 5569 et
2325 5515 2632 5569 monachus
2648 5529 2790 5575 esse,
2813 5518 2870 5566 et
2897 5511 3149 5583 sophista
3168 5511 3512 5584 nuncupari;

289 5597 524 5656 liotheca
559 5601 941 5672 suppeditavit
977 5618 1125 5657 anno
1168 5600 1329 5658 1558:
1376 5622 1399 5655 ι
1435 5601 1683 5675 Scriptor
1712 5599 1842 5658 libri
1925 5602 2053 5657 inde
2070 5618 2201 5659 vero
2221 5602 2290 5657 ad
2307 5608 2559 5659 sanctam
2576 5600 3052 5672 Jerosolymorum
3073 5599 3264 5655 sedem
3292 5598 3527 5668 assumi,
