4046 6212
407 394 476 447 47

1294 382 1374 438 ΙΝ
1415 380 1626 437 VITAS
1663 379 1959 438 PATRUM
1996 380 2544 452 PROLEGOMENA
2582 381 2778 438 XXVI.

3611 381 3683 438 48

411 536 477 574 ex
505 535 637 592 qua,
649 523 919 588 tanquam
947 507 1188 582 digniori
1205 508 1346 577 loco,
1370 513 1565 581 postea
1585 507 1996 564 denominatio-
2012 508 2071 570 A
2084 515 2266 568 ctores
2284 517 2436 572 solus
2463 487 2550 572 est
2575 515 2737 572 divus
2754 513 3158 585 Hieronymus,
3175 511 3275 585 qui
3291 512 3512 579 Latiae,
3530 515 3683 586 quod

406 625 535 664 nem
576 604 868 677 acceperit.

479 697 643 751 Petes
667 711 679 746 :
703 693 824 757 Quo
845 696 1098 762 tempore
1117 686 1221 742 viri
1235 686 1294 742 hi
1315 685 1410 758 qui
1437 685 1644 740 librum
1663 683 2001 756 conscripse-

407 791 542 841 runt
568 779 907 837 claruerint?
937 776 1257 850 Respondet
1268 775 1418 830 idem
1440 773 1535 846 qui
1561 791 1733 845 supra
1760 791 1771 825 :
1803 773 1864 828 Id
1895 789 1998 844 pro

404 879 555 927 certo
583 887 695 925 non
723 869 981 924 habetur.
998 867 1208 922 Verum
1239 881 1367 919 cum
1398 862 1576 933 Magni
1607 862 1864 932 Gregorii
1892 862 1998 916 Ro-

403 961 556 1016 mani
583 959 884 1032 pontiﬁcis,
915 958 1086 1028 hujus
1115 953 1358 1010 nominis
1395 951 1582 1023 primi,
1613 950 1821 1006 factum
1861 967 1994 1005 nar-

400 1055 547 1117 rent,
563 1055 620 1104 et
634 1048 1079 1121 synchronorum
1089 1045 1396 1106 Caesarum,
1415 1039 1672 1094 videlicet
1687 1039 1989 1105 Anastasii,

363 1153 370 1158 ·
399 1137 623 1204 Tiberii,
653 1137 918 1201 Mauritii,
946 1141 1004 1191 et
1029 1133 1264 1189 Zenonis
1292 1129 1636 1186 mentionem
1676 1128 1900 1196 faciant,
1937 1134 1995 1184 et

397 1227 456 1281 in
479 1232 638 1282 sexta
651 1226 868 1299 synodo
883 1225 973 1280 hic
987 1224 1130 1278 liber
1147 1223 1477 1288 adducatur,
1500 1221 1825 1291 conjectura
1843 1235 1991 1273 asse-

394 1317 490 1390 qui
521 1333 836 1388 possumus,
869 1314 1016 1369 circa
1045 1329 1258 1368 annum
1275 1310 1501 1368 Domini
1521 1309 1990 1365 sexcentesimum

391 1406 552 1462 illum
581 1405 753 1460 fuisse
783 1403 1186 1475 conscriptum.

472 1496 667 1560 Porro,
705 1495 776 1549 ad
816 1491 1360 1549 commendationem
1389 1489 1560 1560 hujus
1598 1487 1726 1542 libri
1761 1487 1992 1542 tandem

2087 600 2314 670 quidem
2343 609 2578 670 constet,
2610 601 2915 674 scripserit.

2155 690 2471 747 Secundum
2489 697 2546 747 et
2565 691 2797 746 tertium
2812 690 3085 761 scriptum
3104 705 3274 747 esses.
3290 689 3540 756 Ruiﬁno,
3554 708 3683 763 par-

2079 777 2183 832 tim
2214 797 2279 833 ex
2303 781 2427 835 divo
2457 781 2818 852 Hieronymo,
2851 779 3060 850 partim
3088 795 3157 834 ex
3184 778 3340 846 Mss,
3373 780 3585 850 partim
3613 798 3683 837 ex

2076 866 2350 936 probabili
2377 870 2701 940 conjectura
2717 868 3078 924 asseruimus.

2144 957 2234 1010 An
2262 973 2390 1012 vero
2407 957 2456 1012 is
2475 975 2540 1012 ex
2559 956 2757 1012 Graeco
2786 957 3160 1022 transtulerit,
3181 957 3481 1013 incertum.
3504 958 3680 1014 Divus

2075 1043 2451 1118 Hieronymus
2479 1046 2698 1101 videtur
2725 1045 2962 1102 innuere
2989 1062 3025 1100 a
3052 1045 3278 1100 Rufﬁno
3300 1047 3425 1117 ipso
3442 1063 3674 1118 compo-

2073 1133 2262 1200 situm,
2295 1136 2533 1206 epistola
2550 1151 2720 1206 supra
2737 1134 2930 1190 citata.
2948 1134 3046 1190 Ait
3069 1134 3223 1188 enim
3247 1152 3260 1188 :
3291 1153 3316 1186 (ς
3336 1134 3443 1200 Qui
3465 1135 3674 1191 librum

2071 1238 2293 1293 quoque
2323 1223 2546 1294 scripsit
2572 1224 2732 1295 quasi
2782 1223 2852 1278 de
2881 1223 3192 1290 monachis,
3231 1242 3256 1274 ι
3298 1224 3447 1295 quod
3479 1229 3672 1281 tamen

2070 1309 2141 1364 de
2169 1311 2310 1366 libro
2349 1313 2595 1367 secundo
2624 1318 2848 1368 tantum
2875 1311 3231 1384 capiendum,
3265 1318 3330 1368 ut
3356 1319 3580 1369 constat
3606 1331 3674 1368 ex

2070 1399 2303 1455 Patrum
2332 1400 2671 1465 nominibus,
2711 1418 2836 1473 qua
2871 1401 3035 1458 divus
3064 1401 3443 1473 Hieronymus
3481 1419 3549 1456 ex
3575 1402 3673 1458 illo

2075 1487 2283 1543 Rufﬁni
2311 1488 2454 1544 libro
2473 1490 2754 1561 exprimit,
2788 1489 2884 1561 qui
2915 1506 3017 1545 suo
3045 1495 3300 1561 tempore
3319 1491 3673 1546 circumfere-

399 1584 660 1658 Aloysius
672 1584 1014 1654 Lipomanus
1034 1581 1327 1653 praefatur:
1356 1599 1378 1630 ι
1404 1577 1569 1633 Liber
1587 1577 1696 1642 hic,
1723 1576 1901 1630 amice
1919 1576 1996 1630 1e-
2074 1575 2259 1644 batur,
2290 1595 2529 1651 quorum
2558 1579 2698 1635 Vita:
2724 1579 2784 1634 in
2811 1579 3056 1636 secundo
3084 1584 3310 1635 tantum
3336 1579 3479 1635 libro
3508 1597 3674 1652 repe-

396 1681 535 1741 ctor,
570 1690 737 1744 quem
766 1672 866 1726 tibi
897 1670 1192 1742 legendum
1211 1667 1554 1730 exhibemus,
1583 1667 1814 1722 Pratum
1836 1665 1998 1737 spiri-

394 1762 544 1816 tuale
573 1760 915 1825 nominatur,
951 1776 1018 1814 ex
1046 1759 1238 1814 Graeco
1267 1757 1500 1812 Latinus
1529 1773 1630 1827 per
1657 1756 1882 1810 doctum
1906 1754 1988 1808 vi-

2074 1664 2318 1722 riuntur.

2143 1755 2387 1820 Quartus
2421 1757 2562 1812 liber
2589 1774 2717 1813 cum
2751 1773 2819 1812 ex
2858 1755 3065 1813 Severo
3094 1757 3335 1830 Sulpitio
3371 1763 3429 1813 et
3455 1760 3672 1815 Joanne

392 1866 520 1906 rum
546 1849 906 1905 Ambrosium
937 1847 1423 1903 Camaldulensem
1454 1845 1791 1900 monachum
1808 1843 1989 1898 reddi-
2008 1831 2053 1891 Β
2073 1844 2340 1900 Cassiano
2377 1846 2453 1900 sit
2479 1847 2861 1914 concinnatus,
2894 1863 3009 1902 non
3037 1863 3378 1918 magnopere
3402 1847 3671 1903 dubitan-

389 1943 501 2005 tus,
528 1955 692 2010 quem
714 1938 896 1993 adhuc
923 1937 1072 2008 typis
1096 1953 1387 2001 excusum,
1411 1951 1524 1990 non
1543 1934 1652 1989 nisi
1671 1932 1984 1999 vernacula,

391 2033 562 2098 atque
591 2043 659 2081 ea
687 2026 881 2082 Italica
907 2026 1101 2096 lingua
1132 2024 1453 2080 habuimus.

463 2134 492 2169 α
502 2115 682 2174 Tanta
693 2121 885 2170 autem
901 2114 1277 2187 spiritualium
1291 2113 1648 2168 ﬂosculorum
1661 2111 1986 2166 amoenitate

386 2199 626 2260 refertus
647 2206 750 2267 est,
774 2206 838 2255 ut
865 2199 923 2254 in
954 2199 1198 2271 paradisi
1225 2198 1440 2253 deliciis
1463 2204 1621 2253 ortus
1644 2215 1767 2252 esse
1794 2197 1984 2251 videa-

383 2295 497 2344 tur.
534 2290 602 2348 In
626 2306 694 2345 eo
735 2289 1013 2360 siquidem
1058 2288 1419 2360 antiquorum
1471 2287 1893 2351 monachorum,
1926 2291 1985 2340 et

383 2379 625 2435 aliorum
655 2379 889 2434 Patrum
913 2379 1028 2444 Deo
1049 2395 1114 2433 ex
1137 2377 1350 2434 intimis
1384 2377 1705 2449 praecordiis
1733 2376 1982 2431 servien-

382 2468 528 2524 tium
557 2468 774 2524 redolet
799 2469 924 2524 vita
953 2468 1235 2540 splendor,
1257 2466 1532 2538 regularis
1554 2465 1859 2537 disciplinae
1889 2464 1985 2520 ob-

381 2557 682 2624 servantia,
695 2557 974 2628 pudicitiaa
989 2557 1103 2628 [XL]
1123 2562 1180 2612 et
1193 2556 1552 2612 continentiae
1571 2572 1789 2621 norma,
1803 2555 1982 2610 victus

379 2653 438 2714 et
479 2647 714 2701 vestitus
763 2646 1128 2718 parcimonia,
1176 2651 1372 2702 contra
1422 2645 1718 2700 haereticos
1775 2643 1981 2699 invicta

379 2735 713 2801 constantia,
736 2734 795 2790 in
809 2736 888 2806 jej
897 2735 1062 2801 uniis,
1085 2735 1290 2806 vigiliis
1306 2741 1364 2790 et
1381 2734 1730 2790 orationibus
1752 2733 1978 2788 assidua

376 2823 873 2896 perseverantia,et
893 2841 1029 2895 erga
1044 2825 1346 2879 Dominum
1359 2825 1551 2878 Jesum
1564 2823 1850 2879 Christum
1867 2823 1978 2877 exi-

380 2913 527 2968 mius
553 2917 611 2967 et
631 2912 1036 2968 inaasﬁmabilis
1056 2929 1243 2980 amor;
1268 2913 1404 2985 quin
1433 2912 1604 2967 etiam
1624 2911 1975 2966 admirabilia

377 3001 652 3072 quaedam,
684 3018 748 3056 ac
777 3002 988 3073 Spiritu
1017 3009 1209 3058 sancto
1238 3003 1404 3074 plena
1435 3019 1719 3074 responsa,
1748 3019 1870 3073 quae
1901 3002 1976 3056 le-

375 3091 631 3160 gentium
650 3098 866 3146 mentes
887 3092 1164 3163 spirituali
1179 3092 1422 3164 quadam
1439 3091 1732 3146 dulcedine
1751 3091 1975 3162 perfun-

2071 1933 2225 2000 dum,
2258 1935 2395 2005 quin
2444 1951 2480 1989 a
2518 1935 2716 1991 Latino
2749 1935 2880 2006 [xu]
2919 1941 3152 1990 auctore
3204 1952 3272 1991 ea
3313 1937 3672 1992 concinnatio

2068 2021 2216 2076 facta
2238 2023 2330 2088 sit,
2358 2024 2602 2079 maxime
2620 2041 2750 2080 cum
2776 2023 2958 2080 verbis
2979 2029 3278 2080 auctorum
3299 2026 3671 2082 concinnator

2067 2110 2400 2183 plerumque
2429 2119 2641 2168 utatur.

2137 2200 2331 2264 Quinti
2359 2207 2418 2256 et
2441 2202 2583 2256 sexti
2612 2201 2743 2257 libri
2769 2202 3026 2258 Graecum
3058 2207 3347 2259 auctorem
3374 2220 3517 2272 esse,
3538 2221 3667 2261 con-

2063 2293 2177 2344 stat
2205 2306 2272 2344 ex
2299 2290 2485 2345 Photii
2514 2290 2878 2356 Bibliotheca,
2903 2292 3042 2347 Cod.
3070 2291 3197 2354 198,
3222 2293 3320 2364 qui
3349 2309 3448 2348 eos
3473 2294 3666 2350 Grece

2065 2377 2220 2448 legit,
2253 2385 2311 2434 et
2337 2380 2468 2452 styli
2493 2379 2950 2452 perspicuitatem
2977 2381 3278 2436 collaudat.

2138 2467 2372 2538 Septimi
2392 2468 2520 2522 libri
2537 2469 2795 2525 Graecum
2821 2475 3112 2526 auctorem
3136 2487 3277 2539 esse,
3299 2471 3513 2528 indicat
3541 2473 3662 2545 ipse

2062 2555 2340 2628 interpres
2365 2558 2716 2613 Paschasius.

2132 2645 2327 2700 Octavi
2349 2646 2478 2700 libri
2516 2647 2743 2703 Graecus
2770 2653 2968 2704 auctor
2994 2654 3081 2704 est
3117 2649 3420 2718 Palladius,
3451 2655 3518 2706 ut
3544 2651 3661 2706 cla-

2059 2750 2188 2788 rum
2207 2741 2292 2790 est
2320 2751 2386 2790 ex
2417 2736 2664 2804 Socrate,
2695 2738 3094 2809 prolegomeno
3125 2737 3212 2796 10.

2128 2823 2277 2878 Noni
2306 2823 2434 2878 libri
2462 2831 2658 2880 auctor
2688 2831 2774 2880 est
2799 2826 3202 2893 Theodoretus,
3222 2834 3288 2883 ut
3313 2844 3488 2900 supra
3513 2829 3658 2885 vidi-

2057 2927 2204 2978 mus,
2238 2929 2406 2984 quem
2435 2914 2689 2970 Graecum
2711 2914 2880 2969 fuisse
2909 2915 3078 2970 nimis
3097 2933 3265 2987 quam
3292 2923 3510 2972 notum.

2127 3001 2338 3056 Decimi
2377 3002 2503 3057 libri
2540 3009 2737 3059 auctor
2765 3010 2851 3058 est
2893 3003 3136 3060 Joannes
3172 3007 3452 3072 moschus,
3489 3023 3658 3078 quem

2056 3089 2245 3144 Graece
2271 3091 2560 3163 scripsisse
2588 3099 2830 3148 testatur
2855 3094 3116 3159 Photius,
3134 3095 3489 3152 Bibliotheca;
3509 3097 3649 3151 Cod.

377 3179 545 3246 dunt;
576 3186 900 3235 sanctarum
937 3181 1180 3252 denique
1221 3181 1520 3236 mulierum
1560 3181 1766 3236 invicta
1812 3180 1966 3244 ﬁdes,
1993 3186 2035 3246 ο
2060 3175 2181 3244 199,
2215 3179 2443 3252 haecque
2480 3181 2549 3235 de
2583 3182 2706 3252 ejus
2743 3183 2889 3254 stylo
2925 3181 3096 3238 habet
3125 3201 3138 3236 :
3183 3183 3251 3238 Ἥ
3290 3183 3345 3237 δὲ
3380 3190 3469 3238 τοῦ
3503 3184 3657 3256 λόγου

375 3269 604 3326 castitas
631 3269 1102 3342 incomparabilis,
1134 3276 1192 3326 et
1218 3270 1347 3327 felix
1379 3286 1576 3326 earum
1605 3270 1664 3326 in
1692 3270 1808 3326 Deo
1837 3286 1970 3325 con-

375 3359 699 3433 summatio.

446 3467 473 3502 ι
487 3448 536 3504 Ο
550 3448 596 3502 si
618 3449 759 3504 tales
790 3449 958 3504 modo
976 3449 1356 3507 inveniremus
1380 3449 1586 3506 milites
1609 3450 1831 3505 Christo
1855 3465 1970 3504 ser-

372 3537 606 3604 vientes,
639 3553 810 3608 quam
836 3537 1092 3604 illustris,
1124 3555 1293 3614 quam
1323 3538 1634 3608 splendida,
1671 3553 1840 3610 quam
1869 3537 1969 3591 de-

371 3641 503 3682 cora
534 3630 684 3681 esset
712 3625 974 3681 Ecclesiae
996 3633 1202 3682 nostra;
1229 3627 1428 3682 facies!
1454 3643 1624 3698 quam
1651 3627 1792 3681 adeo
1820 3626 1965 3697 deje-

371 3720 521 3770 ctam
547 3719 608 3769 et
632 3713 958 3782 obsoletam,
981 3731 1047 3770 ac
1067 3732 1238 3787 supra
1252 3717 1426 3788 pelles
1447 3716 1780 3782 Salomonis,
1798 3721 1968 3788 atque

371 3802 548 3875 Moysi
572 3802 968 3876 Ethiopissam
983 3805 1111 3877 (pro
1141 3805 1301 3862 dolor
1314 3806 1351 3876 Ι)
1369 3806 1723 3879 denigratam
1752 3805 1969 3878 conspi-

371 3907 570 3948 cimus.

443 3999 471 4033 α
501 3981 650 4052 Lege
693 3997 826 4053 ergo
881 3981 1097 4040 lubenti
1148 3985 1356 4052 animo,
1390 3991 1447 4042 et
1493 3985 1604 4042 ﬁde
1641 3991 1792 4042 certa
1827 4001 1966 4057 opus

369 4069 542 4136 istud,
575 4069 810 4126 candide
835 4072 1028 4139 lector,
1052 4075 1212 4145 cujus
1230 4075 1544 4146 exemplum
1574 4092 1639 4130 ex
1663 4075 1967 4148 apostolica

369 4157 1058 4233 Bibliotheca—accepimus
1081 4181 1095 4231 ;
1129 4169 1186 4218 et
1213 4163 1295 4218 ita
1319 4179 1503 4219 mores
1523 4171 1581 4220 et
1606 4164 1778 4218 vitam
1804 4171 1964 4220 tuam

365 4247 440 4303 ad
468 4248 594 4320 ejus
618 4249 917 4306 lectionem
945 4267 1235 4326 compone,
1263 4257 1330 4309 ut
1347 4253 1545 4310 talium
1567 4257 1966 4326 tantorumque

364 4337 633 4406 virorum,
653 4355 799 4412 quos
823 4340 914 4396 hic
940 4341 1249 4414 descriptos
1273 4342 1541 4412 invenies,
1561 4343 1767 4415 dignus
1795 4359 1964 4400 temu-

2053 3267 2284 3338 ἑρμηνεία
2323 3265 2388 3331 εἷς
2425 3266 2484 3322 τό
2525 3269 2866 3341 ταπεινότερον
2906 3276 2995 3324 τοῦ⁹
3037 3273 3298 3343 προτέρου,
3341 3274 3424 3325 καὶ
3462 3268 3653 3344 ἀμαθέ-

2052 3375 2222 3426 στερον
2249 3351 2496 3411 ἀποκλίνει
2527 3375 2540 3410 :
2579 3377 2601 3409 ι
2626 3358 2826 3429 Operis
2845 3365 3036 3414 autem
3053 3360 3225 3432 hujus
3242 3359 3432 3422 dictio.
3460 3361 3643 3432 magis

2051 3461 2219 3516 quam
2247 3445 2611 3516 praecedentis
2631 3447 2904 3512 (videlicet
2923 3448 3105 3519 quinti
3137 3455 3195 3504 et
3222 3450 3363 3504 sexti
3383 3449 3512 3504 libri
3537 3450 3644 3521 hic)

2050 3533 2123 3588 ad
2149 3533 2508 3591 humiliorem
2536 3551 2601 3590 ac
2629 3535 2913 3591 rudiorem
2942 3537 3124 3608 vergit
3141 3538 3373 3610 stylum.
3402 3559 3426 3590 ι

2465 3695 2957 3752 PROLEGOMEN
2961 3696 3062 3752 ΟΝ
3084 3696 3228 3752 XIV.

2333 3803 2442 3870 Qui
2470 3803 2673 3857 horum
2696 3805 2974 3859 librorum
3000 3807 3362 3874 interpretes?

2117 3906 2253 3962 Dico
2287 3923 2299 3959 :
2336 3907 2491 3963 Varii
2518 3913 2652 3963 sunt
2680 3908 2880 3965 horum
2911 3908 3184 3966 librorum
3212 3911 3567 3983 interpretes.

2117 3995 2184 4052 In
2212 3995 2394 4067 primo
2423 3996 2566 4052 libro
2604 3997 2664 4053 hi
2691 3997 2812 4053 noti
2841 4005 3144 4055 occurrunt
3175 3999 3532 4072 interpretes.

2121 4082 2171 4141 1.
2241 4084 2508 4157 Evagrius
2562 4086 2855 4159 episcopus
2907 4088 3311 4157 Antiochenus,
3363 4090 3641 4161 interpres

2045 4171 2188 4228 Vitae
2224 4174 2404 4229 sancti
2431 4175 2662 4230 Antonii
2690 4176 2964 4232 monachi.
2996 4177 3136 4234 Vide
3183 4177 3255 4233 ad
3297 4194 3423 4232 eam
3451 4178 3639 4232 Vitam

2047 4261 2336 4334 praeludia.

2116 4350 2170 4409 2.
2199 4351 2500 4426 Dionysius
2544 4353 2792 4425 Exiguus
2819 4353 3098 4427 interpres
3125 4355 3269 4410 Vitae
3315 4355 3492 4410 sancti
3540 4355 3644 4411 Pa-

365 4426 514 4483 lator
537 4429 762 4497 existas,
795 4431 1154 4503 postmodum
1192 4448 1324 4488 vero
1351 4450 1548 4489 eorum
1584 4432 1862 4489 consortio
1903 4433 1963 4487 in
1981 4506 2026 4516 _
2046 4439 2275 4497 chomii.
2309 4443 2549 4498 Consule
2578 4442 2848 4514 preludia
2869 4426 3010 4500 Vitae
3035 4443 3118 4498 illi
3147 4445 3456 4516 praemissa.

367 4522 578 4572 aeterna
604 4517 952 4574 beatitudine
979 4519 1216 4576 feliciter
1241 4521 1570 4594 adjungare.
1589 4523 1748 4588 Quod
1775 4521 1878 4578 tibi
1907 4506 2036 4578 etD
2119 4531 2180 4588 3,
2225 4531 2402 4587 Ursus
2443 4532 2501 4588 S.
2651 4532 2713 4588 E.
2747 4506 3450 4605 subdiaconus,-interpres
3504 4533 3640 4590 Vita:

366 4605 508 4660 mihi
554 4607 826 4664 Dominus
853 4615 1120 4681 praestare
1147 4610 1430 4682 dignetur,
1462 4616 1521 4667 et
1560 4611 1819 4667 omnibus
1865 4611 1963 4684 qui

362 4692 667 4750 Dominum
693 4698 886 4754 Jesum
926 4698 1170 4770 diligunt
1197 4699 1257 4754 in
1294 4700 1634 4757 sinceritate.
1667 4701 1824 4756 Vale.
1857 4718 1887 4756 ι

773 4841 1372 4902 PROLEGOMENON
1398 4845 1550 4902 XIII.

733 4945 850 5012 Qua
876 4951 1075 5018 lingua
1104 4955 1241 5008 libri
1267 4951 1332 5008 hi
1357 4956 1592 5023 scripti?

431 5047 567 5106 Dico
600 5069 614 5106 :
647 5053 910 5126 Plerique
946 5056 1074 5112 libri
1115 5076 1310 5116 omnes
1343 5061 1532 5118 Graece
1571 5060 1764 5133 scripti
1800 5066 1952 5118 sunt.

431 5140 653 5196 Pstebit
705 5159 852 5212 mox,
909 5145 1210 5218 assignatis
1264 5167 1461 5207 eorum
1531 5150 1950 5223 interpretibus.

359 5229 632 5300 Equidem
647 5247 775 5287 cum
804 5239 994 5304 patres
1022 5234 1103 5290 illi
1123 5253 1266 5308 pene
1290 5255 1483 5296 omnes
1503 5240 1564 5297 in
1585 5241 1813 5297 Oriente
1834 5241 1953 5297 nati

357 5317 488 5384 sint,
523 5319 881 5393 celebresque
917 5322 1173 5394 vixerint,
1213 5343 1324 5383 non
1363 5329 1573 5385 mirum
1602 5329 1672 5384 ab
1707 5329 1952 5397 Orientis

351 5407 692 5477 hominibus,
731 5410 940 5467 Graecis
971 5413 1213 5470 maxime
1242 5415 1338 5488 qui
1379 5417 1657 5474 scribendi
1685 5418 1950 5475 facultate

350 5495 655 5566 pollebant,
705 5501 1110 5559 monachorum
1158 5503 1362 5576 quibus
1417 5507 1774 5564 convixerant
1825 5515 1949 5565 acta

349 5586 591 5654 posteris
620 5601 742 5644 esse
769 5589 1118 5648 transmissa.

418 5673 487 5731 In
507 5675 693 5749 primo
711 5675 874 5750 libro,
892 5681 989 5754 qui
1014 5682 1296 5742 miscellus
1327 5689 1432 5755 est,
1457 5684 1607 5744 inter
1630 5687 1814 5747 varios
1841 5704 1944 5746 au-

2044 4619 2222 4675 sancti
2240 4619 2434 4676 Basilii
2456 4620 2814 4676 Caesariensis
2837 4621 3100 4694 episcopi.
3125 4622 3206 4678 De
3230 4623 3373 4678 Urso
3394 4622 3516 4678 vide
3544 4638 3642 4678 no-

2043 4710 2288 4766 tationes
2315 4709 2387 4764 ad
2417 4726 2541 4765 eam
2579 4707 2786 4766 Vitam.

2115 4799 2170 4854 4.
2243 4798 2527 4854 Gerardus
2607 4798 2833 4855 Vossius
2905 4800 3183 4873 interpres
3253 4800 3397 4856 Vita.-
3461 4800 3637 4856 sancti

2042 4887 2321 4960 Ephrem.

2111 4977 2166 5032 5.
2195 4977 2526 5033 Anastasius
2557 4977 2613 5033 S.
2647 4977 2711 5034 R.
2749 4978 2811 5034 E.
2844 4977 3322 5046 Bibliothecarius,
3355 4978 3631 5053 interpres

2038 5064 2178 5121 Vitae
2205 5066 2382 5122 sancti
2407 5067 2641 5122 Joannis
2669 5067 3126 5141 Eleemosynarii,
3150 5069 3482 5140 patriarchae
3508 5069 3634 5125 Ale-

2036 5154 2314 5211 xandrini.
2346 5155 2488 5212 Vide
2507 5156 2581 5212 ad
2611 5173 2737 5212 eam
2769 5156 2951 5213 Vitam
2980 5157 3273 5230 praeludis.

2104 5242 2158 5298 6.
2181 5243 2420 5301 Iacobus
2447 5245 2645 5302 Billius
2672 5245 2949 5319 interpres
2973 5247 3118 5302 Vitae
3147 5253 3470 5304 sanctorum
3499 5247 3630 5304 Bar-

2034 5331 2183 5387 laam
2213 5337 2271 5388 et
2296 5333 2588 5406 Josaphat.

2105 5419 2157 5476 7.
2188 5421 2520 5479 Eustochius
2547 5423 2826 5496 interpres
2847 5423 2989 5480 Vitae
3019 5429 3226 5481 sanctae
3257 5423 3514 5498 Pelagia).

2099 5507 2154 5564 8.
2185 5509 2389 5566 Paulus
2416 5511 2681 5586 Neapolis
2729 5513 2984 5569 Ecclesiae
3029 5513 3316 5583 diaconus,
3347 5514 3625 5588 interpres

2029 5595 2173 5653 Vitae
2201 5596 2379 5655 beatae
2401 5599 2590 5656 Maria
2613 5599 2974 5673 Egyptiacae.

2096 5685 2364 5745 Melchior
2403 5688 2725 5760 Goldastus,
2757 5696 2894 5747 tom.
2926 5690 2952 5749 Ι
2988 5689 3200 5750 Rerum
3224 5689 3622 5748 Alamannica-
