3990 6194
283 384 359 446 ιθ

1537 379 2136 443 PROLEGOMENON
2168 381 2315 440 XIV.

3487 381 3558 438 50

284 528 435 576 rum,
464 513 628 584 parte
645 506 706 577 ‘2,
731 507 884 564 notis
908 505 982 564 ad
1012 506 1390 582 Hepidanum,
1420 509 1491 567 de
1516 511 1648 567 Vita
1675 512 1947 572 sanctaeA
1965 509 2261 566 attulerint
2315 505 2804 582 probaverintque,
2864 505 3063 564 lubens
3103 509 3474 582 acquiescam.
3528 527 3554 562 ι

281 600 605 656 Wiboradfa
627 598 914 654 existimat
935 598 1122 653 Vitam
1144 604 1353 654 sanctae
1378 600 1638 672 Eugeniae
1664 617 1882 656 versam

282 707 316 744 a
341 690 592 744 Ruﬁlno.
634 687 745 742 Sed
791 686 939 742 unde
985 688 1091 743 hoc
1135 688 1562 762 deprompserit,
1621 690 1882 762 equidem

281 780 492 836 nescio.
525 777 878 842 Possevinus,
915 776 974 831 in
1009 778 1300 850 Apparatu
1335 795 1513 846 sacro,
1567 779 1648 834 ait
1691 779 1880 833 Vitam

283 873 491 924 sancta:
505 866 769 938 Eugeniae
783 865 1050 938 scriptam
1069 866 1139 921 ab
1154 867 1450 922 Ambros‘io
1467 867 1881 923 Camaldulensi

282 956 505 1012 abbate.
541 957 625 1010 An
653 971 875 1009 versam
902 955 1066 1009 vult?
1095 955 1260 1011 Certe
1288 957 1450 1027 plura
1474 956 1586 1009 alia
1603 957 1760 1010 Vitas
1781 958 1882 1011 Pa-

282 1048 432 1100 trum
459 1045 774 1117 spectantia
789 1044 938 1099 idem
967 1049 1179 1109 auctor,
1212 1045 1409 1099 eodem
1434 1050 1597 1109 teste,
1621 1045 1807 1101 vertit.

353 1136 516 1206 [nn]
547 1135 858 1190 Secundus.
898 1133 1098 1189 tertius
1139 1139 1198 1189 et
1233 1140 1466 1205 quartus
1515 1135 1643 1189 libri
1687 1135 1881 1207 scripti

281 1231 414 1279 sunt
442 1224 660 1288 Latine,
688 1224 776 1278 vel
802 1228 954 1277 certe
982 1223 1052 1277 de
1078 1223 1328 1277 versione
1367 1240 1479 1278 non
1510 1229 1746 1278 constat.
1780 1224 1882 1277 Vel

280 1313 506 1384 potius:
541 1316 778 1384 quartus
805 1317 958 1366 certo
987 1312 1230 1384 scriptus
1258 1313 1475 1379 Latine,
1511 1313 1580 1367 de
1601 1311 1881 1384 prioribus

284 1400 506 1456 duobus
544 1399 798 1455 dubium.
831 1399 972 1453 Vide
1004 1399 1153 1454 dicta
1181 1401 1487 1472 prolegom.
1520 1401 1571 1466 4,
1607 1403 1640 1456 5
1668 1406 1725 1455 et
1753 1399 1806 1454 6.

348 1491 549 1554 Quinti
571 1489 702 1544 libri
725 1489 1002 1561 interpres
1025 1494 1113 1545 est
1131 1491 1392 1561 Pelagius
1423 1491 1478 1546 S.
1513 1491 1581 1545 R.
1615 1491 1676 1545 Ε.
1700 1490 1882 1546 diaco-

280 1595 403 1632 nus.

349 1667 441 1722 Ita
477 1671 804 1722 constanter
830 1669 964 1724 Mss.
993 1665 1337 1739 Sigebertus,
1370 1667 1439 1722 de
1464 1667 1664 1723 illustr.
1699 1668 1883 1723 Eccle-

284 1755 376 1810 sia:
423 1754 822 1826 Scriptoribus,
871 1772 993 1828 cap.
1041 1755 1186 1813 116:
1248 1774 1274 1809 ι
1307 1756 1568 1827 Pelagius
1616 1757 1880 1812 diaconus

1966 601 2249 656 Hactenus
2269 600 2381 655 ille.

2037 689 2275 761 Septimi
2304 688 2432 744 libri
2461 688 2739 760 interpres
2765 691 2851 742 est
2877 687 3227 750 Paschasius,
3261 690 3324 746 S.
3374 690 3442 745 R.
3491 690 3553 745 E.

1964 778 2250 843 diaconus,
2288 778 2381 850 qui
2413 778 2598 849 [XLIII]
2628 776 2855 833 Martini
2873 777 3194 834 Dumiensis
3223 777 3442 836 abbatis
3470 795 3560 834 ro-

1960 874 2098 940 gatu
2119 885 2248 922 eum
2272 867 2572 922 Latinitate
2599 867 2845 921 donavit.

2032 959 2118 1012 Ita
2144 958 2352 1012 diserte
2378 957 2628 1029 praefatio
2652 956 2795 1010 libro
2824 956 2905 1010 illi
2933 957 3158 1027 prafixa
3183 957 3425 1028 praefert.
3455 959 3559 1014 Te-

1965 1052 2149 1101 statur
2177 1063 2398 1118 quoque
2425 1045 2748 1117 Sigebertus
2776 1062 2965 1117 supra,
2983 1062 3104 1118 cap.
3134 1045 3232 1102 118
3260 1064 3272 1099 :
3309 1065 3334 1098 ι
3367 1047 3558 1102 Marti-

1963 1153 2069 1190 nus
2098 1137 2390 1208 episcopus
2409 1135 2717 1201 transtulit,
2750 1152 2852 1206 per
2877 1151 3110 1189 manum
3131 1133 3413 1190 Paschasii
3441 1136 3558 1190 dia-

1963 1225 2106 1287 coni,
2130 1224 2683 1294 interrogationeset
2715 1224 3109 1296 responsiones
3130 1225 3402 1296 plurimas
3431 1242 3558 1280 san-

1963 1317 2182 1367 ctorum
2197 1313 2592 1385 {Egyptiorum
2605 1313 2837 1367 Patrum
2857 1313 2913 1366 in
2929 1311 3218 1367 Dumiensi
3230 1313 3501 1368 caenobio.
3529 1332 3553 1366 ι

2033 1403 2276 1456 Adverte
2307 1402 2416 1468 hic,
2441 1401 2642 1473 primo,
2663 1402 2803 1456 duos
2830 1401 3004 1456 fuisse
3024 1402 3352 1456 Paschasius
3377 1402 3558 1457 diaco-

1962 1506 2064 1545 nos
2093 1490 2181 1544 his
2210 1490 2557 1562 temporibus
2582 1507 2723 1561 pene
2751 1506 3020 1562 suppares
3053 1491 3203 1558 (nam
3226 1489 3558 1546 Paschasius

1965 1579 2267 1634 Ratbertus
2298 1579 2516 1634 duobus
2540 1579 2758 1634 saeculis
2777 1579 3056 1650 posterior
3071 1580 3130 1633 in
3149 1580 3299 1636 hunc
3325 1595 3556 1636 censum

1960 1669 2151 1723 venire
2162 1684 2273 1722 non
2291 1671 2514 1740 potest),
2537 1673 2840 1739 utrumque
2851 1668 3072 1740 scriptis
3086 1669 3319 1724 clarum.
3333 1669 3558 1726 Primus

1963 1763 2048 1812 est
2074 1757 2406 1811 Paschasius
2424 1757 2481 1811 S.
2503 1757 2569 1811 R.
2602 1757 2664 1811 Ε.
2688 1757 2972 1823 diaconus,
3011 1775 3037 1808 «
3069 1759 3229 1828 cujus
3257 1759 3556 1814 rectissimi

283 1844 550 1898 Romanae
578 1845 835 1899 Ecclesia:
865 1844 1157 1899 transtulit
1184 1844 1252 1899 de
1285 1846 1475 1899 Graeco
1505 1845 1564 1898 in
1591 1845 1874 1913 Latinum,
1900 1833 2063 1914 B(ait
2087 1853 2314 1900 sanctus
2331 1845 2636 1916 Gregorius
2661 1845 2752 1899 lib.
2787 1861 2842 1899 1v
2861 1845 3100 1917 Dialog.,
3118 1863 3242 1918 cap.
3264 1847 3356 1904 4ος
3391 1853 3448 1903 et
3464 1849 3552 1903 lu-

281 1931 346 1984 de
383 1932 519 1987 Vita
569 1939 627 1987 et
664 1933 939 1999 doctrina,
986 1938 1044 1988 et
1078 1933 1148 1986 de
1191 1933 1527 2004 perfectione
1555 1940 1880 1988 sanctorum

281 2023 513 2077 Patrum
545 2023 718 2077 libros
736 2038 844 2088 xw,
871 2023 1190 2077 scilicetzde
1206 2025 1456 2091 Profectu
1481 2023 1878 2077 monachorum

279 2112 370 2165 lib.
395 2125 412 2160 1
431 2131 449 2175 ;
481 2114 546 2165 de
570 2111 798 2180 Quiete,1
819 2129 832 2178 ;
853 2114 916 2167 de
945 2105 1386 2181 Uompunctione,
1414 2127 1463 2175 1;
1495 2114 1558 2166 de
1582 2113 1876 2166 Continen-

281 2204 376 2266 tia,
397 2217 412 2254 1
430 2220 450 2265 ;
471 2201 677 2255 Contra
695 2202 1144 2268 fornicationem,
1164 2215 1211 2268 1;
1239 2203 1389 2268 Quod
1412 2201 1710 2254 monachus
1728 2201 1875 2254 nihil

277 2291 462 2343 debeat
476 2291 770 2359 possidere.
797 2304 816 2343 1
838 2309 850 2356 ;
873 2291 1025 2358 Quod
1047 2291 1192 2344 nihil
1206 2305 1306 2359 per
1325 2292 1737 2343 ostentationem
1753 2291 1878 2356 ﬁeri

273 2378 478 2443 debeat,
514 2392 572 2444 1;
603 2381 674 2433 De
695 2382 971 2448 patient-ia
1000 2384 1050 2433 et
1077 2380 1436 2446 fortitudine,
1471 2393 1526 2445 1;
1569 2379 1720 2445 Quod
1762 2393 1875 2431 non

274 2471 522 2534 oporteat
542 2469 802 2536 judicare
818 2483 1168 2536 quemquam,
1202 2478 1259 2535 1;
1295 2469 1446 2535 Quod
1465 2471 1670 2536 oportet
1702 2467 1877 2520 sobrie

274 2559 474 2619 cie-ere,
510 2568 567 2622 1;
609 2557 762 2624 Quod
788 2558 907 2609 sine
942 2559 1354 2610 intermissione
1383 2561 1431 2610 et
1459 2557 1634 2610 sobrie
1671 2559 1875 2624 oportet

273 2661 454 2710 orare,
491 2659 544 2712 1;
578 2646 1004 2711 deﬂumititate,
1027 2659 1075 2713 1;
1104 2647 1168 2700 de
1197 2648 1542 2711 Pcenitentia,
1569 2659 1621 2712 1;
1651 2645 1875 2699 deOha-

273 2736 459 2799 ritate,
491 2746 511 2788 1
537 2751 553 2798 ;
584 2735 648 2787 de
676 2735 1048 2799 Providentia,
1080 2750 1174 2787 seu
1205 2735 1692 2802 ()ontemplatione,
1726 2746 1764 2786 1.
1796 2751 1824 2783 ι

342 2821 495 2875 Sexti
526 2819 656 2874 libri
685 2821 963 2892 interpres
991 2827 1078 2876 est
1103 2823 1348 2877 Joannes
1371 2822 1427 2875 S.
1460 2822 1525 2875 R.
1559 2821 1620 2875 E.
1654 2819 1874 2874 subdia-

273 2924 468 2963 conus.
1029 2978 1034 2982 _

339 2999 428 3052 Ita
446 3013 642 3052 omnes
664 2999 797 3053 Mss.
814 2997 1140 3069 Sigebertus
1159 3013 1347 3070 supra,
1367 3014 1487 3068 cap.
1512 2995 1609 3053 117
1629 3015 1640 3050 :
1661 3016 1683 3047 ε
1707 2998 1872 3051 Joan-

269 3102 365 3140 nes
390 3085 770 3141 subdiaconus
797 3087 1088 3141 transtulit
1114 3087 1182 3140 de
1213 3085 1404 3140 Graeco
1433 3085 1491 3139 in
1519 3085 1779 3139 Latinum
1801 3084 1871 3138 de

276 3173 404 3228 Vita
432 3178 492 3228 et
517 3173 780 3228 doctrina
810 3175 1039 3228 Patrum
1069 3173 1275 3228 librum
1302 3187 1338 3227 1.
1377 3191 1404 3226 ν

335 3262 500 3326 Quod
531 3278 666 3316 vero
690 3263 771 3316 ait
798 3262 1124 3332 Sigebertus
1152 3279 1188 3316 a
1219 3263 1433 3316 Joanne
1463 3261 1800 3316 translatum
1836 3277 1867 3315 e

267 3352 464 3405 Greco
473 3351 533 3406 in
550 3351 816 3406 Latinum
832 3353 1042 3405 librum
1054 3367 1233 3406 unum
1244 3389 1258 3417 ,
1271 3367 1400 3405 cum
1423 3356 1613 3405 tamen
1626 3356 1868 3422 quatuor

265 3439 483 3494 libellos
511 3440 886 3505 transtulerit,
920 3440 1105 3512 potuit
1131 3439 1238 3494 hoc
1265 3439 1564 3510 contigisse
1580 3439 1727 3511 quod
1743 3439 1864 3509 ipse

263 3527 324 3582 in
350 3529 464 3586 Ms.
498 3528 780 3594 inciderit,
810 3529 907 3600 qui
936 3529 1152 3584 libellos
1180 3529 1305 3583 illos
1355 3528 1476 3584 sine
1520 3528 1685 3583 titulo
1723 3527 1865 3582 indi-

265 3619 498 3673 stinctos
524 3616 906 3672 connectebat.
950 3617 1050 3672 Vel
1081 3619 1292 3673 librum
1320 3632 1502 3670 unum
1547 3616 1714 3687 capit,
1769 3615 1863 3686 qui

267 3713 510 3778 quatuor
535 3705 754 3763 libellos
776 3707 1045 3764 continet.

335 3795 579 3850 Adverte
622 3796 750 3867 quis
787 3800 980 3850 autem
1009 3793 1268 3865 Pelagius
1307 3780 1417 3858 hic,
1451 3793 1575 3866 quis
1620 3794 1864 3850 Joannes

269 3885 456 3952 fuerit,
486 3885 692 3940 merito
721 3885 896 3956 quaeri
919 3889 1122 3956 potest.
1155 3883 1229 3943 R.
1268 3883 1330 3938 P.
1351 3883 1625 3954 Georgius
1645 3884 1862 3939 Garne-

271 3973 384 4039 felt,
413 3973 558 4028 libro
584 3989 759 4046 supra
785 3972 974 4038 citato,
1003 3978 1194 4028 censet
1210 3972 1500 4043 Pelagium
1543 3972 1690 4027 hunc
1733 3979 1865 4028 ante

275 4064 328 4119 S.
355 4064 424 4118 R.
455 4064 513 4118 E.
547 4064 866 4129 diaconum,
895 4079 1024 4118 cum
1053 4063 1201 4117 hunc
1219 4061 1426 4116 librum
1447 4068 1707 4129 verteret,
1737 4069 1866 4135 post

275 4152 442 4207 fuisse
468 4154 788 4208 Romanum
818 4153 1140 4224 pontiﬁcem
1167 4151 1238 4206 ab
1267 4167 1414 4206 anno
1460 4152 1684 4207 Domini
1735 4152 1858 4221 555,

278 4258 450 4314 usque
477 4243 551 4297 ad
579 4253 792 4297 annum
820 4240 944 4299 559.
974 4258 1001 4293 (ί
1031 4241 1118 4295 Ad
1163 4241 1313 4312 quod
1354 4240 1729 4308 sentiendum,
1772 4242 1862 4296 in-

280 4333 411 4404 quit,
427 4332 538 4386 duo
561 4347 650 4386 me
667 4331 983 4404 impellunt,
1008 4331 1070 4385 1ο
1081 4331 1232 4402 quod
1249 4330 1421 4385 fuerit
1442 4331 1646 4402 linguae
1659 4332 1862 4387 Graecas

275 4419 682 4488 peritissimus;
724 4420 780 4474 2'
806 4418 954 4490 quod
994 4417 1176 4472 varias
1203 4417 1511 4489 legationes
1552 4419 1753 4475 obierit
1791 4420 1863 4474 ad

1961 1934 2170 1988 culenti
2201 1935 2270 1988 de
2298 1939 2491 1989 sancto
2523 1933 2736 2005 Spiritu
2782 1933 2911 1988 libri
2957 1940 3208 2002 exstant;
3246 1955 3271 1986 ι
3323 1936 3550 2007 quique,

1960 2022 2158 2077 eodem
2186 2027 2348 2088 teste,
2399 2039 2425 2073 α
2472 2022 2820 2093 temporibus
2868 2024 3191 2095 Symmachi
3236 2025 3555 2095 apostolicae

1958 2111 2107 2165 sedis
2138 2110 2388 2182 praesulis
2411 2111 2706 2165 defunctus
2725 2115 2828 2165 est.
2850 2131 2876 2164 ι)
2901 2112 3056 2167 Sedit
3082 2117 3271 2167 autem
3301 2114 3556 2185 Symma-

1957 2199 2094 2254 chus
2119 2199 2190 2252 ab
2219 2215 2366 2253 anno
2392 2198 2497 2256 499
2515 2199 2584 2254 ad
2606 2215 2816 2254 annum
2831 2200 3145 2272 515.Hujus
3165 2201 3338 2256 etiam
3359 2203 3556 2256 memi-

1958 2287 2043 2342 nit
2071 2287 2414 2358 Sigebertus,
2449 2288 2518 2341 de
2546 2288 2751 2342 illustr.
2785 2289 2926 2343 Eccl.
2961 2290 3254 2361 Scriptor.,
3288 2307 3410 2362 cap.
3464 2291 3546 2357 17,

1959 2382 2016 2430 et
2039 2377 2136 2431 alii
2166 2377 2524 2448 posteriores.
2544 2377 2646 2432 Hic
2664 2377 2814 2432 idem
2845 2384 2930 2433 est
2947 2379 3017 2432 ad
3045 2395 3212 2450 quem
3243 2379 3552 2452 Eugippius

1956 2465 2250 2537 presbyter
2278 2466 2467 2521 Vitam
2489 2466 2669 2521 sancti
2685 2467 2935 2521 Severini
2959 2467 3292 2523 Noricorum
3311 2469 3550 2540 apostoli

1956 2569 1991 2606 a
2017 2570 2077 2608 se
2094 2553 2466 2625 conscriptam
2482 2554 2815 2620 transmisit,
2845 2556 2895 2626 ej
2904 2572 3080 2627 usque
3096 2571 3344 2611 censurae
3365 2557 3550 2628 subje-

1955 2641 2049 2695 cit.
2080 2642 2225 2696 Nam
2255 2659 2480 2708 nomen,
2513 2647 2755 2714 tempus,
2793 2644 2947 2698 locus
2973 2650 3031 2698 et
3056 2661 3218 2699 sacra
3249 2645 3460 2701 functio
3491 2646 3550 2700 id

1956 2731 2174 2795 docent,
2206 2731 2288 2784 ait
2307 2730 2581 2786 Baronius
2617 2738 2772 2786 tomo
2800 2733 2874 2788 VI
2902 2734 3208 2788 Annalium
3237 2735 3306 2789 ad
3337 2749 3548 2789 annum

1955 2817 2078 2876 496.
2100 2820 2203 2874 Cui
2219 2819 2510 2891 respondit
2523 2820 2673 2875 idem
2694 2822 3045 2888 Paschasius,
3062 2839 3230 2894 quam
3253 2824 3548 2895 epistolam

1954 2908 2229 2963 Baronius
2257 2909 2465 2963 ibidem
2495 2909 2733 2964 exhibet.
2769 2911 2905 2965 Eam
2933 2912 3023 2965 hic
3053 2913 3448 2984 prolegomeno
3477 2913 3550 2971 25

1951 2995 2220 3052 invenies.
2255 2998 2542 3052 Secundus
2576 3005 2662 3053 est
2688 3000 3021 3055 Paschasius
3050 3001 3317 3056 diaconus
3355 3019 3548 3058 mona-

1952 3087 2107 3140 sterii
2133 3085 2452 3141 Dumiensis
2472 3087 2528 3141 in
2551 3087 2801 3150 Gallicis,
2827 3089 2921 3159 qui
2942 3071 3108 3144 suum
3128 3091 3335 3166 librum
3355 3093 3424 3146 de
3454 3092 3548 3147 Vi-

1889 3150 1932 3210 δ
1950 3175 2023 3229 tis
2053 3175 2306 3238 Patrum,
2333 3174 2427 3246 qui
2447 3176 2506 3230 in
2530 3177 2634 3230 hac
2656 3150 2900 3232 editione
2916 3179 3189 3249 septimus
3201 3163 3305 3244 est,
3326 3181 3545 3236 dedica-

1947 3263 2028 3318 vit
2049 3263 2295 3318 .Martino
2323 3263 2651 3336 presbytero
2682 3272 2740 3319 et
2767 3265 2957 3321 abbati
3009 3269 3340 3337 Dumiensi;
3382 3273 3544 3341 cujus

1948 3353 2174 3407 Martini
2205 3352 2420 3408 obitum
2451 3354 2755 3424 Gregorius
2783 3355 3144 3422 Turonensis,
3182 3357 3286 3415 lib.
3328 3374 3363 3411 v
3393 3359 3537 3413 Hist.

1947 3441 2180 3507 Franc.,
2213 3457 2335 3514 cap.
2370 3439 2438 3499 37
2467 3457 2616 3497 anno
2649 3442 3039 3499 bChildeberti
3058 3445 3301 3516 junioris
3321 3447 3538 3514 statuit,

1946 3531 2036 3585 cui
2064 3531 2339 3587 Baronius
2371 3536 2526 3587 tomo
2555 3531 2658 3588 VII
2687 3533 2995 3588 Annalium
3023 3549 3236 3590 annum
3276 3534 3378 3592 583
3408 3535 3543 3591 assi-

1942 3627 2098 3690 gnat.

2015 3709 2256 3765 Adverte
2285 3709 2548 3778 secundo,
2567 3709 2766 3766 iisdem
2787 3727 3009 3784 quoque
3026 3714 3374 3786 temporibus
3397 3714 3538 3772 duos

1944 3796 2114 3853 fuisse
2157 3798 2490 3870 Eugippios:
2540 3799 2697 3856 Unus
2747 3800 2935 3868 abbas,
2985 3803 3081 3874 qui
3123 3804 3349 3876 scripsit
3410 3825 3433 3858 ι
3465 3807 3540 3861 ad

1945 3887 2246 3958 quemdam
2273 3888 2636 3943 Paschasium
2666 3889 2965 3946 diaconum
2992 3893 3062 3947 de
3083 3893 3208 3948 Vita
3231 3894 3409 3951 sancti
3424 3911 3541 3951 mo-

1946 3976 2111 4030 nachi
2141 3977 2410 4044 Severini,
2445 3983 2502 4032 et
2528 3979 2733 4033 claruit
2759 3985 2886 4051 post
2926 3982 3279 4039 consulatum
3318 3986 3538 4058 Impor-

1944 4065 2067 4120 tuni
2093 4065 2354 4136 junioris,
2385 4067 2682 4122 Anastasio
2712 4067 3054 4141 imperatore
3088 4079 3381 4144 regnante,
3419 4091 3446 4128 ι
3475 4081 3540 4131 ut

1944 4154 2026 4208 ait
2053 4154 2301 4209 Isidorus
2329 4156 2400 4211 de
2426 4155 2631 4212 illustr.
2665 4158 2922 4214 Ecclesia:
2962 4159 3252 4233 Scriptor.,
3287 4179 3408 4236 cap.
3447 4163 3532 4222 13.

1946 4243 2162 4298 Claruit
2188 4244 2363 4315 igitur
2389 4245 2480 4300 hic
2507 4246 2678 4300 etiam
2707 4252 2832 4318 post
2860 4264 3072 4303 annum
3099 4251 3220 4317 509,
3267 4251 3326 4308 in
3367 4268 3535 4324 quem

1944 4332 2266 4387 consulatus
2289 4334 2602 4406 Importuni
2621 4351 2719 4390 seu
2748 4336 3062 4407 Opportuni
3083 4338 3294 4402 incidit.
3309 4341 3454 4396 Nam
3474 4341 3534 4396 in

1944 4421 2179 4492 epistola
2207 4439 2311 4477 sua
2345 4423 2523 4478 sancti
2554 4424 2803 4480 Severini
2833 4425 2972 4480 Vitae
3021 4428 3312 4498 prmmissa
3353 4429 3432 4485 ait
3474 4446 3534 4486 se

277 4506 569 4562 Ecclesiam
598 4507 966 4573 Orientalem,
998 4507 1069 4562 de
1098 4505 1300 4578 quibus
1346 4523 1512 4561 nemo
1557 4507 1856 4574 dubitabit,
1881 4509 2186 4569 Dscribere
2215 4510 2439 4566 biennio
2467 4517 2593 4584 post
2619 4514 2971 4570 consulatum
3001 4516 3335 4587 Importuni.
3374 4517 3533 4575 Alius

278 4595 367 4666 qui
403 4597 695 4650 consulere
721 4595 960 4650 voluerit
987 4593 1310 4661 Baron-ium,
1345 4594 1415 4649 ab
1447 4611 1597 4650 anno
1645 4593 1748 4652 538
1792 4598 1863 4653 ad

278 4699 479 4739 annum
513 4684 636 4741 555.
669 4685 730 4740 Id
759 4685 935 4756 igitur
956 4700 1288 4757 persuasum
1316 4683 1456 4738 mihi
1483 4683 1681 4751 habeo,
1715 4686 1864 4742 hunc

277 4773 559 4844 Pelagium
585 4773 644 4828 in
673 4774 827 4829 hisce
855 4773 1232 4845 legationibus
1258 4772 1518 4828 incidisse
1544 4774 1602 4827 in
1633 4791 1762 4829 eum
1791 4775 1860 4830 li-

278 4859 431 4917 brum
451 4863 710 4918 Graecum
735 4863 806 4918 de
834 4878 945 4934 quo
985 4862 1221 4917 Photius
1266 4862 1527 4917 meminit
1567 4862 1626 4917 in
1658 4863 1862 4920 Biblio-

273 4951 447 5017 theca,
477 4951 616 5007 Cod.
655 4950 780 5018 198,
815 4956 874 5006 et
912 4950 1062 5006 hunc
1101 4964 1290 5006 secum
1327 4951 1566 5006 Romam
1609 4968 1860 5025 compor-

273 5045 434 5105 tasse,
470 5039 793 5112 ibidemque
832 5038 1210 5095 transtulisse.
1249 5040 1325 5094 At
1365 5056 1496 5094 vero
1535 5055 1662 5096 cum
1715 5042 1861 5097 hanc

273 5129 580 5183 versionem
609 5128 966 5201 perduxisset
998 5143 1178 5199 usque
1225 5125 1295 5182 ad
1330 5127 1503 5184 libelli
1548 5145 1648 5184 seu
1683 5131 1860 5202 partis

273 5230 408 5272 m1
433 5233 556 5289 cap.
583 5217 657 5273 16
683 5219 770 5285 (ut
807 5222 895 5272 est
934 5217 994 5272 in
1039 5217 1222 5288 prima
1249 5216 1538 5287 editione),
1570 5234 1698 5272 mox
1734 5219 1858 5274 aliis

272 5307 507 5377 negotiis
518 5305 878 5380 praepeditus,
902 5319 1004 5362 seu
1025 5306 1215 5379 potius
1240 5305 1493 5362 Romana
1511 5307 1643 5363 sede
1659 5308 1862 5380 guber-

273 5395 454 5451 nanda
493 5401 785 5461 oneratus,
832 5395 1110 5470 reliquum
1151 5394 1424 5452 versionis
1464 5413 1606 5469 opus
1640 5397 1861 5455 videtur

270 5477 598 5556 imposuisse
623 5485 832 5542 Joanni
858 5480 1217 5554 subdiacono,
1240 5501 1407 5558 quem
1434 5485 1680 5542 arbitror
1705 5503 1860 5544 eum-

269 5571 393 5627 dem
422 5590 544 5631 esse
572 5576 673 5648 qui
700 5575 932 5647 Pelagio
949 5575 1009 5632 in
1037 5575 1302 5631 Romanae
1329 5575 1584 5631 Ecclesiae
1611 5577 1859 5650 primatu

271 5665 547 5723 Mt.
573 5666 663 5724 Ita
951 5669 1012 5724 et
1045 5665 1260 5741 opinor,
1274 5664 1324 5723 si
1355 5665 1490 5739 quid
1517 5665 1614 5723 alii
1649 5667 1857 5725 certius

1945 4598 2115 4653 etiam
2136 4598 2328 4667 abbas,
2350 4618 2376 4653 α
2409 4601 2504 4672 qui
2525 4601 2819 4658 deﬂoravit
2838 4602 3007 4657 libros
3027 4603 3205 4658 sancti
3234 4607 3533 4677 Augustini

1944 4687 2185 4761 episcopi
2210 4689 2606 4761 Hipponensis,
2637 4691 2853 4764 fuitque
2888 4688 3139 4764 tempore
3167 4695 3397 4750 secundi
3426 4696 3532 4752 Pe-

1943 4777 2094 4848 lagii,
2114 4783 2168 4831 et
2193 4777 2549 4851 imperatoris
2576 4779 2783 4834 Tiberii
2810 4780 3182 4848 Constantini,
3203 4801 3231 4836 e
3263 4788 3327 4838 ut
3341 4785 3535 4842 scribit

1943 4865 2264 4936 Sigebertus
2292 4867 2362 4922 de
2389 4868 2591 4923 illustr.
2625 4868 2884 4924 Ecclesiae
2925 4869 3215 4943 Scriptor.,
3263 4889 3385 4946 cap.
3439 4873 3527 4933 3'9.

1940 4953 2157 5010 Floruit
2173 4955 2348 5026 igitur
2374 4956 2470 5012 ille
2497 4957 2642 5011 circa
2671 4971 2884 5013 annum
2917 4957 3034 5015 580.

2011 5042 2088 5098 Ex
2117 5043 2204 5099 his
2231 5061 2380 5099 nunc
2398 5045 2560 5100 facile
2577 5045 2762 5116 colligi
2779 5053 2964 5123 potest
2997 5048 3163 5122 (quod
3194 5051 3368 5108 etiam
3394 5053 3533 5109 ami-

1939 5131 2161 5188 cissimo
2177 5133 2593 5190 Garnefeltioin
2621 5136 2867 5192 mm
2897 5142 3148 5207 venerat)
3161 5138 3530 5212 pesteriorem

1941 5220 2301 5276 Paschasium
2329 5223 2695 5295 interpretem
2719 5213 2841 5282 esse
2863 5225 2992 5282 libri
3022 5228 3276 5300 septimi;
3308 5231 3367 5287 in
3398 5247 3529 5289 eum

1939 5310 2092 5365 enim
2119 5311 2384 5367 saeculum
2411 5313 2640 5369 Martini
2667 5315 3005 5385 Dumiensis,
3026 5318 3116 5373 cui
3145 5331 3307 5375 suam
3326 5322 3532 5377 versio-

1939 5415 2070 5455 nem
2098 5395 2370 5468 inscribit,
2405 5403 2662 5474 quadrat.
2697 5404 2887 5478 Stylus
2905 5423 3126 5480 quoque
3154 5409 3276 5480 ejus
3304 5424 3417 5467 non
3445 5426 3531 5467 as-

1941 5489 2123 5560 surgit
2140 5489 2210 5544 ad
2229 5491 2432 5563 prioris
2447 5484 2732 5548 Paschasii
2751 5495 2979 5567 stylum.
2997 5495 3138 5552 Huic
3148 5498 3325 5570 priori
3343 5499 3528 5572 potius

1939 5578 2238 5636 tribuenda
2247 5582 2542 5638 translatio
2554 5583 2808 5639 Paradisi
2831 5584 3159 5640 Heraclidis.
3174 5585 3256 5642 De
3276 5603 3385 5659 quo
3404 5603 3531 5658 pro-

1936 5668 2230 5742 legomene
2263 5669 2352 5731 25.
2384 5671 2493 5740 Qui
2520 5677 2578 5730 et
2605 5671 2666 5729 Β.
2699 5673 2766 5730 R.
2805 5673 2869 5734 E.
2901 5673 3166 5732 diaconus
3195 5674 3365 5748 [XLIV]
3402 5673 3527 5743 fuit,
3551 5674 3563 5686 ”
