4046 6212
350 448 353 449 ν
412 399 475 457 51
868 390 885 398 ’
1312 401 1389 456 IN
1426 402 1636 457 VITAS
1672 402 1967 458 PATRUM
2002 401 2545 462 PROLEGOMENA
2579 407 2779 462 XXVI.

3615 404 3690 462 52

409 524 494 581 uti
514 525 787 581 habemus
808 524 1126 581 testimonio
1147 526 1324 580 sancti
1337 526 1593 596 Gregorii
1606 543 1792 598 supra.
1809 529 2433 600 Poste-Apraestiterit;
2467 536 2525 587 et
2553 549 2693 603 opus
2724 532 2848 602 ejus
2870 533 3027 585 certa
3055 533 3193 585 nota
3219 529 3505 601 designat,
3535 528 3689 600 quod

407 613 527 668 rior
554 614 725 669 etiam
753 614 1019 667 diaconus
1044 613 1151 667 fuit
1192 614 1251 667 in
1279 614 1528 669 coenobio
1558 615 1867 681 Dumiensi,
1899 616 1997 670 sed

409 702 604 758 dubito
632 719 705 756 an
734 702 905 755 etiam
934 701 990 755 S.
1009 702 1072 755 R.
1092 702 1152 756 E.
1169 702 1381 757 Vereor
1407 703 1557 758 enim
1575 720 1647 758 ne
1676 721 1741 757 ex
1769 705 1994 758 conclu-

405 790 562 845 sione
585 791 824 844 duorum
850 790 1296 852 Paschasiorum,
1327 793 1621 861 posteriori
1641 792 1839 847 titulus
1855 808 1993 862 quo-

407 895 515 948 que
545 877 747 948 prioris
775 878 1093 934 adhaeserit.
1124 881 1307 950 Atque
1336 880 1418 935 ita
1444 880 1797 951 impressum,
1845 881 1994 951 quod

404 971 624 1022 mutare
643 967 892 1022 nondum
923 985 1047 1023 sum
1077 985 1266 1023 ausus.

477 1053 670 1110 Octavi
697 1055 846 1121 libri,
880 1057 975 1127 qui
1005 1074 1040 1111 a
1065 1057 1316 1113 Palladio
1333 1058 1521 1114 Graece
1550 1059 1995 1130 scriptus,inter-

404 1158 535 1213 pres
563 1148 650 1199 est
669 1144 980 1201 Gentianus
1001 1146 1292 1214 Hervetus,
1325 1148 1623 1202 canonicus
1642 1148 1993 1213 Rhemensis,

406 1230 504 1302 qui
535 1233 864 1302 praeclaram
875 1250 1102 1305 operam
1115 1236 1377 1307 praestitit
1390 1237 1448 1291 in
1462 1238 1566 1292 hoc
1586 1238 2013 1308 interpretandi

401 1336 627 1391 genere.
1736 1382 1751 1394 ι

475 1410 719 1466 Adverte
747 1410 839 1467 hic
865 1416 982 1467 tres
1009 1412 1258 1469 diversas
1286 1430 1407 1469 esse
1448 1415 1685 1470 Palladii
1727 1415 1999 1470 editiones

406 1497 641 1554 diversis
665 1498 1087 1571 interpretibus.

478 1587 671 1642 Prima
696 1592 783 1643 est
809 1604 931 1658 quae
960 1589 1167 1659 prodiit
1184 1590 1305 1661 ipso
1331 1593 1715 1663 typographiae
1743 1592 1999 1647 tirocinio

406 1674 469 1730 in
495 1675 680 1747 prima
709 1676 952 1731 editione
973 1677 1229 1731 Vitarum
1255 1678 1508 1745 Patrum,
1542 1680 1638 1735 ubi
1668 1681 1865 1735 nullus
1886 1698 2002 1736 cer-

406 1768 502 1819 tus
538 1764 817 1835 interpres
845 1764 1183 1835 assignatur.
1218 1768 1320 1821 Hic
1359 1768 1502 1823 liber
1535 1769 1594 1823 in
1637 1770 2000 1840 sequentibus

405 1851 744 1906 editionibus
775 1851 1032 1908 Vitarum
1057 1855 1288 1910 Patrum
1321 1857 1559 1912 omissus
1588 1863 1691 1925 est,
1724 1859 1822 1912 sed
1851 1875 1999 1913 anno

410 1939 543 1997 1547
572 1957 767 1996 rursus
786 1957 910 1995 eam
926 1940 984 1996 in
1003 1958 1106 1997 sua
1119 1943 1381 2011 editione,
1414 1962 1535 2016 quae
1555 1947 1798 2002 Coloniae
1820 1947 2000 2001 lucem

403 2028 544 2082 vidit
564 2029 713 2099 apud
727 2029 1019 2101 Jasparem
1030 2032 1426 2104 Gennepaeum,
1445 2034 1723 2089 revocavit
1742 2036 1800 2089 F.
1826 2036 2003 2090 Theo-

406 2116 629 2171 dericus
657 2118 841 2172 Loher
860 2134 894 2173 a
925 2120 1128 2173 Stratis
1157 2122 1580 2179 Carthusianus.

478 2205 734 2261 Secunda
763 2212 850 2262 est
877 2224 1000 2279 quae
1029 2209 1238 2279 prodiit
1266 2210 1496 2265 Parisiis
1524 2212 1672 2282 apud
1726 2214 1998 2267 Joannem

406 2295 674 2359 Parvum,
690 2311 782 2350 an.
796 2295 957 2361 1504,
972 2303 1230 2352 curatore
1241 2298 1448 2353 Jacobo
1463 2300 1643 2355 Fabro
1657 2302 1997 2372 Stapulensi.

407 2383 516 2439 Sed
546 2383 664 2439 haec
692 2384 866 2438 alium
893 2385 1122 2440 titulum
1153 2387 1500 2453 (inscribitur
1522 2389 1673 2443 enim
1701 2391 2002 2444 Paradisus

405 2471 738 2535 Heraclidis)
758 2475 1012 2544 praefert;
1038 2479 1096 2529 et
1114 2475 1308 2541 alium,
1322 2477 1599 2533 incertum
1624 2480 1834 2549 pariter
1854 2480 2003 2533 exhi-

404 2561 502 2617 bet
529 2562 914 2632 interpretem,
946 2579 1070 2633 quae
1091 2565 1287 2619 eadem
1316 2566 1553 2623 Palladii
1582 2569 1806 2638 praefixo
1835 2568 2002 2623 titulo

406 2652 602 2719 postea
626 2646 834 2717 prodiit
860 2646 1112 2702 Venetiis
1140 2664 1288 2703 anno
1313 2650 1537 2706 Domini
1572 2651 1727 2719 1554,
1760 2658 1894 2706 tom.
1918 2652 2003 2707 IlI

406 2735 477 2789 de
498 2733 644 2788 Vitis
671 2733 1004 2788 Sanctorum
1025 2751 1125 2805 per
1140 2736 1434 2807 Aloysium
1452 2738 1822 2809 Lipomanum
1843 2740 2004 2794 colle-

407 2823 532 2878 ctis.
565 2822 795 2877 Curavit
816 2827 1007 2877 autem
1035 2824 1181 2878 hanc
1193 2824 1498 2880 editionem
1524 2842 1696 2899 Opera
1722 2828 2001 2883 Francisci

405 2912 609 2967 Torres
637 2911 877 2966 conferri
913 2928 1042 2967 cum
1069 2913 1172 2967 Ms.
1206 2915 1510 2986 exemplari
1566 2915 1820 2982 Palladii,
1856 2918 2004 2988 quod

406 2999 657 3055 Venetiis
676 3005 763 3055 est
770 3000 829 3054 in
844 2999 1190 3056 Bibliotheca
1206 3002 1502 3059 cardinalis
1511 3004 1978 3076 Bessarionis,qui
1988 3045 2003 3075 ,

408 3095 478 3145 ut
507 3089 590 3144 ait
611 3088 973 3160 Lipomanus,
1002 3082 1032 3142 ἀ
1065 3106 1099 3145 a
1125 3091 1309 3162 capite
1330 3093 1402 3146 ad
1423 3093 1631 3148 calcem
1659 3110 1837 3166 usque
1856 3101 2009 3150 utro-

2079 618 2137 672 in
2166 636 2233 673 ea
2263 627 2468 691 agatur
2493 626 2611 675 tam
2641 622 2712 676 de
2740 619 3072 676 mulieribus
3112 636 3283 690 quam
3309 619 3466 673 viris.
3501 618 3685 673 Πάντα

2078 706 2131 759 δὲ
2159 703 2367 778 ἀκριϐῶς
2396 712 2505 780 περὶ
2536 708 2696 763 αὐτῶν
2727 709 2972 777 διεξῆλθεν
3002 730 3014 742 υ
3042 706 3090 761 ἐν
3189 709 3271 761 καὶ
3298 713 3544 779 γυναικῶν
3571 703 3687 778 ἐφά-

2079 796 2252 866 μιλλον
2283 806 2382 859 τοῖς
2420 800 2790 869 προειρημένοις
2822 795 3194 868 ἐπανελομένων
3224 798 3329 866 βίον
3363 799 3560 868 μνήμην
3589 813 3686 847 πε-

2076 886 2274 951 ποίηται
2308 902 2319 937 :
2361 906 2382 937 ι
2417 887 2640 953 Omnia,
2673 903 2796 958 quae
2826 886 2898 941 ad
2928 903 3025 941 eos
3054 890 3330 957 spectant,
3364 884 3426 939 in
3453 900 3520 938 eo
3550 888 3686 938 sunt

2075 980 2333 1029 accurate
2363 976 2672 1046 explicata..
2688 977 2753 1030 In
2773 992 2883 1047 quo
2905 975 3076 1030 etiam
3105 974 3176 1028 de
3187 972 3542 1037 mulieribus,
3557 989 3684 1043 qua:

2079 1079 2274 1133 parem
2306 1064 2524 1118 vivendi
2555 1064 2831 1118 rationem
2859 1080 2989 1118 cum
3016 1063 3150 1118 viris
3177 1079 3353 1134 supra
3390 1060 3554 1116 dictis
3584 1076 3685 1115 ex-

2079 1151 2356 1215 colebant,
2391 1169 2575 1207 sermo
2604 1157 2898 1224 susceptus
2917 1157 3023 1207 est.
3055 1170 3078 1203 ι
3107 1151 3283 1222 Atqui
3309 1144 3430 1205 tam
3460 1150 3531 1204 de
3559 1165 3685 1203 mu-

2078 1240 2311 1294 lieribus
2337 1257 2504 1311 quam
2526 1240 2659 1295 viris
2687 1241 2860 1295 habes
2889 1241 2949 1295 in
2979 1240 3283 1295 Hervetina
3301 1238 3547 1294 editione
3566 1237 3687 1308 ple-

2079 1328 2225 1395 nius,
2242 1346 2369 1383 cum
2382 1330 2439 1384 in
2455 1330 2581 1384 aliis
2592 1329 2930 1384 editionibus
2941 1345 3244 1400 perparum
3260 1329 3333 1383 de
3350 1324 3686 1382 mulieribus

2079 1422 2372 1472 tractetur.
2406 1418 2545 1472 Vide
2565 1434 2737 1489 supra
2758 1419 3207 1488 Prolegomenon
3226 1414 3280 1483 4,
3315 1415 3344 1489 §
3366 1415 3416 1470 3.

2154 1526 2205 1579 N
2207 1525 2299 1579 oni
2326 1524 2452 1578 libri
2473 1525 2752 1596 interpres
2770 1530 2857 1593 est
2872 1525 3023 1579 idem
3043 1524 3360 1578 Gentianus
3379 1523 3681 1587 Hervetus,

2082 1632 2204 1687 qua:
2234 1631 2360 1669 cum
2380 1614 2683 1686 superioris
2696 1613 2826 1667 libri
2850 1612 3318 1685 interpretatione
3338 1628 3452 1667 una
3467 1611 3681 1684 prodit.

2150 1722 2411 1793 Aloysius
2430 1721 2792 1793 Lipomanus,
2818 1726 2970 1775 tomo
2994 1721 3046 1776 ΙΙ
3066 1720 3137 1774 de
3154 1720 3301 1774 Vitis
3319 1720 3679 1782 Sanctorum,

2083 1826 2231 1865 anno
2260 1809 2399 1866 1553
2429 1810 2679 1864 Venetiis
2708 1809 2879 1875 edito,
2896 1809 3067 1864 inseri
3087 1809 3304 1863 curavit
3330 1809 3480 1864 hunc
3502 1808 3685 1862 Theo-

2082 1900 2261 1954 doreti
2290 1899 2514 1965 librum,
2547 1898 2853 1970 interprete
2873 1898 3130 1953 Alberico
3159 1898 3352 1967 Longo
3366 1896 3682 1967 Salentino,

2084 2004 2251 2059 quem
2289 2005 2323 2041 a
2348 1988 2465 2042 viro
2490 1987 2651 2041 docto
2671 1986 2922 2042 Tridenti
2947 1990 3145 2041 nactus
3158 1986 3363 2040 fuerat.

2011 2114 2059 2172 Β
2146 2094 2355 2148 Decimi
2366 2093 2492 2147 libri
2504 2094 2780 2165 interpres
2793 2098 2877 2149 est
2886 2092 3219 2147 Ambrosius
3230 2090 3685 2146 Camaldulensis

2081 2181 2273 2236 abbas.
2289 2184 2375 2238 Ita
2390 2183 2541 2236 enim
2564 2183 2621 2236 in
2641 2182 2947 2254 apostolica
2958 2181 3307 2236 Bibliotheca
3326 2196 3391 2251 se
3399 2179 3682 2235 invenisse

2079 2276 2325 2325 testatur
2350 2271 2609 2342 Aloysius
2636 2271 2962 2343 praefatione
2973 2270 3342 2336 adlectorem,
3359 2267 3685 2339 quiprimus

2085 2376 2215 2414 eum
2241 2360 2331 2414 edi
2358 2360 2573 2414 curavit
2600 2366 2753 2415 tomo
2778 2360 2879 2414 VII
2909 2359 2979 2413 de
3001 2358 3147 2413 Vitis
3181 2359 3536 2413 Sanctorum.

2157 2466 2343 2521 Dices:
2378 2468 2622 2521 Joannes
2641 2466 2936 2531 Diaconus,
2970 2469 3165 2537 postea
3192 2464 3483 2519 Romanus
3501 2463 3685 2536 ponti-

2085 2555 2192 2621 fex,
2228 2555 2287 2609 in
2318 2561 2515 2627 quarto
2545 2555 2704 2619 libro,
2735 2571 2903 2625 quem
2946 2554 3016 2608 de
3059 2553 3209 2607 beati
3255 2552 3512 2623 Gregorii
3553 2552 3689 2606 Vita

2087 2645 2325 2716 scripsit,
2357 2645 2489 2698 dum
2529 2661 2649 2715 cap.
2683 2641 2751 2699 63
2780 2641 3078 2698 voluminis
3120 2643 3292 2712 hujus
3335 2641 3685 2695 mentionem

2085 2734 2241 2800 facit,
2266 2732 2603 2787 recensendo
2621 2731 2875 2786 mirabile
2890 2731 3146 2802 ejusdem
3167 2729 3517 2785 sanctissimi
3548 2746 3687 2800 pon-

2085 2823 2251 2877 tiﬁcis
2281 2822 2508 2886 factum,
2541 2838 2601 2875 se
2630 2821 2998 2892 interpretem
3026 2820 3343 2891 proﬁtetur.
3373 2818 3471 2873 Ait
3497 2818 3683 2884 enim;

2090 2930 2117 2963 ‹‹
2161 2912 2270 2966 Sed
2296 2928 2366 2965 ne
2396 2910 2527 2965 solis
2548 2909 2731 2963 verbis
2759 2909 2905 2964 tanti
2924 2908 3181 2981 praesulis
3198 2907 3490 2963 humilitas
3509 2907 3687 2962 incul-

2087 2999 2202 3054 cari
2232 2999 2510 3064 credatur,
2533 3002 2864 3069 superestut
2881 3014 2948 3052 ex
2967 2997 3292 3052 Graecorum
3317 2994 3687 3050 relationibus

2089 3105 2124 3143 a
2150 3105 2241 3143 me
2269 3104 2449 3159 nuper
2475 3086 2859 3158 interpretatis
2888 3086 3086 3141 eadem
3104 3084 3289 3140 Patris
3307 3083 3600 3139 humilitas
3611 3084 3688 3138 vi-

410 3195 519 3249 que
547 3178 751 3233 collato
780 3178 1084 3246 volumine,
1108 3179 1258 3235 hunc
1304 3183 1563 3237 eumdem
1606 3200 1834 3254 prorsus
1878 3185 2064 3245 cumc
2088 3178 2170 3233 vis
2198 3176 2460 3248 operibus
2489 3176 2922 3241 demonstretur,
2955 3174 3014 3229 in
3062 3172 3266 3245 quibus
3305 3172 3562 3228 videlicet
3605 3173 3689 3228 ita

408 3267 507 3324 illo
533 3266 763 3339 reperit,
786 3267 980 3339 paucis
1001 3268 1358 3340 quibusdam,
1383 3271 1566 3343 iisque
1585 3274 1870 3345 perexigui
1891 3290 2007 3328 mo-

410 3355 608 3422 menti,
630 3355 963 3412 immutatis.
978 3357 1199 3414 Titulus
1218 3360 1390 3415 etiam
1405 3360 1777 3434 discrepabat,
1793 3369 1851 3418 et
1868 3379 2007 3418 nun-

358 3444 369 3449 ’
410 3445 703 3518 cupatoria
730 3446 989 3518 epistola,
1010 3464 1133 3519 quae
1148 3465 1263 3504 non
1284 3448 1353 3504 ab
1376 3450 1672 3506 Heraclide
1683 3452 2008 3506 Alexandri-

410 3552 505 3604 no,
525 3535 624 3591 sed
643 3551 679 3589 a
701 3535 952 3591 Palladio
974 3536 1340 3608 Cappadociae
1351 3539 1627 3610 episcopo,
1649 3540 1846 3595 licetin
1857 3545 2009 3595 utro-

413 3640 523 3696 que
566 3623 851 3679 volumine
894 3624 966 3677 ad
997 3625 1243 3679 Lausum
1290 3626 1498 3697 scripta
1545 3627 1846 3682 videretur.
1907 3629 2008 3683 His

412 3711 592 3783 igitur
602 3711 797 3783 paucis
806 3711 1019 3766 locellis
1038 3714 1301 3768 correctis
1309 3757 1321 3779 ,
1335 3719 1393 3768 et
1404 3715 1476 3769 ad
1487 3715 1906 3771 emendatissim
1915 3722 2009 3772 um

413 3800 681 3869 codicem,
717 3819 741 3851 ›
773 3805 838 3854 ut
867 3799 1225 3857 existimabat
1244 3802 1603 3874 Lipomanus,
1634 3823 1663 3857 α
1684 3805 1943 3873 redactis,
1977 3825 2004 3859 »

411 3887 622 3945 librum
644 3888 806 3943 illum
820 3894 973 3944 temo
1003 3889 1084 3946 ῙῙΙ
1114 3890 1183 3946 de
1212 3891 1358 3948 Vitis
1387 3892 1719 3949 Sanctorum
1749 3894 2005 3951 inseruit.

483 3977 676 4034 Tertia
694 3984 797 4045 est,
830 3993 1000 4050 quam
1022 3979 1115 4034 hic
1135 3979 1356 4048 damus,
1390 3998 1671 4054 quamque
1694 3999 1796 4039 suo
1816 3985 1962 4055 stylo
1977 4001 2007 4039 e

414 4067 610 4138 Graeco
628 4072 790 4122 textu
807 4067 1103 4123 adornavit
1113 4068 1372 4126 Historiae
1382 4071 1550 4126 Lausi
1556 4087 1669 4127 acze
1685 4072 1851 4128 titulo
1865 4073 2008 4128 Gen-

412 4156 606 4213 tianus
624 4155 918 4223 Hervetus,
954 4161 1011 4212 et
1022 4153 1255 4213 Parisiis
1267 4158 1516 4230 vulgavit
1532 4160 1851 4216 Bernardus
1862 4162 2007 4216 Tur-

411 4246 637 4303 risanus
665 4260 812 4300 anno
845 4243 999 4314 1555,
1023 4262 1147 4318 quae
1174 4263 1371 4303 rursus
1391 4248 1601 4319 prodiit
1625 4248 1833 4304 ibidem
1860 4250 2009 4322 apud

415 4335 781 4392 Guilielmum
792 4333 1210 4403 Chaudierium,
1228 4352 1376 4392 anno
1391 4334 2010 4404 1570,annotationibus

2086 3267 2361 3322 refertur:
2390 3265 2686 3321 Enarravit
2700 3264 2861 3320 nobis
2888 3263 3062 3319 abbas
3081 3265 3325 3320 Joannes
3346 3263 3536 3330 Persa,
3560 3278 3688 3318 san-

2088 3362 2210 3410 ctus
2238 3360 2296 3410 et
2315 3355 2665 3410 venerandus
2683 3354 2770 3408 vir
2795 3354 3058 3418 existens,
3086 3352 3158 3407 de
3180 3353 3385 3423 Magno
3413 3351 3687 3422 Gregorio

2087 3444 2410 3499 beatissimo
2430 3460 2578 3515 papa
2604 3444 2876 3507 Romano,
2909 3441 3134 3496 dicens:
3169 3439 3449 3506 Quoniam
3480 3439 3557 3495 ivi
3581 3440 3690 3495 Ro-

2088 3550 2241 3588 mam
2270 3533 2342 3587 ad
2368 3532 2687 3588 adorandos
2713 3530 2925 3586 loculos
2953 3534 3276 3585 sanctorum
3305 3528 3689 3600 apostolorum

2088 3622 2240 3678 Petri
2255 3627 2312 3677 et
2324 3621 2483 3676 Pauli
2499 3639 2510 3674 :
2529 3626 2710 3675 etuna
2724 3619 2944 3675 dierum
2953 3663 2966 3685 ,
2981 3635 3110 3674 cum
3121 3623 3331 3673 starem
3346 3617 3407 3672 in
3416 3617 3602 3672 medio
3618 3616 3693 3671 ci-

2087 3711 2462 3776 vitatis,video
2479 3727 2682 3781 papam
2697 3708 3034 3779 Gregorium
3052 3724 3156 3780 per
3176 3724 3266 3762 me
3286 3705 3686 3773 transiturum,
3740 3758 3762 3765 -

2091 3805 2148 3855 et
2182 3800 2421 3871 cogitavi
2450 3814 2540 3853 me
2570 3794 2795 3853 mittere
2822 3802 2952 3853 ante
2968 3813 3118 3853 eum.
3153 3797 3295 3851 Cum
3325 3811 3461 3865 ergo
3488 3811 3688 3866 appro-

2089 3891 2418 3962 pinquasset
2436 3886 2574 3942 mihi
2602 3903 2766 3959 papa,
2790 3886 2983 3942 videns
3006 3885 3140 3958 quia
3156 3888 3541 3957 pergerem,ut
3555 3883 3685 3939 mit-

2088 3985 2266 4034 terem
2296 3994 2386 4033 me
2411 3981 2543 4031 ante
2562 3991 2720 4044 eum;
2754 3975 2899 4031 sicut
2925 3990 3115 4030 coram
3134 3973 3253 4035 Deo
3282 3973 3424 4040 dico,
3454 3971 3678 4040 fratres,

2089 4067 2303 4140 primus
2331 4066 2486 4121 misit
2514 4082 2574 4120 se
2598 4069 2728 4120 ante
2756 4081 2846 4118 me
2872 4081 3044 4135 super
3064 4069 3296 4130 terram,
3329 4067 3387 4118 et
3409 4078 3523 4118 non
3547 4066 3680 4117 ante

2089 4156 2348 4224 surrexit,
2380 4172 2549 4227 quam
2579 4170 2681 4225 ego
2706 4153 2859 4226 prior
2897 4169 3207 4225 surgerem,
3240 4156 3298 4207 et
3323 4151 3682 4223 amplexatus

2090 4263 2181 4301 me
2209 4262 2337 4301 cum
2357 4260 2565 4316 magna
2582 4243 2920 4309 humilitate,
2936 4241 3139 4298 tribuit
3164 4240 3306 4297 mihi
3328 4258 3431 4312 per
3447 4256 3683 4296 manum

2090 4335 2435 4390 numismata
2460 4332 2590 4401 tria,
2620 4338 2677 4387 et
2699 4332 2871 4404 jussit
2894 4331 3032 4395 mihi
3061 4331 3184 4387 dari
3221 4330 3469 4396 casulam
3497 4334 3555 4385 et
3579 4344 3683 4384 ne-

415 4424 752 4499 quibusdam
764 4423 1169 4495 marginalibus
1180 4426 1661 4496 perFr.Thomam
1675 4427 2011 4483 Beauxamis
2030 4496 2061 4499 _
2092 4424 2379 4479 cessitates
2400 4438 2556 4479 meas
2584 4437 2797 4476 omnes.
2831 4419 3148 4476 Gloriﬁcavi
3174 4437 3308 4491 ergo
3333 4419 3537 4486 Deum,
3585 4416 3684 4489 qui

415 4496 782 4571 Carmelitam
818 4511 1105 4566 doctorem
1144 4512 1475 4583 theologum
1521 4516 1837 4584 illustrata;
1887 4533 2009 4587 quae
2028 4496 2321 4568 Ddonavit
2338 4512 2389 4566 ei
2417 4512 2588 4566 talem
2618 4510 2996 4565 humilitatem
3026 4507 3196 4580 [XLVI]
3225 4507 3374 4563 circa
3394 4523 3610 4574 omnes,
3628 4511 3689 4562 et

412 4603 648 4675 insuper
674 4599 965 4658 Laurentii
991 4600 1286 4656 Barrensis
1312 4602 1537 4658 scholiis
1552 4610 1735 4671 aucta,
1751 4604 2011 4660 Historiae

414 4690 752 4747 Christianae
770 4696 1026 4746 veterum
1037 4690 1273 4756 Patrum
1286 4689 1501 4746 inserta
1518 4697 1605 4747 est
1613 4692 1843 4748 Parisiis
1862 4693 2011 4764 apud

412 4778 745 4834 Michaelem
788 4779 1080 4847 Sonnium,
1109 4794 1257 4834 anno
1276 4777 1438 4849 1583,
1458 4779 1598 4836 item
1616 4785 1769 4837 tomo
1798 4782 1900 4836 VII
1924 4781 2013 4835 Bi-

411 4866 702 4924 bliothecae
731 4866 811 4922 SS
824 4911 838 4925 .
877 4868 1110 4925 Patrum
1124 4912 1137 4926 .

489 4954 650 5023 Quod
670 4954 718 5009 si
737 4954 863 5027 quis
888 4961 946 5011 et
955 4961 1218 5028 quartam
1229 4956 1468 5014 Palladii
1491 4956 1796 5014 editionem
1816 4960 2008 5015 venari

417 5045 567 5114 velit,
599 5059 715 5101 non
743 5059 1085 5117 magnopere
1115 5047 1265 5121 ίαν]
1293 5047 1348 5103 ei
1370 5046 1738 5104 laborandum
1763 5048 1887 5103 erit.
1923 5050 2012 5104 In-

416 5133 604 5191 veniet
626 5133 779 5190 enim
793 5131 1100 5204 Ruﬂinum,
1120 5135 1564 5194 minutissimum
1584 5136 1821 5193 Palladii
1841 5137 2013 5192 inter-

414 5228 655 5297 pretem,
685 5224 736 5279 si
762 5237 897 5278 vera
929 5227 1017 5279 est
1042 5224 1366 5295 conjectura
1408 5243 1579 5299 quam
1613 5227 2009 5298 prolegomeno

410 5310 501 5388 4§
529 5311 567 5373 2
593 5317 651 5369 et
683 5311 749 5371 10
777 5311 1171 5385 expressimus.

486 5402 715 5468 Quares
732 5418 856 5475 quae
878 5418 946 5457 ex
971 5402 1063 5457 his
1089 5400 1164 5458 sit
1175 5417 1449 5474 germana
1469 5404 1706 5461 Palladii
1726 5405 1963 5462 historia
1984 5406 2009 5460 Ἰ

412 5491 743 5566 Respondeo
768 5510 781 5547 :
811 5491 1157 5561 Videturilla
1174 5507 1345 5565 quam
1369 5493 1643 5551 Hervetus
1654 5495 1848 5553 edidit.
1862 5497 2010 5552 Nam

416 5583 691 5649 Socrates,
715 5578 813 5653 lib.
839 5594 917 5649 Iv,
949 5597 1072 5655 cap.
1102 5578 1188 5649 18,
1219 5581 1300 5638 ait
1316 5596 1377 5638 se
1400 5585 1765 5657 supersedere
1785 5586 1883 5641 SS.
1906 5585 2010 5640 Pa-

2093 4602 2525 4669 eleemosvnam,
2551 4605 2608 4654 et
2622 4598 2976 4658 charitatem.
2993 4619 3016 4650 ι
3038 4598 3218 4663 Quam
3239 4596 3495 4652 eamdem
3515 4595 3689 4650 histo-

2092 4690 2237 4746 riam
2280 4689 2530 4745 invenies
2574 4688 2665 4744 hic
2711 4704 2836 4760 cap.
2885 4686 3010 4746 151.
3062 4685 3395 4759 Respondeo
3443 4684 3688 4740 inveniri

2094 4779 2321 4852 quidem
2349 4795 2475 4834 eam
2504 4794 2571 4833 eo
2601 4779 2741 4844 loco,
2776 4775 2875 4832 sed
2901 4773 3086 4831 verbis
3122 4774 3268 4843 aliis,
3307 4778 3374 4831 ut
3405 4773 3689 4846 dupliCem

2092 4869 2458 4940 interpretem
2487 4867 2655 4922 liceat
2671 4881 2992 4937 agnoscere.

2163 4959 2373 5013 Verum
2402 4957 2682 5027 interpres
2707 4955 2814 5011 iste
2834 4971 2947 5011 non
2973 4952 3081 5010 fuit
3102 4953 3347 5017 Joannes
3382 4952 3683 5019 Diaconus,

2095 5049 2194 5103 sed
2221 5049 2344 5118 ejus
2372 5050 2698 5119 praeceptor,
2730 5049 2798 5100 ut
2822 5044 2943 5116 ipse
2973 5043 3123 5098 clare
3166 5039 3435 5114 exprimit
3470 5040 3570 5097 lib.
3619 5054 3683 5108 II,

2093 5153 2215 5209 cap.
2242 5135 2332 5203 45,
2360 5135 2501 5191 Vitae
2529 5134 2708 5190 sancti
2727 5131 3015 5205 Gregorii;
3046 5131 3128 5187 ait
3154 5129 3306 5186 enim
3332 5149 3344 5186 :
3379 5149 3407 5185 α
3438 5131 3519 5186 Ex
3545 5129 3688 5184 libro

2095 5227 2188 5298 qui
2206 5242 2241 5280 a
2255 5225 2461 5281 Graecis
2478 5224 2686 5294 Λειμων
2703 5221 2967 5289 dicitur,a
2979 5220 3196 5277 Latinis
3207 5236 3338 5276 vero
3352 5218 3693 5290 intelligitur

2093 5314 2338 5388 Campus
2366 5314 2451 5369 vel
2478 5313 2731 5379 Pratum,
2748 5314 3057 5383 prteceptor
3081 5325 3241 5367 meus
3259 5308 3410 5365 inter
3435 5308 3551 5365 alia
3566 5313 3689 5371 toto

2093 5404 2226 5460 orbe
2240 5405 2361 5476 jam
2380 5403 2670 5459 diﬂ‘amata
2686 5399 2961 5463 miracula
2986 5399 3391 5473 interpretatus
3419 5402 3525 5466 est,
3550 5397 3690 5455 mihi

2093 5493 2359 5560 scribens,
2395 5511 2422 5546 ι)
2450 5496 2562 5551 etc.
2588 5491 2776 5557 Quare
2802 5493 2954 5553 recte
2970 5489 3033 5547 in
3051 5490 3336 5563 plerisque
3347 5486 3689 5550 editionibus

2084 5587 2192 5650 est,
2205 5600 2269 5639 ea;
2279 5583 2591 5640 Grecorum
2603 5580 2970 5637 relationibus
2985 5581 3156 5637 adma
3166 5595 3347 5651 nuper
3356 5580 3689 5648 interpreta-

593 5670 751 5735 Vitas
778 5669 1112 5742 describere,
1148 5672 1297 5746 quod
1344 5672 1403 5732 id
1456 5673 1741 5747 Palladius
1784 5673 2008 5732 abunde
2038 5722 2045 5727 .
2082 5676 2191 5741 tis;
2220 5688 2334 5730 non
2358 5689 2395 5730 a
2423 5688 2526 5740 me,
2549 5675 2613 5729 ut
2638 5685 2754 5734 non
2773 5673 2927 5752 recte
2949 5670 3156 5737 citetur
3169 5673 3302 5729 ante
3324 5668 3561 5733 Pratum
3574 5666 3690 5743 spi-
