3990 6194
319 354 391 412 53

1575 346 2172 410 PROLEGOMENON
2206 343 2324 403 XV.

3516 344 3591 404 54

315 478 517 538 rituale
554 476 819 537 editionis
845 476 1194 537 Coloniensis
1208 478 1358 554 quod
1387 495 1455 538 ex
1469 477 1694 536 ofﬁcina
1717 478 1913 536 Birck-
1933 479 1981 538 A
1999 476 2234 533 Patrum
2273 470 2614 529 testimoniis
2652 473 2742 529 usi
2786 478 2937 542 sunt,
2968 479 3173 547 praeter
3202 493 3269 534 ea
3311 495 3434 551 quae
3469 479 3588 535 suis

315 570 579 626 mannica
604 569 833 642 prodiit.

358 660 626 715 ‘Adverte
654 659 862 714 librum
890 660 1041 715 hunc
1060 659 1229 715 hodie
1247 660 1307 715 in
1325 676 1483 715 cum:
1508 660 1694 732 capita
1713 660 1913 716 dunta-

312 754 407 803 xat
418 748 748 803 distinctum
767 748 899 819 legi,
921 765 1050 803 cum
1074 748 1209 803 olim
1232 747 1486 821 pluribus
1508 748 1914 813 constiterit,ut

312 842 559 893 testatur
594 838 830 892 Photius
869 836 1224 897 Bibliotheca
1261 854 1375 892 suae
1413 837 1548 892 Cod.
1583 853 1681 892 cxc.
1716 837 1821 893 Καὶ
1849 836 1912 891 τὰ

311 929 597 997 διηγήματα
638 926 695 978 δὲ
733 923 849 998 οὐχὶ
892 924 978 979 τὸν
1014 926 1122 981 ἴσον
1168 922 1372 997 ἀριθμὸν
1416 923 1464 979 ἓν
1502 928 1647 979 πᾶσιν
1695 927 1910 996 εὑρήσεις

308 1026 408 1078 τοῖς
449 1016 655 1085 βιϐλίοις
692 1015 1035 1086 διασεσώμενα
1065 1034 1079 1048 ⁸
1110 1010 1221 1067 ἀλλ’
1267 1016 1315 1068 ἕν
1351 1035 1448 1068 τισι
1483 1016 1564 1068 καὶ
1602 1012 1667 1078 εἷς
1705 1016 1791 1066 δύο
1830 1016 1909 1067 καὶ

310 1104 698 1174 τεσσαράκοντα,
727 1104 810 1156 καὶ
839 1104 1134 1175 τριακοσίοις
1163 1104 1486 1174 διηπλωμένα
1514 1120 1527 1155 :
1561 1120 1587 1156 «
1616 1103 1909 1158 Narratio-

305 1208 446 1248 num
464 1192 651 1247 adhuc
670 1208 783 1247 non
798 1191 1061 1247 eumdem
1087 1197 1369 1247 servatum
1394 1208 1692 1247 numerum
1708 1192 1768 1246 in
1796 1208 1912 1246 om-

302 1280 474 1335 nibus
499 1279 662 1335 libris
689 1280 1093 1352 deprehendas,
1117 1296 1246 1334 cum
1265 1280 1326 1334 in
1353 1280 1686 1352 quibusdam
1709 1282 1780 1335 ad
1797 1281 1908 1337 duo

304 1374 362 1425 et
404 1368 784 1441 quadraginta
834 1385 1006 1441 supra
1042 1374 1322 1424 trecentas
1363 1385 1485 1423 sese
1522 1370 1843 1425 extendant.
1880 1390 1904 1421 ι

301 1456 541 1511 Dixerat
567 1462 757 1511 autem
785 1457 966 1524 initio,
998 1461 1239 1527 quatuor
1264 1462 1313 1511 et
1364 1459 1617 1512 trecentis
1662 1462 1910 1512 constare

300 1549 761 1601 narrationibus.

374 1634 558 1704 Cujus
594 1634 888 1690 varietatis
924 1635 1206 1707 duplicem
1243 1635 1518 1689 rationem
1555 1634 1846 1707 subjungit
1888 1652 1900 1688 :

300 1721 470 1778 Τοῦτό
502 1743 591 1794 μεν
625 1721 765 1777 ἐνίων
787 1725 1065 1795 κεφαλαίων
1090 1721 1168 1777 ἐπὶ
1192 1726 1421 1795 διαιρέσει
1446 1728 1535 1777 τοῦ
1559 1719 1766 1796 ἀριθμοῦ
1789 1744 1905 1777 συν-

301 1813 594 1882 αοξομένου,
626 1817 771 1865 τοῦτο
800 1812 854 1865 ’δὲ
878 1813 959 1865 καὶ
988 1812 1307 1883 διηγημάτων
1337 1809 1462 1865 ἐστιν
1488 1815 1556 1874 ὡς
1582 1815 1856 1883 παρενθήκη
1886 1830 1899 1865 :

303 1918 329 1952 ι
353 1900 655 1970 Contingit
675 1900 731 1954 id
747 1901 833 1955 vel
859 1917 926 1955 ex
942 1900 1191 1972 capitum
1212 1900 1585 1971 quorumdam
1608 1900 1898 1968 divisione,

302 1988 384 2042 vel
416 1993 572 2043 certe
599 1988 841 2044 aliorum
878 1989 1270 2060 interjectione
1313 1990 1551 2044 adaucto
1580 2005 1836 2044 numero.
1874 2008 1898 2041 ι

728 2077 1220 2133 PROLEGOMEN
1224 2076 1323 2131 ON
1366 2077 1484 2131 XV.

588 2168 717 2235 Quae
740 2167 941 2221 horum
984 2168 1259 2221 librorum
1286 2168 1624 2220 auctoritas?

364 2256 455 2310 De
473 2256 810 2311 auctoritate
825 2256 1028 2310 horum
1040 2254 1312 2310 librorum
1332 2254 1590 2310 existimo
1610 2270 1723 2309 non
1744 2255 1904 2309 tacile

294 2343 677 2411 dubitaturos,
693 2345 790 2416 qui
808 2344 1205 2416 prolegomena
1222 2344 1412 2414 priora
1427 2344 1685 2414 legerint,
1702 2343 1763 2398 in
1783 2344 1903 2415 qui-

1998 565 2233 621 subinde
2263 563 2399 618 locis
2427 567 2715 629 notantur,
2756 564 2873 619 haec
2900 581 3049 620 nunc
3085 575 3405 625 occurrunt.

2064 657 2119 709 1.
2155 654 2459 711 Gratianus
2504 653 2561 707 in
2590 653 2800 707 decreti
2830 659 2991 725 parte
3020 653 3071 720 3,
3096 656 3224 712 dist.
3258 659 3310 724 3,
3344 660 3415 714 de
3438 660 3587 715 Con-

1995 761 2158 809 secr.,
2180 760 2301 814 cap.
2325 740 2415 807 16,
2439 741 2575 795 citat
2598 741 2852 812 quaedam
2882 758 2951 796 ex
2978 744 3141 799 dictis
3169 747 3346 801 sancti
3367 748 3589 819 Apollo-

1993 834 2094 896 nii,
2123 834 2192 887 de
2214 831 2432 903 jejunio
2465 835 2678 901 quartae
2716 835 2773 884 et
2817 836 2985 886 sextae
3013 832 3182 899 feriae,
3216 851 3339 907 quae
3368 836 3442 891 ad
3469 853 3590 892 ver-

1992 920 2125 976 bum
2153 919 2402 974 invenies
2432 919 2540 986 hic,
2572 918 2669 972 lib.
2702 934 2763 985 ιι,
2796 921 2941 991 apud
2978 921 3204 987 Rumn.,
3238 940 3359 995 cap.
3390 924 3443 978 7.

2061 1008 2113 1066 2.
2149 1008 2523 1074 Burchardus,
2553 1007 2650 1061 lib.
2698 1022 2793 1062 χιχ
2835 1009 3217 1078 Decretorum,
3250 1013 3347 1083 qui
3397 1017 3483 1069 est
3518 1015 3589 1069 de

1992 1098 2349 1164 Pcenitentia,
2391 1096 2529 1151 citat
2557 1103 2798 1168 quatuor
2834 1098 3311 1170 apophthegmata
3356 1119 3423 1156 ex
3453 1102 3589 1158 Vitis

1995 1188 2225 1243 Patrum
2253 1202 2352 1240 seu
2381 1185 2565 1240 verbis
2601 1186 2906 1241 seniorum.
2939 1187 3086 1241 Nam
3123 1189 3271 1260 quod
3311 1191 3491 1261 capite
3521 1191 3589 1246 52

1990 1277 2178 1341 habet,
2211 1278 2573 1350 desumptum
2603 1280 2689 1330 est
2726 1292 2792 1330 ex
2831 1276 3078 1341 Rufﬁno,
3110 1276 3206 1330 lib.
3239 1293 3318 1345 ιιι,
3352 1296 3408 1333 n.
3440 1278 3584 1346 903;

1993 1367 2139 1438 quod
2169 1367 2350 1438 capite
2382 1363 2448 1423 53
2476 1367 2837 1437 desumptum
2864 1370 2967 1431 est,
3008 1382 3075 1420 ex
3097 1366 3295 1421 eodem
3325 1366 3486 1435 libro,
3528 1385 3587 1422 n.

1990 1454 2089 1512 131
2111 1474 2123 1522 ;
2153 1456 2301 1527 quod
2326 1456 2508 1527 capite
2526 1453 2591 1511 54
2609 1459 2693 1509 est
2712 1454 3092 1525 desumptum,
3113 1472 3178 1509 ex
3198 1454 3341 1511 libro
3369 1455 3586 1524 eodem,

1989 1560 2046 1598 n.
2069 1542 2210 1611 137;
2248 1545 2395 1615 quod
2424 1543 2607 1615 capite
2637 1542 2705 1599 55
2734 1543 3094 1615 desumptum
3133 1548 3234 1612 est,
3285 1561 3351 1600 ex
3391 1546 3586 1601 eodem

1989 1631 2153 1697 libro,
2185 1648 2342 1686 num.
2373 1631 2500 1687 141.

2055 1720 2109 1774 3.
2143 1721 2458 1775 Dorotheus
2500 1719 2672 1775 abbas
2705 1720 2765 1775 in
2802 1720 3071 1785 doctrinis
3113 1738 3252 1793 quas
3282 1724 3353 1778 ad
3386 1724 3590 1780 fratres

1925 1797 2201 1875 Bhabuit,
2226 1810 2407 1864 multa
2437 1825 2503 1863 ex
2531 1809 2620 1863 his
2646 1808 2804 1862 libris
2832 1809 2991 1864 citat.
3020 1811 3095 1865 Ut
3124 1810 3379 1865 doctrina
3406 1812 3590 1883 prima

1985 1897 2122 1952 citat
2157 1897 2413 1969 quaedam
2442 1915 2565 1970 qua:
2594 1897 2876 1952 habentur
2903 1897 3000 1953 lib.
3021 1913 3086 1953 ιιι
3111 1899 3341 1963 Rufﬁni,
3376 1917 3433 1955 ιι.
3462 1900 3582 1967 144,

1985 1991 2043 2040 et
2071 1987 2282 2056 Pelagii
2311 1986 2498 2040 libello
2528 2001 2636 2051 xw,
2673 2002 2731 2042 n.
2768 1987 2853 2042 16.
2886 1986 3154 2041 Doctrina
3179 1989 3426 2043 secunda
3451 1989 3588 2044 citat

1986 2076 2135 2146 quod
2163 2075 2404 2129 habetur
2420 2076 2569 2147 apud
2599 2075 2859 2130 eumdem
2876 2076 3184 2141 Rufﬁnum,
3204 2076 3345 2131 libro
3366 2078 3586 2147 eodem,

1985 2180 2043 2220 n.
2067 2162 2185 2230 129,
2209 2168 2267 2218 et
2285 2164 2591 2234 Pelagium,
2614 2164 2802 2219 libello
2825 2181 2910 2231 xv,
2936 2181 2991 2220 n.
3020 2163 3070 2221 3.
3104 2165 3370 2220 Doctrina
3390 2167 3589 2237 quinta

1985 2249 2122 2304 citat
2153 2252 2300 2322 quod
2329 2252 2586 2318 habetur,
2621 2253 2770 2324 apud
2800 2254 3060 2308 eumdem
3090 2253 3400 2319 Rufﬁnum,
3442 2255 3585 2310 libro

1987 2338 2203 2405 eodem,
2236 2356 2274 2394 n
2333 2336 2420 2406 61,
2455 2346 2512 2395 et
2532 2341 2840 2412 Pelagium,
2864 2341 3052 2396 libello
3081 2356 3228 2407 xvm,
3250 2359 3407 2398 num.
3440 2344 3492 2410 9,
3528 2349 3586 2399 et

293 2432 400 2488 bus
430 2433 539 2487 viri
567 2433 785 2504 aliquot
812 2432 1086 2503 religione
1116 2433 1369 2503 spectati,
1397 2433 1605 2503 pietate
1631 2432 1895 2499 illustres,
1983 2426 2364 2496 Paschasium,
2389 2445 2512 2500 cap.
2545 2427 2593 2495 1,
2627 2446 2683 2483 ιι.
2709 2428 2763 2486 8.
2798 2429 3012 2484 Ibidem
3032 2430 3168 2485 citat
3194 2431 3264 2486 de
3287 2432 3582 2502 Agathone

293 2522 560 2577 doctrina
574 2522 879 2593 conspicui,
901 2526 1119 2593 partem
1140 2522 1341 2575 harum
1366 2521 1619 2575 Vitarum
1649 2522 1733 2576 vel
1752 2538 1899 2576 com-
1982 2516 2130 2586 quod
2159 2517 2330 2572 habet
2357 2518 2616 2574 Rufﬁnus
2644 2518 2739 2572 lib.
2772 2533 2856 2585 III,
2876 2534 2932 2573 ιι.
2960 2517 3076 2585 161,
3112 2525 3170 2574 et
3198 2521 3476 2591 Pelagius,
3508 2521 3579 2575 li-

290 2628 540 2682 posuere
555 2612 687 2683 ipsi,
712 2612 800 2666 vel
819 2627 850 2666 e
878 2611 1071 2665 Graeco
1092 2611 1151 2665 in
1174 2610 1433 2666 Latinam
1452 2611 1701 2681 linguam
1718 2616 1899 2666 trans.
1978 2603 2124 2659 bello
2153 2620 2214 2668 ιι,
2245 2623 2401 2695 num.
2432 2606 2485 2664 2.
2523 2607 2787 2662 Doctrina
2815 2613 2972 2662 sexta
2999 2608 3137 2662 citat
3163 2610 3311 2680 quod
3341 2609 3582 2664 habetur

290 2699 433 2755 ferri
485 2716 772 2765 cur-avere,
829 2700 913 2754 uti
972 2705 1197 2754 sanctus
1251 2699 1525 2754 Martinus
1578 2700 1897 2755 Dumiensis
1978 2694 2125 2764 apud
2141 2694 2402 2749 eumdem
2418 2696 2726 2760 Rufﬁnum,
2750 2696 2849 2750 lib.
2872 2712 2956 2763 III,
2973 2713 3029 2752 n.
3044 2697 3074 2754 .ι
3086 2696 3170 2762 37,
3190 2703 3249 2752 et
3266 2697 3575 2769 Pelagium,

292 2788 498 2856 abbas;
522 2789 611 2843 vel
638 2805 835 2843 earum
854 2788 1151 2844 lectionem
1179 2788 1454 2858 religiosis
1481 2789 1597 2843 suis
1617 2805 1897 2844 commen-
1981 2783 2164 2839 libello
2197 2799 2269 2849 IX,
2322 2800 2378 2838 n.
2421 2783 2472 2839 3.
2508 2785 2776 2841 Doctrina
2805 2786 3048 2857 septima
3075 2786 3303 2842 adducit
3338 2787 3394 2841 id
3428 2790 3576 2859 quod

291 2878 526 2943 darunt,
540 2878 626 2933 uti
654 2882 881 2932 sanctus
912 2877 1266 2944 Benedictus,
1298 2877 1661 2932 Cassiodorus
1682 2883 1739 2932 et
1757 2878 1892 2933 Gre-
1977 2873 2147 2928 habet
2175 2873 2431 2928 Ruftinus
2460 2874 2602 2929 libro
2640 2889 2724 2941 III,
2758 2892 2815 2929 n.
2859 2876 2944 2942 51,
2983 2875 3238 2946 Pelagius
3280 2875 3469 2932 libello
3499 2892 3572 2946 ιν,

287 2966 487 3036 gorius
498 2965 844 3020 Turonensis
860 2984 873 3032 ;
888 2966 975 3019 vel
987 2981 1182 3020 earum
1207 2970 1422 3036 partem
1440 2982 1540 3035 pro
1555 2966 1892 3020 authenticis
1974 2981 2130 3019 num.
2163 2963 2250 3020 59.
2274 2965 2383 3019 Sed
2404 2970 2462 3019 et
2488 2965 2638 3037 apud
2659 2965 2922 3020 eumdem
2948 2966 3294 3021 Dorotheum
3322 2967 3574 3039 aliosque

289 3056 593 3127 scripturis
600 3054 969 3125 jamamultis
985 3062 1135 3109 retro
1153 3054 1367 3109 saeculis
1386 3054 1591 3108 diserte
1611 3071 1889 3125 recepere,
1973 3054 2138 3125 plura
2154 3053 2277 3108 loca
2295 3070 2362 3107 ex
2389 3054 2476 3109 his
2504 3053 2662 3109 libris
2685 3054 2981 3125 desumpta
3019 3071 3141 3110 esse
3168 3060 3365 3110 notare
3394 3062 3497 3112 est.

288 3145 370 3198 uti
402 3143 658 3216 pontifex
686 3143 959 3199 Gelasius.
1912 3152 1955 3213 ο
2046 3142 2208 3196 Dices
2221 3141 2402 3213 primo
2424 3159 2434 3194 :
2458 3142 2709 3199 Gelasius
2728 3160 2892 3214 papa,
2917 3160 3090 3215 supra
3104 3144 3498 3215 prolegomeno
3514 3146 3566 3212 1,

354 3232 598 3288 Accedit
624 3233 775 3304 quod
802 3232 1055 3304 plerique
1080 3247 1273 3286 omnes
1302 3235 1557 3286 auctores
1583 3237 1717 3287 nota
1744 3233 1890 3288 refe-
1972 3247 2067 3285 eas
2085 3236 2308 3285 tantum
2324 3230 2481 3285 Vitas
2492 3231 2995 3286 eremitarumcum
3013 3233 3387 3288 omnihonore
3398 3234 3572 3289 susci-

286 3326 448 3387 runt,
479 3338 606 3393 qua:
642 3321 750 3392 ipsi
777 3322 894 3376 suis
924 3326 1316 3394 spectaverunt
1361 3320 1554 3387 oculis,
1586 3322 1671 3375 vel
1710 3338 1743 3375 a
1781 3323 1889 3377 ﬁde
1970 3318 2216 3390 pit,quas
2229 3318 2654 3390 scripsitbeatus
2668 3319 3363 3391 Hieronymus[xcv1u[;at
3376 3324 3565 3378 multae

287 3410 479 3481 dignis
506 3410 748 3465 testibus
767 3410 1094 3466 hauserunt.
1126 3409 1501 3481 Hieronymus
1521 3409 1690 3475 enim,
1719 3411 1890 3465 Ruﬂi-
1970 3408 2092 3462 aliae
2121 3407 2206 3462 his
2227 3407 2495 3462 immixtae
2514 3412 2664 3474 sunt,
2692 3424 2930 3478 quarum
2948 3413 3169 3463 constat
3187 3407 3417 3464 beatum
3440 3410 3567 3464 Hie-

285 3516 416 3563 nus,
448 3499 774 3565 Cassianus,
798 3498 1100 3563 Palladius,
1126 3498 1522 3553 Postumianus
1546 3499 1696 3570 apud
1720 3500 1887 3554 Seve-
1968 3513 2267 3568 ronymum
2285 3512 2399 3551 non
2426 3513 2547 3551 esse
2575 3500 2880 3551 auctorem.
2902 3496 3253 3568 Respondeo,
3284 3514 3413 3552 eum
3443 3498 3567 3568 qui-

282 3604 443 3655 rum,
463 3587 870 3653 Theodoretus,
889 3588 1164 3652 Moschus,
1190 3586 1450 3642 l’atribus
1470 3586 1583 3641 illis
1611 3587 1697 3642 vel
1723 3588 1886 3643 annis
1968 3586 2096 3641 dem
2122 3585 2327 3641 diserte
2355 3586 2606 3657 recipere
2634 3586 2789 3640 Vitas
2810 3602 2845 3640 a
2868 3585 3033 3640 beato
3062 3586 3404 3658 Hieronymo
3425 3604 3559 3643 con-

281 3677 505 3748 aliquot
533 3676 844 3743 convixere,
875 3676 962 3731 vel
989 3691 1186 3732 eorum
1214 3676 1337 3731 loca
1352 3675 1616 3746 religiosa
1642 3677 1888 3748 peregri-
1966 3674 2221 3746 scriptas,
2263 3675 2361 3730 sed
2403 3691 2517 3730 non
2568 3674 2694 3729 ideo
2740 3675 2972 3745 rejicere
3018 3675 3176 3730 alias.
3220 3676 3340 3731 Iino
3385 3676 3563 3731 videri

280 3766 522 3820 natione
539 3764 819 3822 obierunt.
1963 3764 2141 3835 possit
2153 3764 2407 3820 Gelasius
2423 3764 2769 3819 existimasse
2786 3764 3191 3837 Hieronymum
3206 3766 3395 3837 plures
3405 3764 3562 3821 Vitas

350 3854 559 3925 [XLVII]
575 3855 700 3909 Jam
721 3870 852 3909 vero
876 3853 1240 3910 Cassiodorus
1258 3852 1626 3908 divin.Instit.
1646 3869 1767 3925 cap.
1792 3852 1879 3921 3'2,
1963 3853 2271 3924 scripsisse,
2301 3858 2677 3925 praeterquam
2717 3853 2896 3919 Pauli,
2940 3854 3190 3920 Antonii,
3236 3854 3556 3922 Hilarionis,

283 3943 440 4015 quod
469 3943 970 3999 commonitionem
998 3943 1249 3999 continet
1279 3941 1496 3997 abbatis
1525 3942 1883 3998 Chalcedonii
1966 3957 2207 4012 quarum
2227 3942 2433 3997 diserte
2460 3942 2734 4008 meminit,
2758 3959 3008 4015 quasque
3029 3943 3262 4015 suscipit
3288 3950 3561 4016 tanquam

282 4037 337 4086 et
354 4032 1219 4104 Gemntii,congregationisque
1241 4032 1664 4097 monachorum,
1681 4032 1885 4086 excitat
1966 4031 2315 4087 authenticas
2344 4031 2580 4103 scriptas
2599 4048 2634 4086 a
2655 4031 2819 4087 beato
2850 4032 3211 4104 Hieronymo.
3243 4034 3390 4088 Nam
3429 4050 3559 4090 cum

281 4120 461 4177 eosad
480 4120 814 4192 diligentem
829 4121 1123 4177 lectionem
1136 4120 1393 4175 Vitarum
1414 4121 1645 4175 Patrum
1664 4143 1676 4177 :
1700 4141 1721 4171 ι
1740 4121 1885 4185 Qua—
1965 4119 2149 4174 addit:
2170 4121 2235 4175 Et
2247 4121 2500 4175 omnium
2512 4124 2897 4186 eremitarum,
2916 4121 3066 4176 hunc
3079 4121 3286 4178 librum
3301 4123 3559 4178 Vitarum
3604 4120 3621 4139 ³

283 4216 538 4282 propter,
572 4209 775 4281 inquit,
807 4210 1193 4265 desideranter
1218 4209 1448 4264 introite
1472 4208 1742 4281 mysteria
1770 4210 1883 4264 Do-
1962 4209 2197 4263 Patrum
2224 4208 2500 4280 respicere
2523 4208 2743 4265 videtur
2771 4210 2867 4282 qui
2915 4209 3237 4283 Hieronymi
3276 4227 3397 4267 esse
3436 4212 3560 4282 jam

281 4300 440 4362 mini,
481 4304 555 4354 ut
597 4298 961 4370 sequentibus
1006 4299 1116 4353 iter
1155 4298 1406 4354 indicare
1450 4298 1695 4369 possitis,
1724 4320 1725 4323 η
1752 4299 1885 4369 quia
1962 4302 2096 4352 tunc
2119 4298 2283 4368 vulgo
2298 4297 2612 4369 ferebatur.
2645 4298 2806 4362 Quod
2824 4297 3077 4369 intelligo
3107 4298 3349 4354 maxime
3371 4299 3442 4354 de
3468 4316 3558 4354 se-

281 4404 504 4460 magna
550 4388 899 4444 verecundiae
926 4387 1145 4460 pondus
1171 4392 1261 4442 est
1286 4386 1492 4442 habere
1527 4388 1671 4458 quod
1704 4387 1876 4458 legas,
1963 4387 2143 4441 cundo
2162 4386 2324 4448 libro.
2341 4403 2506 4458 quem
2528 4387 2700 4441 etiam
2723 4387 3103 4458 apudGrzecos
3121 4387 3450 4459 Hieronymi
3462 4404 3559 4442 no-

280 4480 337 4529 et
358 4476 634 4547 ignorare
656 4477 808 4548 quod
827 4476 1047 4533 doceas.
1063 4477 1134 4532 Et
1155 4476 1282 4531 ideo
1293 4475 1493 4532 futurae
1516 4474 1882 4531 beatitudinis
1899 4469 2111 4530 Dmine
2124 4475 2512 4546 circumferri,j
2519 4492 2611 4530 am
2622 4493 2793 4547 supra
2803 4477 2995 4531 monui
3007 4478 3402 4547 prolegomeno
3415 4474 3555 4549 1,§8.

282 4581 585 4629 memores,
611 4566 762 4621 Vitas
787 4565 1040 4632 Patrum,
1063 4564 1439 4621 confessiones
1468 4565 1737 4631 fidelium,
1759 4581 1882 4636 pas-
2033 4564 2150 4618 Nec
2176 4564 2385 4619 mirum
2411 4565 2558 4636 quod
2590 4564 2846 4620 Gelasius
2874 4564 3250 4620 secundilibri
3270 4569 3556 4621 auctorem

282 4654 467 4709 siones
498 4659 817 4727 martyrum
843 4655 1014 4727 legite
1041 4660 1381 4710 constanter.
1407 4673 1434 4707 ››
1962 4652 2360 4709 existimaverit
2380 4659 2635 4708 sanctum
2657 4654 3060 4725 Hieronymum
3083 4653 3230 4723 (licet
3243 4653 3388 4709 alius
3408 4671 3559 4710 nunc

350 4743 657 4799 Enimvero
687 4760 816 4799 cum
844 4760 925 4815 ex,
947 4744 1154 4800 Graecis
1183 4743 1429 4800 fontibus
1472 4744 1741 4815 pleraque
1767 4742 1882 4798 sint

282 4830 510 4897 hausta,
523 4833 631 4887 etsi
651 4848 766 4888 non
785 4832 1016 4888 omnino
1041 4837 1261 4889 constet
1278 4833 1348 4889 de
1368 4832 1743 4904 quorumdam
1763 4832 1882 4887 fon-

281 4918 426 4975 tium
453 4920 696 4992 origine,
727 4921 826 4993 qui
861 4937 956 4976 eos
982 4926 1174 4977 tamen
1200 4920 1261 4976 in
1289 4920 1517 4976 Latinos
1552 4921 1741 4976 alveos
1781 4920 1881 4975 de-

282 5007 515 5076 duxere,
542 5009 701 5065 fuere
728 5009 833 5064 viri
865 5025 1083 5082 graves,
1117 5013 1176 5065 et
1200 5008 1570 5065 ecclesiastica
1605 5007 1883 5080 fulgentes

283 5097 584 5168 dignitate,
607 5114 640 5152 e
655 5097 916 5153 cardiaco
931 5099 1166 5154 Patrum
1187 5098 1383 5153 ordine
1402 5098 1622 5153 diaconi
1641 5098 1771 5165 duo,
1785 5099 1885 5153 Pe-

284 5186 470 5257 lagius
489 5191 551 5241 et
568 5187 921 5253 Paschasius,
937 5203 1086 5244 unus
1104 5188 1348 5243 Joannes
1368 5186 1758 5242 subdiaconus.
1776 5186 1884 5251 Qui

286 5291 418 5331 cum
445 5277 656 5332 versati
681 5275 894 5332 fuerint
915 5277 976 5332 in
1004 5276 1178 5333 oculis
1205 5276 1502 5349 pontiﬁcis,
1532 5276 1690 5346 cujus
1718 5276 1886 5331 unius

287 5370 378 5420 est
403 5365 477 5420 de
498 5365 749 5422 fontibus
776 5382 935 5439 aquae
954 5365 1108 5432 vivae,
1141 5369 1198 5421 et
1223 5365 1293 5422 de
1321 5364 1575 5432 cisternis
1604 5381 1727 5438 quae
1753 5381 1887 5422 con-

286 5455 475 5511 tinere
500 5470 616 5511 non
647 5455 838 5512 valent
863 5471 1040 5528 aquas
1068 5456 1287 5525 (larem.
1318 5454 1397 5527 ιι),
1419 5455 1565 5510 ferre
1586 5455 1881 5526 judicium,

288 5558 405 5598 non
420 5543 578 5599 video
587 5545 725 5617 quid
737 5545 807 5600 de
818 5561 1014 5601 eorum
1025 5544 1398 5617 germanitate
1407 5545 1483 5600 sit
1492 5544 1864 5600 dubitandum
1872 5584 1886 5601 .

360 5632 525 5697 Quod
547 5633 594 5690 si
623 5634 764 5693 alios
788 5634 939 5691 viros
956 5650 1154 5706 graves
1183 5633 1486 5701 desideres,
1510 5634 1606 5706 qui
1632 5633 1890 5690 Vitarum

1962 4742 2084 4812 ejus
2112 4747 2307 4797 auctor
2330 4744 2416 4797 vel
2440 4743 2562 4814 ipso
2591 4747 2895 4798 attestante
2929 4742 3264 4814 Hieronymo
3293 4760 3559 4814 agnosca-

1961 4831 2078 4901 tur)
2106 4848 2234 4885 cum
2263 4831 2435 4886 etiam
2464 4832 2604 4888 Vitae
2626 4832 2805 4886 sancti
2819 4830 3051 4887 Antonii
3077 4837 3367 4888 auctorem
3388 4832 3559 4888 faciat

1962 4926 2216 4974 sanctum
2246 4920 2670 4993 Hieronymum,
2704 4938 2873 4992 quam
2900 4927 3090 4977 tamen
3130 4921 3202 4977 ab
3247 4923 3558 4978 Athanasio

1965 5009 2154 5064 Graece
2181 5011 2573 5082 conscriptam,
2605 5009 2675 5063 ab
2705 5010 2941 5080 Evagrio
2962 5010 3313 5067 Antiocheno
3342 5010 3560 5067 Latini-

1964 5097 2070 5152 tati
2106 5098 2372 5153 donatam
2400 5099 2563 5157 certo.’
2593 5114 2742 5154 nunc
2771 5105 3008 5155 constat.
3044 5099 3187 5155 Vide
3224 5100 3462 5157 dicenda
3488 5100 3560 5156 ad

1965 5186 2153 5242 Vitam
2182 5187 2361 5242 sancti
2382 5187 2611 5243 Antonii
2635 5187 2696 5243 in
2711 5188 3015 5260 praeludiis,
3045 5194 3161 5244 not.

2036 5275 2199 5331 Dices
2228 5277 2471 5332 secundo
2499 5283 2697 5333 contra
2731 5279 3123 5334 auctoritatem
3153 5278 3282 5335 libri
3329 5279 3560 5336 secundi

1968 5369 2196 5421 auctore
2225 5365 2449 5422 Rufﬁno
2479 5385 2493 5421 :
2524 5367 2732 5423 Beatus
2773 5367 3165 5441 Hieronymus,
3212 5368 3451 5441 epistola
3490 5369 3562 5424 ad

1971 5454 2393 5526 Ctesiphontem
2420 5461 2615 5512 contra
2642 5457 2992 5529 Pelagianos,
3023 5457 3269 5530 graviter
3296 5457 3356 5514 in
3385 5458 3563 5513 Rufﬁ-

1969 5560 2107 5599 num
2126 5544 2431 5613 invehitur,
2452 5546 2604 5618 quod
2621 5547 2971 5618 Origenistas
2988 5546 3261 5619 quosdam
3280 5546 3424 5600 Vitis
3442 5544 3565 5599 istis

1969 5633 2291 5702 inseruerit,
2311 5651 2479 5716 quem
2497 5636 2683 5693 locum
2703 5652 3030 5715 expressum
3048 5635 3221 5711 habes
3237 5649 3426 5706 supra,
3440 5647 3567 5703 pro-
