3990 6194
379 356 448 414 55
1279 359 1358 414 ΙΝ
1395 361 1606 418 VITAS
1643 363 1941 421 PATRUM
1978 366 2521 425 PROLEGOMENA
2556 366 2753 422 XXVI.
3198 405 3208 414 .
3571 357 3644 415 56

380 570 778 641 Epiphanium,
813 569 948 623 dum
989 569 1245 624 Ecclesia)
1274 571 1535 641 praesidet
1556 573 1965 641 Alexandrinae,

373 658 435 714 in
465 659 699 731 epistola
728 646 795 713 67
815 658 960 729 apud
997 658 1397 730 Hieronymum
1434 661 1726 730 gloriatur,
1765 683 1786 713 ι
1823 666 1970 735 quod

375 748 623 804 Ecclesia
640 746 848 801 Christi
874 748 1224 818 egredientes
1249 749 1318 802 de
1346 751 1596 804 cavernis
1616 751 1733 805 suis
1771 754 1968 823 Orige-

375 837 464 892 nis
495 835 750 891 colubros
770 835 1095 906 Evangelico
1116 854 1248 891 ense
1267 839 1566 903 truncavit,
1589 844 1645 894 et
1664 843 1969 897 secundum

373 925 571 980 Nitriae
597 925 1000 979 monachorum
1036 942 1240 995 agmen
1258 928 1589 997 contagione
1613 929 1878 1000 pestifera
1910 932 1973 985 li-

374 1012 612 1068 beravit.
639 1031 663 1063 )
698 1013 767 1067 Et
788 1013 932 1067 infra
969 1031 980 1065 :
1012 1034 1034 1064 ι
1069 1014 1266 1080 Didici,
1301 1016 1399 1081 ait,
1435 1015 1583 1087 quod
1610 1019 1972 1074 calumniato-

373 1118 465 1156 res
494 1118 638 1155 verae
671 1102 800 1155 fidei
831 1102 1182 1166 Ammonius,
1223 1104 1512 1169 Eusebius,
1546 1111 1603 1160 et
1634 1107 1967 1178 Euthymius

312 1202 317 1207 '
372 1206 516 1246 novo
536 1206 637 1262 pro
657 1190 855 1246 haeresi
876 1191 1062 1245 furore
1078 1190 1411 1248 bacchantes
1427 1195 1969 1267 Constantinopolim

373 1279 709 1350 navigarint.
744 1297 770 1331 υ
802 1280 883 1334 De
913 1297 1024 1351 qua
1050 1297 1113 1335 re
1153 1288 1367 1336 certum
1406 1283 1537 1337 facit
1563 1284 1965 1349 Hieronymum

375 1368 719 1441 Epiphanius
745 1368 982 1440 epistola
1011 1369 1098 1432 73,
1131 1376 1188 1425 et
1214 1371 1555 1442 Theophilus
1583 1372 1702 1443 ipse
1728 1374 1965 1427 Alexan-

373 1456 573 1512 drinus
594 1458 833 1529 epistola
853 1457 920 1513 69
950 1462 1007 1512 et
1042 1456 1149 1525 72;
1181 1459 1411 1530 ipseque
1438 1477 1539 1531 pro
1569 1478 1629 1514 re
1649 1468 1767 1515 tam
1792 1461 1967 1515 felici-

372 1550 464 1602 ter
487 1546 738 1602 confecta
762 1546 1071 1617 Theophilo
1084 1548 1404 1617 gratulatur
1416 1548 1665 1618 epistolis
1695 1549 1779 1613 70,
1798 1550 1825 1603 7
1844 1548 1881 1605 Ι.
1900 1550 1970 1605 Et

373 1634 611 1707 epistola
622 1634 711 1700 61,
732 1635 804 1689 ad
825 1635 1249 1689 Pammachium
1277 1636 1542 1691 adversus
1562 1652 1781 1690 errores
1796 1638 1967 1692 Joan-

372 1724 460 1778 nis
490 1723 965 1790 Jerosolymitani,
1006 1737 1178 1795 prope
1212 1725 1402 1791 tinem,
1436 1741 1612 1795 agens
1643 1725 1712 1779 de
1736 1726 1967 1779 Joannis

268 500 277 509 π
378 482 672 555 legomeno
714 480 767 548 4,
813 481 842 553 §
884 481 965 538 10.
999 481 1341 553 Theophilus
1368 497 1591 554 quoque
1620 484 1868 541 scribens
1905 488 1971 542 ad

2057 485 2304 561 ἐπωνύμῳ
2329 487 2559 559 ἐκκλησίᾳ
2592 509 2603 522 ·
2649 487 2939 562 Ἀμμώνιος
2975 486 3030 541 δὲ
3068 485 3279 556 ἔναγχος
3312 488 3400 551 τῆς
3438 481 3645 539 συνόδου

2056 581 2564 649 παρασκευαζομένης,
2608 575 2906 648 ἐμαλακίσθη
2946 572 3004 627 τὸ
3040 580 3189 645 σῶμα
3221 594 3234 607 ο
3264 572 3551 645 περαιωθείς
3589 570 3646 624 δὲ

2057 662 2120 727 εἰς
2152 667 2301 737 Δρῦν,
2334 668 2686 737 χαλεπώτερον
2727 662 2821 719 ὑπὸ
2868 670 2954 731 τῆς
2991 662 3136 717 νόσου
3173 663 3380 729 διετέθη,
3420 660 3501 713 καὶ
3540 660 3645 730 μετ’

2055 750 2110 805 οὗ
2140 754 2265 806 πολὺ
2303 756 2505 825 τελευτᾷ
2532 752 2616 808 τὸν
2648 756 2771 824 βίον,
2809 753 2890 806 καὶ
2931 750 3055 823 πρὸς
3088 757 3188 805 τῶν
3226 751 3448 816 πλησίων
3490 768 3648 820 μονα-

2054 848 2183 913 χῶν,
2214 843 2326 896 ἔνθα
2351 844 2409 910 δὴ
2433 852 2602 907 κεῖται,
2630 844 2861 913 λαμπρᾶς
2886 840 3068 909 ἠξιώθη
3094 846 3265 911 ταφῆς.
3282 838 3349 893 ⁸0
3378 838 3430 891 δὲ
3455 836 3646 907 Θεόφι-

2052 931 2139 992 λος
2178 932 2245 992 ὡς
2285 929 2503 993 ἐπύθετο,
2544 932 2735 1001 λέγεται
2771 932 3007 1001 δακρύσαι
3045 929 3124 981 καὶ
3165 925 3228 989 εἷς
3258 926 3442 989 πάντας
3473 923 3643 987 εἰπεῖν,

2054 1020 2121 1080 ὡς
2148 1016 2301 1081 οὐδεὶς
2332 1020 2403 1086 εἴη
2431 1025 2529 1072 τῶν
2558 1020 2664 1071 κατ’
2697 1016 2840 1072 αὐτὸν
2871 1015 3093 1089 μοναχός
3119 1006 3221 1078 οἷος
3260 1014 3570 1086 Ἀμμώνιος,
3606 1011 3645 1065 εἷ

2051 1108 2131 1159 καὶ
2161 1104 2293 1178 αὐτῷ
2317 1114 2538 1179 ταραχῆς
2570 1106 2721 1168 αἴτιος
2752 1105 2938 1177 ἐγένετο
2973 1123 2985 1157 ε
3023 1126 3045 1156 ι
3077 1106 3195 1160 Hoc
3216 1105 3336 1159 loco
3363 1102 3646 1174 Theophi-

2049 1195 2137 1248 lus
2166 1211 2279 1248 una
2309 1212 2435 1248 cum
2463 1194 2678 1249 cazteris
2707 1194 2980 1265 episcopis
3000 1193 3356 1258 conveniens,
3390 1192 3459 1246 de
3488 1190 3645 1244 libris

2051 1283 2309 1353 Origenis
2340 1285 2551 1338 nullam
2573 1283 2799 1355 quidem
2828 1283 3170 1337 mentionem
3198 1281 3356 1348 fecit;
3383 1280 3481 1335 sed
3512 1280 3645 1335 Sce-

2048 1378 2236 1427 tenses
2293 1375 2431 1428 istos
2481 1374 2795 1428 monachos
2824 1373 2895 1427 ad
2939 1370 3328 1443 paenitentiam
3366 1369 3640 1436 invitavit,

2048 1461 2326 1531 pollicitus
2355 1480 2415 1515 se
2446 1478 2625 1532 neque
2653 1461 2875 1532 injuriae
2904 1466 3143 1531 acceptae
3170 1459 3290 1515 fore
3312 1474 3641 1525 memorem,

2050 1565 2231 1619 neque
2252 1551 2385 1603 mali
2407 1551 2711 1621 quidquam
2727 1566 2848 1604 esse
2866 1549 3164 1603 facturum.
3181 1549 3321 1604 Cum
3345 1547 3646 1618 igitursuis

2050 1637 2384 1693 clamoribus
2414 1639 2537 1693 illos
2563 1643 2830 1710 urgerent
2847 1637 3093 1692 fautores
3125 1636 3439 1708 Theophili,
3467 1641 3532 1690 ut
3558 1651 3647 1689 ve-

2050 1726 2202 1780 niam
2226 1732 2498 1797 peterent,
2533 1732 2591 1782 et
2618 1727 2846 1783 interim
2868 1726 3202 1782 simularent
3237 1724 3516 1797 synodum
3546 1739 3647 1794 pro

375 1810 633 1882 epistola:
670 1831 693 1863 ι
720 1812 852 1877 Iste,
877 1812 975 1878 ait,
1000 1812 1267 1878 Isidorus,
1296 1813 1390 1889 qui
1413 1814 1471 1866 in
1500 1814 1700 1867 coelum
1724 1815 1834 1868 tuis
1855 1802 2032 1869 ιδῃ-Β
2048 1813 2187 1884 ipsis
2203 1815 2535 1885 supplicare,
2562 1815 2819 1869 monachi
2837 1812 3167 1887 perturbati,
3183 1821 3352 1883 atque
3366 1812 3471 1868 hoc
3482 1812 3651 1882 plane

371 1899 536 1954 dibus
558 1900 793 1966 tollitur,
809 1900 1051 1972 idipsum
1081 1900 1385 1956 infamatur
1413 1902 1783 1969 Alexandriae,
1820 1904 1969 1973 quod

370 1994 437 2044 tu
456 1988 838 2060 Jerosolymis.
869 1989 1042 2060 Atqui
1069 1994 1313 2060 quatuor
1338 1990 1397 2044 hi
1425 1990 1777 2056 Ammonius,
1803 1993 1970 2046 Euse-

372 2076 516 2139 bius,
538 2076 889 2149 Euthymius,
922 2082 978 2131 et
1007 2078 1256 2132 Isidorus
1287 2078 1392 2132 hoc
1419 2078 1560 2133 libro
1587 2088 1903 2135 occurrunt.
1942 2100 1965 2133 ι

441 2164 773 2237 Respondeo
801 2182 927 2220 eam
956 2166 1299 2237 partem,ubi
1315 2166 1661 2236 Origenistas
1678 2168 1802 2222 illos
1826 2169 1975 2223 indi-

373 2255 458 2311 cio
492 2254 640 2309 beati
681 2254 1000 2326 Hieronymi
1034 2255 1381 2326 detegemus,
1436 2256 1729 2310 minimam
1773 2258 1975 2312 harum

372 2343 631 2398 Vitarum
659 2359 796 2398 esse.
814 2344 883 2398 Et
903 2344 1192 2415 potuerint
1216 2344 1385 2398 iidem
1406 2350 1558 2399 certo
1577 2350 1830 2417 tempore
1848 2346 1968 2402 Ori-

370 2431 532 2504 genis
561 2447 751 2486 errore
778 2431 950 2487 fuisse
982 2433 1189 2497 infecti,
1224 2440 1351 2504 post
1378 2439 1569 2488 tamen
1618 2435 1920 2505 resipuisse
1952 2453 1962 2487 :

372 2520 617 2576 maxime
641 2537 770 2575 cum
806 2536 1003 2575 eorum
1048 2521 1278 2593 quidam
1306 2522 1367 2575 in
1391 2521 1711 2577 Graecorum
1743 2524 1968 2578 Memeis

373 2613 756 2680 compareant,
785 2614 844 2664 et
871 2608 941 2663 ab
971 2609 1097 2663 aliis
1122 2610 1255 2664 viris
1276 2610 1486 2664 sanctis
1502 2610 1715 2665 fuerint
1740 2612 1971 2666 laudati.

444 2696 719 2767 Equidem
741 2697 802 2752 in
822 2696 1011 2753 libello
1031 2697 1238 2763 Acacii,
1253 2699 1404 2770 apud
1416 2700 1679 2754 Photium
1695 2700 1832 2754 Cod.
1859 2699 1971 2765 I53,

375 2785 642 2842 adversus
669 2787 839 2858 [xux]
866 2787 1331 2859 Chrysostomum
1359 2788 1574 2860 synodo
1594 2788 1664 2842 ad
1695 2789 1975 2853 Quercum

374 2873 580 2930 habita:
608 2874 817 2939 oblato,
847 2876 1157 2931 secundum
1186 2876 1336 2931 hunc
1364 2874 1666 2932 articulum
1706 2876 1929 2932 invenio
1957 2896 1968 2930 :

379 2981 408 3019 α
440 2964 601 3030 Quod
630 2963 829 3020 beatus
854 2964 1199 3037 Epiphanius
1213 2970 1444 3037 propter
1474 2966 1826 3037 Origenistas
1842 2968 1975 3021 Am-

376 3053 652 3117 monium.
673 3054 1037 3125 Euthymium
1061 3057 1190 3122 (non
1215 3054 1323 3109 rite
1345 3054 1494 3126 apud
1512 3054 1837 3121 Baronium,
1859 3071 1978 3109 ver-

2049 1902 2175 1956 fieri
2208 1909 2465 1974 oportere
2493 1903 2621 1969 rati,
2656 1903 2850 1958 multis
2886 1901 3160 1973 episcopis
3201 1899 3646 1972 praesidentibus,

2050 1990 2189 2045 illud
2210 1991 2437 2057 scilicet,
2462 1993 2610 2063 quod
2628 1992 2765 2064 ipsis
2785 1992 2972 2047 dicere
2998 1992 3247 2046 solemne
3265 1995 3353 2045 est
3374 2004 3388 2044 ι
3415 1989 3651 2044 Etiamsi

2053 2077 2321 2148 injuriam
2356 2080 2669 2145 fecerimus,
2705 2081 2951 2151 ignosce,
2996 2080 3319 2151 inquiunt‘.
3341 2077 3651 2149 Theophilo

2056 2166 2230 2237 igitur
2254 2167 2379 2221 illos
2398 2174 2655 2240 prompte
2677 2169 2736 2223 in
2754 2169 2994 2240 gratiam
3024 2169 3193 2223 simul
3221 2172 3278 2222 et
3304 2168 3364 2221 in
3390 2182 3653 2220 commu-

2056 2255 2283 2310 nionem
2305 2257 2826 2328 recipiente,soluta
2851 2263 2937 2312 est
2956 2257 3222 2328 cognitio,
3242 2272 3368 2327 qua:
3387 2255 3653 2310 adversus

2058 2344 2347 2399 Scetenses
2366 2345 2503 2399 istos
2523 2346 2785 2400 instituta
2810 2345 2995 2400 fuerat
3014 2364 3026 2409 ;
3045 2346 3194 2416 quod
3214 2345 3415 2416 opinor
3432 2359 3546 2398 non
3572 2343 3656 2398 ita

2050 2433 2426 2497 successisset,
2458 2434 2507 2488 si
2549 2450 2664 2489 una
2690 2451 2816 2488 cum
2844 2434 3076 2506 reliquis
3102 2432 3389 2488 monachis
3423 2432 3653 2487 Diosco-

2050 2537 2150 2575 rus
2195 2526 2252 2575 et
2278 2522 2609 2577 Ammonius
2647 2522 2975 2579 adfuissent.
3022 2523 3168 2577 Nam
3200 2522 3508 2576 Dioscorus
3531 2521 3653 2591 jam

2057 2614 2221 2663 antea
2252 2615 2527 2677 mortuus,
2552 2611 2611 2665 in
2634 2612 2843 2683 templo
2873 2611 3035 2666 Mocii
3069 2610 3336 2682 martyris
3363 2614 3452 2664 est
3472 2608 3657 2680 sepul-

2055 2701 2167 2752 tus.
2201 2699 2530 2753 Ammonius
2561 2705 2750 2754 autem
2775 2700 2943 2754 modo
2963 2715 3089 2754 cum
3107 2699 3355 2770 synodus
3383 2714 3654 2754 convoca-

2056 2791 2236 2853 retur,
2268 2803 2497 2857 corpore
2527 2788 2794 2859 languere
2823 2787 3027 2859 cmpit:
3063 2789 3140 2858 [L]
3170 2793 3227 2841 et
3255 2792 3553 2859 postquam
3583 2788 3655 2842 ad

2058 2875 2337 2939 Quercum
2366 2877 2696 2947 trajecisset,
2730 2876 2924 2932 morbo
2949 2876 3177 2947 gravius
3205 2881 3497 2946 correptus
3527 2876 3653 2942 fuit,

2057 2978 2122 3017 ac
2165 2980 2277 3019 non
2307 2966 2484 3019 multo
2528 2971 2655 3036 post
2694 2965 2876 3020 ﬁnivit
2915 2965 3107 3030 vitam,
3142 2969 3200 3019 et
3245 2965 3396 3035 apud
3437 2964 3652 3019 vicinos

2059 3053 2383 3122 monachos,
2409 3054 2503 3108 ubi
2532 3054 2702 3109 etiam
2718 3055 2891 3125 jacet,
2918 3052 3271 3125 splendidam
3299 3053 3651 3124 sepulturam

375 3146 531 3199 tente
561 3142 828 3198 Fedcrico
865 3142 1056 3209 Matio,
1090 3159 1158 3197 ex
1184 3148 1470 3215 corrupto,
1499 3149 1566 3198 ut
1592 3150 1844 3216 apparet,
1877 3161 1939 3198 co
1955 3176 1969 3184 -
1994 3152 2039 3214 ρ,
2059 3141 2290 3196 sortitus
2312 3141 2436 3197 fuit.
2458 3143 2799 3214 Theophilus
2818 3143 3048 3198 tandem
3069 3141 3164 3197 ubi
3186 3142 3244 3197 id
3266 3141 3652 3208 intellexisset,

376 3225 518 3293 dice,
549 3227 925 3299 Eutychium),
944 3226 1269 3295 Eusebium,
1293 3234 1351 3283 et
1370 3228 1741 3294 Heraclidem,
1767 3235 1825 3284 et
1844 3229 1971 3283 Pal-

376 3315 591 3373 ladium
647 3316 833 3371 noluit
874 3332 1003 3371 cum
1041 3317 1443 3389 Chrysostomo
1475 3318 1907 3373 communicare.
1946 3341 1968 3366 -

376 3404 637 3462 Meminit
663 3410 854 3461 autem
892 3405 1269 3478 Hieronymus
1299 3406 1538 3479 epistola
1566 3408 1664 3463 illa
1700 3408 1771 3462 ad
1793 3406 1973 3462 Ctesi-

376 3495 648 3568 phontem
702 3494 990 3550 Ammonii
1034 3500 1091 3549 et
1138 3495 1382 3559 Eusebii,
1435 3513 1575 3568 quos
1627 3494 1975 3567 Origenistas

376 3584 551 3641 fuisse
576 3584 797 3640 asserit.
831 3584 907 3639 Ut
930 3583 1106 3655 igitur
1127 3600 1194 3638 ex
1222 3584 1434 3657 synodo
1448 3584 1546 3638 illa
1571 3584 1856 3649 discimus,
1881 3600 1975 3637 eas

377 3689 494 3730 non
511 3673 760 3729 caruisse
789 3672 1105 3744 suspicione
1125 3671 1454 3743 Origeniani
1476 3672 1701 3738 erroris,
1727 3673 1810 3727 ita
1832 3670 1977 3743 pari-

379 3768 471 3820 ter
497 3763 783 3829 docemur,
832 3777 947 3816 non
989 3760 1220 3816 omnino
1270 3760 1543 3832 liquidam
1572 3761 1745 3817 fuisse
1789 3764 1975 3836 suspi-

381 3851 621 3915 cionem,
672 3851 722 3905 si
753 3850 1185 3922 Chrysostomus
1238 3849 1329 3903 vir
1373 3849 1569 3921 utique
1618 3850 1975 3907 doctissimus

382 3940 552 4008 atque
570 3933 952 3990 sanctissimus
980 3950 1110 3990 cum
1137 3933 1209 3988 iis
1228 3934 1739 3990 communicaverit.

452 4024 569 4081 Nec
587 4024 816 4079 omnino
845 4023 968 4079 sine
991 4028 1221 4101 auctore
1234 4024 1367 4091 dixi,
1387 4024 1635 4097 potuisse
1655 4026 1973 4093 monachos,

352 4155 371 4168 .
384 4118 516 4171 ante
533 4113 898 4186 Origenistas,
917 4118 1046 4186 post
1071 4112 1392 4185 resipuisse.
1414 4114 1564 4169 Audi
1583 4114 1973 4183 Sozomenum,

383 4202 481 4259 lib.
520 4218 643 4271 vni,
676 4220 800 4275 cap.
844 4200 909 4259 i7
940 4221 953 4257 :

466 4290 713 4349 Ἐνταῦοα
740 4292 794 4346 δὲ
830 4293 1073 4348 συνελθὼν
1103 4291 1350 4366 Θεόφιλος
1388 4291 1493 4365 ἅμα
1519 4300 1620 4356 τοῖς
1649 4289 1837 4357 ἄλλοις,
1870 4294 1980 4364 περὶ
2010 4338 2017 4341 .

386 4382 473 4455 μὲν
496 4388 595 4437 τῶν
632 4380 915 4454 Ὠριγένους
942 4383 1142 4452 βιϐλίων
1171 4381 1310 4436 οὐδὲν
1341 4379 1731 4455 ἑπεμνημόνευσε
1756 4402 1767 4414 ·
1790 4380 1903 4444 τοὺς
1925 4381 1980 4435 δὲ

2058 3230 2441 3302 illacrymasse
2477 3230 2672 3297 fertur,
2705 3248 2770 3285 ac
2789 3231 2993 3287 dixisse
3012 3231 3161 3302 quod
3190 3230 3339 3285 inter
3367 3231 3658 3285 universos

2056 3319 2360 3374 monachos
2384 3336 2513 3374 suos
2534 3320 2662 3375 talis
2682 3336 2797 3374 non
2822 3325 2989 3385 esset,
3019 3318 3201 3391 qualis
3227 3318 3663 3375 fuissetAmmo-

2057 3406 2204 3473 nius,
2222 3407 2443 3462 etiamsi
2457 3408 2564 3480 ipsi
2580 3408 2875 3463 turbarum
2897 3408 3201 3463 exstitisset
3217 3413 3432 3464 auctor.
3454 3426 3479 3460 ιι
3504 3406 3662 3463 Unde

2057 3495 2323 3551 discimus
2362 3513 2453 3551 res
2488 3496 2690 3552 horum
2736 3497 3141 3552 monachorum
3168 3497 3336 3568 plane
3363 3496 3660 3567 perplexas

2055 3584 2247 3639 fuisse.
2281 3585 2428 3640 Sane
2449 3585 2723 3656 Georgius
2749 3585 3159 3640 Alexandrinus
3178 3585 3237 3639 in
3256 3585 3388 3639 Vita
3402 3584 3650 3656 Chryso-

2056 3672 2226 3727 stomi
2263 3673 2343 3728 ait
2389 3674 2754 3730 Ammonium
2796 3680 2853 3729 et
2881 3674 3212 3729 Dioscorum
3266 3672 3383 3728 vita
3437 3672 3662 3728 functos

2056 3761 2346 3831 splendide
2375 3763 2644 3833 sepultos,
2674 3768 2731 3817 et
2758 3762 3044 3817 miraculis
3082 3761 3368 3826 claruisse.

2127 3850 2411 3921 Quidquid
2432 3850 2524 3919 sit,
2540 3856 2770 3906 maneat
2786 3851 3181 3906 inconcussum
3203 3850 3316 3905 divi
3335 3849 3663 3923 Hieronymi

2055 3938 2459 4005 testimonium,
2486 3946 2543 3994 et
2563 3941 2687 4011 ejus
2716 3940 3022 3995 monitione
3050 3939 3272 3995 cautius
3300 3940 3503 3995 horum
3521 3955 3663 4012 pau-

2059 4042 2251 4082 corum
2280 4028 2431 4083 dicta
2452 4028 2813 4099 excipiamus.
2845 4029 3182 4100 Quanquam
3208 4028 3351 4083 nihil
3378 4028 3438 4084 in
3458 4028 3549 4084 his
3567 4045 3663 4084 oc-

2058 4116 2233 4171 currit
2258 4117 2407 4188 quod
2434 4118 2661 4172 sinistre
2686 4122 2866 4184 sonet,
2892 4123 3124 4191 excepta
3142 4133 3259 4173 una
3276 4116 3422 4172 forte
3439 4116 3664 4188 Evagrii

2059 4206 2341 4260 sententia
2352 4206 2421 4260 de
2440 4206 2909 4278 impassibihtate,
2927 4206 3016 4261 cui
3029 4222 3131 4262 suo
3145 4206 3268 4262 loco
3280 4211 3660 4278 Opportunum

2061 4294 2378 4349 antidotum
2406 4296 2792 4367 apposuimus.

2132 4387 2565 4459 Christophorus
2593 4388 2846 4446 Castrius
2882 4391 3076 4444 noster
3105 4388 3188 4444 ita
3213 4388 3348 4444 huic
3375 4404 3442 4444 ex
3468 4387 3665 4445 Hiero-

385 4467 486 4526 άπό
508 4472 743 4541 Σκήτεως
764 4469 1015 4543 μοναχοὺς
1035 4467 1100 4533 εἷς
1122 4470 1379 4541 μετάνοιαν
1402 4468 1581 4536 ἐκάλει,
1606 4473 1728 4543 μήτε
1748 4490 1971 4543 μνησικα-

2059 4490 2230 4547 nymo
2277 4477 2601 4532 testimonio
2652 4477 2920 4533 satisﬁeri
2957 4493 3123 4550 posse
3166 4477 3449 4541 censebat,
3488 4483 3555 4533 ut
3597 4493 3665 4532 ex

374 4564 503 4627 ’κεῒν,
528 4564 651 4634 μήτε
668 4565 831 4622 κακῶς
850 4566 1003 4611 ποιεῖν
1024 4557 1385 4630 ὑποσχόμενος.
1422 4558 1675 4614 Ἐπιϐοών
1697 4579 1796 4613 των
1819 4559 1872 4612 δὲ
1898 4556 1971 4610 αὖ·

2060 4564 2333 4635 Hispania
2361 4566 2433 4621 ad
2458 4583 2549 4621 me
2568 4566 2809 4638 scripsit.
2840 4584 2866 4618 α
2893 4565 3168 4630 Primum,
3190 4567 3393 4638 inquit,
3408 4566 3663 4638 praemit-

384 4657 487 4712 τοῖς
506 4652 800 4721 συγγνώμην
817 4644 964 4700 αἰτεῖν
982 4651 1082 4700 τῶν
1100 4645 1350 4718 Θεοφίλου
1370 4649 1711 4713 σπουδωτῶν,
1729 4648 1809 4700 καὶ
1832 4667 1971 4718 προσ-

2059 4644 2295 4699 tendum
2345 4651 2448 4711 est,
2496 4646 2792 4719 Theophili
2825 4646 3209 4712 Alexandrini,
3257 4652 3316 4701 et
3362 4646 3663 4718 Epiphanii

386 4739 693 4809 ποιουμένων
716 4737 805 4804 τὴν
830 4736 1033 4789 σύνοδον
1059 4734 1279 4788 ἱκετεύειν
1305 4734 1425 4806 ὑπὲρ
1452 4732 1631 4799 αὐτῶν,
1656 4738 1971 4809 ταραχθέντες

2062 4732 2254 4804 Cyprii
2299 4738 2556 4807 tempore
2596 4741 2810 4790 motam
2839 4735 3014 4790 fuisse
3057 4734 3424 4806 quastionem
3464 4734 3534 4789 de
3558 4734 3662 4789 Dei

385 4827 435 4882 οἱ
471 4826 687 4901 μοναχοὶ
724 4825 805 4878 καὶ
844 4828 989 4878 τοῦτο
1026 4830 1209 4897 χρῆναι
1248 4832 1401 4877 ποιεῖν
1440 4824 1744 4895 νομίσαντες,
1777 4825 1971 4877 πολλῶν

2061 4826 2285 4889 natura,
2303 4828 2493 4878 utrum
2509 4829 2658 4879 esset
2665 4823 2995 4896 spiritualis,
3010 4839 3084 4878 an
3096 4823 3365 4878 membris
3379 4823 3665 4895 corporeis

388 4914 668 4971 ἇπισκόπων
714 4912 1121 4985 προκαθημένων,
1168 4917 1312 4967 τοῦτο
1359 4911 1419 4980 δὴ
1467 4909 1525 4965 τὸ
1570 4914 1769 4981 σύνηθες
1818 4910 1971 4976 αὐτοῖς

2061 4917 2341 4968 constans.
2399 4914 2546 4968 Nam
2582 4912 2952 4984 simpliciores
2989 4918 3049 4967 et
3087 4912 3366 4984 precipue
3402 4910 3665 4967 monachi

386 5007 567 5078 λέγειν,
597 5001 687 5059 κᾶν
718 4998 999 5069 ἀδικῶνται,
1030 5000 1379 5076 Συγχώρησον
1414 5001 1615 5073 ἔφασαν.
1649 5000 1899 5073 Θεοφίλου
1928 5003 1971 5056 δὲ

2063 5014 2395 5072 corporeum
2415 5017 2535 5056 esse
2549 5000 2873 5056 censebant.
2900 5000 3060 5057 Unde
3073 5005 3131 5056 et
3149 5000 3396 5056 haeretici
3414 5000 3667 5056 Anthro-

389 5095 598 5167 ἑτοίμως
642 5093 989 5165 σπεισαμένου,
1033 5091 1115 5145 καὶ
1147 5090 1236 5160 τὴν
1271 5090 1527 5145 κοινωνὶαν
1564 5086 1726 5154 αὐτοῖς
1764 5084 1971 5145 ἀποδόν-

2063 5089 2429 5162 ροωοτρὴὶιεε
2454 5090 2588 5145 dicti
2628 5095 2780 5157 sunt,
2814 5096 2871 5145 et
2900 5090 2960 5144 hi
2992 5089 3222 5162 quidem
3255 5089 3683 5146 aversabantur.

384 5202 489 5249 τος,
535 5183 727 5250 διελύθη
766 5187 868 5236 τῶν
914 5178 1050 5254 παρὰ
1096 5179 1280 5248 Σκῆτιν
1319 5175 1634 5251 ἀδικημάτων
1675 5180 1706 5247 ἡ
1749 5176 1971 5244 ἐξέτασις,

2066 5176 2388 5249 Origenem,
2420 5179 2569 5250 quod
2596 5180 2779 5235 Deum
2826 5178 3088 5251 spiritum
3117 5194 3240 5233 esse
3277 5179 3533 5246 doceret;
3570 5195 3665 5235 sa-

387 5269 509 5346 ὅπερ
557 5260 697 5344 οἶμαι
741 5268 828 5325 οὐκ
877 5268 935 5324 ἃν
983 5269 1178 5337 συνέϐη,
1225 5265 1265 5322 εἷ
1306 5274 1631 5340 συμπαρῆσαν
1671 5277 1772 5331 τοῖς
1814 5266 1971 5333 ἄλλοις

2064 5265 2367 5337 pientiores
2396 5273 2605 5336 autem,
2621 5274 2688 5324 ut
2713 5283 2908 5323 omnes
2930 5266 3222 5335 Catholici,
3254 5267 3519 5340 spiritum
3541 5283 3666 5325 esse

390 5370 632 5435 μοναχοῖς
663 5358 932 5433 Διόσκορός
959 5378 1014 5413 τε
1040 5359 1121 5413 καὶ
1155 5355 1445 5429 Ἀμμώνιος
1479 5378 1491 5391 ·
1534 5356 1600 5413 Ὁ
1632 5356 1718 5429 μὲν
1753 5356 1848 5430 γὰρ
1884 5359 1971 5428 ἤδη

2063 5355 2457 5425 praedicabant.
2509 5358 2693 5422 Quare
2729 5356 2881 5429 quod
2915 5355 3023 5412 hac
3060 5355 3123 5413 in
3149 5372 3212 5412 re
3260 5372 3391 5413 cum
3418 5355 3665 5428 Origene

387 5450 628 5524 πρότερον
651 5450 963 5518 τελευτήσας,
995 5443 1145 5520 ἐτάφη
1186 5443 1235 5500 ἐν
1268 5449 1329 5520 τῇ
1372 5445 1582 5502 Μωκίου
1616 5451 1706 5501 τοῦ
1740 5446 1971 5520 μάρτυροι

2068 5444 2362 5516 sentirent,
2390 5446 2673 5520 simplices
2699 5445 2784 5503 illi
2812 5450 3087 5519 tanquam
3112 5444 3481 5519 Origenistas,
3517 5444 3665 5503 hanc

459 5596 484 5621 ⁶
501 5592 721 5652 Vitiosa
745 5590 1229 5666 interpretatio,ut
1245 5588 1623 5663 patet.Gmca
1642 5589 1795 5647 enim
1816 5595 1984 5664 phra-
2064 5587 2281 5663 idquod
2292 5593 2532 5647 solamne
2551 5594 2627 5645 est
2649 5590 2782 5661 ipsis
2794 5589 2991 5658 dicere,
3005 5590 3228 5647 etiamsi
3245 5591 3469 5663 injuria
3481 5591 3664 5661 amicti

384 5684 481 5756 sis,
513 5681 855 5761 toﬁ-toﬁna.
886 5681 1092 5754 ἔφασαν,
1133 5679 1217 5739 sic
1243 5679 1454 5755 optime
1480 5679 1651 5738 vertit
1675 5680 1932 5739 Valesius
1961 5699 1974 5737 ε
2061 5681 2299 5753 fuerint,
2322 5681 2493 5737 Parce
2526 5678 2748 5750 scilicet,
2783 5680 3072 5740 disertim.
3102 5679 3256 5738 Em.
