4046 6212
315 398 387 454 57

1579 388 2177 451 PROLEGOMENON
2212 390 2329 448 XV.
3523 387 3591 447 58

315 521 500 577 solam
525 519 596 574 ob
624 533 851 574 causam
880 533 1072 573 exosos
1105 515 1406 573 habebant.
1440 517 1585 574 Hinc
1611 518 1821 574 factum
1848 519 2187 578 utArorum
2212 517 2462 572 virorum
2500 516 2853 584 auctoritate,
2885 517 3041 574 mirae
3087 534 3217 573 cum
3257 515 3588 572 eruditionis

315 617 581 666 sanctum
609 608 984 680 Epiphanium
1006 607 1064 661 in
1095 607 1354 662 omnibus
1374 608 1645 663 catholice
1675 608 1915 663 sentien-

315 704 438 754 tem
457 697 799 768 Theophilus
812 696 1157 751 Alexandriae
1168 697 1460 767 episcopus
1470 699 1914 769 Anthropomor-

316 789 608 860 phitarum
639 786 866 840 haeresis
895 785 1254 850 insimularit,
1280 791 1344 839 ut
1381 786 1630 840 referunt
1659 787 1916 842 Socrates

315 877 420 930 lib.
445 891 520 940 vI,
555 893 677 946 cap.
711 875 764 934 9,
797 875 1137 928 Sozomenus
1165 873 1260 928 lib.
1293 889 1416 937 vm,
1442 891 1560 946 cap.
1615 875 1699 940 14,
1733 881 1791 929 et
1815 875 1915 929 Ni-

319 966 598 1036 cephorus
629 962 722 1017 lib.
749 977 869 1029 xm,
890 979 1012 1034 cap.
1041 962 1105 1019 12
1129 981 1142 1030 ;
1169 968 1234 1016 ut
1253 963 1423 1018 etiam
1442 964 1684 1018 Joannes
1703 965 1918 1018 Jeroso—

317 1055 629 1126 lymitanus
643 1053 972 1124 Epiphanio,
997 1057 1062 1106 ut
1084 1051 1165 1106 ait
1180 1052 1556 1124 Hieronymus
1568 1053 1803 1123 epistola
1827 1052 1913 1120 61,

321 1144 390 1197 ad
421 1141 867 1205 Pammachium,
901 1142 1167 1195 adversus
1195 1158 1414 1195 errores
1443 1141 1674 1196 Joannis
1701 1143 1918 1196 Jeroso-

319 1231 620 1303 lymitani;
653 1231 765 1284 imo
806 1231 1064 1284 Rufﬂnus
1109 1230 1366 1284 eamdem
1410 1230 1668 1284 haeresim
1713 1230 1919 1301 objecit

318 1321 684 1392 Hieronymo,
710 1319 969 1375 Invectiv.
1002 1318 1099 1372 lib.
1132 1333 1171 1372 Ι.

394 1427 422 1461 ε
457 1411 668 1464 Contra
693 1425 843 1474 vero,
878 1407 974 1478 qui
1012 1407 1239 1477 Origeni
1260 1407 1592 1462 infensiores
1619 1412 1798 1474 erant,
1822 1424 1916 1461 eos

319 1499 416 1570 qui
446 1500 572 1569 ejus
591 1497 819 1552 lectioni
841 1496 1134 1561 vacabant,
1165 1497 1479 1551 Catholicos
1527 1495 1796 1566 alioquin,
1849 1496 1917 1549 de

315 1587 629 1642 haeresibus
651 1586 908 1656 Origenis
925 1584 1280 1651 accusabant,
1298 1592 1364 1639 ut
1377 1584 1720 1656 Epiphanius
1740 1584 1919 1647 Theo-

315 1676 555 1746 philum,
575 1680 633 1728 et
645 1674 907 1743 deinceps
927 1674 1410 1744 Chrysostomum,
1435 1678 1492 1727 et
1508 1673 1810 1727 monachos
1821 1672 1916 1742 qui

312 1779 443 1817 cum
467 1763 582 1817 illis
613 1761 1122 1816 communicabant.
1147 1763 1331 1832 Atque
1355 1763 1424 1815 de
1446 1762 1551 1816 hac
1571 1779 1632 1816 re
1662 1761 1918 1816 nonnihil

1995 611 2116 662 tum
2132 607 2462 671 sanctitatis,
2487 608 2582 678 qui
2609 608 2860 662 Cassiani
2876 625 3045 679 opera
3066 614 3122 662 et
3141 609 3398 678 legerunt
3421 607 3591 660 intre-

1996 696 2142 767 pide,
2172 701 2228 750 et
2255 697 2326 750 ad
2347 713 2576 751 suorum
2604 697 2939 768 scriptorum
2959 698 3125 751 ﬁdem
3145 695 3589 752 conﬁrmandam

1998 785 2352 840 adduxerunt
2377 786 2436 840 in
2463 786 2727 851 medium,
2762 792 2930 856 atque
2961 787 3077 841 suis
3103 787 3273 840 etiam
3304 783 3588 854 discipulis

1999 874 2238 944 legenda
2270 875 2694 930 mandaverunt.
2728 877 2806 928 Ex
2835 875 2924 928 his
2971 876 3125 929 fuere
3163 875 3321 928 divus
3351 871 3588 928 Benedi-

1999 968 2140 1027 ctus,
2187 964 2573 1029 Cassiodorus,
2619 964 2958 1026 Climachus,
3008 964 3344 1028 Bernardus,
3388 961 3587 1015 beatus

1998 1051 2340 1118 Dominicus,
2360 1053 2519 1107 divus
2537 1055 2780 1108 Thomas
2801 1054 3070 1123 Aquinas,
3095 1053 3302 1122 aliique
3324 1067 3460 1122 quos
3479 1050 3589 1103 elo-

1997 1140 2104 1210 giis
2133 1142 2407 1196 dedimus.

2075 1249 2099 1281 α
2125 1231 2282 1284 Adde
2313 1230 2460 1300 quod
2491 1231 2547 1284 in
2576 1232 2665 1284 his
2694 1232 3027 1286 Sanctorum
3044 1231 3170 1286 vitis
3192 1246 3303 1284 non
3325 1230 3394 1282 de
3411 1229 3590 1282 'eccle-
3614 1257 3615 1261 π

2000 1317 2238 1372 siasticis
2282 1320 2636 1390 dogmatibus
2685 1322 2784 1373 fiat
2824 1320 3148 1391 disputatio,
3187 1319 3285 1374 sed
3314 1319 3382 1372 de
3404 1319 3587 1387 justo-

1999 1424 2125 1460 rum
2147 1407 2414 1475 moribus,
2437 1410 2855 1464 conversatione
2869 1416 2926 1463 et
2943 1409 3443 1479 exemplistantum
3463 1421 3593 1475 aga-

1998 1499 2111 1549 tur.
2136 1497 2334 1566 Igitur,
2358 1514 2470 1568 qua
2489 1498 2548 1551 in
2568 1503 2728 1568 parte
2753 1498 2931 1552 bonus
2951 1497 3350 1574 esttadmissus
3370 1495 3507 1561 fuit;
3532 1493 3591 1548 in

2001 1601 2114 1654 qua
2127 1586 2310 1640 malus
2323 1589 2410 1653 (ea
2430 1591 2621 1641 autem
2639 1593 2724 1641 est
2756 1589 3076 1658 supradicta.
3091 1586 3312 1640 collatio
3326 1585 3394 1638 de
3411 1588 3593 1653 prote—

2000 1673 2181 1728 ctione
2192 1675 2309 1743 Dei)
2324 1676 2564 1745 rejectus
2584 1681 2687 1730 est.
2703 1676 2793 1730 Sic
2804 1682 2861 1729 et
2871 1677 2939 1730 de
2956 1675 3213 1744 Origenis
3229 1674 3384 1728 libris
3398 1671 3590 1726 fecisse

1999 1766 2218 1820 videtur
2257 1770 2451 1818 sancta
2492 1769 2672 1819 mater
2711 1765 2974 1819 Ecclesia.
3006 1765 3150 1818 Nam
3189 1761 3428 1833 explosis
3459 1759 3589 1828 Περὶ

310 1852 566 1905 insinuat
583 1851 745 1904 divus
775 1850 1151 1921 Hieronymus
1177 1850 1237 1904 in
1259 1850 1492 1921 epistola
1515 1849 1602 1915 62,
1637 1851 1704 1904 ad
1736 1851 1914 1904 Theo-
1937 1833 1982 1891 Β
2009 1852 2218 1926 Ἀρχῶν
2248 1858 2305 1907 et
2327 1853 2452 1906 aliis
2479 1854 2761 1908 nonnullis
2785 1853 3036 1922 ejusdem
3061 1851 3360 1922 opusculis,
3388 1854 3590 1903 caetera

311 1940 532 2013 philum
576 1940 874 1994 adversum
919 1941 1194 1993 Joannem
1238 1939 1808 2010 Jerosolymitanum;
1857 1939 1917 1993 in

311 2029 554 2100 epistola
583 2045 808 2098 quoque
842 2027 910 2082 68
939 2033 996 2082 et
1026 2026 1112 2092 70,
1146 2028 1213 2080 ad
1245 2028 1635 2098 Theophilum,
1669 2029 1806 2083 dum
1833 2029 1915 2082 illi

313 2117 466 2170 dicit:
490 2134 517 2167 ε
543 2117 851 2172 Ostendisti
865 2117 1012 2187 quod
1027 2117 1316 2186 hucusque
1329 2115 1685 2170 taciturnitas
1696 2115 1916 2186 dispen-

311 2206 456 2260 satio
496 2205 622 2271 fuit,
657 2222 769 2259 non
799 2222 1136 2272 consensus;
1176 2205 1348 2258 libere
1393 2205 1544 2259 enim
1591 2205 1915 2258 reverentiae

311 2301 427 2348 tuae
456 2295 678 2365 loquor.
709 2293 1047 2349 Dolebamus
1076 2299 1132 2348 te
1162 2294 1398 2350 nimium
1431 2311 1554 2347 esse
1583 2293 1911 2364 patientem,

313 2391 371 2438 et
400 2383 731 2453 ignorantes
762 2383 1016 2453 magistri
1037 2383 1436 2452 gubernacula,
1459 2381 1840 2453 gestiebamus
1859 2381 1917 2436 in

312 2471 615 2525 interitum
646 2471 1015 2542 perditorum.
1044 2490 1068 2522 ›)
1094 2472 1240 2526 Sane
1254 2470 1558 2541 suspicioni
1581 2470 1816 2524 dederat
1833 2486 1920 2523 oc-

313 2560 625 2622 casionem,
654 2560 804 2630 quod
843 2559 1072 2629 Origeni
1101 2559 1462 2624 consentiret,
1513 2564 1571 2613 et
1606 2559 1725 2630 ipse
1773 2564 1922 2612 esset

315 2649 661 2718 Origenista.
689 2649 806 2701 Hoc
827 2654 1097 2718 praetextu
1120 2648 1588 2718 Origenistarum,
1609 2647 1708 2716 [LI]
1724 2648 1920 2700 eadem

316 2753 432 2806 qua
462 2737 929 2806 Chrysostomum
961 2735 1338 2795 simulatione.
1357 2740 1599 2806 quatuor
1617 2735 1920 2804 monachos

318 2825 545 2894 Longos
563 2824 772 2877 montis
791 2824 1004 2889 Nitriae,
1035 2825 1184 2893 quod
1201 2824 1271 2878 ab
1293 2841 1358 2877 eo
1382 2824 1758 2886 recessissent,
1773 2824 1922 2894 quod

318 2913 446 2982 ejus
458 2928 646 2966 mores
660 2928 772 2966 non
785 2911 1107 2982 probarent,
1124 2913 1428 2967 insectatus
1439 2918 1541 2976 est,
1551 2914 1720 2967 etiam
1732 2917 1921 2967 coacto

317 3000 570 3054 exercitu
604 3001 1330 3072 AnthrOpomorphitarum,
1363 3002 1422 3055 in
1445 3001 1643 3071 quibus
1661 3007 1783 3055 erat
1800 3017 1921 3054 mo-

319 3089 636 3143 nachorum
666 3089 910 3159 phalanx
929 3106 1042 3143 non
1071 3107 1242 3160 parva
1271 3091 1385 3144 zelo
1407 3090 1634 3160 percita.
1668 3091 1819 3154 Quos
1843 3095 1926 3144 ta-

1998 1944 2120 1997 sine
2150 1942 2452 1997 offensione
2493 1942 2606 2011 legi
2636 1942 2888 1996 videmus
2917 1947 2974 1996 et
3019 1941 3295 2003 audimus,
3330 1944 3386 1992 et
3416 1935 3589 2008 (quod

1998 2032 2178 2101 magis
2206 2031 2430 2099 mirere)
2475 2036 2670 2084 contra
2712 2030 3104 2084 haereticorum
3133 2028 3381 2083 insanias
3420 2026 3591 2080 addu-

1998 2137 2122 2175 cere
2152 2137 2259 2174 non
2293 2137 2568 2174 veremur.
2598 2139 2623 2173 »
2657 2122 2742 2174 Ita
2768 2120 3128 2191 Lipomanus.

2072 2210 2264 2264 Simile
2296 2225 2408 2262 non
2437 2208 2677 2262 absimili
2706 2209 2766 2262 in
2793 2225 2852 2262 re
2877 2209 3152 2279 judicium
3173 2207 3292 2276 jam
3324 2205 3458 2260 olim
3484 2203 3594 2258 fuit

1997 2297 2291 2370 TheOphili
2319 2297 2681 2352 Alexandrini
2713 2298 2972 2368 episcopi,
2996 2298 3067 2350 de
3096 2313 3205 2367 quo
3227 2295 3376 2366 apud
3400 2295 3594 2349 Socra-

1997 2392 2134 2452 tem,
2164 2387 2261 2442 lib.
2282 2402 2357 2454 VI,
2390 2404 2512 2458 cap.
2535 2388 2600 2442 15
2632 2405 2642 2439 :
2682 2387 2881 2452 Ηῦξησε
2906 2386 2960 2438 δὲ
2986 2384 3042 2438 τὸ
3065 2386 3178 2455 [Ln]
3208 2386 3314 2437 κατ’
3339 2381 3486 2435 αὐτοῦ·
3516 2391 3591 2452 μῖ-

2001 2495 2104 2540 σος,
2137 2474 2193 2529 τὸ
2222 2467 2353 2538 αὖθις
2383 2473 2526 2529 αὐτὸν
2559 2475 2708 2545 μηδὲν
2737 2473 3168 2544 ὑποστειλάμενον,
3203 2472 3266 2526 τὰ
3307 2471 3589 2542 Ὠριγένους

2004 2559 2250 2617 ἀσκεῖσθαι
2279 2565 2459 2634 βιϐλία.
2506 2563 2807 2634 Ἐρωτηθεὶς
2833 2555 2914 2615 οὖν
2939 2562 3034 2615 ὑπό
3061 2581 3190 2623 τινος
3214 2566 3320 2621 πῶς
3347 2560 3378 2611 ἃ
3404 2555 3592 2625 ἀπεκή-

2003 2652 2130 2722 ρυξε,
2172 2658 2324 2705 ταῦτα
2368 2648 2636 2715 ἀσπάζεται
2678 2651 2844 2713 πάλιν,
2886 2656 3039 2703 ταῦτα
3079 2645 3368 2719 ἁπεκρίνατο
3403 2668 3414 2681 ο
3455 2667 3479 2697 ί(
3511 2645 3593 2700 Τὰ

2015 2740 2295 2811 Ὠρῑγένους
2325 2742 2448 2794 ἔοικε
2478 2741 2640 2808 βιϐλία
2666 2742 2870 2810 λειμῶνι
2895 2738 3092 2791 πάντων
3114 2733 3297 2790 ἀνθέων
3325 2757 3337 2769 ’
3371 2736 3416 2789 εἷ’
3435 2755 3482 2788 τι
3510 2726 3592 2787 οὖν

2005 2826 2052 2882 ἐν
2094 2825 2255 2891 αὐτοῖς
2299 2826 2484 2898 ἐφεύρω
2522 2825 2693 2891 καλὸν,
2738 2833 2882 2881 τοῦτο
2925 2829 3169 2898 δρέπομαι
3205 2823 3299 2878 ’.εἰ
3337 2826 3392 2877 δέ
3425 2825 3472 2876 τί
3511 2841 3594 2893 μοι

2003 2911 2278 2978 ἀκανθῶδες
2300 2919 2489 2987 φανείη,
2513 2922 2658 2970 τοῦτο
2672 2918 2744 2992 ἐῢς
2763 2921 2956 2968 κεντοῦν
2979 2915 3272 2985 ὑπερϐαίνω.
3301 2931 3362 2965 »α
3388 2912 3594 2967 Odium

2005 2998 2201 3059 contra
2221 3005 2380 3059 illum
2401 3005 2530 3059 inde
2560 3005 2732 3058 etiam
2757 3004 2946 3066 crevit,
2973 3004 3121 3074 quod
3141 3002 3312 3056 libros
3337 3000 3597 3071 Origenis

2005 3093 2255 3147 studiose
2277 3094 2463 3162 legere
2483 3110 2595 3148 non
2605 3099 2910 3147 vereretur.
2932 3094 3184 3162 Rogatus
3205 3091 3378 3161 igitur
3402 3106 3436 3143 a
3455 3105 3596 3158 quo-

318 3194 452 3231 men
481 3155 762 3247 fugientes
783 3178 997 3248 excepit
1025 3155 1268 3232 Joannes
1289 3155 1721 3250 Chrysostomus
1743 3186 1801 3234 et
1823 3179 1925 3233 de-
1941 3155 1983 3214 ί]
2006 3183 2136 3236 dam
2166 3198 2265 3236 cur
2296 3155 2466 3236 libros
2488 3199 2626 3253 quos
2655 3155 3128 3236 condemnav'erat
3154 3155 3599 3249 deintegroitm-

317 3264 521 3328 fendit,
548 3265 762 3318 monito
793 3266 962 3319 etiam
993 3266 1319 3320 Innocentio
1348 3267 1372 3320 Ι
1404 3267 1684 3336 pontiﬁce,
1719 3267 1814 3338 qui
1844 3267 1924 3320 in-

317 3353 571 3425 crepavit
598 3353 973 3424 The0philum
1001 3360 1108 3434 ;.et
1150 3355 1261 3416 ille,
1318 3355 1544 3408 tandem
1597 3355 1926 3425 poenitentia

317 3443 542 3507 ductus,
571 3441 877 3496 monachos
901 3441 1025 3496 illos
1057 3443 1277 3513 Longos
1288 3442 1391 3496 sibi
1414 3443 1790 3498 reconciliavit
1802 3449 1926 3498 tan-

318 3546 496 3601 quam
521 3530 715 3583 ﬁdeles
743 3535 800 3583 et
812 3529 1033 3600 probos.
1066 3531 1328 3585 Scribunt
1355 3531 1500 3585 hanc
1528 3532 1823 3586 historiam
1843 3537 1926 3587 tu-

317 3618 543 3692 sissime
555 3634 750 3672 omnes
760 3617 1010 3672 historici
1024 3619 1222 3684 Graeci,
1231 3620 1505 3691 Georgius
1516 3621 1924 3676 Alexandrinus

317 3706 774 3778 archiepiscopus
792 3707 852 3760 in
873 3707 1004 3761 Vita
1027 3707 1204 3762 sancti
1223 3709 1626 3779 Chrysostomi,
1643 3710 1925 3766 Palladius

317 3794 378 3848 in
409 3795 654 3864 dialogo,
692 3795 966 3860 Socrates,
987 3795 1346 3874 Sozomenus,
1367 3796 1592 3851 Simeon
1610 3798 1926 3867 Metaphra-

316 3889 456 3948 stes,
489 3883 602 3936 Leo
631 3883 939 3954 imperator
963 3883 1022 3938 in
1038 3885 1310 3948 oratione,
1336 3885 1716 3950 Cassiodorus,
1742 3886 1927 3957 Sulpi-

318 3972 460 4036 cius,
488 3971 739 4026 Isidorus
765 3971 1069 4038 Pelusiota,
1101 3973 1467 4043 Nicephorus,
1498 3989 1736 4044 quorum
1762 3975 1925 4029 testi-

318 4060 516 4114 monia
540 4059 751 4114 referre
781 4076 895 4114 non
921 4067 1098 4115 vacat.
1133 4061 1206 4115 Hi
1231 4079 1439 4116 omnes-
1454 4062 1926 4118 commendabant

317 4148 628 4201 monachos
658 4147 785 4202 illos
813 4165 953 4219 quos
985 4149 1274 4204 haereticos
1302 4150 1519 4221 putavit
1547 4150 1924 4222 Hieronymus

318 4251 354 4289 a
371 4235 686 4307 Theophilo
702 4236 988 4308 deceptus.
1006 4255 1033 4290 ο
1057 4238 1340 4293 Hactenus
1358 4239 1609 4293 Castrius
1620 4245 1830 4304 noster;
1854 4240 1924 4294 de

319 4341 433 4395 qua
454 4331 577 4379 tota
594 4325 831 4380 historia
850 4325 974 4381 vide
993 4326 1319 4392 Baronium,
1345 4331 1500 4380 tomo
1519 4327 1585 4393 V,
1609 4343 1756 4383 anno
1769 4328 1924 4382 Chri-

316 4414 391 4467 sti
418 4411 548 4468 400.

2004 3271 2364 3342 plexaretur?
2391 3270 2699 3342 Respondit
2740 3270 2912 3324 libros
2943 3269 3202 3339 Origenis
3228 3267 3440 3322 similes
3478 3281 3599 3320 esse

2004 3365 2166 3430 prato
2195 3359 2459 3414 omnibus
2505 3359 2706 3413 florum
2747 3358 3047 3429 generibus
3094 3357 3319 3412 referto.
3360 3355 3596 3420 Idcirco,

2005 3447 2206 3519 inquit,
2237 3448 2285 3501 si
2311 3448 2444 3518 quid
2472 3447 2689 3518 reperio
2729 3447 2786 3500 in
2817 3447 2928 3500 illis
2957 3445 3108 3512 boni,
3148 3445 3289 3499 illud
3317 3444 3553 3513 decerpo
3582 3459 3594 3494 :

2005 3536 2091 3590 sin
2119 3535 2328 3607 spinosi
2361 3536 2687 3607 quidquam,
2724 3536 2829 3589 hoc
2865 3540 3056 3606 utpote
3084 3533 3290 3589 aculeis
3321 3547 3592 3604 pungens,

2006 3624 2239 3679 missum
2271 3625 2430 3680 facio.
2462 3644 2484 3675 ι

2076 3713 2192 3767 Nec
2211 3714 2376 3768 aliter
2389 3713 2660 3783 judicavit
2675 3713 2834 3768 divus
2851 3711 3224 3783 Hieronymus
3245 3709 3482 3781 epistola
3503 3706 3598 3772 76,

2007 3802 2077 3856 ad
2122 3802 2512 3872 Tranquillum
2551 3802 2796 3856 scribens
2829 3821 2840 3854 :
2890 3822 2911 3853 ι
2955 3801 3097 3865 Quia
3135 3816 3272 3854 meae
3309 3796 3602 3869 parvitatis
3683 3814 3689 3820 ‘

2007 3890 2216 3960 quaeris
2235 3890 2593 3956 sententiam,
2611 3895 2802 3946 utrum
2816 3891 3122 3945 secundum
3139 3889 3372 3943 fratrem
3387 3885 3604 3942 Fausti-

2008 3995 2142 4033 num
2164 3979 2384 4050 penitus
2404 3980 2751 4050 respuendus
2770 3979 2843 4034 sit
2865 3979 3175 4049 (Origenes)
3208 3995 3280 4031 an
3295 3976 3602 4031 secundum

2009 4068 2278 4138 quosdam
2310 4068 2580 4138 legendus
2609 4085 2674 4121 ex
2705 4073 2882 4138 parte,
2916 4085 3018 4138 ego
3044 4067 3344 4137 Origenem
3373 4069 3604 4137 propter

2005 4155 2386 4218 eruditionem
2411 4156 2490 4210 sic
2514 4155 2796 4211 interdum
2839 4156 3139 4226 legendum
3169 4147 3430 4216 arbitror,
3459 4169 3601 4224 quo-

2006 4245 2170 4299 modo
2190 4245 2618 4310 Tertullianum,
2638 4245 2936 4311 Novatum,
2965 4244 3298 4308 Arnobium,
3321 4243 3603 4314 Apollina-

2004 4333 2173 4397 rium,
2201 4337 2258 4386 et
2283 4333 2582 4387 nonnullos
2601 4333 3007 4387 ecclesiasticos
3028 4332 3360 4403 Scriptores,
3379 4331 3603 4385 Grzecos

2005 4419 2218 4489 pariter
2241 4425 2299 4474 et
2321 4420 2550 4475 Latinos
2575 4440 2588 4487 ;
2621 4426 2685 4476 ut
2716 4421 2864 4476 bona
2895 4438 3090 4476 eorum
3118 4421 3438 4491 diligamus,
3468 4419 3602 4472 vite-

387 4501 556 4556 Dices
593 4501 762 4556 tertio
792 4506 988 4556 contra
1011 4501 1404 4558 auctoritatem
1434 4503 1563 4558 libri
1592 4520 1723 4575 qua:
1735 4505 1798 4572 ti,
1829 4499 2547 4578 au-Dmusquecontraria,
2567 4511 3373 4582 juxtaApostolumdicentem:
3398 4509 3600 4564 Omnia

318 4593 478 4644 ctore
507 4590 776 4644 Cassiano
804 4608 816 4643 :
845 4591 911 4645 In
941 4590 1184 4658 decreto,
1237 4592 1486 4647 distinct.
1538 4591 1624 4661 15,
1669 4594 1923 4650 Cassiani

320 4676 598 4748 opuscula
622 4682 923 4731 censentur
952 4677 1102 4732 inter
1127 4680 1466 4750 apocrypha.

393 4764 729 4835 Respondeo
758 4781 885 4818 cum
912 4766 1138 4837 Aloysio
1169 4767 1498 4838 Lipomano,
1539 4773 1678 4822 tom.
1711 4770 1841 4825 VIII
1856 4770 1926 4826 de

318 4853 468 4907 Vitis
499 4853 852 4920 Sanctorum,
877 4854 1066 4909 Rome
1089 4855 1237 4910 edito
1257 4873 1405 4910 anno
1425 4857 1582 4922 1560,
1602 4858 1924 4929 praefatione

318 4949 457 4996 ante
482 4948 744 5014 excerpta
771 4959 837 4997 ex
869 4943 1155 5010 Cassiano,
1191 4964 1212 4996 ι
1245 4949 1469 5000 tantum
1500 4947 1784 5018 prohibita
1803 4965 1924 5004 esse

316 5029 390 5084 ob
419 5045 595 5084 unam
627 5030 980 5102 potissimum
1024 5031 1380 5087 collationem
1429 5035 1657 5088 tertiam
1707 5035 1925 5091 abbatis

316 5117 690 5173 Cheremonis
715 5119 785 5173 de
813 5120 1161 5190 protectione
1190 5120 1292 5175 Dei
1315 5140 1328 5188 ;
1349 5123 1498 5192 quod
1525 5140 1591 5178 ex
1619 5123 1782 5179 beato
1793 5125 1927 5180 Pro-

315 5223 487 5280 spero
516 5208 782 5280 colligere
815 5214 900 5264 est
915 5208 1103 5264 libello
1133 5215 1329 5264 contra
1342 5211 1699 5280 Collatorem,
1724 5213 1784 5267 in
1813 5231 1923 5285 quo

318 5296 614 5352 hominem
628 5297 777 5352 hunc
798 5303 957 5353 notat
982 5298 1052 5353 de
1078 5299 1266 5376 gratia
1293 5299 1394 5374 Dei
1424 5306 1484 5354 et
1503 5300 1678 5357 libero
1692 5301 1924 5359 arbitrio

317 5385 583 5457 quaedam
606 5385 909 5442 temerarie
929 5403 994 5443 ac
1009 5393 1206 5444 contra
1233 5394 1438 5445 sanctae
1454 5390 1712 5446 Ecclesia:
1732 5391 1927 5448 deﬁni-

315 5473 508 5529 tiones
521 5473 884 5541 sentientem,
907 5475 1088 5532 locum
1097 5477 1218 5547 jam
1243 5476 1478 5532 citatum
1501 5478 1804 5536 adducens.
1820 5481 1926 5537 Cu-

306 5563 411 5634 jus
452 5563 628 5618 etiam
672 5565 962 5620 sententia:
1001 5565 1222 5621 videtur
1263 5566 1507 5623 Joannes
1560 5569 1924 5626 Trithemius.

312 5652 484 5720 Quod
501 5656 573 5711 ut
591 5653 720 5728 quis
738 5653 932 5714 credat
941 5654 1180 5723 facilius,
1203 5655 1406 5714 adduci
1423 5656 1473 5714 is
1492 5662 1680 5730 potest
1700 5658 1926 5733 praecla-

1999 4599 2242 4666 probate,
2276 4599 2421 4666 quod
2451 4601 2654 4653 bonum
2682 4605 2758 4654 est
2789 4605 2957 4654 tenete
2997 4603 3073 4667 (II
3113 4600 3285 4653 Thess.
3319 4601 3392 4665 v).
3423 4598 3602 4651 Caete-

2005 4701 2134 4740 rum
2163 4685 2258 4756 qui
2288 4687 2374 4741 vel
2400 4685 2460 4742 in
2483 4703 2733 4743 amorem
2764 4690 2888 4758 ejus
2917 4687 3173 4753 nimium,
3209 4687 3292 4740 vel
3321 4686 3381 4740 in
3410 4686 3604 4741 odium

2006 4775 2280 4829 stomachi
2309 4776 2396 4829 sui
2424 4777 2697 4846 pravitate
2735 4777 3034 4842 ducuntur,
3062 4775 3323 4830 videntur
3350 4775 3491 4830 mihi
3521 4775 3605 4830 illi

2006 4863 2305 4918 maledicto
2330 4864 2655 4935 prophetico
2683 4864 2972 4935 subjacere
3000 4887 3013 4920 :
3057 4866 3133 4920 νδ
3157 4866 3242 4919 his
3282 4868 3382 4934 qui
3407 4867 3605 4919 dicunt

2009 4952 2212 5005 bonum
2223 4955 2457 5018 malum,
2478 4959 2526 5008 et
2537 4957 2752 5009 malum
2767 4955 3096 5023 bonum;qui
3103 4955 3324 5022 faciunt
3337 4970 3602 5028 amarum

2006 5040 2182 5104 dulce,
2205 5046 2252 5094 et
2272 5041 2428 5096 dulce
2446 5058 2711 5096 amarum
2743 5043 2922 5108 (Isaias
2942 5045 3018 5111 v).
3051 5042 3166 5097 Nec
3194 5043 3344 5098 enim
3372 5049 3604 5114 propter

2007 5127 2317 5182 doctrinam
2339 5131 2461 5200 ejus
2479 5147 2655 5201 prava
2670 5131 3024 5202 suscipienda
3042 5137 3175 5186 sunt
3191 5133 3476 5202 dogmata;
3501 5149 3604 5186 nec

2007 5221 2235 5288 propter
2247 5217 2572 5287 dogmatum
2590 5219 2940 5290 pravitatem,
2961 5221 3009 5276 si
3019 5237 3158 5292 quos
3170 5221 3604 5276 commentarios

2006 5303 2065 5358 in
2088 5306 2405 5377 Scripturas
2425 5313 2647 5362 sanctas
2666 5309 2834 5363 utiles
2849 5309 3041 5376 edidit,
3065 5310 3290 5382 penitus
3301 5311 3603 5382 respuendi

2007 5398 2160 5449 sunt.
2187 5413 2212 5448 »
2237 5395 2345 5460 Qui
2364 5395 2424 5452 in
2445 5397 2556 5452 fine
2577 5397 2697 5453 haec
2720 5397 3012 5470 subjungit
3033 5417 3046 5452 :
3074 5417 3102 5452 ι
3130 5399 3291 5464 Quod
3309 5399 3358 5454 si
3375 5405 3604 5456 conten-

2007 5482 2216 5539 tiosum
2235 5483 2384 5540 inter
2398 5502 2459 5542 se
2470 5492 2748 5544 amatores
2773 5489 2895 5558 ejus
2916 5493 2974 5544 et
2989 5487 3390 5544 obtrectatores
3409 5489 3601 5546 funem

2007 5572 2286 5643 duxerint,
2327 5580 2392 5632 ut
2432 5575 2574 5638 nihil
2621 5577 2869 5635 medium
2916 5582 3208 5650 appetant,
3239 5593 3341 5633 nec
3379 5581 3602 5633 servent

2007 5662 2259 5734 modum,
2284 5665 2384 5724 sed
2403 5670 2584 5728 totum
2609 5672 2712 5727 aut
2737 5667 2995 5741 probent,
3027 5673 3130 5739 aut
3168 5666 3508 5740 improbent,
3538 5665 3602 5731 lie
