4046 6212
426 425 510 484 59-
1329 423 1409 480 ΙΝ
1445 423 1656 479 VITAS
1695 419 1994 478 PATRUM
2033 417 2571 477 PROLEGOMENA
2605 416 2802 473 XXVI.

3619 414 3697 472 60

424 553 650 610 bentius
697 555 847 626 piam
897 550 1269 607 rusticitatem
1299 566 1468 622 quam
1497 552 1721 607 doctam
1766 550 2029 622 blasphe-
2047 554 2089 611 Α
2109 551 2158 604 si
2187 548 2472 604 miraculis
2502 546 2659 614 clari,
2691 552 2750 601 et
2774 546 2984 618 optimo
3028 549 3139 602 ﬁne
3168 546 3558 612 consummati,
3603 547 3699 602 vix

424 644 594 698 miam
623 645 844 713 eligam.
875 661 904 694 π

497 733 659 787 Dices
681 736 881 802 quarto
903 734 1098 784 contra
1123 730 1513 784 auctoritatem
1538 729 1667 784 libri
1688 729 1884 795 octavi,
1915 745 2016 782 au-

423 828 572 876 ctore
603 820 852 874 Palladio
893 837 904 872 :
942 819 1226 873 Palladius
1265 819 1355 872 hic
1387 819 1707 889 Origenista
1737 819 1864 872 fuit.
1906 818 2020 871 Re--

425 910 664 980 spondet
689 903 950 980 Aloysius
979 908 1318 978 Lipomanus
1343 913 1495 962 tomo
1515 909 1593 962 III
1617 909 1684 961 de
1714 908 1859 961 Vitis
1883 907 2019 960 San-

424 1002 638 1051 ctorum
670 1015 682 1050 :
713 1016 737 1048 «
773 998 932 1061 Quod
955 998 1001 1050 is
1040 997 1208 1050 fuerit
1225 997 1544 1066 Origenista
1571 1013 1764 1060 necne,
1788 997 1857 1050 ad
1888 1013 2018 1067 pro-

421 1086 668 1156 positum
699 1103 806 1156 quo
827 1087 916 1139 hic
944 1085 1084 1139 liber
1102 1086 1340 1156 scriptus
1363 1091 1447 1139 est
1469 1102 1667 1156 parum
1699 1085 1848 1141 facit.
1873 1086 2017 1138 Nam

422 1191 536 1229 non
569 1175 832 1244 dogmata
848 1175 977 1228 ﬁdei
996 1174 1053 1227 in
1085 1191 1168 1239 eo,
1193 1176 1289 1228 sed
1309 1179 1630 1228 sanctorum
1656 1174 1798 1228 Vita
1817 1173 2019 1237 descri’:

423 1263 654 1329 buntur,
693 1269 749 1317 et
779 1269 862 1330 (ut
892 1263 961 1317 de
991 1263 1228 1316 Eusebio
1259 1263 1586 1318 Casariensi
1616 1262 1892 1334 episc0po,
1924 1262 2018 1332 qui

423 1357 480 1406 et
508 1353 627 1422 ipse
665 1351 924 1422 Origenis
967 1351 1154 1405 fautor
1179 1351 1302 1417 fuit,
1334 1352 1414 1406 ait
1451 1351 1646 1405 beatus
1685 1367 1828 1422 papa
1861 1351 2020 1405 Gela-

423 1441 559 1509 sius)
595 1460 621 1492 a
654 1442 888 1511 Propter
910 1457 1096 1494 rerum
1125 1441 1466 1510 singularem
1493 1440 1771 1504 notitiam,
1800 1457 1922 1510 qua
1949 1440 2019 1493 ad

424 1529 852 1583 instructionem
903 1529 1165 1600 pertinet,
1215 1546 1326 1582 non
1366 1529 1585 1582 videtur
1615 1528 1953 1592 renuendus,
1987 1547 2015 1578 »

424 1619 735 1689 prasertim
765 1635 891 1671 cum
911 1620 1000 1688 (ut
1027 1617 1234 1686 ingenii
1265 1617 1442 1671 nostri
1465 1617 1814 1670 imbecillitas
1833 1616 2019 1669 videre

423 1707 628 1776 potuit)
659 1707 796 1758 nihil
827 1706 916 1758 hic
942 1722 1051 1758 non
1082 1705 1256 1775 pium,
1303 1722 1415 1758 non
1440 1705 1814 1760 Christianam
1851 1705 2017 1759 redo-

424 1796 545 1848 lens
591 1794 892 1864 puritatem
937 1795 1176 1863 legatur.
1226 1793 1617 1864 Approbamus
1646 1795 1818 1864 igitur
1855 1811 2013 1864 opus,

2101 639 2301 693 adduci
2335 653 2650 708 possumus,
2686 641 2752 690 ut
2779 636 3076 690 credamus
3098 637 3202 690 hos
3234 636 3359 690 illos
3388 652 3528 700 esse,
3553 652 3696 707 quos

2100 729 2262 782 divus
2290 727 2668 797 Hieronymus
2697 726 2974 780 hareseos
3017 742 3052 779 a
3091 724 3353 780 Patribus
3396 724 3696 780 damnatos

2099 817 2316 883 asserit,
2341 822 2398 870 et
2426 831 2539 869 non
2566 830 2793 887 prorsus
2821 814 2978 869 alios.

2173 905 2288 974 Ego
2317 909 2382 956 ut
2405 903 2552 973 quod
2573 903 2752 956 sentio
2770 901 2942 956 libere
2955 902 3152 965 fatear,
3177 906 3471 973 postquam
3483 901 3696 956 librum
3724 950 3727 951 ν

2101 993 2250 1046 hunc
2278 991 2513 1045 Palladii
2537 991 2606 1044 ad
2637 992 2884 1045 Lausum
2931 1008 2965 1044 a
2991 991 3343 1045 sanctissimo
3372 991 3698 1062 pariterque

2101 1080 2424 1134 doctissimo
2444 1079 2579 1145 viro,
2597 1079 2852 1134 Ecclesia
2871 1080 3149 1144 columna,
3168 1081 3382 1134 Joanne
3402 1080 3698 1134 Damasce-

2101 1186 2192 1235 no,
2220 1170 2276 1222 in
2308 1184 2566 1222 sermone
2586 1168 2680 1222 illo
2698 1184 2890 1232 aureo,
2921 1168 3472 1236 Defunctosvivorum
3497 1169 3696 1236 beneﬂ-

2101 1261 2201 1310 ciis
2218 1260 2438 1326 jurarz',
2471 1256 2756 1328 inscripto,
2784 1262 3075 1327 tantopere
3095 1257 3546 1324 commendatum
3558 1256 3691 1322 vidi,

2102 1345 2310 1416 absque
2338 1346 2452 1400 ullo
2499 1346 2852 1400 conscientia
2897 1346 3156 1416 scrupulo
3199 1351 3383 1400 totum
3427 1362 3565 1416 opus
3606 1344 3698 1400 bis

2102 1441 2298 1504 terque
2329 1435 2556 1506 perlegi,
2590 1451 2767 1505 eaque
2796 1434 3030 1488 lectione
3051 1451 3176 1488 cum
3197 1434 3430 1488 miriﬁce
3450 1451 3576 1488 sum
3591 1435 3696 1488 de-

2103 1524 2356 1587 lectatus,
2371 1529 2495 1577 tum
2507 1539 2636 1577 vero
2649 1523 2913 1593 ﬂagranti
2927 1522 3166 1594 quodam
3179 1523 3485 1577 calestium
3502 1539 3696 1578 rerum

2103 1612 2381 1666 desiderio
2411 1617 2563 1666 totus
2594 1613 2794 1666 exarsi.
2827 1612 2910 1666 Tu
2939 1618 3148 1678 tamen,
3173 1612 3317 1682 quod
3349 1611 3696 1682 probabilius

2101 1706 2158 1753 et
2183 1700 2285 1754 tibi
2313 1701 2492 1754 tutius
2521 1701 2757 1766 videtur,
2779 1717 3032 1771 sequere.
3081 1702 3084 1705 ’

2171 1790 2453 1843 Hactenus
2474 1789 2824 1844 doctissimus
2846 1795 2903 1842 et
2922 1789 3284 1858 gravissimus
3305 1788 3390 1842 vir
3409 1789 3692 1860 Aloysius,

422 1882 750 1952 scriptorem
784 1890 973 1936 autem
1002 1882 1103 1935 Dei
1143 1883 1374 1951 judicio,
1407 1899 1597 1936 coram
1627 1899 1736 1953 quo
1764 1882 1858 1936 ille
1883 1871 2014 1947 stat,
2039 1877 2196 1962 Bqui
2225 1878 2456 1931 concilio
2494 1879 2821 1932 Tridentiuo
2868 1895 2992 1932 cum
3041 1877 3165 1930 aliis
3208 1875 3424 1932 duobus
3464 1878 3696 1948 collegis

423 1987 792 2023 reservamus.
840 1971 983 2023 Nam
1023 1970 1193 2023 dubia
1221 1987 1321 2040 pro
1343 1971 1512 2024 certis
1542 1987 1812 2036 asserere,
1846 1970 2014 2024 nimis

421 2059 785 2112 temerarium
817 2057 978 2111 nobis
1005 2058 1244 2112 videtur.
1280 2077 1305 2110 »
1337 2060 1422 2113 Ita
1449 2059 1728 2130 Aloysius.

494 2147 656 2200 Dices
701 2146 898 2217 quinto
943 2163 1072 2200 cum
1118 2147 1313 2200 eodem
1344 2147 1570 2219 Aloysio
1612 2165 1783 2218 supra
1819 2153 2016 2201 contra

423 2235 684 2289 eumdem
700 2235 904 2289 librum
930 2235 1162 2289 :Verum
1184 2235 1335 2290 aliud
1349 2236 1627 2305 quoddam
1652 2236 1708 2288 in
1731 2237 1832 2290 hoc
1848 2253 2014 2307 opere

424 2339 545 2377 sese
579 2324 758 2388 oﬂ'ert,
804 2324 948 2393 quod
990 2340 1090 2377 nos
1119 2325 1297 2394 magis
1342 2323 1604 2377 sollicitos
1631 2325 1774 2394 [LIII]
1809 2324 2011 2377 reddit.

421 2412 592 2466 Divus
607 2413 1001 2483 Hieronymus,
1027 2414 1186 2481 cujus
1206 2413 1263 2465 in
1282 2412 1524 2466 Ecclesia
1545 2417 1703 2466 tanta
1725 2418 1810 2466 est
1830 2419 2017 2466 aucto-

421 2502 576 2566 ritas,
611 2506 881 2571 quantam
911 2517 1104 2554 omnes
1134 2502 1359 2563 scimus,
1394 2502 1451 2554 in
1481 2501 1717 2571 epistola
1746 2518 1913 2570 quam
1945 2502 2015 2556 ad

422 2590 843 2660 Ctesiphontem
861 2589 1070 2652 scribit,
1090 2589 1398 2659 suggillans
1414 2589 1709 2658 Evagrium
1723 2590 2014 2643 Ponticum

419 2678 577 2742 (imo,
599 2677 903 2735 Ruﬂinum,
930 2683 994 2730 ut
1023 2677 1334 2746 prolegom.
1367 2677 1418 2740 4,
1442 2676 1470 2746 §
1499 2677 1562 2731 '10
1593 2677 1772 2736 docui)
1797 2678 2015 2748 Hyper-

419 2763 680 2826 boritam,
724 2765 817 2834 qui
848 2764 1052 2817 librum
1075 2765 1296 2834 scripsit
1313 2765 1471 2835 quasi
1494 2765 1562 2819 de
1592 2766 1899 2830 monachis,
1925 2767 2016 2820 ob-

414 2853 542 2923 jicit
570 2853 619 2906 ei
647 2853 852 2906 multos
881 2852 937 2904 in
961 2869 1027 2906 eo
1053 2852 1194 2905 libro
1225 2859 1581 2906 enumeratos
1611 2855 1704 2924 qui
1727 2871 2012 2924 nunquam

419 2941 647 3007 fuerint,
677 2945 731 2993 et
753 2956 891 3009 quos
923 2939 1091 2993 fuisse
1120 2939 1313 2993 scribit
1331 2941 1695 3010 Origenistas,
1730 2948 1786 2994 et
1814 2941 1884 2995 ab
1904 2942 2015 3013 epi-

422 3029 602 3100 scopis
631 3029 929 3082 damnatos
959 3029 1188 3095 asserit;
1224 3029 1522 3100 volensque
1550 3030 1797 3100 apertius
1827 3032 1922 3100 qui
1954 3031 2011 3084 hi

421 3125 610 3172 essent
642 3117 906 3181 indicare,
951 3117 1240 3187 subjungit
1266 3135 1277 3170 :
1310 3138 1330 3169 ‹
1366 3119 1726 3172 Ammonium
1757 3119 2012 3173 videlicet

2101 1968 2185 2032 (ut
2205 1967 2323 2037 ipse
2354 1967 2614 2036 exprimit
2643 1967 2879 2037 epistola
2908 1966 3250 2020 dedicatoria
3278 1966 3414 2036 [LIV]
3462 1967 3696 2020 secundi

2097 2055 2254 2120 torni,
2271 2055 2517 2108 Venetiis
2541 2056 2795 2126 impressi
2829 2053 2980 2121 1553,
2999 2054 3069 2108 de
3084 2054 3227 2109 Vitis
3248 2055 3598 2122 Sanctorum,
3618 2055 3696 2110 ad

2097 2143 2305 2197 Julium
2335 2160 2538 2214 papam
2567 2145 2664 2210 III)
2697 2144 2936 2214 prafuit.

2169 2231 2328 2285 Dices
2357 2238 2529 2297 sexto,
2555 2237 2750 2286 contra
2770 2232 3144 2286 Vitasomnes
3171 2232 3230 2286 in
3270 2247 3475 2302 genere
3500 2249 3512 2284 :
3555 2231 3694 2303 Epi-

2097 2321 2240 2374 stola
2259 2321 2490 2374 Adriani
2522 2322 2544 2375 I
2577 2338 2733 2392 papa
2763 2322 2833 2374 ad
2857 2321 3116 2376 Carolum
3148 2337 3358 2391 regem,
3381 2337 3487 2390 qua
3503 2321 3696 2375 confu-

2097 2414 2183 2462 tat
2201 2417 2588 2481 oppugnantes
2609 2411 2913 2465 secundum
2939 2411 3215 2482 synodum
3236 2411 3538 2475 Nicanam,
3563 2427 3687 2481 cap.

2098 2498 2185 2559 17,
2219 2498 2274 2551 in
2301 2499 2518 2553 actione
2551 2498 2601 2565 5,
2647 2500 2752 2552 hoc
2791 2499 3237 2570 Oppugnantium
3289 2504 3692 2569 argumentum

2098 2586 2233 2640 citat
2255 2606 2266 2638 :
2297 2607 2316 2636 ι
2355 2587 2512 2650 Quod
2543 2587 2621 2640 illi
2648 2587 2792 2651 libri,
2811 2588 2952 2641 Vita
2973 2589 3222 2652 Patrum,
3244 2605 3481 2658 quorum
3502 2593 3693 2643 aucto-

2098 2689 2186 2727 res
2216 2675 2568 2743 ignorantur,
2605 2692 2716 2728 non
2745 2692 2972 2746 prorsus
3001 2675 3188 2729 idonei
3217 2675 3329 2729 sint
3354 2676 3422 2729 ad
3439 2675 3693 2730 testimo-

2097 2762 2190 2816 nia
2215 2763 2413 2825 danda,
2452 2769 2509 2816 et
2539 2765 2607 2817 ad
2638 2765 2754 2817 hac
2785 2781 2906 2834 qua
2925 2764 2982 2817 in
3011 2765 3428 2819 contentionem
3458 2765 3692 2818 veniunt

2096 2852 2496 2905 confirmanda.
2531 2871 2557 2905 ι
2601 2853 2919 2922 Respondet
2944 2853 3223 2906 Adrianus
3255 2869 3434 2923 papa:
3487 2869 3514 2904 α
3546 2853 3689 2907 Vita:

2096 2939 2328 2993 Patrum
2355 2941 2475 2993 sine
2496 2939 2877 3010 probabilibus
2893 2940 3213 2995 auctoribus
3243 2941 3474 2994 minime
3502 2941 3559 2994 in
3590 2941 3690 2995 Ec-

2096 3028 2260 3081 clesia
2286 3029 2568 3098 leguntur.
2586 3030 2725 3083 Nam
2757 3029 2826 3082 ab
2848 3029 3168 3083 orthodoxis
3189 3029 3426 3084 titulata
3439 3034 3494 3083 et
3514 3029 3690 3083 susci-

2093 3115 2342 3185 piuntur,
2359 3123 2414 3170 et
2425 3117 2706 3186 leguntur.
2720 3117 2898 3186 Magis
2908 3118 3054 3171 enim
3067 3117 3351 3187 passiones
3363 3123 3689 3172 sanctorum

419 3211 478 3259 et
501 3205 821 3270 Eusebium,
852 3211 909 3258 et
947 3205 1330 3276 Euthymium,
1366 3211 1423 3258 et
1461 3205 1644 3275 ipsum
1693 3206 2007 3276 Evagrium,
2030 3210 2406 3275 Cmartyrum
2437 3206 2580 3259 sacri
2611 3222 2849 3260 canones
2884 3212 3242 3271 censuerunt,
3275 3212 3340 3261 ut
3388 3207 3552 3260 liceat
3589 3223 3687 3261 eas

419 3294 498 3348 Or
535 3309 756 3364 quoque
785 3297 843 3346 et
870 3292 1166 3357 Isidorum,
1201 3301 1258 3346 et
1286 3293 1490 3348 multos
1520 3295 1677 3360 alios,
1713 3312 1852 3365 quos
1879 3311 2013 3350 enu-

415 3398 635 3436 merare
665 3382 892 3436 taedium
925 3387 1027 3434 est.
1063 3399 1089 3433 »
1121 3384 1195 3435 At
1223 3381 1280 3434 hi
1311 3398 1428 3447 sex,
1479 3399 1716 3452 quorum
1759 3383 1816 3436 in
1851 3401 2012 3438 men-

415 3470 630 3524 tionem
660 3469 977 3535 incidimus,
1007 3470 1255 3524 etiamin
1278 3471 1380 3524 hoc
1408 3470 1641 3524 Palladii
1661 3473 2013 3542 opereinter—

397 3544 702 3626 seruntur,
737 3575 1043 3629 eorumque
1072 3559 1212 3612 Vita
1243 3564 1501 3612 accurate
1534 3560 1827 3631 descripta
1856 3578 2013 3632 repe-

416 3647 659 3702 riuntur.
712 3648 858 3712 Quid
909 3647 1082 3716 igitur
1126 3648 1197 3700 ad
1253 3648 1370 3701 hac
1416 3648 1702 3701 dicemus?
1739 3649 2011 3720 suscipie-

413 3752 611 3789 musne
643 3735 790 3788 viros
826 3734 922 3805 qui
953 3750 987 3786 a
1015 3739 1173 3787 tanto
1224 3735 1390 3789 Patre
1419 3736 1487 3789 de
1530 3735 1726 3791 haresi
1757 3737 2007 3791 damnati

415 3822 813 3876 afﬁrmantur?
843 3822 1164 3892 Respondet
1191 3822 1340 3877 idem
1383 3825 1643 3895 Aloysius
1673 3844 1683 3878 :
1721 3826 2008 3882 Haremus

414 3916 565 3965 certe
594 3912 698 3964 hoc
723 3910 781 3963 in
812 3911 950 3976 loco,
985 3910 1161 3964 lector
1186 3912 1598 3967 candidissime.
1627 3914 1743 3968 Etsi
1763 3915 1900 3969 illud
1921 3933 2008 3970 re-

414 4000 690 4070 spondere
729 4015 1045 4069 possumus,
1072 3999 1277 4054 librum
1323 4001 1594 4056 duntaxat
1626 4003 1843 4072 Evagrii
1876 4004 2007 4073 (imo

415 4087 643 4152 Ruﬂini,
676 4092 740 4141 ut
763 4088 884 4156 jam
908 4087 1068 4158 dixi),
1092 4104 1203 4142 non
1231 4094 1418 4144 autem
1451 4091 1666 4145 Paladii
1690 4109 1788 4161 per
1817 4092 2007 4146 divum

417 4176 825 4247 Hieronymum
864 4175 1034 4230 fuisse
1071 4177 1419 4232 damnatum.
1450 4180 1564 4233 Aut
1607 4179 1731 4234 illos
1760 4181 2005 4251 profecto

415 4265 642 4320 eosdem
670 4281 783 4318 non
831 4281 952 4318 esse
998 4265 1095 4336 qui
1137 4272 1195 4320 et
1223 4267 1292 4320 ab
1325 4268 1560 4338 Evagrio
1590 4274 1647 4322 et
1688 4286 1723 4322 a
1757 4269 2006 4324 Palladio

413 4345 947 4418 commemorantur,
984 4355 1082 4408 sed
1119 4355 1346 4410 omnino
1375 4357 1533 4410 alios.
1583 4357 1830 4426 Contigit
1857 4358 2006 4412 enim

415 4448 581 4512 (teste
627 4443 748 4514 ipso
797 4443 966 4498 etiam
997 4444 1122 4498 divo
1170 4445 1512 4516 Hieronymo
1538 4451 1594 4500 et
1617 4447 1908 4501 Gennadio
1939 4447 2008 4502 de

2095 3293 2263 3348 etiam
2294 3293 2351 3347 in
2380 3295 2610 3348 ecclesia
2642 3295 2768 3364 legi,
2792 3312 2918 3348 cum
2948 3295 3312 3349 anniversarii
3341 3294 3459 3350 dies
3488 3311 3686 3348 eorum

2093 3383 2464 3437 celebrantur.
2495 3403 2519 3434 »
2547 3383 2712 3437 Aliud
2734 3383 2908 3453 igitur
2934 3384 3112 3438 estita
3141 3384 3526 3438 authenticum
3540 3400 3682 3449 esse,

2094 3477 2156 3525 ut
2183 3473 2240 3524 in
2272 3471 2514 3526 Ecclesia
2539 3472 2779 3542 legatur,
2803 3473 2954 3527 aliud
2975 3479 3040 3526 ut
3061 3490 3096 3525 a
3123 3473 3426 3527 Catholicis
3454 3473 3688 3543 recipia-

2091 3565 2186 3614 tur
2213 3566 2271 3614 et
2290 3561 2528 3631 legatur.
2555 3562 2889 3632 Quanquam
2910 3578 3022 3615 non
3042 3567 3161 3615 tam
3182 3560 3260 3616 ibi
3281 3561 3531 3632 pontifex
3551 3567 3688 3632 agat

2091 3648 2160 3701 de
2188 3648 2275 3701 his
2295 3649 2438 3702 Vitis
2466 3649 2694 3702 Patrum
2725 3649 3106 3710 eremitarum.
3133 3666 3299 3720 quam
3331 3649 3399 3704 de
3429 3649 3685 3704 omnium

2090 3736 2328 3791 aliorum
2353 3737 2583 3792 Patrum
2613 3738 2775 3803 Vitis,
2802 3755 2923 3808 qua
2947 3739 3066 3792 sine
3089 3737 3307 3809 probati
3323 3739 3564 3794 auctoris
3585 3754 3686 3792 no-

2088 3825 2240 3879 mine
2269 3842 2381 3879 non
2411 3826 2568 3879 facile
2598 3825 3009 3896 recipiebantur
3035 3827 3094 3880 in
3115 3827 3370 3883 Ecclesia
3392 3827 3679 3882 lectiones.

2159 3914 2321 3968 Dices
2347 3915 2604 3986 septimo,
2629 3915 2895 3969 Melchior
2914 3916 3098 3970 Canus
3127 3914 3270 3970 libro
3299 3929 3359 3980 ΙΙ,
3389 3933 3511 3986 cap.
3541 3915 3594 3980 6,
3609 3915 3681 3970 de

2090 4003 2222 4057 locis
2251 4003 2618 4073 Theologicis,
2651 4019 2780 4057 acer
2807 4003 3133 4074 cumprimis
3157 4003 3426 4059 librorum
3457 4021 3675 4070 censor,

2089 4092 2296 4147 Gelasii
2317 4093 2638 4147 testimonio
2661 4109 2854 4147 eorum
2875 4093 3286 4164 impudentiam
3299 4093 3564 4159 retundit,
3582 4093 3680 4165 qui

2087 4181 2288 4235 harum
2308 4198 2496 4236 rerum
2507 4187 2793 4236 auctorem
2807 4181 3032 4236 beatum
3049 4182 3453 4254 Hieronymum
3463 4183 3682 4254 pervul-

2087 4275 2312 4340 garunt,
2343 4286 2481 4340 quas
2519 4287 2681 4324 nemo
2721 4269 2828 4324 nisi
2875 4270 3031 4324 rudis
3073 4277 3130 4324 et
3175 4271 3420 4340 elinguis
3464 4271 3677 4326 ederet.

2089 4359 2444 4430 Respondeo:
2475 4359 2590 4413 Nec
2613 4375 2714 4412 nos
2742 4357 2906 4412 beato
2923 4359 3262 4430 Hieronymo
3285 4359 3442 4414 Vitas
3453 4376 3546 4414 eas
3557 4376 3682 4414 om-

2089 4465 2189 4502 nes
2220 4464 2548 4518 arrogamus
2573 4466 2585 4514 ;
2615 4454 2671 4502 et
2703 4448 2996 4518 plerasque
3025 4449 3251 4502 rudiore
3281 4449 3374 4502 ﬁlo
3404 4455 3602 4513 textas,
3630 4449 3681 4503 si

414 4533 563 4587 Viris
592 4532 921 4602 illustribus)
949 4533 1262 4603 complures
1284 4540 1505 4588 sanctos
1533 4535 1748 4601 Patres,
1791 4552 2006 4591 necnon
2023 4523 2071 4580 Ῑ)
2091 4536 2479 4592 Stridonensia
2507 4537 2752 4591 multitia
2779 4536 3168 4607 inspiciantur,
3210 4553 3323 4591 non
3349 4537 3679 4593 difﬁtemur.

414 4623 717 4676 monachos
747 4626 806 4675 et
827 4621 1210 4687 anachoretas,
1244 4623 1496 4692 ejusdem
1543 4624 1714 4678 fuisse
1743 4625 2005 4691 nominis,

416 4714 480 4764 ut
509 4710 567 4762 in
593 4710 850 4779 plurimis
872 4710 1151 4777 Macariis,
1183 4709 1390 4778 Paulis,
1409 4711 1735 4778 Joannibus,
1758 4713 2005 4780 Isidoris,

415 4797 682 4867 Evagriis,
717 4799 904 4853 videre
927 4799 1075 4855 licet.

485 4887 561 4940 At
593 4886 641 4939 si
669 4887 786 4940 hac
827 4889 1114 4959 responsio
1140 4887 1244 4943 tibi
1273 4905 1386 4944 non
1415 4887 1704 4957 satisfacit,
1735 4889 1876 4944 nihil
1904 4906 2008 4945 no-

414 4974 500 5029 bis
529 4974 828 5029 dicendum
857 4983 1131 5046 superest,
1161 4978 1266 5032 nisi
1289 4983 1354 5032 ut
1379 4977 1466 5032 his
1483 4994 1577 5032 sex
1606 4978 1851 5033 dimissis
1871 4979 2009 5034 alios

414 5064 602 5134 legere
645 5080 717 5118 ne
755 5063 1022 5133 graveris.
1055 5066 1244 5137 Longe
1284 5067 1434 5122 enim
1465 5066 1611 5120 absit
1648 5073 1711 5121 ut
1750 5083 1870 5133 nos,
1914 5069 2009 5139 qui

413 5157 534 5208 toto
557 5152 681 5207 vita
713 5158 919 5206 nostra
948 5156 1200 5223 tempore
1229 5164 1424 5210 contra
1451 5156 1740 5210 haereticos
1777 5157 2012 5212 desuda-

416 5241 616 5308 vimus,
650 5241 886 5294 velimus
926 5257 1076 5295 nunc
1123 5242 1411 5298 haereticos
1455 5245 1709 5300 homines
1739 5245 1798 5299 in
1829 5247 2012 5301 Eccle-

416 5330 559 5384 siam
587 5330 961 5385 introducere.

488 5419 824 5490 Quanquam
863 5419 911 5473 si
940 5435 1006 5474 ex
1034 5418 1312 5490 pradictis
1341 5437 1435 5475 sex
1455 5422 1588 5477 viris
1607 5423 1862 5479 nonnulli
1898 5424 2008 5480 divi

413 5508 646 5563 Antonii
675 5509 931 5580 discipuli
976 5508 1223 5574 fuerunt,
1263 5510 1310 5564 si
1352 5511 1526 5582 aliqui
1570 5513 1682 5568 divi
1711 5515 1922 5581 Basilii,
1952 5519 2009 5569 et

415 5597 669 5669 Gregorii
699 5598 1037 5654 Nazianzeni
1066 5598 1299 5667 alumni,
1327 5599 1376 5654 si
1405 5617 1624 5656 summa
1656 5619 1849 5659 omnes
1881 5603 2005 5659 vita

413 5687 709 5746 honestate
726 5688 965 5761 praditi,
988 5693 1046 5746 et
1063 5688 1265 5747 divinis
1281 5689 1712 5748 charismatibus
1731 5691 1999 5766 insigniti,

2093 4626 2152 4680 Si
2183 4627 2368 4680 Canus
2392 4626 2554 4696 plura
2581 4625 2772 4690 voluit,
2827 4624 2987 4679 nobis
3031 4625 3142 4680 divi
3189 4626 3494 4692 Benedicti,
3543 4627 3683 4682 Cas-

2089 4714 2318 4781 siodori,
2339 4714 2594 4784 Gregorii
2622 4714 2982 4781 Turonensis,
3005 4713 3358 4786 aliorumque
3378 4715 3684 4772 auctoritas

2089 4803 2289 4874 potior.

2161 4892 2324 4946 Dices
2340 4895 2552 4958 octavo,
2570 4891 2815 4946 Galenus
2846 4891 3295 4962 Westcapellius,
3309 4890 3539 4962 {catecln
3553 4893 3589 4947 2
3599 4892 3614 4949 ι
3626 4891 3681 4960 5,

2091 4981 2298 5036 librum
2327 4980 2585 5036 fictitium
2618 4987 2794 5045 vocat,
2829 4981 2924 5052 qui
2958 4980 3300 5046 inscribitur,
3351 4982 3528 5036 nescit
3572 4997 3687 5054 qua

2089 5069 2476 5140 grammatica,
2504 5069 2662 5124 Vitas
2683 5071 2933 5124 Patrum.
2981 5069 3346 5141 Respondeo:
3393 5071 3518 5125 Non
3565 5070 3688 5126 vult

2093 5158 2338 5212 Galenus
2367 5157 2572 5212 librum
2610 5157 2760 5212 hunc
2789 5156 2869 5210 ita
2883 5156 3198 5222 ~ﬁctitium,
3248 5158 3408 5229 quasi
3454 5157 3686 5212 omnino

2091 5248 2254 5301 ﬁctus
2284 5247 2384 5313 sit;
2417 5247 2515 5300 sed
2544 5251 2765 5301 tantum
2796 5245 2876 5300 ita
2900 5251 3060 5300 vocat
3097 5246 3314 5302 ratione
3342 5246 3453 5301 divi
3480 5247 3686 5302 Hiero-

2091 5336 2267 5409 nymi,
2299 5335 2460 5406 cujus
2489 5336 2715 5391 titulum
2746 5335 2988 5408 prafert,
3020 5352 3148 5391 cum
3176 5338 3299 5407 ejus
3327 5351 3439 5392 non
3461 5336 3551 5402 sit,
3585 5336 3688 5391 sed

2094 5425 2286 5480 ﬁctitio
2307 5430 2364 5478 et
2390 5424 2668 5480 adscititio
2689 5425 2811 5496 ejus
2840 5425 3066 5480 nomine
3089 5425 3422 5481 venditetur.
3437 5424 3598 5490 Quod
3613 5424 3689 5480 ad

2087 5515 2513 5585 grammaticam
2537 5514 2754 5582 attinet,
2781 5531 2891 5587 qua
2912 5515 3121 5571 dictum
3139 5515 3214 5572 sit
3240 5515 3398 5571 Vitas
3426 5515 3683 5581 Patrum,

2085 5605 2210 5660 vide
2245 5606 2679 5678 prolegomenon
2709 5603 2756 5661 l.
