3990 6194
279 393 344 450 61
1534 387 2131 448 PROLEGOMENON
2167 387 2316 446 XXI.
3487 398 3554 454 62

674 514 1266 572 PROLEGOMENON
1302 513 1428 568 XVI
1446 555 1457 567 .

597 661 722 727 Qua
751 661 954 714 horum
985 661 1262 713 librorum
1293 661 1512 713 utilitas
1541 663 1565 710 ν

351 787 432 840 Ex
453 785 541 838 his
596 783 844 838 fontibus
898 799 1030 838 suos
1082 771 1434 848 Benedictus,
1485 781 1869 847 Cassiodorus,

277 875 556 929 Martinus
585 873 924 936 Dumiensis,
973 872 1314 936 Dominicus,
1355 871 1564 942 aliique
1597 871 1874 940 religiosae

280 963 507 1018 familiai
535 963 796 1016 ductores
825 961 1131 1032 irrigavere
1165 961 1436 1015 hortulos.
1480 961 1588 1014 Sed
1631 960 1868 1025 illustre,

282 1051 428 1122 quod
447 1052 516 1104 de
541 1051 773 1105 Antonii
793 1051 925 1104 Vita
952 1051 1010 1104 in
1033 1049 1373 1104 occidentem
1396 1049 1552 1102 illata
1573 1054 1768 1102 narrat
1795 1048 1876 1101 di-

279 1157 384 1194 vus
411 1140 784 1210 Augustinus,
809 1156 938 1194 cum
966 1139 1076 1193 duo
1106 1145 1336 1209 agentes
1359 1138 1416 1192 in
1453 1137 1637 1199 rebus.
1665 1137 1876 1190 relictis

280 1229 520 1300 sponsis.
545 1229 717 1283 vitam
769 1229 1060 1298 elegerunt
1108 1227 1417 1281 solitariam
1453 1245 1465 1293 ;
1516 1225 1665 1296 quod
1701 1231 1759 1279 et
1787 1225 1876 1278 hic

278 1318 482 1387 legisse
527 1334 643 1372 non
673 1317 783 1371 erit
824 1316 1062 1372 inutile:
1110 1333 1136 1368 ι
1171 1317 1342 1370 Ortus
1382 1320 1469 1369 est
1503 1331 1707 1378 sermo,
1755 1314 1874 1384 ipso

281 1406 610 1474 (Potitiano)
641 1411 908 1460 narrante
939 1405 1009 1459 de
1038 1405 1280 1458 Antonio
1328 1404 1442 1476 [μ’]
1472 1403 1731 1474 Egyptio
1753 1418 1873 1455 mo-

277 1495 480 1558 nacho,
515 1495 679 1564 cujus
707 1510 914 1548 nomen
943 1494 1276 1548 excellenter
1304 1491 1553 1546 clarebat
1579 1491 1726 1563 apud
1758 1507 1879 1545 ser-

279 1601 373 1638 vos
392 1591 544 1647 tuos,
581 1599 686 1637 nos
710 1588 898 1638 autem
928 1598 1105 1654 usque
1135 1582 1195 1636 in
1224 1581 1379 1636 illam
1415 1581 1613 1636 horam
1644 1579 1872 1634 latebat.

280 1673 442 1736 Quod
458 1672 556 1726 ille
571 1671 669 1726 ubi
681 1671 1308 1743 comperit,immoratus
1328 1676 1415 1725 est
1433 1671 1490 1724 in
1511 1686 1576 1724 eo
1591 1685 1868 1734 sermone,

279 1761 582 1815 insinuans
609 1766 832 1816 tantum
862 1761 1038 1814 virum
1071 1759 1478 1830 ignorantibus,
1503 1764 1559 1813 et
1589 1757 1876 1812 admirans

1895 513 2120 580 Adior;
2151 517 2208 567 te
2238 512 2285 567 si
2313 511 2470 584 piget
2496 513 2726 582 imitari,
2765 517 2880 571 noli
2912 517 3214 573 adversari.
3245 519 3557 592 Respondit

1957 602 2069 667 ille,
2103 603 2389 658 adhaerere
2434 620 2493 657 se
2541 605 2692 658 socio
2731 611 2901 661 tantae
2945 608 3235 675 mercedis,
3273 615 3553 681 tantaeque

1956 691 2188 747 militiae.
2235 692 2302 747 Et
2327 692 2492 746 ambo
2517 695 2638 762 jam
2680 695 2759 748 tui
2785 695 3133 752 mdiﬁcabant
3163 700 3364 752 turrim
3397 716 3552 753 sum-

1955 785 2056 851 ptu
2087 780 2287 835 idoneo
2314 782 2666 852 relinquendi
2701 785 2889 838 omnia
2916 803 3036 853 sua,
3065 793 3122 841 et
3149 788 3416 859 sequendi
3445 796 3519 843 te.

2031 888 2057 919 «
2087 869 2230 924 Tum
2274 871 2588 926 Potitianus
2627 877 2685 926 et
2714 874 2806 944 qui
2849 891 2976 928 cum
3009 892 3074 930 eo
3110 894 3210 947 per
3237 877 3376 930 alias
3403 877 3552 931 horti

1955 962 2144 1028 partes
2173 959 2625 1027 deambulabant,
2661 970 2973 1033 quaerentes
3004 981 3118 1030 eos,
3139 966 3482 1019 devenerunt
3495 965 3554 1022 in

1959 1047 2218 1101 eumdem
2250 1049 2453 1114 locum,
2479 1057 2534 1103 et
2563 1051 2907 1106 invenientes
2938 1053 3351 1107 admonuerunt
3379 1060 3442 1108 ut
3471 1071 3555 1107 re-

1957 1135 2162 1198 dirent,
2187 1137 2452 1206 quoniam
2473 1139 2803 1194 declinasset
2825 1141 2963 1196 dies.
2989 1143 3064 1196 At
3083 1142 3162 1196 illi
3183 1148 3409 1196 narrato
3439 1143 3554 1213 pla-

1958 1223 2068 1278 cito
2107 1230 2163 1278 et
2192 1227 2476 1297 proposito
2515 1241 2635 1294 suo,
2671 1245 2894 1301 quoque
2931 1231 3096 1284 modo
3125 1231 3185 1284 in
3207 1231 3286 1284 eis
3315 1232 3444 1284 talis
3461 1248 3554 1285 vo-

1958 1312 2144 1366 luntas
2173 1319 2297 1368 orta
2326 1321 2472 1369 esset
2493 1323 2661 1388 atque
2688 1320 2746 1371 ﬁ!
2759 1324 2930 1384 mata,
2956 1320 3290 1389 petiverunt,
3324 1320 3456 1389 [LVI]
3483 1337 3552 1374 ne

1955 1399 2061 1454 sibi
2084 1403 2306 1456 molesti
2337 1411 2524 1458 essent
2538 1405 2585 1458 si
2617 1407 2848 1477 adjungi
2870 1414 3212 1462 recusarent.
3246 1409 3344 1462 Isti
3363 1412 3554 1462 autem

1964 1489 2140 1544 nihilo
2171 1492 2372 1545 mutati
2396 1510 2429 1546 a
2458 1494 2730 1564 pristinis,
2755 1496 3030 1550 ﬂeverunt
3057 1515 3115 1551 se
3145 1503 3355 1561 tamen,
3383 1503 3447 1551 ut
3477 1497 3557 1550 di-

1966 1577 2142 1642 cebat,
2177 1585 2345 1650 atque
2375 1581 2486 1635 illis
2501 1582 2590 1652 pie
2610 1585 2981 1654 congratulati
3011 1593 3160 1651 sunt,
3197 1593 3253 1640 et
3281 1602 3560 1639 commen-

1959 1667 2233 1722 daverunt
2262 1685 2321 1722 se
2358 1671 2704 1725 orationibus
2735 1689 2950 1739 eorum,
2984 1679 3040 1727 et
3069 1675 3356 1728 trahentes
3377 1690 3472 1728 cor
3497 1673 3552 1727 in

1958 1759 2130 1822 terra,
2154 1756 2413 1812 abierunt
2433 1758 2488 1812 in
2511 1760 2801 1830 palatium.
2837 1762 2924 1815 Illi
2937 1767 3125 1816 autem
3148 1762 3438 1832 afﬁgentcs
3459 1779 3556 1816 cor

279 1850 543 1903 eamdem
568 1855 817 1903 nostram
845 1849 1245 1919 ignorantiam.
1280 1847 1654 1918 Stupebamus
1683 1852 1872 1901 autem
1892 1873 1940 1934 Β
1959 1844 2116 1934 coelo,
2146 1853 2474 1900 manserunt
2495 1848 2551 1901 in
2573 1865 2717 1901 casa.
2738 1850 2805 1902 Et
2825 1850 2988 1904 ambo
3005 1842 3285 1905 habebant
3299 1867 3549 1921 sponsas.

279 1938 580 1993 audientes
616 1943 734 1992 tam
771 1938 983 1992 recenti
1020 1937 1311 2002 memoria,
1359 1943 1415 1990 et
1443 1953 1616 2008 prope
1668 1932 1930 1990 nostris_
1959 1932 2094 1994 Quae
2124 1939 2491 2003 posteaquam
2518 1934 2622 1988 hoc
2669 1935 2986 2001 audierunt,
3021 1938 3347 1992 dicaverunt
3385 1938 3555 1991 etiam

279 2026 633 2098 temporibus
663 2027 1026 2081 testatissima
1053 2025 1334 2079 mirabilia
1362 2031 1460 2079 tua
1489 2025 1547 2079 in
1576 2025 1683 2078 fide
1724 2029 1878 2077 recta

279 2123 330 2168 et
347 2116 634 2170 catholica
651 2116 900 2170 ecclesia.
923 2115 1131 2170 Omnes
1154 2114 1525 2180 mirabamur;
1545 2119 1602 2168 et
1615 2129 1717 2167 nos
1743 2113 1876 2183 quia

278 2209 394 2259 tam
422 2221 637 2275 magna
665 2209 843 2269 erant,
872 2210 931 2258 et
951 2204 1041 2257 ille
1077 2204 1211 2274 quia
1237 2203 1490 2258 inaudita
1509 2201 1672 2257 nobis
1693 2207 1872 2256 erant.

345 2311 374 2344 ι
409 2294 552 2348 Inde
584 2310 772 2348 sermo
802 2294 924 2363 ejus
954 2293 1244 2346 devolutus
1278 2298 1364 2346 est
1391 2292 1460 2345 ad
1505 2290 1876 2345 monasterio-

275 2399 401 2436 rum
432 2399 637 2453 greges
669 2389 725 2436 et
737 2399 922 2436 mores
939 2381 1333 2435 suaveolentize
1353 2387 1482 2445 tuae,
1505 2387 1561 2434 et
1583 2379 1756 2434 ubera
1785 2379 1877 2431 de-

275 2479 432 2525 serta
463 2471 662 2536 eremi,
696 2487 935 2542 quorum
973 2487 1075 2524 nos
1109 2469 1246 2523 nihil
1282 2469 1613 2525 sciebamus.
1647 2469 1716 2522 Et
1757 2472 1880 2521 erat

275 2560 692 2614 monasterium
723 2559 1022 2614 Mediolani
1035 2560 1260 2630 plenum
1277 2557 1436 2612 bonis
1448 2557 1712 2612 fratribus
1722 2562 1880 2610 extra

274 2648 435 2702 urbis
461 2649 671 2702 maznia
693 2647 797 2702 sub
823 2647 1118 2702 Ambrosio
1147 2647 1442 2712 nutritore,
1478 2653 1533 2702 et
1575 2663 1687 2700 non
1708 2661 1878 2700 nove-

277 2755 493 2792 ramus.
517 2737 896 2791 Pertendebat
914 2737 1025 2800 ille,
1047 2742 1103 2790 et
1123 2735 1456 2807 loquebatur
1475 2735 1675 2800 adhuc,
1701 2738 1757 2787 et
1776 2748 1877 2787 nos

277 2826 482 2881 intenti
500 2825 848 2880 tacebamus.

347 2935 368 2965 ι
410 2915 576 2970 Unde
604 2914 805 2970 incidit
822 2919 887 2968 ut
907 2913 1134 2978 diceret,
1155 2913 1341 2967 nescio
1362 2912 1584 2984 quando
1607 2928 1666 2966 se
1688 2917 1744 2964 et
1762 2914 1876 2964 tres

276 3004 416 3058 alios
445 3003 879 3058 contubernales
917 3019 1066 3067 suos,
1115 3002 1383 3056 nimirum
1429 3001 1578 3072 apud
1621 3000 1877 3054 Treviros

275 3110 402 3147 cum
430 3092 744 3164 imperator
784 3091 1168 3162 pomeridiano
1201 3090 1530 3145 circensium
1562 3089 1876 3160 spectaculo

1959 2019 2094 2091 ipsae
2155 2021 2529 2091 virginitatem
2577 2023 2698 2077 tibi.
2741 2025 3021 2078 Narrabat
3073 2027 3188 2080 haec
3237 2026 3552 2080 Potitianus

1957 2108 2043 2186 (S.
2075 2111 2327 2176 August,
2363 2113 2457 2164 lib.
2493 2125 2586 2164 vm
2607 2113 2846 2179 Con/ess.
2869 2131 2990 2184 cap.
3023 2113 3131 2182 6).-

2031 2197 2164 2260 Quas
2187 2198 2410 2269 quidem
2433 2199 2595 2253 lectio
2613 2201 2694 2254 uti
2717 2202 3026 2271 Agentibus
3051 2203 3108 2257 in
3131 2202 3296 2258 rebus
3321 2203 3549 2274 profuit,

1958 2285 2164 2340 itabaec
2185 2287 2424 2358 repetita
2443 2289 2690 2342 narratio
2723 2291 3024 2358 Augustini
3047 2293 3300 2345 animum
3338 2293 3407 2345 ad
3432 2308 3551 2345 me-

1958 2373 2100 2428 liora
2127 2375 2454 2443 stimulavit,
2488 2377 2678 2431 subdit
2707 2379 2889 2432 enim:
2921 2401 2940 2430 ι
2962 2381 3043 2434 Tu
3066 2387 3276 2446 autem,
3294 2381 3547 2448 Domine,

1959 2463 2107 2518 inter
2130 2465 2298 2520 verba
2331 2468 2452 2536 ejus
2481 2468 2844 2539 retorquebas
2874 2486 2962 2522 me
2992 2471 3061 2523 ad
3083 2471 3376 2540 meipsuin,
3405 2469 3554 2523 aufe-

1961 2569 2091 2607 rens
2111 2571 2202 2607 me
2233 2573 2267 2608 a
2295 2555 2462 2609 dorso
2493 2573 2618 2610 meo
2633 2555 2726 2610 ubi
2740 2574 2828 2611 me
2850 2575 3163 2628 posueram,
3191 2559 3323 2612 dum
3346 2559 3551 2612 nollem

1961 2658 2052 2695 me
2064 2643 2376 2709 attendere,
2390 2649 2446 2698 et
2465 2645 2843 2699 constituebas
2863 2664 2950 2700 me
2970 2653 3098 2700 ante
3117 2648 3317 2700 faciem
3343 2664 3548 2710 meam,

1960 2734 2025 2784 ut
2059 2731 2302 2786 viderem
2334 2749 2500 2804 quam
2532 2735 2713 2805 turpis
2749 2752 2950 2800 essem,
2984 2753 3153 2806 quam
3185 2737 3455 2790 distortus
3496 2740 3550 2789 ct

1960 2819 2237 2887 sordidus,
2279 2823 2595 2876 maculosus
2635 2830 2691 2876 et
2729 2825 3015 2878 ulcerosus
3051 2844 3062 2891 ;
3106 2830 3163 2879 et
3200 2825 3456 2879 videbam
3496 2829 3553 2878 et

1959 2906 2277 2974 horrebam,
2311 2914 2369 2962 et
2397 2926 2507 2980 quo
2537 2928 2571 2964 a
2599 2927 2688 2964 me
2712 2911 2959 2980 fugerem
2990 2928 3101 2965 non
3132 2918 3271 2966 erat.
3311 2913 3374 2966 Et
3399 2911 3442 2964 si
3466 2928 3552 2965 co-

1960 2995 2137 3050 nabar
2165 3013 2199 3050 a
2228 3014 2318 3051 me
2349 3005 2599 3053 avertere
2638 3005 2944 3071 aspectum,
2979 3001 3246 3054 narrabat
3275 3002 3367 3054 ille
3399 3000 3548 3070 quod

1959 3085 2244 3152 narrabat,
2271 3092 2328 3140 et
2354 3092 2418 3140 tu
2434 3105 2523 3142 me
2540 3105 2735 3142 rursus
2760 3089 3079 3160 opponebas
3097 3090 3253 3149 mihi.
3268 3096 3324 3143 et
3343 3089 3549 3160 impin-

273 3188 589 3246 teneretur,
615 3181 818 3234 exiisse
868 3179 1290 3234 deambulatum
1347 3179 1406 3232 in
1454 3180 1645 3233 hortos
1702 3177 1877 3232 muris
1899 3193 1942 3253 α
1960 3172 2133 3242 gebas
2155 3191 2244 3228 me
2274 3174 2329 3228 in
2349 3177 2540 3230 oculos
2569 3194 2740 3242 meos,
2774 3184 2838 3231 ut
2857 3178 3163 3233 invenirem
3194 3179 3552 3251 iniquitatem

274 3270 590 3340 contiguos,
609 3275 779 3341 atque
791 3269 903 3322 illic
919 3274 981 3322 ut
991 3269 1134 3322 forte
1155 3267 1451 3322 combinati
1468 3266 1874 3339 spatiabantur,

272 3375 451 3413 unum
467 3375 661 3412 secum
677 3373 954 3422 seorsum,
975 3363 1032 3411 et
1050 3357 1192 3410 alios
1217 3357 1358 3411 duos
1379 3357 1573 3410 itidem
1599 3371 1872 3420 seorsum,

273 3448 604 3518 pariterque
631 3447 942 3516 digressos;
965 3445 1062 3500 sed
1089 3446 1211 3499 illos
1242 3445 1600 3515 vagabundos
1619 3444 1871 3508 irruisse,

273 3536 326 3590 in
348 3536 664 3607 quamdam
688 3551 894 3601 casam,
917 3534 1013 3588 ubi
1035 3533 1361 3588 habitabant
1381 3535 1606 3606 quidem
1631 3534 1775 3588 servi
1796 3533 1880 3587 tui

274 3627 482 3698 spiritu
528 3641 824 3696 pauperes,
881 3625 1130 3695 qualium
1190 3629 1276 3678 est
1325 3641 1558 3694 regnum
1611 3623 1877 3677 calorum

273 3716 501 3783 (Matth.
539 3718 612 3780 v),
645 3719 702 3766 et
724 3712 1002 3766 invenisse
1031 3712 1107 3766 ibi
1147 3711 1406 3766 Codicem
1437 3711 1494 3765 in
1536 3727 1645 3782 quo
1669 3710 1876 3781 scripta

277 3809 402 3856 erat
431 3802 566 3856 Vita
588 3801 769 3856 sancti
808 3801 1056 3855 Antonii.
1100 3802 1281 3865 Quam
1313 3801 1496 3870 legere
1536 3800 1703 3871 coepit
1732 3815 1877 3853 unus

277 3907 500 3956 eorum,
525 3896 582 3944 et
609 3889 824 3954 mirari,
857 3895 916 3943 et
929 3889 1156 3944 accendi
1173 3895 1231 3944 et
1248 3889 1399 3943 inter
1427 3889 1727 3959 legendum
1757 3905 1876 3942 me-

279 3980 453 4034 ditari
473 3980 728 4051 arripere
756 3979 926 4033 talem
957 3978 1148 4044 vitam,
1175 3979 1442 4032 et‘relicta
1473 3977 1674 4031 militia
1705 3993 1878 4031 saecu-

280 4069 386 4124 lari
417 4069 630 4123 servire
642 4066 764 4122 tibi.
788 4067 923 4122 Erat
938 4072 1125 4122 autem
1157 4084 1222 4121 ex
1241 4067 1323 4121 eis
1347 4083 1484 4137 quos
1500 4066 1689 4121 dicunt
1707 4081 1880 4135 agen-

282 4162 362 4212 tes
397 4158 457 4212 in
490 4156 690 4212 rebus.

351 4265 379 4300 α
396 4247 560 4301 Tunc
575 4244 762 4300 subito
789 4245 1036 4316 repletus
1051 4261 1242 4300 amore
1262 4250 1472 4310 sancto,
1499 4249 1556 4299 et
1569 4244 1754 4298 sobrio
1775 4260 1882 4316 pu-

283 4336 414 4391 dore
445 4335 632 4389 iratus
661 4333 879 4395 itasibi,
896 4334 1333 4405 conjecitoculos
1349 4333 1406 4388 in
1436 4334 1698 4400 amicum,
1724 4339 1781 4388 et
1801 4333 1884 4386 ait

285 4422 390 4478 illi:
419 4423 548 4487 Dic;
582 4438 770 4493 quaeso
798 4427 875 4488 te,
908 4421 1168 4477 omnibus
1205 4421 1328 4475 istis
1363 4420 1646 4476 laboribus
1672 4421 1878 4478 nostris

1961 3281 2146 3318 meam
2169 3271 2224 3319 et
2245 3265 2506 3320 odissem.
2530 3268 2808 3320 Noveram
2832 3285 2975 3324 eam.
2992 3269 3088 3322 sed
3105 3267 3546 3334 dissimulabam,

1961 3359 2019 3408 et
2046 3353 2428 3408 connivebam.
2459 3360 2516 3408 et
2544 3353 2926 3408 obliviscebar.
2959 3356 3116 3409 Tunc
3167 3373 3292 3409 vero
3341 3362 3551 3426 quanto

1959 3442 2249 3496 ardentius
2271 3441 2528 3496 amabam
2545 3443 2667 3496 illos
2682 3443 2750 3496 de
2766 3443 2968 3514 quibus
2980 3443 3276 3497 audiebam
3298 3444 3551 3498 salubres

1963 3531 2214 3592 affectus,
2235 3530 2381 3602 quod
2411 3547 2472 3584 se
2484 3537 2632 3585 totos
2643 3529 2745 3584 tibi
2771 3532 3052 3585 sanandos
3079 3531 3368 3597 dederant,
3392 3537 3551 3586 tanto

1962 3623 2355 3678 exsecrabilius
2400 3641 2488 3678 me
2517 3630 2902 3694 comparatum
2934 3625 3014 3679 eis
3045 3625 3275 3679 oderam
3320 3623 3402 3697 (S.
3430 3623 3550 3681 Au-

1959 3719 2128 3780 gust,
2158 3715 2252 3766 lib.
2291 3727 2387 3767 \‘lll
2417 3715 2674 3780 Con/“3.,
2707 3731 2751 3766 ο.
2785 3711 2896 3781 27).
2930 3733 2950 3764 ι

2032 3802 2139 3855 Sed
2155 3803 2274 3872 jam
2306 3807 2436 3856 ante
2463 3801 2586 3856 urbi
2618 3802 2940 3857 innotuerat
2964 3802 3192 3856 Antonii
3224 3803 3372 3868 Vita,
3406 3802 3553 3857 felici

1959 3890 2502 3944 AthanasiiRomam
2522 3891 2780 3962 appulsu,
2800 3892 2894 3962 qui
2917 3893 3166 3962 ejusdem
3181 3892 3363 3946 adhuc
3373 3893 3554 3946 viven-

1961 3979 2035 4032 tis
2065 3979 2323 4034 notitiam
2350 3985 2407 4033 et
2426 3980 2691 4050 praeclara
2712 3980 2861 4034 dicta
2887 3980 3144 4052 factaque
3163 3982 3428 4036 Romanis
3459 3998 3554 4035 ex-

1963 4068 2166 4140 posuit.
2191 4069 2350 4132 Quod
2380 4068 2504 4123 vitaa
2521 4085 2700 4138 genus
2729 4069 2800 4123 ad
2830 4086 3024 4123 omnes
3054 4070 3392 4141 evangelicae
3430 4087 3555 4141 per-

1963 4157 2218 4212 fectionis
2238 4174 2500 4212 numeros
2526 4162 2980 4229 attemperatum,
3005 4159 3174 4213 etiam
3196 4159 3554 4214 nobilissima:

1961 4246 2230 4302 Romana:
2257 4247 2478 4301 femina:
2514 4247 2824 4301 consectari
2854 4253 3159 4318 coeperunt.
3183 4248 3378 4303 Tradit
3407 4248 3555 4302 enim

1963 4334 2080 4389 haec
2107 4335 2176 4389 de
2216 4335 2302 4389 his
2346 4341 2570 4389 sanctus
2601 4336 2976 4407 Hieronymus
3005 4357 3016 4389 :
3057 4352 3084 4388 α
3108 4335 3278 4390 Nulla
3315 4353 3381 4390 eo
3410 4341 3554 4390 tem-

1962 4440 2096 4495 pore
2111 4423 2383 4478 nobilium
2408 4423 2742 4478 feminarum
2763 4429 2991 4479 noverat
3003 4425 3192 4480 Romae
3209 4424 3556 4495 propositum

285 4528 391 4582 quo
414 4509 703 4565 ambimus
726 4511 1056 4582 pervenire?
1086 4511 1218 4580 quid
1241 4510 1542 4581 quaerimus
1570 4511 1595 4563 ?
1621 4513 1782 4581 cujus
1799 4511 1880 4565 rei
1901 4508 1950 4566 D
1969 4513 2369 4566 monachorum
2399 4531 2411 4578 ;
2445 4528 2546 4566 nec
2571 4513 2813 4567 audebat
2857 4519 3086 4584 propter
3117 4513 3198 4568 rei
3228 4513 3552 4581 novitatem,

287 4617 454 4656 causa
489 4599 836 4654 militamus?
863 4600 1117 4669 Majorne
1145 4615 1266 4654 esse
1296 4599 1501 4670 poterit
1528 4616 1654 4671 spes
1691 4605 1886 4654 nostra

287 4690 344 4744 in
370 4689 607 4762 palatio,
636 4704 805 4760 quam
829 4695 895 4743 ut
916 4688 1457 4760 amiciimperatoris
1477 4689 1691 4743 simus?
1720 4689 1788 4742 Et
1806 4688 1884 4742 ibi

290 4779 421 4850 quid
458 4794 576 4832 non
603 4777 803 4846 fragile
830 4778 1170 4850 plenumque
1199 4777 1497 4850 periculis?
1526 4779 1594 4832 Et
1621 4793 1723 4848 per
1749 4782 1886 4848 quot

289 4868 541 4940 pericula
557 4867 886 4940 pervenitur
900 4866 970 4921 ad
986 4867 1256 4937 grandius
1271 4867 1618 4938 periculum?
1638 4872 1694 4921 et
1712 4883 1885 4938 quan-

290 4955 384 5011 diu
409 4956 567 5010 istud
596 4955 744 5010 erit?
765 4955 995 5011 Amicus
1033 4961 1220 5010 autem
1249 4956 1369 5020 Dei,
1403 4957 1450 5010 si
1481 4957 1724 5023 voluero,
1759 4973 1882 5012 ecce

288 5060 437 5100 nunc
465 5045 560 5100 ﬁo.
579 5043 737 5101 Dixit
775 5043 901 5111 hoc,
934 5050 992 5098 et
1027 5045 1286 5114 turgidus
1315 5045 1684 5117 parturitione
1728 5062 1882 5101 novae

289 5134 431 5200 vita,
467 5133 714 5190 reddidit
758 5134 948 5190 oculos
995 5133 1232 5207 paginis,
1269 5139 1326 5188 et
1346 5134 1585 5206 legebat,
1620 5140 1678 5190 et
1703 5141 1884 5190 muta-

286 5219 454 5278 batur
496 5223 669 5290 intus,
711 5222 810 5278 ubi
851 5229 916 5278 tu
961 5222 1206 5289 videbas,
1249 5229 1307 5277 et
1335 5223 1643 5278 exuebatur
1671 5225 1882 5280 mundo

287 5326 447 5367 mens
475 5312 618 5382 ejus,
650 5316 717 5367 ut
742 5327 870 5370 mox
906 5312 1184 5384 apparuit.
1218 5313 1474 5384 Namque
1503 5313 1639 5368 dum
1659 5313 1800 5386 legit
1828 5320 1886 5370 et

285 5399 464 5456 voluit
491 5401 698 5456 ﬂuctus
714 5400 900 5456 cordis
927 5401 1034 5468 sui,
1059 5400 1349 5457 infremuit
1367 5401 1670 5475 aliquando
1690 5409 1748 5459 et
1766 5404 1882 5459 dis-

290 5488 482 5558 crevit,
515 5489 873 5563 decrevitque
903 5489 1157 5559 meliora;
1178 5492 1412 5564 jamque
1438 5498 1571 5548 tuus
1597 5493 1679 5549 ait
1704 5494 1883 5549 amico

290 5591 395 5633 suo
419 5596 431 5633 :
475 5578 592 5652 Ego
611 5579 735 5652 jam
755 5577 956 5654 abrupi
981 5595 1072 5636 me
1101 5579 1170 5635 ab
1187 5579 1287 5635 illa
1319 5597 1416 5655 spe
1440 5586 1653 5650 nostra,
1687 5587 1744 5638 et
1768 5583 1886 5639 Deo

291 5667 501 5730 servire
518 5669 713 5740 statui,
736 5673 796 5729 et
819 5669 1015 5732 hocex
1038 5669 1178 5730 hora
1195 5669 1302 5729 hac
1327 5670 1387 5730 in
1416 5670 1523 5731 hoc
1546 5673 1668 5732 loco
1693 5689 1890 5746 aggre-

1965 4600 2403 4671 ignominiosum
2437 4604 2517 4666 (ut
2543 4607 2678 4656 tunc
2699 4602 3024 4674 putabatur)
3046 4609 3103 4656 et
3133 4602 3237 4656 vile
3256 4602 3313 4656 in
3335 4602 3556 4673 populis

1965 4706 2170 4744 nomen
2219 4707 2526 4749 assumere.
2569 4692 2698 4746 Haec
2729 4692 3029 4760 (Marcella)
3071 4691 3142 4744 ab
3167 4691 3558 4745 Alexandrinis

1965 4781 2124 4852 prius
2163 4781 2565 4847 sacerdotibus,
2597 4797 2852 4852 papaque
2891 4780 3218 4846 Athanasio,
3270 4786 3328 4836 et
3362 4785 3559 4851 postea

1966 4871 2154 4929 Petro.
2181 4871 2275 4942 qui
2288 4870 2732 4941 persecutionem
2751 4869 2974 4923 Arianae
2989 4870 3265 4924 haereseos
3277 4870 3559 4924 declinan-

1963 4963 2069 5026 tes,
2095 4959 2255 5030 quasi
2274 4960 2342 5013 ad
2365 4959 2711 5014 tutissimum
2732 4959 3140 5014 communionis
3160 4977 3274 5015 suae
3304 4965 3549 5031 portum,

1964 5048 2198 5102 Romam
2219 5047 2602 5116 confugerant,
2619 5046 2791 5100 vitam
2810 5046 2958 5102 beati
2973 5049 3202 5102 Antonii
3223 5049 3405 5103 adhuc
3424 5052 3559 5102 tunc

1963 5136 2216 5202 viventis,
2250 5135 2832 5206 monasteriorumque
2860 5136 2918 5190 in
2946 5137 3228 5192 Thebaide
3249 5135 3554 5203 Pachomii,

1967 5231 2022 5280 et
2051 5225 2332 5296 virginum
2361 5241 2426 5278 ac
2469 5223 2764 5278 viduarum
2813 5224 3010 5279 didicit
3046 5225 3419 5296 disciplinam,
3455 5241 3558 5280 nec

1966 5313 2192 5370 erubuit
2229 5312 2480 5386 proﬁteri
2513 5313 2660 5384 quod
2702 5313 2925 5369 Christo
2966 5315 3187 5386 placere
3223 5319 3561 5386 cognoverat

1968 5405 2160 5477 (Hiera,
2201 5405 2273 5457 ad
2293 5405 2564 5472 Princip.,
2598 5405 2749 5473 epist.
2789 5401 2891 5472 16).
2918 5421 2944 5456 ›)

2040 5493 2172 5548 Haec
2199 5492 2296 5546 illa
2325 5491 2640 5548 Occidentis
2671 5491 2854 5546 felicia
2869 5491 3128 5564 germina
3153 5493 3238 5546 vel
3268 5491 3336 5547 ab
3367 5508 3479 5548 uno
3495 5507 3560 5546 ex

1970 5582 2201 5641 Oriente
2221 5582 2406 5638 delato
2419 5582 2630 5638 semine
2641 5587 2968 5655 propagata.
2992 5581 3318 5654 Fulgentius
3338 5595 3560 5654 quoque

1971 5672 2275 5732 inMeridie
2291 5672 2628 5732 constitutus
2637 5671 2796 5729 Vitas
2811 5672 3046 5730 Patrum
3055 5669 3343 5744 legens,ad
3363 5685 3558 5725 eorum
