4046 6212
415 374 486 435 63

1311 383 1392 440 IN
1429 383 1639 442 VITAS
1673 385 1974 446 PATBUM
2012 383 2557 446 PROLEGOMENA
2593 380 2789 439 XXVI.

3615 378 3692 442 64

420 505 797 562 imitationem
821 507 1046 569 exarsit.
1076 513 1141 564 ut
1157 507 1398 566 habetur
1424 511 1566 567 Vitae
1595 514 1718 585 ejus
1746 530 1866 586 cap.
1898 513 1967 569 12
1994 532 2006 569 :
2030 514 2080 574 Α
2169 511 2436 585 Septima,
2458 511 2692 575 Veneta,
2705 509 3015 580 inquam),
3030 522 3131 580 per
3153 504 3523 566 Octavianum
3555 506 3689 564 Sco-

424 614 447 646 ι
471 597 680 650 Beatus
696 597 1024 667 Fulgentius
1037 597 1428 671 Egyptiorum
1440 603 1844 658 monachorum
1855 603 2014 658 Vitas

424 685 1006 756 admirabileslegens,
1029 688 1450 745 institutionum
1479 692 1647 747 simul
1671 694 2014 764 atquecolla-

419 775 638 829 tionum
665 775 904 845 spiritali
935 777 1296 833 meditatione
1321 797 1640 848 succensus,
1675 788 2014 838 memoratas

421 869 603 918 terras
653 863 872 934 navigio
922 871 1112 936 petere
1145 869 1362 934 statuit,
1403 871 1620 925 duabus
1658 872 1915 926 videlicet
1947 889 2014 927 ex

422 952 623 1016 causis,
666 957 730 1006 ut
758 954 842 1006 vel
888 953 964 1008 ibi
1013 956 1264 1026 deposito
1286 957 1511 1014 nomine
1531 959 1767 1026 abbatis,
1799 961 1902 1016 sub
1928 979 2013 1016 re-

419 1041 553 1109 gula.
580 1040 787 1095 viveret
805 1042 863 1095 in
884 1043 1220 1109 humilitate,
1245 1047 1325 1100 vel
1351 1047 1708 1102 districtioris
1734 1049 2013 1104 abstinen-

419 1128 514 1182 tiae
539 1129 755 1199 legibus
785 1130 1135 1186 subderetur.
1163 1154 1185 1184 ι
1220 1135 1328 1189 Sed
1351 1142 1410 1188 et
1433 1138 1762 1193 Moschusin
1785 1139 2012 1194 Oriente

420 1218 757 1273 constitutus
786 1220 977 1286 refert,
1010 1238 1200 1277 senem
1223 1225 1542 1295 quemdam,
1567 1227 1662 1296 qui
1692 1245 1864 1298 prope
1893 1228 2012 1282 loca

424 1306 684 1361 Iordanis
715 1307 878 1381 [Lvn]
905 1316 1154 1366 moratus
1167 1312 1368 1380 fuerat,
1401 1314 1543 1369 lecto
1562 1317 1811 1387 exemplo
1825 1317 1894 1370 de
1913 1334 2012 1388 pa-

420 1393 620 1449 tientia
648 1397 796 1451 senis
829 1400 994 1469 (quod
1025 1400 1264 1456 habetur
1292 1402 1350 1456 in
1398 1404 1642 1474 Pelagio,
1677 1404 1862 1459 libello
1899 1420 2009 1472 va,

361 1495 366 1500 '
420 1499 577 1538 num.
616 1484 696 1554 13)
729 1485 824 1557 qui
853 1488 1099 1543 latrones
1142 1491 1428 1546 insecutus
1456 1493 1628 1547 etiam
1663 1495 2012 1565 marsupium

419 1572 705 1640 offerebat,
736 1576 907 1646 {quod
946 1579 1166 1632 auferre
1221 1581 1599 1650 neglexerant,
1649 1582 1720 1636 ad
1761 1584 2013 1653 ejusdem

419 1659 977 1719 factiaamulationem
1005 1667 1177 1721 fuisse
1196 1668 1512 1737 incitatum;
1537 1671 1826 1741 additque:
1853 1691 1876 1723 ι
1910 1673 2014 1726 De-

417 1749 731 1805 lectabatur
784 1769 950 1808 senex
993 1755 1088 1809 ille
1115 1773 1181 1810 ea
1208 1757 1483 1820 (Vitamm
1513 1760 1769 1830 Patrum)
1794 1761 2013 1832 potissi-

416 1853 573 1892 mum
603 1840 860 1907 lectione,
889 1843 968 1897 ita
997 1849 1062 1897 ut
1094 1851 1241 1899 esset
1268 1846 1346 1899 illi
1377 1864 1600 1918 semper
1627 1849 1686 1902 in
1715 1866 1830 1917 ore,
1864 1857 1922 1905 et
1949 1851 2008 1905 in
2028 1833 2076 1894 Β

417 1927 600 1992 corde,
635 1930 784 1982 unde
815 1936 871 1983 et
891 1948 956 1984 ex
985 1948 1052 1984 ea
1076 1933 1382 1988 maximum
1404 1935 1625 1990 virtutis
1655 1936 1898 1992 fructum
1924 1955 2014 1992 ac-

419 2016 645 2086 quisivit
667 2019 909 2084 (Mosa/1.,
945 2037 1065 2092 cap.
1099 2019 1246 2090 212).
1280 2042 1300 2072 ι

400 2115 410 2130 ⁸
489 2104 635 2166 Quin
665 2122 795 2160 vero
821 2112 939 2161 tota
978 2109 1244 2180 Hispania
1285 2113 1404 2181 jam
1433 2112 1564 2167 olim
1593 2113 1737 2168 tanti
1770 2115 1918 2168 hunc
1947 2115 2010 2170 li-

423 2191 581 2246 brum
613 2194 760 2259 fecit,
777 2202 842 2250 ut
868 2197 924 2250 in
939 2214 1103 2252 usum
1125 2216 1638 2266 communem,cum
1667 2204 1786 2272 jam
1817 2205 2010 2274 lingua

418 2280 620 2336 Latina
649 2283 718 2337 iis
746 2284 803 2338 in
841 2287 1162 2356 regionibus
1193 2289 1549 2355 exolesceret,
1583 2308 1709 2346 eum
1741 2293 1797 2346 in
1816 2293 2010 2347 Arabi-

418 2385 540 2423 cam
579 2373 870 2427 transferri
899 2376 1110 2430 curarit
1133 2393 1381 2432 unacum
1393 2379 1565 2432 sacris
1586 2379 2009 2452 Litteriszprobe

417 2456 737 2530 intelligens
754 2469 996 2532 quantus
1009 2464 1137 2518 hinc
1158 2465 1370 2521 fructus
1381 2467 1451 2520 ad
1473 2469 1761 2523 animosin
1783 2487 2008 2524 omnem

417 2546 682 2616 pietatem
714 2551 1026 2607 incitandos
1057 2555 1381 2609 exundaret.
1430 2557 1690 2612 Testatur
1717 2559 1773 2612 id
1806 2559 2010 2614 Heleca

416 2637 864 2710 archiepiscopus
876 2641 1409 2713 Caesaraugustanus
1429 2646 1576 2700 circa
1591 2663 1800 2702 annum
1819 2645 2006 2713 860,in

416 2723 793 2782 additionibus
811 2729 880 2782 ad
903 2730 1176 2785 Chronica
1197 2733 1389 2787 Dextri
1421 2739 1478 2788 et
1493 2735 1736 2789 Maximi.
1772 2737 2004 2803 «Sacrae,

421 2817 622 2888 inquit,
642 2820 942 2891 Scriptura;
965 2824 1198 2878 Arabiae
1214 2828 1498 2882 translatae
1525 2828 1910 2901 apresbyteris
1921 2847 2006 2884 ca-

417 2906 640 2960 tholicis
669 2909 963 2976 habentur,
1011 2918 1067 2966 et
1110 2929 1236 2966 cum
1263 2915 1487 2969 scholiis
1513 2917 1999 2985 circumferuntur;

415 2996 692 3066 praecipue
706 2999 921 3053 Novum
935 3001 1374 3066 Testamentum,
1393 3004 1651 3074 Epistolas
1667 3006 1846 3071 Pauli,
1859 3007 2004 3077 Apo-

415 3085 656 3156 calypsis
693 3088 870 3142 sancti
899 3090 1148 3155 Joannis,
1166 3098 1223 3146 et
1251 3091 1392 3146 liber
1417 3094 1486 3147 de
1507 3094 1648 3147 Vitis
1669 3095 1924 3161 Patrum,
1948 3103 2004 3151 et

2094 608 2216 658 tum
2247 601 2705 665 Modoetiensem,
2737 615 2885 653 anno
2919 595 3082 656 1483.

2168 692 2395 754 Octava,
2420 689 2774 751 Germanica,
2803 693 2870 742 ut
2887 687 3109 742 videtur
3131 685 3346 741 incerto
3369 686 3489 741 loco
3513 691 3569 743 et
3594 691 3690 759 ty-

2096 781 2403 853 pographo,
2427 778 2660 843 in-folio,
2693 793 2840 832 anno
2877 775 3031 833 1485.

2166 870 2347 933 Nona,
2421 866 2830 938 Lugdunensis,
2880 865 3183 937 in-quarto,
3244 881 3348 936 per
3391 865 3689 921 Nicolaum

2094 959 2263 1013 Wolﬂ
2293 958 2363 1012 de
2388 959 2613 1023 Lutrea,
2646 961 2704 1010 et
2724 955 3079 1010 venundatur
3114 971 3149 1008 a
3171 953 3375 1009 Jacobo
3395 955 3690 1024 Hugueta-

2095 1065 2185 1112 no,
2229 1064 2376 1101 anno
2398 1045 2550 1103 1502.

2167 1137 2413 1202 Decima,
2462 1132 2869 1206 Lugdunensis,
2903 1132 3216 1204 in-quarto,
3260 1147 3360 1203 per
3385 1132 3593 1188 Jannot
3618 1133 3692 1188 de

2095 1227 2339 1296 Campis,
2374 1241 2521 1280 anno
2540 1221 2693 1279 1507.

2169 1315 2492 1382 Undecima,
2517 1315 2752 1380 Veneta,
2784 1312 3203 1383 in-quarto,per
3225 1310 3504 1365 Bonetum
3523 1310 3695 1365 Loca-

2100 1405 2315 1471 tellum,
2350 1420 2496 1459 anno
2523 1401 2678 1460 1508.

2166 1493 2527 1558 Duodecima,
2561 1489 2971 1562 Lugdunensis,
3003 1489 3307 1559 in-quarto,
3327 1504 3432 1560 per
3459 1488 3695 1559 Stepha-

2096 1599 2230 1638 num
2255 1583 2470 1646 Balam,
2500 1597 2646 1636 anno
2685 1579 2834 1638 1509.

2164 1673 2394 1726 Decima
2423 1671 2608 1736 tertia,
2640 1666 3384 1740 Lugdunensis,in-quartc,
3413 1681 3514 1738 per
3531 1667 3692 1722 Jaco-

2093 1762 2226 1816 bum
2259 1761 2495 1827 Saclion,
2527 1775 2675 1814 anno
2708 1756 2862 1815 151?.

2165 1851 2393 1906 Decima
2412 1855 2631 1920 quarta,
2652 1846 3196 1916 Veneta.in-quarto,
3219 1844 3371 1916 apud
3390 1842 3687 1900 Nicolaum

2094 1940 2163 1994 de
2184 1939 2605 2004 Francofurdia,
2637 1954 2784 1992 anno
2811 1933 2970 1990 1512.

2165 2029 2388 2084 Decima
2403 2025 3034 2100 quinta,Lugdunensis,
3054 2023 3360 2094 in—quarto,
3392 2039 3494 2095 per
3521 2023 3686 2078 Jaco-

2092 2116 2225 2172 bum
2249 2118 2389 2185 Miit,
2421 2135 2568 2173 anno
2596 2118 2754 2174 1515.

2163 2207 2391 2261 Decima
2434 2213 2606 2274 sexta,
2661 2208 3070 2279 Lugdunensis,
3113 2204 3309 2260 eadem
3355 2202 3554 2268 forma,
3577 2216 3690 2272 per

2091 2295 2361 2350 Iacobum
2382 2297 2710 2364 Mareschal,
2744 2313 2891 2351 anno
2926 2293 3080 2353 1520.

2161 2385 2389 2440 Decima
2415 2386 2674 2457 septima,
2707 2384 3118 2456 Lugdunensis,
3133 2382 3330 2438 eadem
3349 2380 3550 2444 forma,
3582 2394 3690 2450 per

2089 2472 2393 2528 Antonium
2422 2473 2797 2538 Vincentium,
2829 2489 2976 2528 anno
3004 2470 3166 2530 1537.

2163 2563 2392 2616 Decima
2419 2568 2632 2629 octava,
2667 2562 3035 2628 Coloniensis,
3061 2559 3303 2626 in-folio,
3336 2571 3440 2630 per
3467 2557 3692 2628 Gaspa-

2091 2667 2210 2705 rem
2239 2651 2636 2722 Gennepaaum,
2669 2668 2816 2706 anno
2840 2650 2994 2706 1517.

2162 2740 2390 2794 Decima
2419 2757 2584 2804 nona,
2615 2740 2979 2805 Coloniensis,
3009 2740 3069 2794 in
3090 2738 3240 2798 folio,
3267 2752 3367 2807 per
3395 2734 3681 2798 eumdem,

2090 2845 2181 2882 an.
2223 2827 2374 2894 1548,
2409 2829 2516 2882 nisi
2545 2829 2661 2883 haec
2698 2830 2892 2883 eadem
2937 2829 3010 2882 sit
3043 2844 3168 2882 cum
3219 2826 3426 2897 priore,
3462 2828 3684 2878 mutato

2087 2922 2306 2970 tantum
2337 2916 2502 2971 titulo
2533 2923 2589 2970 et
2612 2933 2778 2978 anno,
2804 2921 2868 2970 ut
2893 2915 3150 2970 indicabo
3170 2915 3565 2986 prolegomeno
3585 2911 3678 2966 ‘20.

2152 3005 2900 3076 Vigesima,Complutensis,
2915 3002 3380 3076 in—quarto,apud
3408 3003 3686 3057 Joannem

2088 3093 2440 3160 Gratianum,
2471 3111 2619 3149 anno
2654 3094 2806 3150 1596.

414 3173 851 3230 historiaLatina
863 3178 2003 3250 F1.LuciiDextri,M.Maximi,etaliorum,
2023 3179 2070 3242 C
2161 3182 2457 3253 Triplicem
2482 3191 2670 3239 autem
2702 3184 2850 3238 inter
2895 3184 2997 3238 has
3041 3181 3317 3236 editiones
3346 3178 3684 3234 varietatem

415 3263 786 3319 etChronicon
806 3267 1048 3333 Eusebii,
1064 3275 1120 3323 et
1131 3269 1257 3324 libri
1280 3271 1348 3325 de
1365 3271 1601 3326 Civitate
1615 3272 1716 3327 Dei
1737 3273 1793 3329 S.
1818 3275 2001 3344 Augu-

413 3351 566 3417 stini,
575 3360 869 3424 propterea
882 3357 1027 3426 quod
1035 3358 1158 3426 jam
1171 3357 1571 3428 linguaLatina
1583 3360 1963 3416 evanescebat.
1974 3382 1999 3414 ι)

483 3441 588 3495 Plu
596 3459 656 3496 ra
669 3443 871 3498 adduci
893 3451 1121 3515 possent
1140 3447 1210 3500 ad
1227 3448 1426 3503 horum
1451 3450 1486 3502 li
1497 3449 1722 3506 brorum
1736 3450 2002 3505 meritum

412 3531 781 3587 etutilitatem
802 3533 1216 3602 afﬁrmandam;
1231 3537 1328 3591 sed
1341 3537 1543 3607 quibus
1557 3538 1674 3592 haec
1694 3555 1806 3594 non
1833 3539 2003 3594 satis-

411 3617 643 3688 faciunt,
679 3622 811 3693 quid
841 3623 1069 3678 tandem
1104 3624 1127 3676 Υ

801 3710 1402 3768 PROLEGOMENON
1432 3715 1602 3770 XVII.

489 3797 564 3850 De
586 3800 762 3852 variis
791 3799 991 3853 horum
1023 3803 1298 3856 librorum
1323 3805 1652 3858 cditionibus
1682 3806 1911 3859 Latinis.

478 3883 604 3938 Non
632 3884 721 3938 hic
748 3886 969 3955 agimus
997 3889 1066 3942 de
1096 3893 1308 3957 octavo,
1341 3907 1489 3946 nono
1519 3896 1576 3945 et
1595 3892 1810 3948 decimo
1832 3892 1994 3958 libro,

410 3972 507 4042 qui
528 3972 633 4027 hac
661 3978 881 4030 tantum
925 3977 1170 4033 editione
1198 3995 1346 4034 nunc
1393 3981 1536 4035 Vitis
1581 3982 1812 4036 Patrum
1851 3998 2002 4036 acce-

407 4059 567 4128 dunt;
600 4064 696 4118 sed
727 4064 796 4118 de
825 4065 1075 4138 reliquis,
1099 4068 1193 4139 qui
1223 4069 1477 4140 plerique
1504 4086 1699 4126 omnes
1726 4070 1785 4125 in
1810 4071 2000 4142 vulga-

407 4148 480 4203 tis
505 4151 738 4206 Patrum
766 4153 910 4209 Vitis
935 4155 1118 4211 locum
1151 4157 1462 4213 obtinuere.

478 4239 818 4309 Editionum,
875 4260 1015 4315 quas
1060 4246 1286 4317 quidem
1339 4247 1585 4304 nancisci
1639 4247 1819 4314 licuit,
1850 4247 1996 4302 hunc

405 4326 549 4383 habe
580 4329 909 4387 indiculum.

2095 3270 2336 3338 invenio,
2387 3288 2556 3343 quam
2588 3272 2866 3327 distinctis
2911 3269 3322 3342 prolegomenis
3370 3265 3440 3323 ob
3493 3265 3687 3320 oculos

2088 3367 2423 3427 statuam,ut
2447 3367 2717 3434 appareat
2745 3361 2881 3433 quid
2901 3360 3138 3432 quisque
3167 3357 3388 3412 varians
3409 3355 3590 3410 editor
3616 3353 3683 3409 in

2087 3465 2192 3504 sua
2210 3451 2534 3505 adornanda
2564 3450 2767 3521 Sparta
2793 3447 3136 3520 pmstiteﬁt,
3170 3452 3230 3502 et
3247 3461 3319 3501 ne
3348 3444 3473 3516 quis
3490 3441 3684 3498 turbe-

2085 3541 2196 3604 tur,
2230 3538 2331 3594 sia
2349 3540 2515 3594 variis
2551 3539 2703 3593 varie
2728 3539 2829 3594 has
2857 3537 3013 3592 Vitas
3041 3537 3242 3592 citatas
3264 3533 3530 3591 inveniat.

2476 3679 3071 3737 PROLEGOMENON
3103 3677 3303 3734 XVIII.

2147 3792 2221 3845 Dc
2233 3792 2425 3858 prima
2445 3792 2718 3854 omnium,
2737 3790 2881 3858 quod
2906 3790 3099 3854 sciam,
3115 3787 3352 3842 editione
3375 3783 3595 3840 Latina.

2148 3894 2298 3969 [ux]
2329 3895 2521 3950 Prima
2548 3895 2821 3959 omnium,
2853 3893 3003 3965 quod
3031 3893 3226 3958 sciam,
3259 3890 3434 3947 editio
3464 3894 3550 3946 est
3579 3888 3672 3944 in-

2079 3984 2231 4050 folio,
2255 3983 2466 4055 absque
2494 3984 2620 4037 libri
2648 3983 3009 4054 inscriptione
3029 3999 3128 4037 seu
3145 3981 3332 4046 titulo,
3357 3978 3566 4050 absque
3586 3985 3674 4050 ty-

2079 4071 2354 4144 pographi
2403 4072 2650 4136 nomine,
2705 4072 2824 4126 loco
2873 4077 2931 4125 et
2972 4087 3120 4125 anno
3165 4068 3470 4134 editionis;
3523 4066 3677 4138 typis

2077 4161 2244 4232 plane
2279 4160 2513 4215 rudibus
2545 4178 2556 4213 :
2586 4177 2708 4232 quae
2753 4159 2945 4214 omnia
2984 4155 3248 4229 arguunt,
3280 4157 3486 4212 librum
3519 4155 3671 4210 hunc

2077 4249 2290 4305 editum
2310 4250 2370 4304 in
2385 4250 2508 4320 ipsa
2523 4249 2908 4320 typographia
2927 4247 3318 4313 infantia,cum
3337 4247 3669 4318 plerumque

2078 4340 2267 4394 omnia
2288 4339 2386 4394 illa
2403 4337 2691 4410 praemissa
2709 4337 2894 4392 omitti
2919 4335 3192 4404 solebant,
3219 4341 3280 4392 et
3295 4335 3544 4391 nondum
3558 4333 3671 4389 ele-

475 4418 666 4474 Prima
691 4422 881 4489 editio,
922 4424 1158 4494 in-folio,
1199 4427 1408 4500 absque
1434 4428 1562 4483 libri
1606 4427 1989 4500 inscriptione,
2013 4420 2399 4500 Dgantiorum
2429 4433 2695 4500 typorum
2722 4444 2857 4482 usus
2895 4432 3061 4481 esset.

402 4507 630 4563 nomine
645 4513 1127 4584 typographi,loco
1149 4520 1204 4570 et
1215 4533 1362 4572 anno
1382 4516 1819 4590 editionis,typis
1835 4517 1992 4572 valde

403 4593 756 4666 informibus,
789 4618 911 4672 quae
941 4602 1024 4656 ita
1047 4603 1379 4659 inchoatur:
1422 4609 1624 4675 Incipit
1645 4609 1920 4675 pra-latio.

476 4685 752 4757 Secunda,
782 4692 1017 4759 in-folio,
1060 4692 1269 4765 absque
1307 4693 1435 4748 libri
1464 4695 1844 4766 inscriptione,
1888 4711 1992 4750 no-

403 4771 555 4828 mine
585 4781 944 4853 typographi,
976 4783 1100 4839 loco
1126 4789 1184 4838 et
1209 4799 1356 4838 anno
1386 4783 1668 4851 editionis,
1701 4785 1863 4854 cujus
1889 4782 1994 4838 ini-

403 4858 575 4914 tium:
607 4865 812 4934 Incipit
824 4872 1103 4937 prologus.
1841 4872 1846 4878 ’

473 4953 681 5020 Tertia,
715 4955 951 5023 in-folio,
973 4957 1184 5030 absque
1202 4957 1332 5014 libri
1350 4955 1732 5028 inscriptione,
1765 4956 1994 5014 nomine

401 5045 760 5116 typographi,
818 5046 938 5100 loco
969 5053 1027 5101 et
1075 5063 1222 5103 anno
1274 5045 1555 5113 editionis,
1593 5062 1716 5116 qum
1745 5045 1944 5117 incipit
1973 5064 1985 5099 :

400 5135 664 5201 Prologus
694 5137 758 5188 in
786 5137 1160 5203 fructuosum.

469 5222 700 5287 Quarta,
754 5222 1256 5293 Norimbergensis,
1315 5224 1532 5279 in-folio
1568 5223 1832 5290 maximo,
1889 5238 1990 5295 per

398 5311 706 5367 Antonium
736 5312 1042 5384 Coburger,
1066 5328 1212 5368 anno
1256 5312 1410 5370 1478.

2148 4517 2380 4572 Initium
2410 4517 2539 4572 libri
2567 4515 2844 4571 sichabet:
2868 4517 3072 4584 Incipit
3093 4515 3350 4584 pra/aiio
3372 4515 3515 4568 beati
3542 4513 3669 4568 Hic-

2075 4609 2303 4675 ronymi
2322 4607 2646 4675 presbyteri,
2678 4608 2743 4659 in
2764 4607 3020 4674 primum
3059 4604 3271 4658 librum
3297 4603 3361 4657 de
3397 4603 3514 4657 Vita
3540 4616 3669 4655 san-

2075 4696 2290 4746 ctorum
2308 4693 2562 4747 Patrum.
2596 4689 2843 4745 Deinde:
2876 4690 3200 4744 Benedictus
3223 4689 3384 4753 Deus,
3415 4692 3522 4742 etc.
3554 4685 3666 4740 De-

2077 4779 2214 4836 sinit
2239 4784 2393 4834 totus
2421 4779 2564 4834 liber
2591 4779 2652 4833 in
2679 4778 2895 4834 Marino
2915 4778 3206 4839 monacho,
3228 4777 3389 4846 cujus
3440 4773 3667 4829 initium

2075 4876 2191 4926 est:
2227 4869 2364 4924 Erat
2390 4871 2621 4938 quidam
2649 4870 2951 4933 saecularis,
2979 4867 3108 4922 ﬁnis
3141 4883 3154 4918 :
3187 4867 3286 4921 Ubi
3309 4879 3480 4933 usque
3509 4863 3667 4917 modo

2076 4961 2325 5017 Christus
2335 4960 2679 5014 orationibus
2689 4962 2888 5012 sancta
2900 4958 3140 5025 Virginis
3150 4958 3333 5010 multa
3343 4955 3480 5023 facit
3491 4954 3668 5007 mira-

2077 5050 2238 5116 bilia,
2264 5049 2338 5103 ad
2358 5049 2580 5102 laudem
2596 5052 2645 5102 ct
2662 5050 2903 5116 gloriam
2926 5045 3397 5114 nominissui,qui
3416 5058 3545 5099 cum
3561 5043 3664 5098 Pa-
3733 5109 3736 5111 _

2074 5142 2174 5204 tre,
2203 5143 2312 5192 etc.

2144 5226 2380 5281 Constat
2408 5229 2595 5280 autem
2629 5225 2746 5280 haec
2769 5223 2940 5280 editio
2977 5222 3206 5279 omnino
3234 5240 3268 5276 v
3303 5221 3480 5279 libris.

2144 5315 2370 5371 Primus
2387 5313 2530 5370 liber
2543 5313 2741 5386 incipit
2763 5330 2796 5370 a
2821 5313 3051 5386 prologo
3073 5313 3188 5384 (qui
3204 5311 3370 5368 beato
3390 5311 3665 5382 Hierony-

471 5401 699 5470 Quinta,
731 5400 1237 5473 Norimbergensis,
1260 5402 1482 5460 in-folio
1511 5403 1744 5472 minore,
1751 5419 1853 5476 per
1877 5403 1991 5460 An-
2069 5420 2162 5460 mo
2180 5403 2556 5470 tribuitur,uti
2570 5409 2628 5460 et
2643 5409 2796 5460 totus
2811 5403 2860 5458 is
2878 5401 3035 5472 liber)
3053 5403 3368 5458 Benedictus
3385 5403 3660 5466 Daus,etc.

399 5491 619 5547 tonium
638 5491 941 5562 Coburger,
965 5507 1112 5547 anno
1132 5487 1294 5548 4483.

475 5579 657 5656 [LVIII]
689 5581 876 5649 Sexta,
898 5580 1250 5646 Germanica,
1280 5584 1346 5635 ut
1374 5580 1612 5653 videtur,
1633 5581 1870 5653 in-folio,
1899 5581 1989 5638 in-

403 5675 556 5728 certo
575 5671 699 5728 loco
728 5675 785 5729 et
811 5670 1184 5746 typographo,
1209 5686 1356 5730 anno
1380 5669 1536 5731 1483.

2071 5493 2284 5550 Deinde
2304 5494 2483 5548 aVita
2499 5493 2676 5550 sancti
2700 5493 2932 5550 Joannis
2941 5491 3180 5548 abbatis:
3195 5495 3456 5549 Primum
3483 5493 3666 5560 igitur

2074 5589 2344 5652 tanquam
2372 5599 2572 5639 verum
2589 5582 3205 5652 fundamentum.Finit
3230 5580 3474 5640 hic'liber
3494 5579 3555 5636 in
3577 5595 3666 5636 so-

2071 5677 2226 5746 ptem
2253 5672 2519 5747 periculis
2542 5671 2776 5740 itineris,
2786 5671 2936 5745 quod
2964 5675 3134 5746 caput
3147 5672 3232 5730 ita
3247 5669 3560 5730 inchoatur:
3593 5670 3666 5726 In
