4046 6212
324 377 398 440 65

1574 368 2170 434 PROLEGOHENON
2204 368 2351 432 XIX.

3525 379 3595 440 66

326 509 462 564 aliis
486 518 704 577 quoque
734 505 1169 575 quamplurima
1187 504 1335 558 locis.
1359 500 1685 557 Clauditur:
1703 501 1809 568 Qui
1828 517 1925 557 nos
1942 506 1986 563 Α
2003 503 2076 558 tis
2123 502 2350 573 gentilis
2380 501 2627 566 invento,
2666 516 2905 573 eamque
2934 501 3073 557 citat
3099 519 3165 558 ex
3182 502 3326 560 libro
3356 519 3411 560 Iv
3440 505 3597 564 Vita-

326 598 393 651 de
415 597 590 650 tantis
609 595 877 665 periculis
905 593 1178 659 liberavit,
1195 596 1244 646 et
1273 595 1431 645 tanta
1447 594 1511 646 in
1528 592 1681 645 nobis
1692 592 1924 645 ostendit

326 686 646 750 mirabilia,
677 685 783 753 ipsi
809 684 991 752 gloria
1019 684 1110 736 ins
1136 684 1306 736 secuta
1325 683 1669 736 seculorum.
1703 681 1896 736 Amen.

402 772 694 829 Secundus
740 770 886 827 liber
910 770 1109 843 incipit
1128 786 1165 824 a
1191 770 1457 842 prologo:
1497 770 1619 825 Vere
1646 770 1923 822 mundum

324 866 454 934 quis
464 862 676 917 dubitet
697 863 914 916 meritis
940 865 1087 914 stare
1105 864 1444 924 sanctorum,
1462 862 1567 913 etc.
1592 856 1731 912 Inde
1743 856 1926 928 sequi-

321 957 423 1008 tur
474 950 689 1006 dictum
740 948 1020 1021 primum:
1054 948 1293 1015 Quidam
1328 952 1648 1002 sanctorum
1686 947 1922 1001 Patrum

303 1024 635 1106 seniorum,
656 1038 1131 1106 interrogantibus
1140 1054 1194 1091 se
1204 1036 1485 1091 monachis
1502 1037 1569 1090 de
1577 1052 1743 1090 causa
1758 1036 1922 1089 absti-

326 1132 550 1196 nentiae,
573 1134 681 1184 etc.
707 1127 860 1182 Finit
870 1126 930 1181 in
948 1126 1097 1182 dicto
1112 1124 1441 1198 Syncleticaz
1457 1124 1527 1179 de
1555 1122 1916 1179 inﬁrmitate:

324 1220 471 1287 Quia
489 1219 755 1272 interiori
780 1218 997 1271 homini
1017 1220 1204 1271 nostra
1229 1217 1443 1269 sanitas
1469 1216 1598 1268 inde
1617 1217 1829 1268 crescit.

395 1306 623 1363 Tertius
648 1305 794 1363 liber
1033 1321 1068 1360 a
1095 1304 1330 1376 prologo
1358 1302 1597 1359 Palladii
1624 1302 1871 1374 episcopi
1903 1320 1915 1355 :

321 1397 506 1455 Hutta
524 1397 748 1466 quidem
767 1400 818 1451 et
838 1399 1000 1450 varia
1028 1395 1259 1449 diuersis
1282 1393 1614 1462 temporibus
1634 1409 1669 1446 a
1688 1394 1919 1446 diversis

320 1484 909 1554 conscripta,etc.Inde
920 1483 1175 1555 sequitur
1183 1488 1351 1554 caput
1367 1481 1633 1553 primum:
1652 1481 1789 1537 Cum
1798 1483 1920 1550 pri-

318 1590 483 1630 mum
493 1575 1484 1642 adAtexandria-mperrexissem,etc.;
1506 1569 1815 1626 secundum
1833 1586 1920 1624 ca-

318 1669 428 1736 put
447 1665 663 1719 :Beatus
690 1667 876 1719 autem
892 1663 1156 1727 Isidorus,
1177 1665 1282 1717 etc.
1298 1660 1448 1716 Finit
1460 1660 1518 1715 in
1532 1660 1680 1715 dicto
1700 1658 1918 1714 abbatis

319 1751 504 1808 Sisoi:
532 1753 769 1822 Ignosce,
803 1754 887 1805 mi
906 1753 1102 1820 frater,
1140 1753 1274 1820 quia
1302 1751 1552 1805 nondum
1578 1751 1757 1817 factus
1792 1738 1917 1804 sum

2004 608 2131 647 rum
2162 592 2414 657 Patrum,
2447 607 2570 661 quae
2589 590 2648 644 in
2695 590 2800 644 hac
2815 590 3251 662 primaeditione
3269 594 3412 651 libro
3429 612 3480 650 Iv
3499 597 3597 653 ha-

2003 678 2347 735 betur.0biit
2372 682 2564 734 autem
2591 677 2731 750 ipse,
2761 684 2906 734 teste
2919 680 3229 737 Trithemio
3257 683 3316 738 in
3341 687 3596 759 catalogo

2003 767 2313 824 illustrium
2343 768 2610 828 virorum.
2641 784 2706 822 eo
2736 767 2859 839 ipso
2881 785 3049 824 anno.
3087 771 3206 826 Imo
3243 775 3302 826 et
3336 779 3467 829 ante
3489 792 3594 831 an-

2005 872 2144 911 num
2169 854 2244 920 69,
2259 862 2388 928 post
2403 853 2547 912 1400
2558 856 2864 911 editionem
2889 874 3013 913 eam
3042 866 3295 915 curatam
3333 863 3595 934 colligere

2004 950 2091 999 est
2118 962 2183 999 ex
2212 946 2316 1001 Ms.
2358 946 2710 1001 Cortracensi
2762 948 3087 1003 monasterii
3128 950 3280 1005 Sion.
3313 952 3420 1016 Qui
3452 953 3596 1021 liber

2001 1033 2336 1089 verbotenus
2364 1051 2495 1089 cum
2517 1035 2795 1107 impresso
2821 1036 2927 1093 hoc
2953 1039 3227 1107 convenit,
3246 1045 3311 1094 ut
3327 1049 3597 1113 appareat

2002 1138 2073 1178 ex
2109 1139 2175 1179 eo
2201 1124 2557 1196 exscriptum.
2592 1126 2658 1182 In
2679 1127 2802 1197 ejus
2838 1131 3030 1183 autem
3048 1129 3158 1186 Ms.
3187 1129 3299 1184 ﬁne
3327 1130 3585 1188 habetur:

2005 1227 2033 1264 ι
2065 1213 2390 1284 Completus
2429 1213 2489 1268 in
2529 1214 2697 1269 domo
2752 1231 3008 1272 sororum
3045 1216 3224 1273 beatae
3275 1219 3591 1278 Catharine

2001 1301 2071 1355 de
2082 1306 2273 1357 monte
2288 1302 2773 1373 Sinai,vulgariter
2781 1311 3104 1377 nuncupato
3115 1307 3184 1361 de
3206 1307 3359 1376 Sion,
3383 1309 3442 1364 in
3458 1309 3594 1366 Cur-

1998 1393 2175 1459 traco,
2199 1406 2348 1445 anno
2368 1391 2593 1447 Domini
2633 1390 2786 1459 1469,
2819 1395 3028 1450 mensis
3045 1395 3376 1452 Novembris
3387 1398 3479 1453 die
3507 1397 3589 1466 l7,

1998 1475 2121 1550 ipso
2141 1478 2286 1534 festo
2312 1478 2462 1534 beati
2490 1480 2717 1536 Niniani
2736 1482 2979 1555 episcopi
3008 1490 3065 1538 et
3087 1485 3437 1543 confessoris.
3464 1505 3491 1541 »

2069 1568 2256 1639 Atque
2279 1568 2395 1623 haec
2417 1568 2599 1641 prima
2629 1570 2819 1637 editio,
2860 1588 2927 1626 ea
2961 1572 3145 1629 forma
3171 1579 3231 1630 et
3246 1575 3443 1632 ordine
3478 1593 3590 1649 quo

2000 1671 2126 1711 eam
2153 1656 2441 1729 descripsi,
2468 1659 2636 1713 tertio
2662 1659 2810 1731 typis
2823 1660 3382 1735 fuitsubmissa,quas
3397 1681 3594 1722 omnes

1998 1750 2115 1800 tres
2153 1745 2428 1801 editiones
2446 1747 2629 1818 primo
2667 1747 2786 1802 loco
2805 1749 3061 1819 suggerit
3079 1753 3366 1823 catalogus
3398 1754 3595 1810 editio-

322 1841 648 1898 monachus.
669 1840 807 1897 Inde
826 1839 1178 1895 subnectitur
1196 1839 1349 1894 velut
1357 1837 1633 1910 appendix
1661 1841 1919 1893 narratio
1936 1828 1982 1888 Β
2000 1850 2140 1889 num
2157 1835 2276 1905 jam
2307 1835 2709 1906 prolegomeno
2730 1834 2791 1893 i7
2810 1837 2995 1893 datus.
3028 1840 3372 1896 Posteriores
3400 1847 3593 1899 tamen

318 1931 578 2000 quadam
605 1931 670 1984 de
693 1933 881 1984 sancto
909 1931 1172 1995 Macario,
1205 1944 1329 1999 quae
1345 1932 1432 1983 est
1445 1928 1514 1982 de
1543 1927 1796 1983 daemone
1824 1942 1921 1982 no-

319 2022 418 2073 ctu
445 2018 520 2074 ad
543 2018 757 2075 ostium
782 2018 995 2074 cellulae
1029 2018 1153 2089 ejus
1181 2017 1460 2089 pulsante,
1504 2018 1664 2088 cujus
1692 2015 1918 2071 initium

318 2112 438 2164 est:
488 2108 892 2176 Conﬁrmatum
916 2111 993 2161 est
1020 2108 1172 2162 nobis
1201 2109 1265 2161 de
1301 2123 1359 2162 eo
1384 2108 1452 2162 ab
1484 2107 1570 2161 his
1598 2108 1699 2176 qui
1724 2107 1788 2160 de
1824 2121 1917 2159 ore

317 2201 439 2268 qus
453 2199 780 2263 audierunt,
803 2201 909 2253 etc.
938 2195 1122 2251 Finis:
1156 2196 1225 2251 Et
1244 2196 1617 2251 accedentium
1648 2196 1917 2250 adaltare

316 2289 403 2342 vel
432 2287 747 2355 indignitas
769 2301 916 2353 eum,
948 2290 1030 2340 vel
1056 2287 1260 2340 merita
1287 2301 1399 2339 non
1427 2287 1680 2341 laterent.

392 2375 642 2440 Quartus
667 2372 812 2430 liber
836 2374 919 2431 ita
934 2373 1234 2430 inchoatur
1255 2376 1489 2444 :lncipit
1515 2378 1915 2443 argumentum

315 2467 384 2519 in
411 2465 628 2521 librum
654 2470 923 2535 quartum
949 2465 1201 2520 deuerbi:
1217 2466 1537 2533 eteaemplis
1550 2460 1646 2519 SS.
1679 2464 1916 2517 Patrum

316 2555 709 2621 eremilarum,
738 2557 900 2624 cuius
921 2554 1275 2624 principium
1298 2554 1554 2621 Pelagius
1579 2551 1639 2609 S.
1656 2551 1916 2608 R.E.dia-

318 2659 513 2712 conus,
544 2647 789 2698 eatrema
815 2658 941 2698 vero
972 2644 1213 2698 Joannes
1249 2643 1618 2697 subdiaconus
1645 2642 1708 2695 de
1738 2640 1915 2697 Graeco

320 2734 619 2788 transtulit
639 2734 704 2788 in
715 2732 1001 2798 Latinum,
1023 2732 1099 2786 ad
1121 2733 1545 2786 instructionem
1570 2733 1695 2785 vitae
1722 2746 1912 2806 mona-

318 2822 572 2877 chorum.
596 2820 891 2891 Sequitur:
916 2820 1032 2893 [1.x]
1063 2819 1200 2875 Cum
1218 2822 1400 2875 omnis
1416 2820 1669 2890 przfatio
1704 2823 1915 2873 textum

318 2914 624 2980 opportune
627 2908 1225 2980 przoeniens,etc.,ubi
1240 2908 1446 2964 dicitur
1457 2907 1695 2963 liberhic
1705 2909 1916 2962 divisus

317 3001 383 3053 in
410 3000 591 3054 decem
611 3003 662 3053 et
689 3015 881 3054 novem
904 3003 1109 3069 partes.
1137 2998 1329 3053 Prima
1353 3003 1543 3053 autem
1572 3014 1703 3069 pars
1728 3001 1816 3051 est
1842 2998 1916 3052 De

310 3088 567 3157 profectu
597 3088 874 3144 monachi.
890 3087 1095 3159 Incipit
1111 3107 1129 3143 :
1144 3089 1539 3157 Adprofectum
1552 3088 1915 3142 conversatio-

1999 1922 2123 1979 duae
2150 1923 2423 1981 editiones
2448 1925 2761 1980 summaria
2787 1928 3035 1998 capitum
3062 1929 3315 1999 adjecere
3328 1937 3387 1986 et
3413 1931 3597 1987 inter-

1998 2028 2242 2080 seruere,
2274 2030 2398 2085 quae
2414 2013 2474 2069 in
2504 2014 2706 2071 harum
2725 2015 2900 2072 trium
2923 2017 3105 2089 prima
3116 2018 3366 2074 omnium
3380 2019 3598 2076 deside-

1996 2104 2215 2160 rantur.

2405 2229 3001 2287 PROLEGOMENON
3043 2232 3191 2287 XIX.

2056 2355 2132 2409 De
2158 2355 2398 2409 secunda
2422 2355 2659 2411 editione
2686 2357 2887 2411 Latina
2905 2373 3025 2425 qua:
3042 2373 3080 2411 a
3109 2359 3306 2426 prima
3329 2360 3539 2416 variat.

2069 2460 2202 2530 [LXI]
2233 2459 2493 2517 Secunda
2545 2461 2715 2516 editio
2755 2461 2962 2533 (nescio
3003 2479 3076 2518 an
3114 2463 3280 2534 plane
3324 2464 3589 2532 secunda,

1996 2553 2146 2604 certe
2165 2565 2233 2604 ea
2244 2566 2369 2622 quae
2380 2566 2414 2604 a
2424 2550 2611 2623 prima
2622 2550 2911 2621 variat)est
2924 2551 3426 2623 Norimbergensis,
3434 2570 3587 2610 anno

1995 2636 2287 2710 1478,qua3
2299 2638 2381 2694 ita
2397 2638 2456 2694 in
2476 2639 2588 2694 ﬁne
2607 2639 2802 2695 habet:
2825 2660 2849 2692 ι
2871 2641 3036 2696 Anno
3058 2639 3266 2697 Christi
3284 2641 3595 2699 nativitatis

1995 2726 2355 2793 1478,Nonas
2387 2745 2513 2784 vero
2543 2729 2694 2793 Maii,
2730 2728 2803 2784 ob
2829 2728 3126 2785 beatorum
3150 2731 3384 2786 Patrum
3403 2730 3594 2802 profe-

1997 2818 2150 2870 ctum
2174 2816 2361 2872 Vitam
2402 2819 2765 2874 eremitarum
2793 2818 3137 2891 degentium,
3163 2824 3324 2890 gesta
3352 2835 3595 2890 quorum

1997 2903 2149 2958 haud
2167 2904 2451 2961 immerito
2471 2907 2798 2962 memoriter
2811 2913 2945 2963 sunt
2958 2907 3419 2973 commendanda,
3452 2924 3595 2980 opus

1999 2991 2176 3061 (Vitas
2198 2993 2428 3049 Patrum
2458 2996 2819 3067 appellatum)
2852 2995 3073 3066 insigne
3100 3011 3137 3051 a
3163 2995 3596 3068 quamplurimis

1997 3088 2320 3154 excerptum
2347 3083 2646 3150 codicibus,
2678 3101 2780 3156 per
2824 3100 3110 3139 sacrarum
3168 3084 3592 3156 Scripturarum

318 3178 860 3247 nisquidamlrater
882 3179 1170 3247 peruenire
1204 3176 1681 3246 cupiens.Decima
1697 3170 2143 3244 nouaetcviros
2180 3171 2487 3228 admodum
2531 3172 2902 3245 peritissimos
2956 3177 3235 3238 ornatum,
3277 3173 3336 3228 in
3388 3173 3593 3245 oppido

318 3264 527 3321 ultima
555 3281 689 3337 pars
724 3283 737 3320 :
794 3265 1059 3335 Empta
1097 3267 1410 3322 monasticae
1463 3266 1909 3321 conversationis.

322 3353 547 3426 Incipit:
573 3356 692 3409 Duo
704 3354 937 3423 quidam
946 3356 1135 3409 Patres
1146 3359 1481 3422 rogaverunt
1496 3356 1689 3408 Deum.
1720 3352 1874 3408 Finit
1896 3370 1909 3407 :

318 3443 416 3499 Sic
434 3446 544 3499 erit
568 3448 620 3498 et
648 3444 872 3498 anim.
903 3442 1171 3498 Additur:
1189 3444 1414 3498 Finitur
1433 3444 1816 3512 liberquartus
1829 3443 1915 3497 Vi-

321 3538 406 3588 tas
431 3533 687 3587 Patrum.
709 3531 846 3587 Inde
861 3530 1229 3587 subnectitur:
1248 3533 1369 3588 Hac
1394 3536 1524 3586 sunt
1540 3534 1701 3586 verba
1718 3536 1915 3601 septem

320 3638 443 3691 qua
462 3623 620 3677 misit
639 3622 805 3676 abbas
823 3622 1525 3689 MoysesabbatiPastori,in
1539 3622 1737 3690 quibus
1746 3624 1918 3676 conti-

320 3714 493 3764 netur
516 3714 901 3765 consummata
924 3712 1104 3765 virtus
1132 3714 1181 3764 et
1193 3710 1453 3779 perfectio
1482 3710 1755 3765 monachi.
1790 3709 1916 3764 Pri-

319 3813 481 3854 mum
508 3803 625 3854 est:
649 3799 791 3867 Quia
816 3799 964 3853 debet
990 3798 1147 3853 homo
1172 3800 1335 3868 quasi
1357 3803 1742 3853 mortuusesse.
1777 3798 1916 3871 Sep-

319 3887 529 3943 timum
552 3891 670 3942 est:
701 3888 1018 3956 Interrogat
1062 3903 1190 3942 eum
1243 3890 1450 3942 iterum
1469 3888 1667 3955 frater,
1692 3889 1914 3944 dicens:
1946 3882 1959 3889 ’

320 3976 452 4031 Ecce
478 3977 639 4031 homo
679 3976 836 4031 czdit
862 3991 1082 4031 servum
1107 3992 1294 4032 suum.
1328 3975 1512 4032 Finit:
1543 3978 1750 4031 Modico
1780 3982 1917 4032 tem-

321 4080 453 4134 pore
479 4070 557 4119 est
578 4065 752 4131 labor,
783 4069 833 4119 et
854 4067 919 4119 in
949 4068 1345 4134 sempiternum
1365 4071 1442 4121 est
1469 4067 1701 4136 requies.

393 4152 639 4218 Quintus
665 4151 1146 4208 liberinchoatur:
1167 4156 1369 4225 Incipit
1380 4158 1639 4224 prologus
1668 4158 1732 4209 in
1747 4157 1917 4225 quin-

331 4247 453 4296 tum
484 4242 700 4297 librum
738 4243 883 4298 Vitas
900 4242 1391 4299 PatrumJnitium
1418 4243 1635 4315 prologi
1648 4247 1757 4297 est:
1782 4244 1917 4297 Licet

328 4331 402 4385 ab
428 4332 652 4385 exordio
679 4332 1097 4400 conscriptionis
1124 4335 1339 4387 nostra.
1360 4330 1574 4386 Deinde
1601 4349 1613 4385 :
1635 4332 1838 4400 Incipit
1859 4333 1927 4386 li-

330 4418 427 4472 ber
440 4421 672 4489 quintus
684 4420 747 4473 de
759 4422 1064 4474 conversati
1065 4435 1163 4474 one
1174 4423 1223 4474 et
1244 4422 1594 4475 institutione
1603 4424 1925 4475 sanctorum

1994 3260 2412 3333 Nornbergensi
2426 3262 2843 3333 perAntonium
2865 3261 3152 3333 Coburger
3170 3262 3360 3333 oppidi
3377 3261 3593 3334 praefati

1995 3350 2253 3417 incolam,
2289 3367 2461 3423 quam
2497 3355 2716 3422 compte
2743 3350 3103 3422 impressum,
3134 3350 3260 3405 ﬁnit
3285 3350 3541 3405 feliciter.
3566 3370 3592 3404 ι

2065 3441 2234 3495 Nulla
2263 3457 2486 3513 quoque
2527 3439 2658 3495 huic
2710 3438 2943 3494 editioni
2972 3438 3282 3510 prmﬁgitur
3301 3439 3590 3509 inscriptio

1997 3545 2096 3584 seu
2123 3529 2344 3597 titulus,
2378 3530 2476 3585 sed
2503 3528 2727 3584 initium
2755 3527 3002 3583 sumitur
3027 3544 3062 3581 a
3092 3526 3436 3599 praefatione,
3482 3543 3595 3597 qua

1999 3617 2217 3690 ille,qui
2235 3618 2450 3690 primus
2464 3618 2717 3673 ordinem
2735 3612 2945 3690 primae
2981 3615 3241 3671 editionis
3251 3614 3589 3682 immutavit,

1998 3705 2130 3761 facti
2153 3705 2240 3762 sui
2257 3706 2536 3763 rationem
2564 3707 2765 3761 reddit.
2797 3706 2895 3760 Ait
2917 3706 3126 3777 igitur:

2073 3814 2099 3847 α
2128 3796 2212 3851 Ne
2249 3796 2539 3851 occasione
2558 3796 2690 3868 styli
2710 3796 2768 3850 in
2804 3796 2909 3850 hoc
2938 3812 3106 3867 opere
3134 3793 3595 3866 observati,quis-

1998 3900 2171 3955 quam
2199 3884 2512 3955 legentium
2532 3890 2632 3939 aut
2651 3883 2999 3939 audientium
3014 3883 3407 3938 oﬁ‘endiculum
3418 3880 3597 3955 patia-

1996 3978 2111 4041 tur,
2152 3972 2287 4045 quia
2313 3989 2426 4028 non
2452 3990 2552 4045 per
2579 3973 2769 4028 omnia
2816 3962 3085 4044 procedit,
3116 3972 3201 4027 uti
3230 3978 3399 4027 antea
3426 3972 3597 4043 hujus

1998 4061 2247 4118 materie
2277 4062 2619 4134 exemplaria
2639 4061 2940 4134 perspexit,
2974 4060 3137 4115 facile
3164 4061 3385 4116 veniam
3414 4059 3589 4127 dabit,

1998 4155 2295 4223 postquam
2309 4151 2615 4207 multorum
2626 4149 3006 4206 diversitatem
3022 4148 3309 4204 confusam
3320 4149 3595 4203 intuetur.

2079 4258 2107 4294 α
2128 4241 2207 4295 Ea
2252 4245 2482 4313 propter
2529 4240 2776 4311 idipsum
2796 4238 2854 4293 in
2886 4244 3128 4310 quatuor
3154 4242 3343 4308 partes
3390 4236 3598 4291 divisas

2005 4327 2439 4399 diﬁ‘erentesque
2475 4326 2723 4392 distinxi,
2753 4326 2814 4381 in
2842 4326 3002 4395 cujus
3056 4324 3240 4396 prima
3292 4324 3491 4394 collegi
3538 4324 3598 4378 in

2005 4433 2184 4471 unum
2229 4416 2568 4473 historialia.
2604 4416 2670 4471 In
2692 4420 2853 4487 parte
2879 4412 3125 4469 secunda
3152 4412 3368 4467 libellos
3410 4417 3469 4466 et
3504 4410 3603 4466 do-

325 4506 824 4563 Patrum.Initium
844 4512 1030 4564 textus
1057 4510 1171 4562 est:
1204 4509 1487 4577 Repticans
1505 4524 1666 4563 senes:
1692 4509 1988 4598 quidamD
2004 4505 2279 4560 ctrinalia.
2311 4507 2377 4561 In
2404 4509 2565 4578 parte
2593 4504 2759 4559 tertia
2787 4504 2856 4558 de
2883 4502 3129 4575 regulari
3153 4499 3601 4598 observantiam

328 4595 1109 4666 beneﬁciaperhumanitatem
1124 4596 1331 4653 Christi
1343 4598 1495 4652 nobis
1505 4597 1924 4653 echibita.Finis

324 4688 515 4739 textus
544 4689 631 4739 est
666 4703 680 4716 υ
728 4685 800 4740 At
827 4688 922 4740 ille
938 4687 1186 4753 cognovit
1213 4688 1349 4754 quia
1362 4688 1524 4754 justa
1549 4690 1682 4741 sunt
1699 4688 1923 4756 judicia

323 4773 444 4827 Dei.
466 4772 605 4828 Inde
631 4770 1026 4844 subjungitur:
1065 4774 1140 4829 De
1162 4777 1348 4829 sancto
1373 4775 1618 4830 Μανείηο
1658 4775 1922 4831 monacho

322 4860 673 4934 incipiendo:
704 4862 843 4918 Erat
871 4863 1103 4932 quidam
1120 4862 1603 4919 saeculariaFinit:
1645 4863 1744 4918 Ubi
1754 4880 1922 4934 usque

322 4952 486 5005 modo
505 4951 756 5007 Christus
765 4952 1112 5006 orationibus
1122 4956 1321 5007 sancta:
1331 4952 1574 5021 Virginis
1584 4956 1765 5008 multa
1782 4953 1921 5021 facit

322 5040 718 5107 mirabitia,ad
731 5041 952 5096 laudem
970 5044 1018 5095 et
1037 5042 1280 5109 gloriam
1297 5043 1542 5096 nominis
1561 5043 1654 5096 sui
1657 5044 1777 5111 ,qui
1791 5058 1918 5097 cum

322 5129 490 5183 Patre
516 5132 566 5181 et
585 5127 806 5198 Spiritu
816 5132 1002 5183 sancto
1018 5133 1213 5197 regnat
1236 5129 1376 5183 Deus
1391 5144 1492 5199 per
1505 5132 1698 5184 omnia
1718 5132 1916 5185 secula

325 5218 676 5293 saeculorum.
699 5217 893 5272 Amen.

398 5306 587 5378 Atque
615 5312 683 5362 ut
720 5304 934 5378 aliquid
971 5305 1041 5361 de
1064 5310 1318 5377 tempore
1343 5305 1514 5378 hujus
1543 5305 1803 5363 editionis
1832 5306 1920 5361 in-

330 5394 626 5466 vestigem,
655 5394 762 5450 hoc
796 5400 949 5450 certo
967 5393 1251 5450 afﬁrmare
1269 5412 1431 5466 posse
1459 5395 1669 5463 videor,
1710 5395 1923 5451 editum

332 5481 485 5539 hunc
509 5482 718 5539 librum
743 5482 943 5539 saltem
972 5488 1104 5539 ante
1123 5499 1335 5539 annum
1352 5484 1413 5540 71
1446 5490 1573 5557 post
1598 5482 1760 5544 1400.
1778 5484 1924 5541 Nam

331 5570 638 5645 Dionysius
667 5572 1094 5642 Carthasianus,
1124 5571 1194 5629 de
1224 5577 1468 5646 quatuor
1482 5572 1800 5629 novissimis
1830 5590 1924 5630 ar-

331 5659 429 5716 tic.
448 5658 539 5720 52.
561 5656 1063 5719 narrathlstoriam
1087 5658 1319 5720 Macarii
1344 5659 1414 5719 de
1452 5658 1642 5720 cranio
1669 5660 1926 5719 sacerdo-

2006 4595 2161 4650 ﬁnali
2190 4599 2349 4667 parte
2379 4594 2447 4650 de
2484 4593 2650 4649 laude
2681 4597 2738 4648 et
2760 4592 3030 4648 virtutum
3051 4589 3314 4646 efﬁcacia.
3348 4590 3436 4646 Ita
3461 4606 3598 4645 sane

2004 4688 2069 4739 ut
2096 4700 2226 4755 pars
2279 4683 2464 4756 prima
2489 4700 2589 4755 per
2616 4681 2896 4748 historias,
2944 4679 3191 4735 secunda
3234 4696 3335 4751 per
3379 4677 3599 4733 libellos

2003 4777 2060 4827 et
2086 4771 2134 4845 §,
2164 4789 2298 4845 pars
2334 4772 2503 4828 tertia
2534 4787 2636 4843 per
2653 4769 2923 4837 rubricas,
2950 4773 3008 4823 et
3037 4772 3240 4840 quarta
3266 4783 3368 4839 per
3412 4764 3596 4821 rubri-

2002 4876 2194 4916 carum
2227 4859 2470 4932 capitula
2499 4858 2901 4929 distinguatur.

2075 4967 2102 5003 «
2132 4950 2204 5005 Et
2241 4954 2307 5005 ut
2342 4948 2547 5004 clarior
2568 4947 2768 5002 notitia
2796 4945 2999 5002 tabulae
3027 4961 3197 5017 super
3225 4961 3291 4999 eo
3320 4943 3599 4999 habeatur

2000 5038 2247 5111 primum
2260 5052 2560 5093 numerum
2580 5035 2726 5091 foliis
2750 5033 3168 5102 connumeravi,
3193 5033 3443 5105 adjectas
3466 5049 3596 5087 vero

2008 5133 2251 5198 quatuor
2275 5124 2669 5183 tantummodo
2703 5124 3190 5195 litteras,quatuor
3208 5122 3485 5177 columnis
3514 5120 3600 5176 fo-

2001 5216 2206 5271 liorum
2246 5213 2509 5287 deputavi
2546 5233 2558 5269 :
2604 5213 2686 5269 ita
2720 5218 2785 5268 ut
2815 5212 2864 5268 si
2892 5211 3107 5267 versale
3144 5210 3334 5278 fuerit,
3362 5210 3598 5265 remissa

2004 5310 2218 5377 quaerat
2251 5304 2310 5359 in
2333 5304 2517 5377 prima
2552 5301 2852 5357 medietate
2877 5301 3180 5368 columnae;
3223 5299 3271 5354 si
3294 5315 3426 5354 vero
3452 5314 3601 5354 com-

2005 5394 2190 5451 munis
2221 5393 2473 5449 minorve
2490 5392 2678 5473 littera
2703 5390 2890 5459 fuerit,
2931 5390 2990 5444 in
3019 5389 3199 5444 altera
3221 5387 3542 5442 medietate.

2080 5505 2103 5537 ι
2139 5484 2269 5539 Haec
2304 5481 2533 5539 exordio
2576 5479 2867 5553 praesentis
2905 5478 3109 5550 aperis,
3159 5476 3229 5531 ad
3273 5475 3598 5548 generalem

2007 5574 2130 5645 ejus
2148 5571 2411 5628 notitiam
2439 5569 2646 5626 sufﬁcit
2672 5565 3027 5642 praemisisse,
3060 5563 3132 5620 ad
3160 5565 3326 5635 cujus
3354 5560 3599 5634 comple-

2005 5666 2262 5720 mentum
2272 5675 2363 5718 me
2386 5662 2717 5734 promoveat
2732 5653 2832 5712 illa
2851 5670 2977 5727 quae
2993 5650 3244 5710 omnium
3264 5656 3351 5708 est
3377 5648 3598 5716 artifex,
