4046 6212
443 341 510 398 67
1338 355 1418 412 IN
1453 355 1664 415 VITAS
1701 358 1998 420 PATRUM
2030 363 2577 424 PROLEGOMENA
2611 365 2809 422 XXVI.

3629 369 3702 426 68

433 467 711 563 sapientia
762 469 1029 540 increata,
1066 473 1126 529 in
1155 478 1425 537 saeculum
1469 485 1658 540 saeculi
1712 485 2021 546 benedicta.
2041 493 2095 552 A
2117 493 2234 548 Vita
2250 492 2310 550 S.
2341 495 2510 548 Pauli
2534 490 2837 563 Simplicis.
2925 491 3042 546 Vita
3071 490 3132 547 Β.
3177 493 3412 549 Abrahz
3439 497 3697 550 eremita.

433 557 632 612 Amen.
672 577 696 610 ι

502 665 636 729 Quae
686 665 776 720 hic
811 667 1148 736 praefationis
1197 680 1394 730 auctor
1418 677 1488 732 de
1513 677 1709 736 tabula
1733 699 1838 738 sua
1865 683 2019 752 dicit,

427 753 666 842 intelligi
695 769 806 808 non
827 763 1079 825 possunt,
1119 760 1228 816 nisi
1248 763 1373 830 ipsa
1400 765 1572 822 editio
1593 768 1940 842 inspiciatur.
1972 775 2024 828 A

431 859 543 914 qua
569 841 762 896 tabula
795 843 966 934 video,
978 862 1183 934 omnes
1200 851 1547 934 posteriores
1577 841 1872 928 editiones,
1898 877 2022 934 qum

428 935 616 986 tamen
647 931 906 986 eumdem
934 933 1059 988 libri
1078 931 1334 994 ordinem
1353 940 1583 1012 habent,
1613 947 1850 1004 variare.

498 1019 617 1073 Hoc
633 1018 807 1090 igitur
831 1027 1020 1077 servat
1036 1023 1127 1078 hic
1145 1026 1328 1083 editor
1353 1029 1413 1084 in
1449 1031 1642 1088 tabula
1666 1052 1768 1090 sua
1791 1055 1802 1090 :

495 1107 686 1162 Primo
707 1115 836 1180 post
859 1127 996 1178 rem,
1018 1129 1141 1184 quae
1157 1115 1354 1172 ordine
1373 1119 1722 1191 alphabetico
1743 1124 1802 1180 in
1829 1125 2022 1182 tabula

423 1196 776 1268 exprimitur,
809 1198 1067 1271 designat
1113 1203 1316 1260 litteris
1354 1211 1738 1269 numeralibus
1765 1214 1883 1270 folii
1912 1233 2022 1272 nu-

422 1301 666 1340 merum.

495 1392 751 1448 Secundo
796 1396 980 1450 utitur
1029 1402 1270 1468 quatuor
1315 1401 1520 1460 litteris
1564 1407 1890 1480 majoribus,
1919 1428 2019 1468 seu

423 1481 755 1552 capitalibus
789 1485 956 1556 (quas
993 1485 1052 1540 in
1089 1488 1412 1558 praefatione
1449 1496 1664 1551 versale
1705 1505 1882 1568 vocat,
1944 1516 2019 1556 an

423 1570 572 1641 quod
600 1571 823 1626 initium
866 1590 1058 1629 versus
1099 1575 1169 1631 iis
1209 1579 1390 1634 soleat
1415 1582 1645 1654 scribi?)
1669 1587 1737 1653 A,
1769 1587 1832 1654 B,
1854 1589 1916 1656 Ο,
1944 1589 2011 1657 D,

423 1658 576 1730 [LXII]
594 1665 652 1713 et
670 1666 914 1730 quatuor
931 1664 1242 1720 minoribus
1279 1683 1332 1728 a.
1366 1667 1420 1737 b,
1449 1687 1496 1737 c,
1521 1671 1577 1726 d.
1603 1673 1718 1728 Has
1737 1681 1863 1747 post
1897 1676 2017 1733 folii

420 1761 720 1802 numerum
748 1747 808 1802 in
827 1747 1022 1804 tabula
1067 1751 1252 1824 afﬁgit
1280 1771 1381 1826 pro
1405 1757 1621 1814 ratione
1650 1769 1894 1832 quatuor
1919 1780 2015 1820 co-

417 1832 761 1926 lamnarum,
790 1837 992 1908 quibus
1013 1841 1273 1912 quodque
1298 1843 1497 1902 folium
1525 1855 1762 1907 constat.
1800 1853 1870 1908 Et
1896 1855 2017 1926 qui-

416 1921 545 1978 dem
583 1924 756 1994 priori
800 1926 1091 1982 medietati
1137 1930 1409 2003 cujusque
1451 1935 1726 1994 columna
1767 1921 2016 1998 serviunt

416 2012 662 2082 majores
711 2013 932 2081 litterae,
979 2016 1060 2070 ita
1105 2022 1170 2072 ut
1191 2019 1241 2072 A
1269 2022 1475 2078 serviat
1504 2024 1677 2095 priori
1723 2029 2016 2088 medietati

415 2098 626 2190 primae
649 2101 940 2190 columnae,
991 2103 1036 2158 B
1067 2107 1343 2173 secundae,
1389 2111 1433 2166 C
1463 2113 1664 2175 tertia.
1703 2115 1750 2171 D
1775 2124 2010 2190 quartae.

415 2187 720 2243 Posteriori
750 2195 940 2246 autem
966 2193 1255 2250 medietati
1285 2199 1557 2271 cujusque
1581 2187 1854 2262 columnae
1891 2225 2012 2264 ser-

415 2275 830 2368 viuntminores
843 2278 1045 2336 litterae
1073 2298 1126 2349 a,
1157 2281 1213 2351 b,
1245 2300 1292 2352 c,
1329 2285 1384 2354 d,
1415 2289 1539 2358 pari
1558 2295 1772 2362 tenore,
1805 2301 1871 2352 ut
1887 2297 2009 2368 jam

413 2363 626 2420 dictum
665 2371 752 2422 est
778 2365 850 2422 de
877 2368 1204 2439 majoribus.

480 2471 611 2526 Haec
662 2472 900 2528 dicenda
941 2473 1190 2544 fuerunt,
1232 2483 1356 2534 tum
1408 2497 1480 2538 ne
1518 2485 1644 2556 quis
1683 2495 2011 2547 causaretur

411 2559 599 2616 minus
627 2569 720 2616 me
730 2569 989 2618 accurate
1001 2565 1245 2636 primam
1258 2568 1628 2627 variationem
1644 2577 2002 2648 expressisse;

409 2653 530 2703 tum
564 2650 697 2722 quia
735 2652 1077 2722 posteriores
1119 2655 1288 2727 hujus
1318 2659 1545 2728 generis
1589 2661 1882 2734 editiones,
1919 2669 2008 2723 vel

407 2737 794 2808 praefationem
827 2741 973 2796 hanc
1004 2743 1365 2812 omittunt,ut
1379 2747 1654 2806 editiones
1671 2751 1870 2810 incerti
1897 2741 2004 2812 loci

407 2831 592 2916 annol
600 2826 710 2916 i813
725 2834 782 2884 et
811 2827 974 2892 1485,
1005 2849 1128 2902 quae
1145 2831 1206 2888 in
1231 2833 1426 2892 tabula
1451 2853 1566 2894 non
1594 2845 1835 2898 utuntur
1871 2861 2006 2916 qua-

405 2919 540 3004 tuor
553 2915 666 2970 illis
690 2918 1021 2988 majusculis
1055 2927 1113 2976 et
1158 2923 1487 2981 minusculis
1509 2927 1732 2996 litteris,
1757 2932 1855 2987 sed
1875 2915 2005 3004 post

403 3002 667 3060 foliorum
689 3021 991 3063 numerum
1017 3009 1193 3066 totius
1220 3011 1504 3084 alphabeti
1532 3015 1752 3074 litteras
1762 3002 2002 3093 afﬁgunt

2114 583 2233 636 Vita
2254 581 2314 638 S.
2345 583 2549 638 Paulae.
2917 581 3034 634 Vita
3059 581 3120 636 B.
3161 582 3446 638 Pachomii
3460 585 3692 638 abbatis.

2114 670 2230 724 Vita
2258 670 2316 726 S.
2345 671 2593 739 Pelagia.
2904 670 2977 724 De
3035 669 3351 726 Christiano
3405 673 3694 727 monacho.

2116 759 2232 812 Vita
2258 760 2318 812 Β.
2393 760 2588 814 Maria:
2667 759 2832 826 κερν-
2915 759 3032 813 Vita
3067 756 3126 812 S.
3179 761 3416 815 Joannis
3452 761 3697 817 Eleemo-

2237 849 2452 916 ptiacz.
2953 849 3196 914 synarii.

2111 935 2230 990 Vita
2244 935 2302 992 S.
2319 937 2554 990 Marino:
2568 937 2827 1004 virginis.
2915 936 3035 991 Vita
3059 935 3118 992 S.
3150 937 3408 1005 Eugeniae
3433 939 3692 1007 virginis.

2112 1024 2230 1078 Vita
2252 1023 2310 1080 S.
2335 1025 2724 1094 Euphrosynae.
2920 1025 3036 1079 Vita
3087 1024 3146 1081 S.
3197 1027 3397 1081 Basilii
3445 1030 3694 1098 episcopi.

2112 1111 2829 1168 VitaS.Frontiniiabbatis.
2917 1113 3034 1168 Vita
3084 1113 3143 1169 S.
3198 1115 3385 1170 Patris
3418 1115 3726 1184 Ephrem-

2112 1202 2230 1256 Vita
2255 1200 2313 1258 S.
2344 1201 2616 1258 Simeonis
2638 1204 2898 1269 eremitz,
2930 1204 3030 1272 qui
3048 1204 3114 1258 in
3143 1206 3404 1258 columna
3433 1208 3601 1260 stetit.

2171 1315 2358 1387 Atque
2384 1315 2468 1370 ita
2485 1315 2616 1372 ﬁnis
2642 1315 2954 1388 imponitur
2970 1316 3168 1388 primae
3193 1317 3361 1389 parti.

2173 1428 2348 1500 [um]
2365 1429 2622 1485 Secunda
2643 1446 2776 1502 pars
2789 1429 2989 1502 incipit
3001 1447 3036 1487 a
3045 1431 3288 1502 registro
3299 1433 3530 1488 secundi
3556 1433 3690 1490 libri

2099 1522 2420 1573 sanctorum
2457 1518 2712 1586 Patrum,
2743 1518 2893 1592 quod
2921 1519 3049 1574 aliis
3073 1520 3334 1576 omnibus
3353 1521 3692 1578 editionibus

2097 1605 2203 1660 hoc
2233 1607 2458 1678 quidem
2488 1608 2608 1662 loco
2647 1607 2825 1674 deest,
2861 1613 3092 1680 excepta
3123 1608 3342 1665 Veneta
3366 1611 3500 1666 anni
3526 1607 3686 1668 1508.

2097 1695 2162 1748 In
2189 1695 2552 1767 Lugdunensi
2593 1695 2726 1753 1536
2783 1697 3014 1769 ponitur
3047 1697 3351 1770 registrum
3396 1699 3502 1754 hoc
3529 1699 3690 1754 initio

2031 1783 2273 1865 Btotius
2309 1783 2440 1840 libri
2483 1790 2613 1857 post
2641 1785 2882 1840 indicem
2931 1787 3254 1858 generalem
3283 1806 3296 1856 ;
3333 1787 3393 1842 in
3423 1787 3690 1860 Complu-

2096 1873 2244 1927 tensi
2271 1889 2420 1928 anno
2455 1870 2608 1940 1596,
2641 1873 2700 1928 in
2741 1875 2856 1929 ﬁne
2897 1875 3074 1930 totius
3118 1874 3247 1930 libri
3277 1881 3404 1948 post
3448 1876 3687 1932 indicem

2093 1961 2442 2031 generalem.
2495 1962 2632 2018 Inde
2680 1963 2938 2035 sequitur
2989 1963 3306 2035 Prologus:
3377 1966 3500 2020 Vere
3518 1983 3690 2021 mun-

2095 2049 2231 2104 dum
2289 2053 2412 2119 quis
2448 2051 2674 2114 dubitet.
2707 2058 2813 2108 etc.
2873 2053 3036 2108 Mox:
3087 2053 3375 2122 Incipiunt
3423 2055 3689 2110 adhorta-

2097 2139 2267 2192 tiones
2295 2143 2616 2194 sanctorum
2668 2141 2927 2206 Patrum,
2982 2142 3450 2212 profectionesque
3498 2159 3687 2198 mona-

2093 2225 2343 2293 chorum,
2375 2231 2554 2282 czteri
2607 2245 2815 2298 quoque
2865 2231 3242 2300 subsequente:
3302 2232 3478 2286 libelli
3505 2249 3526 2298 ;
3553 2247 3686 2301 quos

2093 2315 2156 2369 de
2177 2315 2354 2371 Graec
2385 2317 2448 2370 in
2477 2317 2738 2371 Latinum
2764 2319 3294 2373 transtulitsanctus
3309 2320 3686 2387 Hieronymus

2093 2404 2402 2459 cardinalis
2411 2405 2716 2474 presbyter.
2754 2405 2930 2462 Editio
2950 2407 3342 2478 Lugdunensis
3361 2405 3533 2462 habet
3558 2424 3686 2477 pro-

2089 2493 2346 2560 fessiones
2366 2491 2486 2548 loco
2509 2495 2888 2563 profectiones.
2929 2495 3067 2550 Inde
3094 2495 3350 2566 sequitur
3370 2495 3399 2568 §
3417 2496 3635 2567 primus
3667 2515 3682 2552 :

2090 2581 3685 2653 QuidamsanctorumPatrumseniorum,interrogantibus

2085 2683 2140 2723 se
2159 2670 2444 2724 monachis
2471 2671 2536 2724 de
2561 2686 2729 2725 causa
2757 2673 3234 2735 abstinentiae,etc.
3261 2671 3686 2744 Etsubsequun-

2087 2761 2184 2812 tur
2200 2773 2378 2829 usque
2407 2757 2478 2812 ad
2515 2758 2783 2814 ducentos
2813 2764 2870 2814 et
2918 2765 3135 2833 septem
3154 2761 3514 2834 paragraphi.
3547 2762 3684 2818 Inde

2083 2845 2460 2918 subjiciuntur
2507 2846 2646 2902 varii
2692 2847 2886 2914 libelli,
2939 2865 3176 2905 numero
3231 2849 3450 2920 viginti,
3483 2850 3578 2921 qui
3621 2851 3683 2906 in

2083 2933 2266 3005 prima
2295 2934 2538 2991 editione
2589 2941 2862 2992 vocantur
2902 2953 3103 2992 novem
3131 2937 3313 2993 decim
3342 2943 3550 3010 partes,
3583 2937 3680 2994 ubi

2083 3023 2242 3078 deest
2259 3039 2424 3090 unus,
2460 3024 2556 3095 qui
2588 3023 2680 3079 hic
2707 3024 2957 3081 decimus
2984 3031 3174 3082 sextus
3197 3031 3284 3082 est
3316 3027 3391 3082 De
3404 3029 3680 3097 poeniten-

403 3107 544 3184 quas
566 3097 625 3148 et
665 3093 725 3148 in
757 3100 912 3152 textu
943 3097 1280 3170 exprimunt;
1317 3103 1404 3157 vel
1433 3104 1818 3176 praefationem
1845 3117 1998 3167 certe
2017 3157 2060 3184 η
2081 3114 2182 3177 tia;
2204 3112 2302 3166 sed
2321 3093 2504 3184 prima
2527 3112 2698 3168 editio
2726 3130 2856 3168 eum
2877 3115 3116 3170 mixtum
3135 3114 3306 3170 habet
3329 3093 3460 3172 cum
3487 3114 3678 3170 libello

397 3157 711 3272 decurtant,
747 3189 835 3272 uti
857 3157 1030 3241 editio
1057 3157 1279 3245 Veneta
1293 3157 1454 3246 anni‘
1484 3191 1615 3250 1508
1664 3201 1721 3252 et
1771 3198 1997 3270 Lugdu-
2016 3157 2354 3272 cseptimof
2375 3201 2472 3272 qui
2511 3207 2600 3256 est
2638 3204 2713 3256 De
2753 3205 3048 3272 patientia,
3091 3207 3158 3260 ut
3203 3209 3260 3259 et
3286 3205 3380 3260 hic
3427 3204 3679 3260 decimus

399 3269 1048 3346 nensisanni15361quae
1073 3277 1243 3333 verba
1259 3277 1374 3347 illa,
1408 3279 1656 3353 adjectus
1681 3301 1832 3352 vero,
1861 3269 1989 3358 etc.,

397 3372 575 3430 usque
610 3359 702 3449 ad,
735 3361 855 3416 haec
885 3364 1132 3433 exordio,
1161 3371 1288 3431 etc.,
1313 3368 1600 3440 omittunt,
1631 3373 1994 3449 tabulamque

397 3461 561 3502 suam
589 3448 844 3520 dirigunt
869 3468 970 3522 per
995 3453 1129 3509 folia
1154 3461 1397 3526 tantum,
1437 3459 1558 3515 sine
1598 3461 1730 3517 ullis
1783 3448 1992 3522 additis

395 3535 617 3604 litteris,
649 3539 796 3610 quod
826 3546 1020 3611 postea
1048 3551 1346 3601 servarunt
1371 3551 1586 3604 caetera;
1607 3549 1902 3608 editiones.

466 3643 700 3698 Constat
753 3651 945 3700 autem
978 3647 1096 3702 haec
1127 3649 1316 3719 editio,
1351 3658 1418 3707 ut
1439 3654 1562 3725 jam
1591 3655 1825 3726 dictum,
1855 3675 1990 3731 qua-

393 3734 525 3784 tuor
543 3732 816 3801 partibus.

462 3835 653 3890 Prima
685 3854 818 3909 pars
829 3837 1266 3898 habetinitium:
1299 3847 1503 3916 Incipit
1526 3852 1786 3920 prologus
1811 3857 1996 3909 sancti

391 3924 737 3993 Hieronymi,
784 3925 1104 3984 Gardinalis
1126 3921 1454 4002 presbyteri,
1503 3939 1568 3992 in
1623 3941 1794 3995 libros
1845 3943 1988 3998 Vitas

389 4013 625 4066 Patrum
645 4020 967 4071 sanctorum
993 4020 1398 4090 ﬂgyptz'orum,
1413 4027 1580 4079 etiam
1603 4041 1794 4084 eorum
1809 4033 1912 4099 qui
1923 4035 1986 4086 in

389 4099 632 4168 Scythia,
671 4103 961 4172 Thebaida,
983 4111 1147 4176 atque
1173 4109 1561 4179 Mesopotamia
1589 4118 1800 4170 morati
1826 4123 1980 4184 sunt;

2076 3293 2267 3344 sextus
2288 3288 2348 3344 in
2373 3289 2678 3346 Parisiensi
2701 3290 2944 3347 editione
2972 3291 3458 3348 inscribitur.Post
3475 3291 3670 3348 Subdi-

2073 3382 2210 3432 tur:
2265 3379 2553 3448 Incipiunt
2597 3385 2796 3449 septem
2847 3383 3114 3450 capitula,
3173 3397 3294 3450 quas
3321 3383 3476 3436 misit
3510 3383 3676 3436 abbas

2073 3466 2278 3534 Moyses
2291 3467 2478 3521 abbati
2498 3469 2766 3536 Pimenio,
2787 3473 2837 3522 et
2859 3471 2960 3539 qui
2969 3471 3290 3524 custodierit
3307 3485 3386 3532 ea.
3419 3471 3676 3525 liberabi-

2075 3558 2172 3609 tur
2216 3571 2252 3608 a
2280 3571 2460 3624 poma,
2496 3559 2624 3622 etc.,
2658 3563 2723 3612 ut
2757 3556 2817 3611 in
2846 3557 3030 3628 prima
3067 3557 3348 3626 editione;
3400 3557 3498 3613 sed
3544 3562 3675 3630 post

2073 3643 2374 3713 septimum
2398 3649 2712 3715 sequuntur
2729 3645 2820 3700 hic
2847 3645 3079 3717 triginta
3118 3646 3230 3702 duo
3249 3646 3533 3702 variorum
3561 3646 3671 3701 Pa-
3713 3647 3716 3650 ’

2073 3734 2228 3784 trum
2284 3731 2454 3795 dicta.
2495 3732 2880 3804 ﬁniunturque
2919 3733 2979 3788 in
3025 3734 3132 3790 hoc
3165 3734 3518 3806 paragrapho
3570 3751 3670 3790 seu

2073 3834 2310 3874 numero
2335 3819 2431 3890 qui
2471 3819 2700 3892 incipit:
2731 3823 2872 3876 Erat
2915 3823 3147 3891 quidam
3171 3825 3236 3877 in
3279 3825 3513 3878 canobio
3541 3825 3668 3892 jam

2072 3923 2233 3964 senes:
2267 3909 2693 3978 probatissima:
2729 3911 3049 3965 monachus.
3081 3909 3268 3966 Finit:
3296 3911 3405 3978 Qui
3428 3914 3668 3981 protegit

2067 4011 2252 4050 omnes
2278 3998 2341 4050 in
2371 3997 2687 4052 sinceritate
2714 4003 2778 4052 et-
2801 4000 3029 4054 veritate
3057 4001 3169 4054 sibi
3193 4001 3508 4054 servientes.

2135 4101 2324 4156 Tertia
2351 4117 2482 4174 pars
2509 4103 2615 4158 hoc
2641 4103 2813 4160 habet
2834 4104 3204 4178 principium:
3249 4106 3454 4175 Incipit
3496 4108 3661 4160 tertia

389 4203 504 4242 non
525 4192 707 4244 solum
732 4207 868 4260 quas
896 4196 1068 4248 oculis
1097 4197 1256 4263 vidit,
1281 4201 1630 4270 maximoque
1653 4204 1836 4258 labore
1863 4221 1988 4261 con-

2089 4205 2198 4244 Jars
2225 4191 2362 4246 libri
2402 4191 2543 4247 Vitas
2576 4194 2827 4260 Patrum,
2849 4196 3094 4249 videlicet
3117 4195 3181 4248 de
3208 4197 3404 4263 regula
3431 4197 3512 4248 vel
3531 4210 3662 4248 con-

387 4279 582 4346 spexit,
621 4294 814 4333 verum
833 4284 883 4334 et
906 4297 1075 4350 quam
1089 4287 1266 4352 plura
1292 4301 1328 4339 a
1340 4288 1443 4354 ﬁde
1457 4289 1645 4357 dignis
1664 4295 1844 4347 relata
1869 4309 1986 4349 con-

2089 4281 2367 4334 ;ersatione
2405 4280 2788 4350 £gyptiorum
2810 4282 3224 4348 monachorum,
3265 4285 3315 4334 et
3338 4296 3528 4335 eorum
3561 4284 3664 4349 qui

385 4367 608 4435 scripsit
637 4371 874 4423 notabili
907 4370 1223 4439 diligentia.
1251 4374 1495 4446 Denique
1533 4379 1780 4434 aliorum
1809 4383 1983 4436 etiam

2089 4366 2269 4434 legunt
2295 4369 2444 4437 apud
2471 4369 2827 4425 Palastinam
2855 4371 2937 4424 vel
2962 4371 3426 4439 Mesopotamiam.
3469 4367 3660 4423 Prolo-

384 4454 833 4511 authenticorum
863 4459 1071 4513 libellos
1110 4461 1350 4528 ﬁdeliter
1374 4479 1400 4516 e
1429 4464 1609 4521 Graeco
1632 4469 1696 4521 in
1714 4468 2006 4526 Latinum‘

2089 4470 2205 4524 gus:
2265 4455 2594 4525 Frequenter
2619 4471 2685 4511 ac
2703 4459 2898 4526 sapius
2921 4473 2957 4510 a
2985 4473 3088 4525 me,
3117 4459 3342 4526 fratres,
3363 4459 3651 4528 ﬂagitatis.

2089 4542 2670 4563 ,μεμιωη
3157 4549 3169 4561 .
3234 4561 3240 4563 λ
3297 4546 3403 4563 ,ενα
3637 4562 3646 4563 ,

386 4544 681 4599 transtulit
714 4563 734 4610 ;
789 4550 838 4599 et
875 4547 945 4600 ab
1000 4549 1134 4602 aliis
1189 4553 1467 4606 translata
1504 4569 1610 4622 pro
1663 4558 1758 4610 δαί
1803 4542 2384 4627 por/‘5."Capitulum
2399 4543 2672 4616 primum:
2697 4545 3656 4602 Antehactriennium.Constathzec

383 4631 560 4684 ctione
586 4631 718 4686 huic
736 4636 890 4703 operi
917 4636 1176 4690 inseruit.
1193 4636 1634 4710 Indesequitur:
1662 4645 1980 4702 Benedictus
2061 4647 2194 4704 Pars
2221 4631 2480 4704 capitulis
2533 4633 2622 4700 55s
2675 4649 2916 4706 (ιιιονιιω
2943 4634 3204 4690 ultimum
3235 4639 3323 4690 εει
3353 4653 3366 4688 ε
3408 4635 3653 4704 Quadam

381 4717 543 4784 Deus,
568 4723 674 4775 etc.
691 4720 854 4777 Mox:
879 4725 1136 4780 Primum
1155 4727 1616 4798 igiturtanquam
1635 4747 1756 4788 vere
1775 4735 1982 4802 funda-

2089 4724 2248 4775 :utem
2279 4726 2512 4790 tempore
2551 4723 2782 4790 quidam
2835 4724 2944 4778 duo
3001 4723 3330 4794 philosophi,
3369 4723 3654 4778 audientes

384 4809 652 4872 mentum,
688 4813 831 4877 etc.,
863 4815 927 4865 ut
953 4827 1126 4884 supra
1152 4811 1212 4868 in
1241 4813 1428 4886 prima
1455 4816 1722 4889 editione,
1755 4820 1978 4878 eodem-
2059 4809 2277 4877 famam
2305 4809 2448 4864 δθαίί
2468 4811 2722 4879 Antonii,
2755 4815 2861 4866 etc-

387 4908 495 4986 quf
523 4893 690 4986 Ψίῖάο
713 4896 930 4986 ﬁni???"
2129 4913 2342 4978 Quarta
2357 4930 2488 4986 pars
2514 4913 2622 4970 hoc
2638 4915 2805 4972 modo
2823 4917 3122 4974 inchoatur
3144 4935 3156 4971 :
3174 4918 3379 4986 Incipit
3393 4919 3655 4986 prologus

838 4984 937 5042 itio
980 4987 1043 5042 in
1089 4989 1276 5061 prima
1318 4998 1484 5065 parte
1539 4994 1660 5051 haec
1702 5001 1979 5070 praeterea
2057 4984 2553 5072 sanctiPaschasii,
2572 4984 3653 5062 adexhortationemsanctoruml’atrum

2059 5094 2174 5144 tam
2199 5089 2512 5147 Grecorum
2540 5107 2710 5162 quam
2731 5091 3371 5164 diggptiorumlnitium
3387 5092 3606 5165 prologi
3635 5109 3646 5146 :

395 5157 510 5211 Vita
525 5155 594 5251 AS.
623 5159 794 5214 Pauli
801 5161 988 5230 primi
997 5177 1108 5218 ere-
1188 5167 1307 5222 Vita
1332 5167 1390 5225 S.
1410 5171 1969 5244 Eufrawiavirginis.
2053 5178 2288 5233 Domino
2310 5155 2616 5235 venerabili
2639 5155 3104 5248 Patri-Martino
3127 5155 3461 5251 presbytero,
3483 5186 3533 5236 et
3547 5155 3652 5234 hb-

453 5247 620 5338 _m“f"
647 5336 654 5338 Α
2055 5265 2330 5321 bati.Inde
2349 5265 2548 5322 titulus
2579 5267 2728 5324 initii
2758 5247 2952 5324 textus
2974 5287 2987 5323 :
3012 5247 3215 5338 Incipit
3235 5247 3375 5324 liber
3401 5247 3650 5322 eahorta-

387 5332 504 5387 Vita
533 5333 592 5390 S.
615 5336 867 5392 Antonii.
1168 5342 1284 5398 Vita
1341 5349 1486 5402 servi
1546 5349 1662 5416 Dei,
1729 5351 1973 5408 Macarii
2053 5356 2535 5424 tionum,etprimo
2546 5362 2739 5412 contra
2749 5332 3314 5426 gastrimargiam,ad
3327 5356 3648 5412 evitandum

1224 5433 1476 5490 Romani.
2047 5446 2192 5512 gula
2219 5443 2574 5498 desiderium.
2628 5445 2840 5500 Textus
2865 5445 3120 5501 initium:
3157 5445 3394 5513 Quidam
3443 5445 3643 5512 frater,

1159 5519 1279 5574 Vita
1306 5520 1366 5578 S.
1396 5524 1724 5581 Posthumii.
2050 5531 2511 5600 quemadmodum
2535 5534 2599 5588 in
2627 5535 2763 5588 cella
2783 5537 3020 5604 propria
3039 5535 3226 5604 degere
3252 5533 3479 5587 deberet.
3503 5531 3647 5586 Con-

1151 5605 1269 5662 Vita
1296 5605 1354 5663 S.
1389 5606 1670 5681 Onuphrii
1705 5615 1962 5670 eremits.
2049 5619 2359 5672 statautem
2374 5618 2494 5674 tota
2507 5619 2626 5675 hac
2641 5635 2775 5694 pars
2800 5620 2984 5679 titulis
3003 5634 3389 5694 xnvx,quorum
3411 5617 3645 5674 ultimus

384 5510 501 5564 Vita
515 5507 572 5564 S.
597 5510 929 5572 Hilarionis.

381 5595 500 5654 Vita
526 5597 734 5656 Malchi
754 5603 976 5672 captivi.
