4046 6212
305 292 374 350 69

1565 299 2166 358 PROLEGOMENON
2201 304 2320 359 XX.

3497 304 3570 362 70

297 426 384 474 est
403 393 940 477 Demcditationibus
957 424 1440 480 anachoretarum.
1458 427 1594 482 Inde
1607 428 1889 484 subnecti-
1907 430 2122 489 Aanno
2152 427 2292 487 1548
2319 428 2416 500 qui
2457 425 2632 499 priori
2668 427 2972 498 proximus,
3025 427 3125 482 hac
3165 428 3560 500 inscriptione:

296 514 391 563 tur
420 511 753 581 opusculum
779 513 852 566 De
874 514 1035 566 laude
1063 518 1112 566 et
1140 516 1325 581 e/fectu
1346 518 1642 572 virtutum.

367 597 529 652 Hanc
574 599 896 666 editionem,
943 601 1058 655 sive
1102 602 1272 672 hujus
1314 603 1576 658 editionis
1610 605 1886 671 ordinem,

1984 520 2107 572 Vita:
2155 525 2473 573 sanctorum
2521 516 2780 582 Patrum,
2822 519 3015 570 veteris
3071 519 3348 572 catholicae
3403 523 3567 586 atque

1971 610 2272 675 apostolica
2297 608 2541 660 Ecclesiae
2562 607 2728 670 dicta,
2751 610 3002 674 gestaque
3021 608 3275 673 insignia
3305 612 3353 660 et
3378 608 3566 660 admi-

292 690 425 756 post
446 686 521 741 ad
547 687 780 743 verbum
808 705 980 760 prope
1009 706 1335 764 expressere
1365 709 1561 747 omnes
1589 700 1890 764 sequentes
1970 693 3569 763 randaexcellentiumhmv]aliquotDeiamicorumutrius.

295 781 461 846 (quas
489 792 662 847 supra
713 777 1111 848 prolegomeno
1156 777 1226 835 17
1279 780 1530 853 exhibui)
1571 780 1889 837 Coloniensi
1970 799 2071 852 que
2114 800 2270 838 sexus
2301 787 2718 852 complectentes,
2784 787 3002 836 auclore
3055 785 3177 836 divo
3231 785 3567 849 Hieronymo

295 869 544 935 excepta,
577 865 647 919 de
666 881 780 936 qua
807 883 956 921 mox.

1965 875 2193 941 partim,
2218 875 2537 941 partimque
2559 874 2689 925 aliis
2703 876 2865 939 atque
2886 874 3017 924 aliis
3037 888 3165 940 quos
3181 887 3334 925 versa
3344 875 3565 940 pagella

365 957 578 1032 [unm]
611 961 682 1014 Et
705 961 932 1031 quidem
962 977 1158 1018 omnes
1183 963 1456 1018 editiones
1485 965 1887 1035 Lugdunenses
1970 978 2118 1015 nosse
2140 964 2364 1030 poteris.
2394 961 2621 1029 Accepta
2651 964 2700 1013 et
2720 961 3023 1028 approbata
3043 961 3112 1014 ab
3125 961 3360 1015 Ecclesia
3379 960 3566 1017 catho-

289 1048 598 1118 praaferunt
609 1049 904 1120 epistolam
915 1050 1316 1106 dedicatoriam
1337 1053 1481 1107 Celsi
1497 1054 1749 1124 Hugonis
1760 1055 1886 1110 Dis-
1968 1051 2075 1104 lica
2100 1056 2226 1104 ante
2250 1066 2426 1104 annos
2449 1054 2578 1118 plus
2599 1051 2752 1102 mille
2770 1051 3204 1117 quinquaginta.

289 1136 485 1202 suti,in
497 1143 735 1209 utroque
754 1139 884 1209 jure
907 1139 1168 1207 doctoris,
1197 1140 1582 1196 Cabilonensis
1607 1144 1880 1210 canonici,

288 1240 399 1295 qua
410 1228 878 1282 reverendissimo
888 1229 947 1282 in
959 1229 1337 1284 ChristoPatri
1347 1241 1404 1285 et
1413 1231 1639 1286 domino
1651 1232 1696 1286 D
1705 1233 1886 1286 .Joan—

284 1313 341 1368 ni
355 1315 426 1369 de
441 1317 561 1370 Pon
566 1323 693 1387 peto
703 1319 725 1388 j
736 1318 921 1372 urium
943 1319 1304 1374 celeberrimo
1316 1320 1885 1384 doctori,Cabilonen-

283 1403 444 1474 sique
459 1405 743 1477 episcopo.
759 1425 824 1461 ac
841 1407 1138 1462 abbatialis
1158 1409 1486 1463 monasterii
1510 1410 1699 1463 Sancti
1730 1410 1881 1462 Petri

279 1509 457 1563 prope
477 1511 670 1550 muros
689 1495 1084 1550 Cabilonenses
1114 1498 1612 1564 commendatario,
1645 1497 1883 1551 admini-

2035 1139 2219 1209 Atque
2234 1139 2363 1192 huic
2384 1138 2616 1192 editioni
2636 1153 2835 1190 novam
2858 1137 3150 1208 epistolam
3163 1138 3562 1198 dedicatoriam

1965 1227 2252 1296 praemisit,
2295 1243 2464 1297 quam
2512 1226 2757 1279 exaravit
2802 1227 3069 1295 Augustae
3118 1241 3196 1280 XII
3240 1227 3362 1281 Kal.
3403 1230 3558 1299 Feb.,

1965 1332 2112 1369 anno
2147 1314 2303 1379 1548,
2336 1315 2402 1368 ad
2437 1314 2964 1368 reverendissimum
2991 1314 3049 1367 in
3080 1315 3302 1369 Christo
3335 1317 3561 1373 Patrem

1964 1421 2028 1458 ac
2057 1404 2346 1458 dominum
2379 1405 2444 1457 D.
2480 1403 2803 1469 Henricum,
2839 1403 3100 1456 abbatem
3131 1404 3367 1475 insignis
3382 1423 3562 1461 coeno-

1961 1492 2038 1546 bii
2051 1493 2262 1546 ordinis
2274 1493 2384 1546 divi
2397 1492 2682 1546 Benedicti
2701 1492 2757 1545 in
2777 1491 3142 1561 Wiblinghen
3169 1493 3560 1550 Constantien-

280 1584 628 1653 stratorique
647 1590 916 1654 perpetuo
947 1601 1127 1655 operte
1156 1602 1271 1638 suae
1293 1586 1537 1656 pretium
1568 1587 1795 1656 exponit
1821 1587 1881 1640 in
1962 1583 2038 1636 sis
2067 1581 2338 1648 dioecesis,
2366 1582 2423 1634 in
2453 1598 2564 1652 qua
2593 1597 2776 1651 operae
2803 1598 2916 1635 suae
2937 1581 3198 1652 priestitae
3219 1582 3364 1637 hanc
3390 1586 3560 1639 ratio.

278 1671 565 1726 volumine
597 1673 700 1726 hoc
728 1673 1019 1728 edolando:
1061 1695 1082 1725 ι
1108 1675 1323 1742 Tantis,
1347 1675 1552 1746 inquit,
1575 1681 1698 1730 erat
1715 1693 1876 1730 men-
1896 1738 1938 1746 _
1961 1687 2089 1724 nem
2119 1671 2304 1724 reddit
2329 1689 2341 1725 :

277 1757 364 1811 dis
409 1760 702 1828 refertum,
748 1761 806 1816 in
845 1762 949 1816 hoc
985 1768 1047 1816 ut
1077 1738 1445 1834 antiqui'vix.
1469 1763 1595 1817 libri
1642 1738 1942 1836 vestigiaB
2035 1778 2059 1810 (ί
2094 1759 2253 1813 Vitas
2283 1759 2512 1812 Patrum
2543 1758 2706 1812 Πλοάο
2733 1775 2765 1812 a
2793 1758 2918 1829 Plus
2948 1759 3098 1812 mille
3132 1761 3412 1843 erroribus
3459 1763 3554 1832 qui

275 1849 589 1919 comperiat
631 1850 930 1921 quispiam.
977 1852 1086 1905 Pro
1130 1852 1280 1906 enim
1327 1853 1661 1907 dictionibus
1697 1898 1709 1917 ,
1751 1854 1874 1908 aliae

279 1937 452 1990 etiam
475 1937 708 1994 diversae
728 1939 920 2010 positas
949 1939 1240 2004 dictiones,
1275 1957 1505 1995 sensum
1531 1941 1641 1995 divi
1672 1942 1872 1996 Hiero-

276 2025 431 2097 nymi
470 2027 885 2097 pervertebant.
917 2029 1032 2083 Nec
1061 2029 1295 2084 deerant
1330 2047 1431 2100 pro
1470 2030 1596 2084 aliis
1622 2030 1867 2101 syllabae,

274 2131 492 2186 proque
513 2116 658 2171 veris
687 2116 906 2172 diversa
935 2135 1036 2172 seu
1064 2118 1468 2189 impressorum
1504 2119 1722 2173 incuria
1749 2135 1872 2174 cor-

273 2209 627 2258 rectorumve
663 2205 865 2260 inertia
904 2207 1283 2277 praetermissa
1325 2208 1605 2267 elementa
1645 2208 1756 2261 vim
1787 2208 1874 2262 di-

273 2292 478 2347 ctionis
507 2310 576 2348 ac
597 2311 824 2349 sensum
843 2297 1242 2366 permutantia.
1277 2296 1396 2350 Hoc
1425 2296 1652 2350 tandem
1684 2296 1780 2350 sed
1812 2303 1877 2350 ut

269 2382 428 2453 prius
459 2399 631 2454 quam
659 2384 1038 2439 vetustissimo
1066 2384 1315 2439 adhibito
1345 2385 1672 2456 exemplari.
1697 2385 1871 2440 tantis

271 2475 558 2526 extersum
587 2473 820 2527 mendis.
845 2496 872 2522 υ
906 2474 1081 2544 Cujus
1109 2480 1373 2529 conatum
1400 2474 1596 2528 lectori
1623 2474 1872 2529 conside-

269 2559 514 2615 randum
545 2561 821 2634 relinquo.

699 2651 1295 2708 PROLEGOMENON
1323 2654 1441 2707 XX.

268 2738 343 2792 De
372 2741 544 2793 tertia
571 2740 809 2794 editione
863 2742 1085 2808 Latina,
1143 2759 1261 2811 qua
1305 2743 1374 2796 ab
1417 2747 1654 2810 utraque
1678 2744 1868 2810 priore

966 2832 1171 2884 variat.

338 2915 534 2970 Tertia
562 2917 754 2980 editio,
785 2918 1009 2972 varians
1048 2923 1133 2973 est
1161 2917 1507 2973 Coloniensis
1537 2935 1684 2973 anno
1723 2917 1864 2974 1547

1959 1848 2170 1918 passim
2198 1846 2666 1912 intercurrebant,
2688 1847 2760 1900 ad
2778 1847 3157 1902 vetustissima
3168 1850 3379 1919 pariter
3389 1866 3453 1903 ac
3473 1850 3555 1902 di-

1957 1953 2118 1990 versa
2155 1936 2495 2008 exemplaria
2519 1936 2960 2006 repurgavimus.
3004 1938 3150 1990 Nam
3195 1939 3373 1992 multa
3422 1945 3554 1992 sunt

1958 2030 2291 2090 restaurata,
2350 2025 2616 2094 pleraque
2665 2024 2902 2095 adjecta,
2952 2027 3223 2080 nonnulla
3267 2026 3547 2097 adempta,

1959 2113 2147 2167 omnia
2175 2113 2415 2184 denique
2441 2113 2579 2166 adeo
2609 2113 2952 2168 adamussim
2983 2115 3318 2182 examinata,
3351 2123 3415 2169 ut
3437 2132 3552 2171 non

1957 2202 2124 2256 modo
2161 2207 2479 2267 renovatus,
2499 2203 2595 2255 sed
2621 2219 2763 2272 pene
2779 2208 3008 2256 renatus
3029 2209 3222 2257 tantus
3250 2205 3550 2259 thesaurus

1957 2291 2127 2354 (haud
2156 2291 2276 2345 sine
2295 2292 2453 2362 gravi
2479 2298 2670 2345 tamen
2697 2290 2907 2360 labore)
2928 2291 2999 2346 ab
3029 2292 3288 2347 omnibus
3307 2293 3415 2364 piis
3436 2311 3550 2348 me-

1956 2379 2065 2434 rito
2096 2381 2270 2452 excipi
2283 2380 2475 2452 possit.
2490 2380 2823 2434 Addidimus
2841 2386 3111 2452 praeterea
3130 2398 3334 2436 novum
3356 2399 3548 2453 quem-

1953 2468 2083 2522 dam
2112 2470 2366 2523 ordinem
2397 2486 2461 2523 ac
2488 2486 2694 2524 novum
2724 2469 2965 2524 indicem
2998 2470 3092 2540 qui
3123 2487 3344 2541 semper
3372 2471 3543 2526 dura-

1953 2557 2052 2612 bit.
2077 2559 2259 2612 Nullis
2281 2575 2417 2612 sane
2431 2556 2714 2612 laboribus
2730 2558 3099 2629 pepercimus,
3125 2575 3234 2629 quo
3250 2559 3404 2613 istud
3425 2565 3544 2612 tam

1950 2646 2171 2717 insigne
2201 2663 2340 2718 opus
2369 2646 2594 2718 prodire
2632 2653 2824 2718 posset
2864 2647 3179 2702 emunctius
3228 2664 3294 2702 ac
3337 2648 3544 2703 tersius

1950 2752 2118 2806 quam
2146 2737 2437 2790 hactenus.
2473 2755 2498 2789 ››

2020 2825 2291 2896 Equidem
2319 2841 2390 2878 an
2412 2825 2582 2878 editio
2603 2825 2720 2879 hzec
2747 2825 2990 2879 secunda
3013 2824 3360 2880 Coloniensis
3376 2827 3540 2897 plane

1947 2930 2089 2968 nova
2108 2914 2200 2979 sit,
2233 2930 2305 2967 an
2319 2930 2445 2968 vero
2467 2914 2664 2968 titulus
2692 2919 2910 2968 tantum
2941 2919 3211 2977 mutatus,
3246 2915 3392 2986 quod
3411 2916 3543 2969 Pro-

263 3021 386 3076 quaa
415 3005 602 3076 primo
633 3006 844 3077 prodiit
871 3007 976 3061 hoc
1023 3007 1190 3062 titulo
1225 3024 1237 3060 :
1291 3009 1622 3076 Prototypon
1667 3010 1863 3061 veteris
1891 3069 1924 3077 _
1945 3003 2126 3075 totypi
2145 3020 2350 3057 nomen
2362 3003 2548 3057 minus
2567 3010 2763 3057 notum
2784 3009 2948 3068 esset,
2969 3003 3254 3057 afﬁrmare
3282 3021 3395 3058 non
3418 3021 3542 3075 pos-

259 3069 526 3160 ἑστήξω,
563 3069 852 3150 οοῖῑεὶηθηδ
875 3098 1035 3161 Vitas,
1069 3101 1235 3164 gesta,
1262 3069 1865 3166 dictaque-sanctorum
1882 3069 1926 3132 θ
1947 3069 2091 3146 sum:
2125 3094 2289 3146 Certe
2317 3092 2572 3147 secundae
2591 3091 2849 3147 editionis
2867 3091 2998 3146 folia
3017 3098 3073 3146 et
3099 3092 3219 3163 typi
3244 3109 3371 3146 cum
3392 3069 3539 3163 p-rio-

260 3183 361 3236 Dei
385 3186 706 3238 amicorum
735 3188 1210 3254 utriusquesewus,
1236 3190 1458 3240 auctore
1485 3202 1578 3239 seu
1595 3187 1863 3255 rhapsodo

257 3277 449 3326 sancto
478 3273 816 3342 Hieronymo
837 3276 1072 3343 partim,
1100 3277 1316 3343 partim
1357 3277 1488 3328 aliis
1507 3279 1670 3344 atque
1705 3277 1857 3342 aliis,

259 3361 500 3416 Colonia
521 3377 622 3430 per
647 3362 942 3431 Gasparem
973 3363 1350 3432 Gennepamm.

333 3449 646 3504 Adornavit
672 3451 816 3506 hanc
837 3451 1140 3506 editionem
1159 3453 1333 3505 frater
1355 3451 1733 3506 Theodoricus
1757 3452 1860 3506 Lo-

261 3537 367 3591 her
392 3554 428 3592 a
457 3538 680 3605 Stratis,
708 3540 1017 3595 Carthusiae
1048 3540 1188 3594 aulae
1207 3540 1397 3594 Maria:
1417 3539 1476 3593 in
1507 3540 1681 3594 Buxia
1708 3539 1864 3611 prior

263 3641 332 3679 ac
366 3627 727 3697 provincialis
747 3627 1012 3694 visitator,
1049 3645 1284 3699 eamque
1312 3627 1586 3682 dedicavit
1605 3645 1863 3682 reveren-

265 3715 498 3770 dissimo
555 3723 612 3771 et
661 3716 1035 3772 illustrissimo
1083 3717 1320 3788 principi
1363 3717 1571 3772 Othoni
1609 3718 1664 3772 S.
1694 3717 1759 3772 R.
1795 3719 1856 3772 E.

266 3804 559 3870 cardinali,
592 3806 848 3878 episcopo
872 3807 1218 3877 Augustano,
1241 3822 1407 3876 quem
1423 3806 1480 3860 in
1499 3806 1736 3876 epistola
1759 3823 1861 3860 sua

266 3892 630 3960 dedicatoria,
664 3911 833 3965 quam
853 3895 1171 3966 Ratisponaa
1199 3910 1346 3949 anno
1371 3892 1505 3951 1546
1523 3894 1765 3966 scripsit,
1791 3894 1859 3949 de

266 3997 363 4036 sua
394 3983 454 4036 in
482 3984 590 4037 hoc
615 3982 756 4038 libro
784 3983 1125 4039 recensendo
1156 4000 1326 4054 opera
1353 3983 1564 4038 edocet.

341 4090 363 4121 ι
395 4066 559 4126 Vitas
597 4073 830 4127 Patrum
878 4090 980 4143 ego
1021 4089 1088 4127 ex
1134 4072 1380 4143 antiquis
1428 4077 1486 4126 et
1523 4072 1632 4125 fide
1670 4071 1858 4141 dignis

267 4159 680 4231 exemplaribus
726 4161 1121 4232 manuscriptis
1168 4167 1291 4214 octo
1338 4165 1437 4215 aut
1473 4160 1660 4214 decem
1691 4160 1861 4214 simul

265 4249 504 4315 collatis,
547 4265 659 4304 non
689 4250 887 4320 exiguo
922 4249 1110 4304 labore
1147 4253 1433 4320 utcunque
1459 4248 1773 4320 recognovi,
1803 4255 1862 4303 et

266 4337 315 4390 ei
335 4337 654 4408 integritati
672 4339 984 4393 restituisse
997 4355 1084 4392 me
1104 4343 1257 4409 puto,
1267 4355 1378 4410 qua
1388 4338 1472 4392 vel
1489 4339 1850 4409 Hieronymo,

263 4426 596 4492 Athanasio,
642 4427 893 4494 Leontio,
934 4427 1309 4498 Amphilogio,
1357 4427 1626 4493 Anthero,
1687 4427 1854 4481 Nice-

262 4514 460 4585 phoro,
494 4515 745 4588 Evagrio,
797 4517 1080 4582 Petronio,
1121 4517 1406 4587 Eutropio,
1447 4514 1759 4580 Heraclide,
1799 4521 1856 4570 et

264 4602 318 4657 id
347 4620 531 4674 genus
548 4605 673 4660 aliis
702 4605 911 4662 sanctis
938 4605 1198 4661 Patribus
1227 4604 1497 4676 scriptum
1526 4621 1639 4660 non
1675 4603 1856 4659 ambi-

263 4692 436 4761 gitur.

342 4802 364 4834 ι
398 4782 612 4838 Deinde
649 4783 708 4837 in
741 4788 958 4838 certum
985 4783 1240 4839 ordinem
1271 4783 1453 4855 quoad
1479 4783 1601 4837 ﬁeri
1646 4783 1849 4854 potuit,

260 4872 423 4942 juxta
455 4871 669 4926 seriem
722 4878 780 4927 et
828 4873 1106 4928 rationem
1149 4879 1468 4945 temporum
1512 4871 1738 4943 digessi,
1792 4877 1857 4927 ut

263 4959 440 5015 lector
453 4960 649 5015 statim
669 4967 966 5032 cognoscat
981 4978 1090 5033 quo
1107 4961 1342 5034 quisque
1353 4962 1586 5016 Patrum
1599 4966 1851 5034 tempore

267 5064 367 5119 per
389 5049 636 5120 gratiam
659 5049 763 5104 Dei
790 5049 850 5105 in
878 5050 983 5106 hoc
1005 5050 1253 5105 illuxerit
1280 5049 1507 5117 mundo,
1543 5054 1643 5104 aut
1671 5051 1855 5122 potius

268 5153 376 5208 quo
401 5145 658 5210 tempore
685 5139 870 5209 gratia
899 5139 1000 5194 Dei
1020 5139 1225 5194 luxerit
1250 5138 1310 5193 in
1334 5139 1561 5194 illorum
1591 5139 1851 5209 singulis.

268 5225 390 5281 Non
417 5227 604 5282 solum
644 5232 836 5282 autem
882 5227 953 5282 de
979 5228 1130 5296 viris,
1181 5227 1280 5283 sed
1300 5227 1470 5281 etiam
1499 5227 1568 5282 de
1607 5228 1770 5282 claris
1802 5234 1859 5282 et

269 5316 471 5370 sanctis
512 5315 868 5382 mulieribus,
923 5315 1264 5371 narrationis
1317 5315 1488 5387 hujus
1534 5316 1736 5371 seriem
1768 5317 1857 5370 in-

269 5402 440 5458 stitui.
473 5421 502 5456 ι»

337 5491 596 5548 Secundo
615 5508 746 5548 vero
773 5493 891 5548 hac
931 5493 1128 5548 eadem
1157 5493 1330 5549 editio
1376 5493 1573 5549 eodem
1602 5494 1742 5561 loco,
1802 5499 1859 5548 et

271 5581 412 5653 apud
443 5581 710 5638 eumdem
746 5582 1177 5656 typographum,
1223 5582 1424 5640 iisdem
1471 5583 1622 5657 typis
1650 5582 1859 5656 prodiit

1945 3181 2023 3235 ris
2052 3181 2310 3235 editionis
2339 3181 2486 3235 foliis
2508 3198 2573 3235 ac
2599 3181 2747 3252 typis
2772 3182 2936 3252 plane
2966 3182 3247 3251 quadrant
3273 3199 3283 3234 :
3331 3180 3540 3236 omissa

1942 3275 2166 3325 tantum
2193 3269 2284 3323 hic
2313 3276 2398 3324 est
2410 3270 2767 3341 paraphrasis
2798 3268 3050 3324 Cassiani
3071 3275 3129 3324 et
3148 3269 3397 3336 Climaci,
3415 3285 3538 3341 quae

1942 3359 2116 3429 priori
2146 3358 2376 3412 editioni
2405 3358 2464 3412 in
2494 3359 2643 3412 calce
2672 3358 3087 3428 adjunctaerat,
3125 3363 3181 3411 et
3209 3358 3537 3412 eorumloco

1941 3446 2245 3502 substituta
2272 3453 2358 3501 est
2380 3447 2509 3501 Vita
2534 3447 2793 3501 Barlaam
2823 3452 2879 3500 et
2907 3447 3195 3517 Josaphat.

2013 3536 2296 3607 Quidquid
2323 3536 2416 3600 sit,
2445 3553 2556 3590 non
2586 3535 2780 3589 dubito
2810 3537 3052 3589 multum
3081 3534 3287 3606 laboris
3318 3535 3537 3590 insum-

1942 3629 2101 3695 ptum
2118 3641 2153 3678 ει
2178 3624 2293 3679 viro
2310 3624 2522 3695 optimo
2542 3624 2600 3678 in
2630 3624 2908 3679 veteribus
2938 3623 3346 3695 exemplaribus
3374 3625 3538 3679 casti-

1941 3713 2162 3783 gandis.
2311 3731 2324 3744 ·
3135 3717 3146 3726 ’

2013 3803 2249 3857 Constat
2287 3807 2476 3857 autem
2520 3803 2638 3857 haec
2667 3803 2836 3858 editio
2883 3802 3040 3857 libris
3068 3803 3335 3873 quinque,
3367 3802 3451 3856 uti
3482 3806 3539 3856 et

1941 3891 2124 3962 prima
2151 3891 2319 3946 editio
2340 3911 2351 3960 ;
2372 3893 2470 3946 sed
2497 3892 2693 3946 ordine
2722 3893 2962 3946 multum
2986 3891 3304 3957 immutato,
3329 3896 3388 3944 et
3409 3890 3535 3962 qui-

1941 3979 2174 4034 busdam
2202 3997 2266 4034 ex
2296 3981 2541 4035 secunda
2564 3981 2828 4046 editione,
2864 3985 2921 4034 et
2944 3981 3169 4034 aliunde
3199 3979 3423 4033 additis.

2012 4068 2232 4123 Primus
2254 4069 2396 4123 liber
2413 4075 2635 4123 constat
2656 4069 2834 4124 tribus
2857 4069 3128 4140 partibus,
3156 4084 3395 4140 quarum
3425 4067 3538 4137 pri-

1942 4173 2036 4210 ma
2059 4163 2143 4211 est
2159 4157 2228 4211 de
2256 4158 2462 4212 sanctis
2491 4158 2655 4225 viris;
2688 4158 2930 4212 secunda
2950 4157 3018 4211 de
3045 4157 3253 4211 sanctis
3280 4155 3535 4210 mulieri-

1942 4243 2044 4299 bus
2068 4263 2079 4298 :
2115 4263 2236 4317 quae
2262 4252 2500 4318 utraque
2531 4263 2660 4318 pars
2689 4246 2964 4317 permixta
3000 4250 3057 4298 et
3084 4246 3327 4298 conﬂata
3354 4248 3441 4296 est
3469 4259 3539 4300 ex

1939 4334 2082 4389 libro
2111 4335 2291 4406 primo
2317 4335 2527 4390 Rufﬁni
2558 4336 2671 4407 (qui
2702 4339 2787 4389 est
2807 4335 3000 4388 ordine
3029 4333 3305 4387 secundus
3333 4333 3393 4385 in
3431 4347 3534 4384 no-

1939 4429 2055 4477 stra
2079 4424 2344 4492 editione)
2375 4431 2431 4479 et
2459 4425 2583 4478 aliis
2611 4424 2754 4478 Vitis
2784 4441 2905 4494 quae
2932 4423 2990 4476 in
3018 4421 3260 4476 secunda
3289 4419 3532 4473 editione

1939 4518 2066 4584 post
2093 4512 2298 4568 librum
2329 4513 2573 4584 primum
2615 4511 2820 4567 Ruflini
2853 4511 3293 4574 subnectuntur;
3329 4505 3532 4577 quibus

1941 4609 2211 4676 praeterea
2239 4602 2524 4656 interserit
2553 4601 2742 4656 Vitam
2774 4600 3010 4671 Epicteti
3038 4604 3096 4652 et
3136 4597 3388 4660 Astionis,
3422 4595 3531 4649 Fa-

1940 4693 2119 4760 biolai,
2154 4697 2211 4746 et
2250 4691 2548 4746 Marcellae.
2595 4689 2784 4745 Tertia
2821 4705 2950 4760 pars
2981 4687 3230 4741 continet
3272 4690 3533 4756 excerpta

1938 4799 2003 4837 ex
2033 4783 2237 4837 Severo
2269 4780 2535 4850 Sulpicio,
2561 4783 2616 4833 et
2642 4780 2857 4833 Joanne
2883 4775 3170 4832 Cassiano.

2009 4869 2450 4926 Secundusliber
2468 4868 2716 4922 continet
2743 4870 3065 4920 sanctorum
3094 4865 3324 4919 Patrum
3346 4863 3525 4928 Vitas,

1937 4959 2122 5026 verba,
2146 4958 2448 5023 doctrinas,
2483 4962 2540 5010 et
2569 4955 2999 5021 exhortationes,
3029 4954 3126 5025 qui
3148 4960 3233 5008 est
3251 4952 3394 5007 liber
3419 4958 3532 5006 ter-

1938 5049 2050 5104 tius
2079 5047 2288 5102 Rufﬁni
2319 5047 2379 5100 in
2408 5050 2601 5100 nostra
2626 5043 2888 5098 editione.

2006 5137 2228 5191 Tertius
2264 5135 2406 5189 liber
2432 5138 2517 5188 est
2545 5132 2799 5198 Palladii,
2834 5133 2992 5204 isque
3040 5148 3107 5186 ex
3146 5131 3378 5202 antiqua
3405 5144 3533 5182 ver-

1940 5225 2115 5291 sione,
2144 5225 2229 5280 uti
2258 5240 2385 5279 eam
2411 5221 2582 5277 habet
2607 5221 2791 5293 prima
2817 5222 3006 5276 editio.

2011 5315 2255 5378 Quartus
2287 5311 2430 5366 liber
2457 5317 2559 5377 est,
2585 5327 2749 5382 quem
2779 5311 3037 5380 Pelagius
3067 5310 3124 5365 S.
3158 5309 3224 5363 R.
3252 5309 3312 5363 E.
3343 5307 3532 5362 diaco-

1941 5422 2066 5472 nus,
2092 5408 2149 5458 et
2179 5403 2423 5458 Joannes
2447 5400 2700 5472 ejusdem
2735 5399 3108 5455 subdiaconus
3137 5414 3167 5452 e
3191 5398 3382 5452 Graeco
3404 5412 3540 5450 ver-

2021 5497 2152 5547 -unt.

1942 5500 2152 5550 terunt.

2013 5579 2181 5652 [vai]
2203 5578 2444 5646 Quintus
2470 5575 2618 5634 liber
2644 5582 2732 5633 est
2757 5575 3076 5634 breviorum
3105 5573 3534 5637 sententiarum,
