  <div class='ocr_page' id='page_1' title='image "/cluster/home/n/w/nwhite01/storage/ocr_20150623/73/hvd.32044054758776/041.png"; bbox 0 0 4046 6212; ppageno 0'>
   <div class='ocr_carea' id='block_1_1' title="bbox 422 340 2022 425">
    <p class='ocr_par' dir='ltr' id='par_1_1' title="bbox 422 340 2022 425">
     <span class='ocr_line' id='line_1_1' title="bbox 422 340 2022 425; baseline -0.016 0"><span class='ocrx_word' id='word_1_1' title='bbox 422 362 486 425; x_wconf 90' lang='lat' dir='ltr'><strong>7l</strong></span> <span class='ocrx_word' id='word_1_2' title='bbox 1312 355 1390 411; x_wconf 92' lang='lat' dir='ltr'>IN</span> <span class='ocrx_word' id='word_1_3' title='bbox 1425 350 1637 408; x_wconf 86' lang='lat' dir='ltr'><strong>VITAS</strong></span> <span class='ocrx_word' id='word_1_4' title='bbox 1674 342 1973 404; x_wconf 63' lang='grc' dir='ltr'><strong>ΡΑκΤΒῢΗ</strong></span> <span class='ocrx_word' id='word_1_5' title='bbox 2008 340 2022 400; x_wconf 89' lang='grc'>1</span> 
     </span>
    </p>
   </div>
   <div class='ocr_carea' id='block_1_2' title="bbox 2114 340 2784 425">
    <p class='ocr_par' dir='ltr' id='par_1_2' title="bbox 2114 341 2784 404">
     <span class='ocr_line' id='line_1_2' title="bbox 2114 341 2784 404; baseline 0.001 -3"><span class='ocrx_word' id='word_1_6' title='bbox 2114 341 2553 404; x_wconf 70' lang='lat' dir='ltr'><strong>DLBGOHENA</strong></span> <span class='ocrx_word' id='word_1_7' title='bbox 2587 347 2784 404; x_wconf 87' lang='lat' dir='ltr'><strong>XXVI.</strong></span> 
     </span>
    </p>
   </div>
   <div class='ocr_carea' id='block_1_3' title="bbox 3617 340 3687 399">
    <p class='ocr_par' dir='ltr' id='par_1_3' title="bbox 3617 340 3687 399">
     <span class='ocr_line' id='line_1_3' title="bbox 3617 340 3687 399; baseline 0 0"><span class='ocrx_word' id='word_1_8' title='bbox 3617 340 3687 399; x_wconf 84' lang='lat'><strong>72</strong></span> 
     </span>
    </p>
   </div>
   <div class='ocr_carea' id='block_1_4' title="bbox 423 420 3687 564">
    <p class='ocr_par' dir='ltr' id='par_1_4' title="bbox 423 420 3687 564">
     <span class='ocr_line' id='line_1_4' title="bbox 423 420 3687 564; baseline -0.01 -13"><span class='ocrx_word' id='word_1_9' title='bbox 423 438 509 551; x_wconf 77' lang='lat' dir='ltr'><strong>uti</strong></span> <span class='ocrx_word' id='word_1_10' title='bbox 539 498 597 549; x_wconf 90' lang='lat' dir='ltr'><strong>et</strong></span> <span class='ocrx_word' id='word_1_11' title='bbox 618 490 848 564; x_wconf 79' lang='lat' dir='ltr'><strong>quintus</strong></span> <span class='ocrx_word' id='word_1_12' title='bbox 874 490 961 540; x_wconf 82' lang='lat' dir='ltr'><strong>est</strong></span> <span class='ocrx_word' id='word_1_13' title='bbox 976 483 1037 538; x_wconf 85' lang='lat' dir='ltr'><strong>in</strong></span> <span class='ocrx_word' id='word_1_14' title='bbox 1057 482 1244 555; x_wconf 85' lang='lat' dir='ltr'><strong>prima</strong></span> <span class='ocrx_word' id='word_1_15' title='bbox 1271 477 1745 535; x_wconf 82' lang='lat' dir='ltr'><strong>editione.Eidem</strong></span> <span class='ocrx_word' id='word_1_16' title='bbox 1761 472 2082 547; x_wconf 52' lang='lat' dir='ltr'><strong>adjungi-A</strong></span> <span class='ocrx_word' id='word_1_17' title='bbox 2166 474 2251 530; x_wconf 89' lang='lat' dir='ltr'><strong>Ne</strong></span> <span class='ocrx_word' id='word_1_18' title='bbox 2275 488 2442 547; x_wconf 84' lang='lat' dir='ltr'><strong>quem</strong></span> <span class='ocrx_word' id='word_1_19' title='bbox 2472 479 2665 530; x_wconf 89' lang='lat' dir='ltr'><strong>tamen</strong></span> <span class='ocrx_word' id='word_1_20' title='bbox 2681 472 2883 528; x_wconf 85' lang='lat' dir='ltr'><strong>titulus</strong></span> <span class='ocrx_word' id='word_1_21' title='bbox 2906 468 3145 564; x_wconf 78' lang='lat' dir='ltr'><strong>falleret,</strong></span> <span class='ocrx_word' id='word_1_22' title='bbox 3176 482 3292 522; x_wconf 89' lang='lat' dir='ltr'><strong>non</strong></span> <span class='ocrx_word' id='word_1_23' title='bbox 3335 420 3440 521; x_wconf 72' lang='lat' dir='ltr'><strong>soli</strong></span> <span class='ocrx_word' id='word_1_24' title='bbox 3480 465 3687 521; x_wconf 81' lang='lat' dir='ltr'><strong>Hiero-</strong></span> 
     </span>
    </p>
   </div>
   <div class='ocr_carea' id='block_1_5' title="bbox 423 565 2011 638">
    <p class='ocr_par' dir='ltr' id='par_1_5' title="bbox 423 565 2011 638">
     <span class='ocr_line' id='line_1_5' title="bbox 423 565 2011 638; baseline -0.015 1"><span class='ocrx_word' id='word_1_25' title='bbox 423 589 522 638; x_wconf 85' lang='lat' dir='ltr'><strong>tur</strong></span> <span class='ocrx_word' id='word_1_26' title='bbox 547 580 690 636; x_wconf 86' lang='lat' dir='ltr'><strong>liber</strong></span> <span class='ocrx_word' id='word_1_27' title='bbox 717 571 1002 632; x_wconf 85' lang='lat' dir='ltr'><strong>Paschasii</strong></span> <span class='ocrx_word' id='word_1_28' title='bbox 1043 568 1299 635; x_wconf 83' lang='lat' dir='ltr'><strong>abbatis;</strong></span> <span class='ocrx_word' id='word_1_29' title='bbox 1349 567 1479 621; x_wconf 88' lang='lat' dir='ltr'><strong>inde</strong></span> <span class='ocrx_word' id='word_1_30' title='bbox 1523 565 1654 620; x_wconf 83' lang='lat' dir='ltr'><strong>Vita</strong></span> <span class='ocrx_word' id='word_1_31' title='bbox 1689 568 2011 618; x_wconf 87' lang='lat' dir='ltr'><strong>sanctorum</strong></span> 
     </span>
    </p>
   </div>
   <div class='ocr_carea' id='block_1_6' title="bbox 423 657 1392 729">
    <p class='ocr_par' dir='ltr' id='par_1_6' title="bbox 423 657 1392 729">
     <span class='ocr_line' id='line_1_6' title="bbox 423 657 1392 729; baseline -0.02 -1"><span class='ocrx_word' id='word_1_32' title='bbox 423 672 683 727; x_wconf 89' lang='lat' dir='ltr'><strong>Barlaam</strong></span> <span class='ocrx_word' id='word_1_33' title='bbox 711 663 980 726; x_wconf 73' lang='lat' dir='ltr'><strong>eremitaa,</strong></span> <span class='ocrx_word' id='word_1_34' title='bbox 1013 675 1078 715; x_wconf 88' lang='lat' dir='ltr'><strong>ac</strong></span> <span class='ocrx_word' id='word_1_35' title='bbox 1104 657 1392 729; x_wconf 86' lang='lat' dir='ltr'><strong>Josaphat.</strong></span> 
     </span>
    </p>
   </div>
   <div class='ocr_carea' id='block_1_7' title="bbox 828 778 1592 841">
    <p class='ocr_par' dir='ltr' id='par_1_7' title="bbox 828 778 1592 841">
     <span class='ocr_line' id='line_1_7' title="bbox 828 778 1592 841; baseline -0.016 1"><span class='ocrx_word' id='word_1_36' title='bbox 828 779 1424 841; x_wconf 88' lang='lat' dir='ltr'><strong>PROLEGOMENON</strong></span> <span class='ocrx_word' id='word_1_37' title='bbox 1446 778 1592 834; x_wconf 84' lang='lat' dir='ltr'><strong>XXI.</strong></span> 
     </span>
    </p>
   </div>
   <div class='ocr_carea' id='block_1_8' title="bbox 428 904 2014 988">
    <p class='ocr_par' dir='ltr' id='par_1_8' title="bbox 428 904 2014 988">
     <span class='ocr_line' id='line_1_8' title="bbox 428 904 2014 988; baseline -0.017 -12"><span class='ocrx_word' id='word_1_38' title='bbox 428 923 499 977; x_wconf 87' lang='lat' dir='ltr'><strong>De</strong></span> <span class='ocrx_word' id='word_1_39' title='bbox 525 920 728 988; x_wconf 87' lang='lat' dir='ltr'><strong>quarta</strong></span> <span class='ocrx_word' id='word_1_40' title='bbox 758 914 860 967; x_wconf 88' lang='lat' dir='ltr'><strong>hac</strong></span> <span class='ocrx_word' id='word_1_41' title='bbox 878 912 1112 988; x_wconf 74' lang='lat' dir='ltr'><strong>editione</strong></span> <span class='ocrx_word' id='word_1_42' title='bbox 1136 911 1364 988; x_wconf 66' lang='lat' dir='ltr'><strong>Latina,</strong></span> <span class='ocrx_word' id='word_1_43' title='bbox 1392 920 1510 974; x_wconf 69' lang='lat' dir='ltr'><strong>quae</strong></span> <span class='ocrx_word' id='word_1_44' title='bbox 1536 904 2014 988; x_wconf 41' lang='lat' dir='ltr'><strong>cum‘tribuspnae-</strong></span> 
     </span>
    </p>
   </div>
   <div class='ocr_carea' id='block_1_9' title="bbox 496 975 2013 1048">
    <p class='ocr_par' dir='ltr' id='par_1_9' title="bbox 496 975 2013 1048">
     <span class='ocr_line' id='line_1_9' title="bbox 496 975 2013 1048; baseline -0.013 -3"><span class='ocrx_word' id='word_1_45' title='bbox 496 975 806 1046; x_wconf 54' lang='lat' dir='ltr'><strong>ridentibus</strong></span> <span class='ocrx_word' id='word_1_46' title='bbox 844 982 1175 1038; x_wconf 85' lang='lat' dir='ltr'><strong>editionibus</strong></span> <span class='ocrx_word' id='word_1_47' title='bbox 1206 980 1422 1048; x_wconf 78' lang='lat' dir='ltr'><strong>partim</strong></span> <span class='ocrx_word' id='word_1_48' title='bbox 1468 977 1752 1039; x_wconf 74' lang='lat' dir='ltr'><strong>consentit,</strong></span> <span class='ocrx_word' id='word_1_49' title='bbox 1799 975 2013 1042; x_wconf 87' lang='lat' dir='ltr'><strong>partim</strong></span> 
     </span>
    </p>
   </div>
   <div class='ocr_carea' id='block_1_10' title="bbox 495 1060 763 1115">
    <p class='ocr_par' dir='ltr' id='par_1_10' title="bbox 495 1060 763 1115">
     <span class='ocr_line' id='line_1_10' title="bbox 495 1060 763 1115; baseline -0.022 0"><span class='ocrx_word' id='word_1_50' title='bbox 495 1060 763 1115; x_wconf 73' lang='lat' dir='ltr'><strong>dissentit.</strong></span> 
     </span>
    </p>
   </div>
   <div class='ocr_carea' id='block_1_11' title="bbox 495 1149 2014 1226">
    <p class='ocr_par' dir='ltr' id='par_1_11' title="bbox 495 1149 2014 1226">
     <span class='ocr_line' id='line_1_11' title="bbox 495 1149 2014 1226; baseline -0.012 -5"><span class='ocrx_word' id='word_1_51' title='bbox 495 1168 632 1222; x_wconf 86' lang='lat' dir='ltr'><strong>Post</strong></span> <span class='ocrx_word' id='word_1_52' title='bbox 658 1177 853 1218; x_wconf 87' lang='lat' dir='ltr'><strong>omnes</strong></span> <span class='ocrx_word' id='word_1_53' title='bbox 880 1157 1152 1214; x_wconf 80' lang='lat' dir='ltr'><strong>editiones</strong></span> <span class='ocrx_word' id='word_1_54' title='bbox 1174 1156 1296 1226; x_wconf 87' lang='lat' dir='ltr'><strong>jam</strong></span> <span class='ocrx_word' id='word_1_55' title='bbox 1333 1157 1691 1208; x_wconf 88' lang='lat' dir='ltr'><strong>enumeratas</strong></span> <span class='ocrx_word' id='word_1_56' title='bbox 1720 1153 1862 1223; x_wconf 70' lang='lat' dir='ltr'><strong>(quae</strong></span> <span class='ocrx_word' id='word_1_57' title='bbox 1909 1149 2014 1204; x_wconf 87' lang='lat' dir='ltr'><strong>etsi</strong></span> 
     </span>
    </p>
   </div>
   <div class='ocr_carea' id='block_1_12' title="bbox 422 1238 2015 1329">
    <p class='ocr_par' dir='ltr' id='par_1_12' title="bbox 422 1238 2015 1329">
     <span class='ocr_line' id='line_1_12' title="bbox 422 1238 2015 1329; baseline -0.011 -19"><span class='ocrx_word' id='word_1_58' title='bbox 422 1262 689 1329; x_wconf 81' lang='lat' dir='ltr'><strong>typorum</strong></span> <span class='ocrx_word' id='word_1_59' title='bbox 713 1250 984 1305; x_wconf 80' lang='lat' dir='ltr'><strong>varietate</strong></span> <span class='ocrx_word' id='word_1_60' title='bbox 1012 1247 1083 1301; x_wconf 88' lang='lat' dir='ltr'><strong>ad</strong></span> <span class='ocrx_word' id='word_1_61' title='bbox 1112 1262 1202 1299; x_wconf 75' lang='lat' dir='ltr'><strong>XIX</strong></span> <span class='ocrx_word' id='word_1_62' title='bbox 1228 1244 1314 1298; x_wconf 91' lang='lat' dir='ltr'><strong>vel</strong></span> <span class='ocrx_word' id='word_1_63' title='bbox 1333 1260 1403 1297; x_wconf 86' lang='lat' dir='ltr'><strong>xx</strong></span> <span class='ocrx_word' id='word_1_64' title='bbox 1430 1241 1789 1314; x_wconf 85' lang='lat' dir='ltr'><strong>inspexerim,</strong></span> <span class='ocrx_word' id='word_1_65' title='bbox 1806 1239 1878 1293; x_wconf 89' lang='lat' dir='ltr'><strong>ad</strong></span> <span class='ocrx_word' id='word_1_66' title='bbox 1902 1238 2015 1293; x_wconf 91' lang='lat' dir='ltr'><strong>tria</strong></span> 
     </span>
    </p>
   </div>
   <div class='ocr_carea' id='block_1_13' title="bbox 421 1330 2017 1414">
    <p class='ocr_par' dir='ltr' id='par_1_13' title="bbox 421 1330 2017 1414">
     <span class='ocr_line' id='line_1_13' title="bbox 421 1330 2017 1414; baseline -0.013 -12"><span class='ocrx_word' id='word_1_67' title='bbox 421 1351 613 1402; x_wconf 89' lang='lat' dir='ltr'><strong>tamen</strong></span> <span class='ocrx_word' id='word_1_68' title='bbox 638 1355 867 1414; x_wconf 80' lang='lat' dir='ltr'><strong>genera,</strong></span> <span class='ocrx_word' id='word_1_69' title='bbox 901 1343 966 1392; x_wconf 90' lang='lat' dir='ltr'><strong>ut</strong></span> <span class='ocrx_word' id='word_1_70' title='bbox 986 1351 1158 1406; x_wconf 82' lang='lat' dir='ltr'><strong>supra</strong></span> <span class='ocrx_word' id='word_1_71' title='bbox 1186 1333 1397 1397; x_wconf 91' lang='lat' dir='ltr'><strong>monui,</strong></span> <span class='ocrx_word' id='word_1_72' title='bbox 1417 1330 1614 1387; x_wconf 87' lang='lat' dir='ltr'><strong>referri</strong></span> <span class='ocrx_word' id='word_1_73' title='bbox 1632 1332 1886 1402; x_wconf 88' lang='lat' dir='ltr'><strong>possunt)</strong></span> <span class='ocrx_word' id='word_1_74' title='bbox 1896 1344 2017 1382; x_wconf 89' lang='lat' dir='ltr'><strong>suc-</strong></span> 
     </span>
    </p>
   </div>
   <div class='ocr_carea' id='block_1_14' title="bbox 424 1418 2018 1500">
    <p class='ocr_par' dir='ltr' id='par_1_14' title="bbox 424 1418 2018 1500">
     <span class='ocr_line' id='line_1_14' title="bbox 424 1418 2018 1500; baseline -0.013 -9"><span class='ocrx_word' id='word_1_75' title='bbox 424 1434 574 1491; x_wconf 87' lang='lat' dir='ltr'><strong>cedit</strong></span> <span class='ocrx_word' id='word_1_76' title='bbox 600 1447 749 1487; x_wconf 88' lang='lat' dir='ltr'><strong>nunc</strong></span> <span class='ocrx_word' id='word_1_77' title='bbox 780 1432 985 1500; x_wconf 87' lang='lat' dir='ltr'><strong>quarta</strong></span> <span class='ocrx_word' id='word_1_78' title='bbox 1008 1425 1128 1480; x_wconf 69' lang='lat' dir='ltr'><strong>haec</strong></span> <span class='ocrx_word' id='word_1_79' title='bbox 1150 1423 1341 1488; x_wconf 83' lang='lat' dir='ltr'><strong>editio,</strong></span> <span class='ocrx_word' id='word_1_80' title='bbox 1374 1437 1499 1492; x_wconf 65' lang='lat' dir='ltr'><strong>qum</strong></span> <span class='ocrx_word' id='word_1_81' title='bbox 1532 1425 1591 1474; x_wconf 87' lang='lat' dir='ltr'><strong>et</strong></span> <span class='ocrx_word' id='word_1_82' title='bbox 1615 1419 1775 1473; x_wconf 82' lang='lat' dir='ltr'><strong>libris</strong></span> <span class='ocrx_word' id='word_1_83' title='bbox 1802 1418 2018 1488; x_wconf 83' lang='lat' dir='ltr'><strong>aliquot</strong></span> 
     </span>
    </p>
   </div>
   <div class='ocr_carea' id='block_1_15' title="bbox 427 1506 2019 1587">
    <p class='ocr_par' dir='ltr' id='par_1_15' title="bbox 427 1506 2019 1587">
     <span class='ocr_line' id='line_1_15' title="bbox 427 1506 2019 1587; baseline -0.013 -8"><span class='ocrx_word' id='word_1_84' title='bbox 427 1522 662 1587; x_wconf 84' lang='lat' dir='ltr'><strong>auctior,</strong></span> <span class='ocrx_word' id='word_1_85' title='bbox 689 1524 747 1574; x_wconf 93' lang='lat' dir='ltr'><strong>et</strong></span> <span class='ocrx_word' id='word_1_86' title='bbox 765 1522 1058 1573; x_wconf 84' lang='lat' dir='ltr'><strong>auctorum</strong></span> <span class='ocrx_word' id='word_1_87' title='bbox 1077 1513 1222 1584; x_wconf 87' lang='lat' dir='ltr'><strong>stylo</strong></span> <span class='ocrx_word' id='word_1_88' title='bbox 1243 1511 1315 1565; x_wconf 89' lang='lat' dir='ltr'><strong>ad</strong></span> <span class='ocrx_word' id='word_1_89' title='bbox 1334 1508 1718 1579; x_wconf 69' lang='lat' dir='ltr'><strong>manuscripts</strong></span> <span class='ocrx_word' id='word_1_90' title='bbox 1742 1506 2019 1578; x_wconf 83' lang='lat' dir='ltr'><strong>exempla-</strong></span> 
     </span>
    </p>
   </div>
   <div class='ocr_carea' id='block_1_16' title="bbox 427 1593 2019 1671">
    <p class='ocr_par' dir='ltr' id='par_1_16' title="bbox 427 1593 2019 1671">
     <span class='ocr_line' id='line_1_16' title="bbox 427 1593 2019 1671; baseline -0.013 -3"><span class='ocrx_word' id='word_1_91' title='bbox 427 1613 518 1667; x_wconf 88' lang='lat' dir='ltr'><strong>ria</strong></span> <span class='ocrx_word' id='word_1_92' title='bbox 537 1610 844 1666; x_wconf 86' lang='lat' dir='ltr'><strong>reformato</strong></span> <span class='ocrx_word' id='word_1_93' title='bbox 870 1602 1171 1659; x_wconf 79' lang='lat' dir='ltr'><strong>correctior</strong></span> <span class='ocrx_word' id='word_1_94' title='bbox 1198 1599 1404 1671; x_wconf 80' lang='lat' dir='ltr'><strong>prodit.</strong></span> <span class='ocrx_word' id='word_1_95' title='bbox 1446 1598 1680 1652; x_wconf 78' lang='lat' dir='ltr'><strong>Constat</strong></span> <span class='ocrx_word' id='word_1_96' title='bbox 1705 1600 1897 1650; x_wconf 91' lang='lat' dir='ltr'><strong>autem</strong></span> <span class='ocrx_word' id='word_1_97' title='bbox 1925 1593 2019 1649; x_wconf 88' lang='lat' dir='ltr'><strong>de-</strong></span> 
     </span>
    </p>
   </div>
   <div class='ocr_carea' id='block_1_17' title="bbox 427 1689 1129 1771">
    <p class='ocr_par' dir='ltr' id='par_1_17' title="bbox 427 1689 1129 1771">
     <span class='ocr_line' id='line_1_17' title="bbox 427 1689 1129 1771; baseline -0.02 -14"><span class='ocrx_word' id='word_1_98' title='bbox 427 1717 549 1757; x_wconf 90' lang='lat' dir='ltr'><strong>cem</strong></span> <span class='ocrx_word' id='word_1_99' title='bbox 572 1695 921 1771; x_wconf 88' lang='lat' dir='ltr'><strong>potissimum</strong></span> <span class='ocrx_word' id='word_1_100' title='bbox 950 1689 1129 1745; x_wconf 84' lang='lat' dir='ltr'><strong>libris.</strong></span> 
     </span>
    </p>
   </div>
   <div class='ocr_carea' id='block_1_18' title="bbox 2097 556 3691 637">
    <p class='ocr_par' dir='ltr' id='par_1_18' title="bbox 2097 556 3691 637">
     <span class='ocr_line' id='line_1_18' title="bbox 2097 556 3691 637; baseline -0.006 -18"><span class='ocrx_word' id='word_1_101' title='bbox 2097 581 2267 637; x_wconf 83' lang='lat' dir='ltr'><strong>nymo</strong></span> <span class='ocrx_word' id='word_1_102' title='bbox 2298 564 2575 636; x_wconf 85' lang='lat' dir='ltr'><strong>inscripsi,</strong></span> <span class='ocrx_word' id='word_1_103' title='bbox 2608 562 2706 617; x_wconf 91' lang='lat' dir='ltr'><strong>sed</strong></span> <span class='ocrx_word' id='word_1_104' title='bbox 2732 566 2790 616; x_wconf 91' lang='lat' dir='ltr'><strong>et</strong></span> <span class='ocrx_word' id='word_1_105' title='bbox 2812 559 2937 615; x_wconf 90' lang='lat' dir='ltr'><strong>aliis</strong></span> <span class='ocrx_word' id='word_1_106' title='bbox 2963 557 3151 625; x_wconf 87' lang='lat' dir='ltr'><strong>variis,</strong></span> <span class='ocrx_word' id='word_1_107' title='bbox 3186 571 3425 628; x_wconf 89' lang='lat' dir='ltr'><strong>quorum</strong></span> <span class='ocrx_word' id='word_1_108' title='bbox 3456 556 3691 613; x_wconf 90' lang='lat' dir='ltr'><strong>nomina</strong></span> 
     </span>
    </p>
   </div>
   <div class='ocr_carea' id='block_1_19' title="bbox 2097 646 3689 725">
    <p class='ocr_par' dir='ltr' id='par_1_19' title="bbox 2097 646 3689 725">
     <span class='ocr_line' id='line_1_19' title="bbox 2097 646 3689 725; baseline -0.006 -16"><span class='ocrx_word' id='word_1_109' title='bbox 2097 654 2329 725; x_wconf 68' lang='lat' dir='ltr'><strong>singula:</strong></span> <span class='ocrx_word' id='word_1_110' title='bbox 2349 653 2454 707; x_wconf 88' lang='lat' dir='ltr'><strong>sibi</strong></span> <span class='ocrx_word' id='word_1_111' title='bbox 2482 652 2625 707; x_wconf 81' lang='lat' dir='ltr'><strong>Vitae</strong></span> <span class='ocrx_word' id='word_1_112' title='bbox 2650 649 2973 722; x_wconf 69' lang='lat' dir='ltr'><strong>praeferunt,</strong></span> <span class='ocrx_word' id='word_1_113' title='bbox 3003 662 3241 723; x_wconf 85' lang='lat' dir='ltr'><strong>quarum</strong></span> <span class='ocrx_word' id='word_1_114' title='bbox 3254 646 3482 718; x_wconf 87' lang='lat' dir='ltr'><strong>quidem</strong></span> <span class='ocrx_word' id='word_1_115' title='bbox 3502 650 3689 700; x_wconf 87' lang='lat' dir='ltr'><strong>aucto-</strong></span> 
     </span>
    </p>
   </div>
   <div class='ocr_carea' id='block_1_20' title="bbox 2098 734 3682 813">
    <p class='ocr_par' dir='ltr' id='par_1_20' title="bbox 2098 734 3682 813">
     <span class='ocr_line' id='line_1_20' title="bbox 2098 734 3682 813; baseline -0.006 -15"><span class='ocrx_word' id='word_1_116' title='bbox 2098 759 2188 798; x_wconf 86' lang='lat' dir='ltr'><strong>res</strong></span> <span class='ocrx_word' id='word_1_117' title='bbox 2215 743 2484 813; x_wconf 86' lang='lat' dir='ltr'><strong>indagare</strong></span> <span class='ocrx_word' id='word_1_118' title='bbox 2512 734 3139 813; x_wconf 68' lang='lat' dir='ltr'><strong>potuimus.Anonymm</strong></span> <span class='ocrx_word' id='word_1_119' title='bbox 3155 736 3298 790; x_wconf 70' lang='lat' dir='ltr'><strong>Vita:</strong></span> <span class='ocrx_word' id='word_1_120' title='bbox 3327 751 3393 789; x_wconf 93' lang='lat' dir='ltr'><strong>eo</strong></span> <span class='ocrx_word' id='word_1_121' title='bbox 3412 736 3533 789; x_wconf 92' lang='lat' dir='ltr'><strong>loco</strong></span> <span class='ocrx_word' id='word_1_122' title='bbox 3550 734 3682 800; x_wconf 91' lang='lat' dir='ltr'><strong>sint,</strong></span> 
     </span>
    </p>
   </div>
   <div class='ocr_carea' id='block_1_21' title="bbox 2098 823 3687 903">
    <p class='ocr_par' dir='ltr' id='par_1_21' title="bbox 2098 823 3687 903">
     <span class='ocr_line' id='line_1_21' title="bbox 2098 823 3687 903; baseline -0.008 -16"><span class='ocrx_word' id='word_1_123' title='bbox 2098 848 2208 903; x_wconf 91' lang='lat' dir='ltr'><strong>quo</strong></span> <span class='ocrx_word' id='word_1_124' title='bbox 2233 847 2329 885; x_wconf 87' lang='lat' dir='ltr'><strong>eas</strong></span> <span class='ocrx_word' id='word_1_125' title='bbox 2347 831 2483 885; x_wconf 90' lang='lat' dir='ltr'><strong>olim</strong></span> <span class='ocrx_word' id='word_1_126' title='bbox 2498 830 2695 885; x_wconf 86' lang='lat' dir='ltr'><strong>Patres</strong></span> <span class='ocrx_word' id='word_1_127' title='bbox 2715 844 2837 882; x_wconf 93' lang='lat' dir='ltr'><strong>esse</strong></span> <span class='ocrx_word' id='word_1_128' title='bbox 2851 830 3207 889; x_wconf 86' lang='lat' dir='ltr'><strong>censuerunt,</strong></span> <span class='ocrx_word' id='word_1_129' title='bbox 3228 823 3325 896; x_wconf 90' lang='lat' dir='ltr'><strong>qui</strong></span> <span class='ocrx_word' id='word_1_130' title='bbox 3339 829 3395 878; x_wconf 92' lang='lat' dir='ltr'><strong>et</strong></span> <span class='ocrx_word' id='word_1_131' title='bbox 3412 839 3507 878; x_wconf 87' lang='lat' dir='ltr'><strong>eas</strong></span> <span class='ocrx_word' id='word_1_132' title='bbox 3532 823 3687 892; x_wconf 84' lang='lat' dir='ltr'><strong>lege-</strong></span> 
     </span>
    </p>
   </div>
   <div class='ocr_carea' id='block_1_22' title="bbox 2094 912 3689 986">
    <p class='ocr_par' dir='ltr' id='par_1_22' title="bbox 2094 912 3689 986">
     <span class='ocr_line' id='line_1_22' title="bbox 2094 912 3689 986; baseline -0.006 -11"><span class='ocrx_word' id='word_1_133' title='bbox 2094 925 2246 986; x_wconf 89' lang='lat' dir='ltr'><strong>runt,</strong></span> <span class='ocrx_word' id='word_1_134' title='bbox 2275 925 2331 974; x_wconf 91' lang='lat' dir='ltr'><strong>et</strong></span> <span class='ocrx_word' id='word_1_135' title='bbox 2357 936 2423 973; x_wconf 88' lang='lat' dir='ltr'><strong>ex</strong></span> <span class='ocrx_word' id='word_1_136' title='bbox 2451 919 2520 973; x_wconf 89' lang='lat' dir='ltr'><strong>iis</strong></span> <span class='ocrx_word' id='word_1_137' title='bbox 2539 918 2809 972; x_wconf 87' lang='lat' dir='ltr'><strong>virtutum</strong></span> <span class='ocrx_word' id='word_1_138' title='bbox 2840 914 3101 986; x_wconf 86' lang='lat' dir='ltr'><strong>exempla</strong></span> <span class='ocrx_word' id='word_1_139' title='bbox 3119 917 3532 985; x_wconf 86' lang='lat' dir='ltr'><strong>expresserunt,</strong></span> <span class='ocrx_word' id='word_1_140' title='bbox 3557 912 3689 965; x_wconf 89' lang='lat' dir='ltr'><strong>licet</strong></span> 
     </span>
    </p>
   </div>
   <div class='ocr_carea' id='block_1_23' title="bbox 2095 1000 3689 1079">
    <p class='ocr_par' dir='ltr' id='par_1_23' title="bbox 2095 1000 3689 1079">
     <span class='ocr_line' id='line_1_23' title="bbox 2095 1000 3689 1079; baseline -0.006 -14"><span class='ocrx_word' id='word_1_141' title='bbox 2095 1010 2245 1065; x_wconf 89' lang='lat' dir='ltr'><strong>inter</strong></span> <span class='ocrx_word' id='word_1_142' title='bbox 2283 1013 2537 1079; x_wconf 87' lang='lat' dir='ltr'><strong>receptas</strong></span> <span class='ocrx_word' id='word_1_143' title='bbox 2574 1007 2635 1061; x_wconf 90' lang='lat' dir='ltr'><strong>in</strong></span> <span class='ocrx_word' id='word_1_144' title='bbox 2664 1004 2904 1061; x_wconf 79' lang='lat' dir='ltr'><strong>Ecclesia</strong></span> <span class='ocrx_word' id='word_1_145' title='bbox 2952 1004 3220 1058; x_wconf 86' lang='lat' dir='ltr'><strong>lectiones</strong></span> <span class='ocrx_word' id='word_1_146' title='bbox 3262 1000 3460 1057; x_wconf 88' lang='lat' dir='ltr'><strong>referri</strong></span> <span class='ocrx_word' id='word_1_147' title='bbox 3504 1006 3689 1056; x_wconf 59' lang='lat' dir='ltr'><strong>vetue~</strong></span> 
     </span>
    </p>
   </div>
   <div class='ocr_carea' id='block_1_24' title="bbox 2096 1098 2231 1154">
    <p class='ocr_par' dir='ltr' id='par_1_24' title="bbox 2096 1098 2231 1154">
     <span class='ocr_line' id='line_1_24' title="bbox 2096 1098 2231 1154; baseline -0.015 1"><span class='ocrx_word' id='word_1_148' title='bbox 2096 1098 2231 1154; x_wconf 81' lang='lat' dir='ltr'><strong>rint.</strong></span> 
     </span>
    </p>
   </div>
   <div class='ocr_carea' id='block_1_25' title="bbox 2169 1194 3687 1261">
    <p class='ocr_par' dir='ltr' id='par_1_25' title="bbox 2169 1194 3687 1261">
     <span class='ocr_line' id='line_1_25' title="bbox 2169 1194 3687 1261; baseline -0.007 -1"><span class='ocrx_word' id='word_1_149' title='bbox 2169 1204 2459 1261; x_wconf 87' lang='lat' dir='ltr'><strong>Secundus</strong></span> <span class='ocrx_word' id='word_1_150' title='bbox 2507 1201 2651 1256; x_wconf 89' lang='lat' dir='ltr'><strong>liber</strong></span> <span class='ocrx_word' id='word_1_151' title='bbox 2678 1201 2930 1256; x_wconf 90' lang='lat' dir='ltr'><strong>continet</strong></span> <span class='ocrx_word' id='word_1_152' title='bbox 2978 1198 3212 1254; x_wconf 88' lang='lat' dir='ltr'><strong>Patrum</strong></span> <span class='ocrx_word' id='word_1_153' title='bbox 3248 1198 3408 1253; x_wconf 84' lang='lat' dir='ltr'><strong>Vitas</strong></span> <span class='ocrx_word' id='word_1_154' title='bbox 3446 1194 3687 1251; x_wconf 85' lang='lat' dir='ltr'><strong>breviori</strong></span> 
     </span>
    </p>
   </div>
   <div class='ocr_carea' id='block_1_26' title="bbox 2096 1286 3687 1367">
    <p class='ocr_par' dir='ltr' id='par_1_26' title="bbox 2096 1286 3687 1367">
     <span class='ocr_line' id='line_1_26' title="bbox 2096 1286 3687 1367; baseline -0.007 -17"><span class='ocrx_word' id='word_1_155' title='bbox 2096 1295 2241 1367; x_wconf 86' lang='lat' dir='ltr'><strong>stylo</strong></span> <span class='ocrx_word' id='word_1_156' title='bbox 2297 1292 2747 1365; x_wconf 83' lang='lat' dir='ltr'><strong>comprehensas,</strong></span> <span class='ocrx_word' id='word_1_157' title='bbox 2783 1289 2879 1361; x_wconf 90' lang='lat' dir='ltr'><strong>qui</strong></span> <span class='ocrx_word' id='word_1_158' title='bbox 2931 1288 3220 1344; x_wconf 84' lang='lat' dir='ltr'><strong>Rufﬂnum</strong></span> <span class='ocrx_word' id='word_1_159' title='bbox 3271 1286 3687 1358; x_wconf 83' lang='lat' dir='ltr'><strong>Aquileiensem</strong></span> 
     </span>
    </p>
   </div>
   <div class='ocr_carea' id='block_1_27' title="bbox 2097 1376 3688 1456">
    <p class='ocr_par' dir='ltr' id='par_1_27' title="bbox 2097 1376 3688 1456">
     <span class='ocr_line' id='line_1_27' title="bbox 2097 1376 3688 1456; baseline -0.006 -18"><span class='ocrx_word' id='word_1_160' title='bbox 2097 1382 2490 1456; x_wconf 84' lang='lat' dir='ltr'><strong>presbyterum</strong></span> <span class='ocrx_word' id='word_1_161' title='bbox 2508 1379 2763 1452; x_wconf 84' lang='lat' dir='ltr'><strong>agnoscit</strong></span> <span class='ocrx_word' id='word_1_162' title='bbox 2784 1383 3092 1445; x_wconf 88' lang='lat' dir='ltr'><strong>auctorem,</strong></span> <span class='ocrx_word' id='word_1_163' title='bbox 3109 1376 3198 1432; x_wconf 87' lang='lat' dir='ltr'><strong>vel</strong></span> <span class='ocrx_word' id='word_1_164' title='bbox 3216 1377 3610 1448; x_wconf 85' lang='lat' dir='ltr'><strong>interpretem;</strong></span> <span class='ocrx_word' id='word_1_165' title='bbox 3630 1378 3688 1429; x_wconf 87' lang='lat' dir='ltr'><strong>et</strong></span> 
     </span>
    </p>
   </div>
   <div class='ocr_carea' id='block_1_28' title="bbox 2097 1461 3629 1543">
    <p class='ocr_par' dir='ltr' id='par_1_28' title="bbox 2097 1461 3629 1543">
     <span class='ocr_line' id='line_1_28' title="bbox 2097 1461 3629 1543; baseline -0.008 -14"><span class='ocrx_word' id='word_1_166' title='bbox 2097 1488 2270 1528; x_wconf 78' lang='lat' dir='ltr'><strong>XXXIII</strong></span> <span class='ocrx_word' id='word_1_167' title='bbox 2288 1469 2563 1543; x_wconf 87' lang='lat' dir='ltr'><strong>capitibus</strong></span> <span class='ocrx_word' id='word_1_168' title='bbox 2579 1461 2901 1524; x_wconf 84' lang='lat' dir='ltr'><strong>absolvitur.</strong></span> <span class='ocrx_word' id='word_1_169' title='bbox 3624 1502 3629 1503; x_wconf 44' lang='grc' dir='ltr'><em>κ</em></span> 
     </span>
    </p>
   </div>
   <div class='ocr_carea' id='block_1_29' title="bbox 2169 1572 3688 1648">
    <p class='ocr_par' dir='ltr' id='par_1_29' title="bbox 2169 1572 3688 1648">
     <span class='ocr_line' id='line_1_29' title="bbox 2169 1572 3688 1648; baseline -0.005 -14"><span class='ocrx_word' id='word_1_170' title='bbox 2169 1579 2393 1634; x_wconf 90' lang='lat' dir='ltr'><strong>Tertius</strong></span> <span class='ocrx_word' id='word_1_171' title='bbox 2416 1576 2560 1632; x_wconf 90' lang='lat' dir='ltr'><strong>liber</strong></span> <span class='ocrx_word' id='word_1_172' title='bbox 2588 1572 3015 1648; x_wconf 89' lang='lat' dir='ltr'><strong>comprehendit</strong></span> <span class='ocrx_word' id='word_1_173' title='bbox 3040 1590 3152 1629; x_wconf 90' lang='lat' dir='ltr'><strong>non</strong></span> <span class='ocrx_word' id='word_1_174' title='bbox 3180 1577 3299 1628; x_wconf 87' lang='lat' dir='ltr'><strong>tam</strong></span> <span class='ocrx_word' id='word_1_175' title='bbox 3329 1573 3488 1628; x_wconf 87' lang='lat' dir='ltr'><strong>Vitas</strong></span> <span class='ocrx_word' id='word_1_176' title='bbox 3518 1588 3688 1644; x_wconf 86' lang='lat' dir='ltr'><strong>quam</strong></span> 
     </span>
    </p>
   </div>
   <div class='ocr_carea' id='block_1_30' title="bbox 2098 1662 3690 1729">
    <p class='ocr_par' dir='ltr' id='par_1_30' title="bbox 2098 1662 3690 1729">
     <span class='ocr_line' id='line_1_30' title="bbox 2098 1662 3690 1729; baseline -0.004 -6"><span class='ocrx_word' id='word_1_177' title='bbox 2098 1667 2284 1723; x_wconf 87' lang='lat' dir='ltr'><strong>Verba</strong></span> <span class='ocrx_word' id='word_1_178' title='bbox 2311 1667 2596 1722; x_wconf 89' lang='lat' dir='ltr'><strong>seniorum</strong></span> <span class='ocrx_word' id='word_1_179' title='bbox 2625 1665 2821 1720; x_wconf 89' lang='lat' dir='ltr'><strong>eodem</strong></span> <span class='ocrx_word' id='word_1_180' title='bbox 2863 1663 3087 1718; x_wconf 86' lang='lat' dir='ltr'><strong>Rufﬁno</strong></span> <span class='ocrx_word' id='word_1_181' title='bbox 3120 1667 3366 1729; x_wconf 86' lang='lat' dir='ltr'><strong>auctore,</strong></span> <span class='ocrx_word' id='word_1_182' title='bbox 3395 1662 3482 1717; x_wconf 90' lang='lat' dir='ltr'><strong>vel</strong></span> <span class='ocrx_word' id='word_1_183' title='bbox 3512 1663 3690 1717; x_wconf 87' lang='lat' dir='ltr'><strong>inter-</strong></span> 
     </span>
    </p>
   </div>
   <div class='ocr_carea' id='block_1_31' title="bbox 501 1751 3686 1843">
    <p class='ocr_par' dir='ltr' id='par_1_31' title="bbox 501 1751 3686 1843">
     <span class='ocr_line' id='line_1_31' title="bbox 501 1751 3686 1843; baseline -0.011 -1"><span class='ocrx_word' id='word_1_184' title='bbox 501 1751 726 1843; x_wconf 74' lang='lat' dir='ltr'><strong>Primus</strong></span> <span class='ocrx_word' id='word_1_185' title='bbox 753 1782 895 1837; x_wconf 90' lang='lat' dir='ltr'><strong>liber</strong></span> <span class='ocrx_word' id='word_1_186' title='bbox 912 1779 1096 1835; x_wconf 85' lang='lat' dir='ltr'><strong>varias</strong></span> <span class='ocrx_word' id='word_1_187' title='bbox 1123 1776 1371 1832; x_wconf 87' lang='lat' dir='ltr'><strong>continet</strong></span> <span class='ocrx_word' id='word_1_188' title='bbox 1383 1777 1617 1831; x_wconf 89' lang='lat' dir='ltr'><strong>Patrum</strong></span> <span class='ocrx_word' id='word_1_189' title='bbox 1627 1775 1803 1839; x_wconf 82' lang='lat' dir='ltr'><strong>Vitas,</strong></span> <span class='ocrx_word' id='word_1_190' title='bbox 1816 1778 1934 1827; x_wconf 83' lang='lat' dir='ltr'><strong>tam</strong></span> <span class='ocrx_word' id='word_1_191' title='bbox 1945 1771 2022 1825; x_wconf 92' lang='lat' dir='ltr'><strong>vi-</strong></span> <span class='ocrx_word' id='word_1_192' title='bbox 2036 1824 2082 1843; x_wconf 59' lang='grc' dir='ltr'><strong>π</strong></span> <span class='ocrx_word' id='word_1_193' title='bbox 2100 1762 2278 1830; x_wconf 68' lang='grc' dir='ltr'><strong>Ρτθῐθ·</strong></span> <span class='ocrx_word' id='word_1_194' title='bbox 2295 1757 2528 1811; x_wconf 72' lang='lat' dir='ltr'><strong>Constat</strong></span> <span class='ocrx_word' id='word_1_195' title='bbox 2544 1758 2733 1810; x_wconf 75' lang='lat' dir='ltr'><strong>autem</strong></span> <span class='ocrx_word' id='word_1_196' title='bbox 2758 1751 3128 1825; x_wconf 74' lang='lat' dir='ltr'><strong>Paragl‘aphis</strong></span> <span class='ocrx_word' id='word_1_197' title='bbox 3155 1768 3256 1807; x_wconf 85' lang='lat' dir='ltr'><strong>seu</strong></span> <span class='ocrx_word' id='word_1_198' title='bbox 3273 1751 3523 1807; x_wconf 88' lang='lat' dir='ltr'><strong>numeris</strong></span> <span class='ocrx_word' id='word_1_199' title='bbox 3533 1766 3686 1806; x_wconf 79' lang='lat' dir='ltr'><strong>ccxx.</strong></span> 
     </span>
    </p>
   </div>
   <div class='ocr_carea' id='block_1_32' title="bbox 429 1863 2023 1945">
    <p class='ocr_par' dir='ltr' id='par_1_32' title="bbox 429 1863 2023 1945">
     <span class='ocr_line' id='line_1_32' title="bbox 429 1863 2023 1945; baseline -0.011 -12"><span class='ocrx_word' id='word_1_200' title='bbox 429 1892 623 1933; x_wconf 84' lang='lat' dir='ltr'><strong>rarum</strong></span> <span class='ocrx_word' id='word_1_201' title='bbox 643 1889 815 1945; x_wconf 88' lang='lat' dir='ltr'><strong>quam</strong></span> <span class='ocrx_word' id='word_1_202' title='bbox 840 1870 1163 1934; x_wconf 88' lang='lat' dir='ltr'><strong>mulierum,</strong></span> <span class='ocrx_word' id='word_1_203' title='bbox 1190 1866 1287 1937; x_wconf 88' lang='lat' dir='ltr'><strong>qui</strong></span> <span class='ocrx_word' id='word_1_204' title='bbox 1306 1864 1604 1919; x_wconf 87' lang='lat' dir='ltr'><strong>asceticam</strong></span> <span class='ocrx_word' id='word_1_205' title='bbox 1616 1863 2023 1929; x_wconf 86' lang='lat' dir='ltr'><strong>excoluere,sa-</strong></span> 
     </span>
    </p>
   </div>
   <div class='ocr_carea' id='block_1_33' title="bbox 429 1950 2023 2026">
    <p class='ocr_par' dir='ltr' id='par_1_33' title="bbox 429 1950 2023 2026">
     <span class='ocr_line' id='line_1_33' title="bbox 429 1950 2023 2026; baseline -0.011 -4"><span class='ocrx_word' id='word_1_206' title='bbox 429 1966 504 2022; x_wconf 84' lang='lat' dir='ltr'><strong>tis</strong></span> <span class='ocrx_word' id='word_1_207' title='bbox 540 1965 662 2020; x_wconf 81' lang='lat' dir='ltr'><strong>fuse</strong></span> <span class='ocrx_word' id='word_1_208' title='bbox 680 1961 751 2017; x_wconf 88' lang='lat' dir='ltr'><strong>ab</strong></span> <span class='ocrx_word' id='word_1_209' title='bbox 771 1958 1091 2016; x_wconf 86' lang='lat' dir='ltr'><strong>auctoribus</strong></span> <span class='ocrx_word' id='word_1_210' title='bbox 1110 1953 1449 2026; x_wconf 88' lang='lat' dir='ltr'><strong>conscriptas</strong></span> <span class='ocrx_word' id='word_1_211' title='bbox 1484 1953 1749 2009; x_wconf 87' lang='lat' dir='ltr'><strong>Virorum</strong></span> <span class='ocrx_word' id='word_1_212' title='bbox 1795 1950 2023 2023; x_wconf 88' lang='lat' dir='ltr'><strong>quidem</strong></span> 
     </span>
    </p>
   </div>
   <div class='ocr_carea' id='block_1_34' title="bbox 429 2069 1559 2110">
    <p class='ocr_par' dir='ltr' id='par_1_34' title="bbox 429 2069 1559 2110">
     <span class='ocr_line' id='line_1_34' title="bbox 429 2069 1559 2110; baseline -0.014 0"><span class='ocrx_word' id='word_1_213' title='bbox 429 2069 541 2110; x_wconf 71' lang='lat' dir='ltr'><strong>XVI.</strong></span> <span class='ocrx_word' id='word_1_214' title='bbox 1553 2088 1559 2094; x_wconf 86' lang='lat'><strong>.</strong></span> 
     </span>
    </p>
   </div>
   <div class='ocr_carea' id='block_1_35' title="bbox 428 2130 1877 2209">
    <p class='ocr_par' dir='ltr' id='par_1_35' title="bbox 428 2130 1877 2209">
     <span class='ocr_line' id='line_1_35' title="bbox 428 2130 1877 2209; baseline -0.011 -11"><span class='ocrx_word' id='word_1_215' title='bbox 428 2143 486 2198; x_wconf 92' lang='lat' dir='ltr'><strong>S.</strong></span> <span class='ocrx_word' id='word_1_216' title='bbox 514 2143 683 2198; x_wconf 85' lang='lat' dir='ltr'><strong>Pauli</strong></span> <span class='ocrx_word' id='word_1_217' title='bbox 704 2141 887 2209; x_wconf 88' lang='lat' dir='ltr'><strong>primi</strong></span> <span class='ocrx_word' id='word_1_218' title='bbox 916 2137 1174 2191; x_wconf 67' lang='lat' dir='ltr'><strong>eremitee.</strong></span> <span class='ocrx_word' id='word_1_219' title='bbox 1250 2133 1309 2188; x_wconf 90' lang='lat' dir='ltr'><strong>S.</strong></span> <span class='ocrx_word' id='word_1_220' title='bbox 1342 2132 1614 2188; x_wconf 86' lang='lat' dir='ltr'><strong>Simeonis</strong></span> <span class='ocrx_word' id='word_1_221' title='bbox 1644 2130 1877 2198; x_wconf 70' lang='lat' dir='ltr'><strong>Stylitz.</strong></span> 
     </span>
    </p>
   </div>
   <div class='ocr_carea' id='block_1_36' title="bbox 429 2219 2025 2287">
    <p class='ocr_par' dir='ltr' id='par_1_36' title="bbox 429 2219 2025 2287">
     <span class='ocr_line' id='line_1_36' title="bbox 429 2219 2025 2287; baseline -0.01 0"><span class='ocrx_word' id='word_1_222' title='bbox 429 2231 487 2287; x_wconf 91' lang='lat' dir='ltr'><strong>S.</strong></span> <span class='ocrx_word' id='word_1_223' title='bbox 516 2231 751 2286; x_wconf 78' lang='lat' dir='ltr'><strong>Antonii</strong></span> <span class='ocrx_word' id='word_1_224' title='bbox 775 2228 1006 2282; x_wconf 77' lang='lat' dir='ltr'><strong>abbatis.</strong></span> <span class='ocrx_word' id='word_1_225' title='bbox 1261 2221 1320 2278; x_wconf 92' lang='lat' dir='ltr'><strong>S.</strong></span> <span class='ocrx_word' id='word_1_226' title='bbox 1411 2221 1647 2275; x_wconf 76' lang='lat' dir='ltr'><strong>Joannis</strong></span> <span class='ocrx_word' id='word_1_227' title='bbox 1718 2219 2025 2285; x_wconf 79' lang='lat' dir='ltr'><strong>Eteemosy-</strong></span> 
     </span>
    </p>
   </div>
   <div class='ocr_carea' id='block_1_37' title="bbox 1260 2311 1435 2365">
    <p class='ocr_par' dir='ltr' id='par_1_37' title="bbox 1260 2311 1435 2365">
     <span class='ocr_line' id='line_1_37' title="bbox 1260 2311 1435 2365; baseline -0.017 0"><span class='ocrx_word' id='word_1_228' title='bbox 1260 2311 1435 2365; x_wconf 88' lang='lat' dir='ltr'><strong>narii.</strong></span> 
     </span>
    </p>
   </div>
   <div class='ocr_carea' id='block_1_38' title="bbox 1249 2396 2024 2467">
    <p class='ocr_par' dir='ltr' id='par_1_38' title="bbox 1249 2396 2024 2467">
     <span class='ocr_line' id='line_1_38' title="bbox 1249 2396 2024 2467; baseline -0.006 -14"><span class='ocrx_word' id='word_1_229' title='bbox 1249 2396 1345 2453; x_wconf 88' lang='lat' dir='ltr'><strong>SS.</strong></span> <span class='ocrx_word' id='word_1_230' title='bbox 1380 2398 1611 2467; x_wconf 81' lang='lat' dir='ltr'><strong>Epicteti</strong></span> <span class='ocrx_word' id='word_1_231' title='bbox 1638 2396 1947 2466; x_wconf 76' lang='lat' dir='ltr'><strong>presbyteri</strong></span> <span class='ocrx_word' id='word_1_232' title='bbox 1974 2399 2024 2449; x_wconf 90' lang='lat' dir='ltr'><strong>et</strong></span> 
     </span>
    </p>
   </div>
   <div class='ocr_carea' id='block_1_39' title="bbox 1316 2484 1863 2542">
    <p class='ocr_par' dir='ltr' id='par_1_39' title="bbox 1316 2484 1863 2542">
     <span class='ocr_line' id='line_1_39' title="bbox 1316 2484 1863 2542; baseline -0.009 0"><span class='ocrx_word' id='word_1_233' title='bbox 1316 2487 1559 2542; x_wconf 78' lang='lat' dir='ltr'><strong>Astionis</strong></span> <span class='ocrx_word' id='word_1_234' title='bbox 1586 2484 1863 2540; x_wconf 87' lang='lat' dir='ltr'><strong>monachi.</strong></span> 
     </span>
    </p>
   </div>
   <div class='ocr_carea' id='block_1_40' title="bbox 430 2401 1137 2468">
    <p class='ocr_par' dir='ltr' id='par_1_40' title="bbox 430 2401 1137 2468">
     <span class='ocr_line' id='line_1_40' title="bbox 430 2401 1137 2468; baseline -0.017 -2"><span class='ocrx_word' id='word_1_235' title='bbox 430 2409 488 2468; x_wconf 92' lang='lat' dir='ltr'><strong>S.</strong></span> <span class='ocrx_word' id='word_1_236' title='bbox 518 2407 833 2465; x_wconf 76' lang='lat' dir='ltr'><strong>Hilarionis</strong></span> <span class='ocrx_word' id='word_1_237' title='bbox 862 2401 1137 2457; x_wconf 81' lang='lat' dir='ltr'><strong>monachi.</strong></span> 
     </span>
    </p>
   </div>
   <div class='ocr_carea' id='block_1_41' title="bbox 427 2493 1227 2563">
    <p class='ocr_par' dir='ltr' id='par_1_41' title="bbox 427 2493 1227 2563">
     <span class='ocr_line' id='line_1_41' title="bbox 427 2493 1227 2563; baseline -0.018 -8"><span class='ocrx_word' id='word_1_238' title='bbox 427 2499 485 2555; x_wconf 89' lang='lat' dir='ltr'><strong>S.</strong></span> <span class='ocrx_word' id='word_1_239' title='bbox 519 2497 744 2562; x_wconf 81' lang='lat' dir='ltr'><strong>Malehi,</strong></span> <span class='ocrx_word' id='word_1_240' title='bbox 787 2493 990 2563; x_wconf 82' lang='lat' dir='ltr'><strong>captivi</strong></span> <span class='ocrx_word' id='word_1_241' title='bbox 1030 2503 1227 2544; x_wconf 89' lang='lat' dir='ltr'><strong>mona-</strong></span> 
     </span>
    </p>
   </div>
   <div class='ocr_carea' id='block_1_42' title="bbox 502 2587 609 2642">
    <p class='ocr_par' dir='ltr' id='par_1_42' title="bbox 502 2587 609 2642">
     <span class='ocr_line' id='line_1_42' title="bbox 502 2587 609 2642; baseline -0.028 0"><span class='ocrx_word' id='word_1_242' title='bbox 502 2587 609 2642; x_wconf 81' lang='lat' dir='ltr'><strong>chi.</strong></span> 
     </span>
    </p>
   </div>
   <div class='ocr_carea' id='block_1_43' title="bbox 426 2662 2025 2743">
    <p class='ocr_par' dir='ltr' id='par_1_43' title="bbox 426 2662 2025 2743">
     <span class='ocr_line' id='line_1_43' title="bbox 426 2662 2025 2743; baseline -0.01 -11"><span class='ocrx_word' id='word_1_243' title='bbox 426 2676 486 2732; x_wconf 92' lang='lat' dir='ltr'><strong>S.</strong></span> <span class='ocrx_word' id='word_1_244' title='bbox 516 2673 798 2743; x_wconf 86' lang='lat' dir='ltr'><strong>Onuphrii</strong></span> <span class='ocrx_word' id='word_1_245' title='bbox 823 2670 1077 2725; x_wconf 71' lang='lat' dir='ltr'><strong>eremitz.</strong></span> <span class='ocrx_word' id='word_1_246' title='bbox 1238 2665 1296 2722; x_wconf 90' lang='lat' dir='ltr'><strong>S.</strong></span> <span class='ocrx_word' id='word_1_247' title='bbox 1336 2663 1856 2728; x_wconf 76' lang='lat' dir='ltr'><strong>MaeariiRomani,</strong></span> <span class='ocrx_word' id='word_1_248' title='bbox 1879 2662 2025 2716; x_wconf 88' lang='lat' dir='ltr'><strong>servi</strong></span> 
     </span>
    </p>
   </div>
   <div class='ocr_carea' id='block_1_44' title="bbox 1308 2753 2022 2821">
    <p class='ocr_par' dir='ltr' id='par_1_44' title="bbox 1308 2753 2022 2821">
     <span class='ocr_line' id='line_1_44' title="bbox 1308 2753 2022 2821; baseline -0.004 -14"><span class='ocrx_word' id='word_1_249' title='bbox 1308 2754 1423 2817; x_wconf 88' lang='lat' dir='ltr'><strong>Dei,</strong></span> <span class='ocrx_word' id='word_1_250' title='bbox 1478 2753 1579 2821; x_wconf 88' lang='lat' dir='ltr'><strong>qui</strong></span> <span class='ocrx_word' id='word_1_251' title='bbox 1636 2754 1893 2805; x_wconf 84' lang='lat' dir='ltr'><strong>inventus</strong></span> <span class='ocrx_word' id='word_1_252' title='bbox 1948 2754 2022 2804; x_wconf 87' lang='lat' dir='ltr'><strong>est</strong></span> 
     </span>
    </p>
   </div>
   <div class='ocr_carea' id='block_1_45' title="bbox 426 2841 1844 2911">
    <p class='ocr_par' dir='ltr' id='par_1_45' title="bbox 426 2841 1844 2911">
     <span class='ocr_line' id='line_1_45' title="bbox 426 2841 1844 2911; baseline -0.011 -2"><span class='ocrx_word' id='word_1_253' title='bbox 426 2852 486 2909; x_wconf 91' lang='lat' dir='ltr'><strong>S.</strong></span> <span class='ocrx_word' id='word_1_254' title='bbox 516 2850 797 2907; x_wconf 80' lang='lat' dir='ltr'><strong>Pachomii</strong></span> <span class='ocrx_word' id='word_1_255' title='bbox 824 2847 1036 2901; x_wconf 75' lang='lat' dir='ltr'><strong>abbatis</strong></span> <span class='ocrx_word' id='word_1_256' title='bbox 1084 2845 1187 2899; x_wconf 88' lang='lat' dir='ltr'><strong>Ta-</strong></span> <span class='ocrx_word' id='word_1_257' title='bbox 1295 2844 1466 2911; x_wconf 68' lang='lat' dir='ltr'><strong>juxta</strong></span> <span class='ocrx_word' id='word_1_258' title='bbox 1488 2841 1844 2895; x_wconf 85' lang='lat' dir='ltr'><strong>Paradisum.</strong></span> 
     </span>
    </p>
   </div>
   <div class='ocr_carea' id='block_1_46' title="bbox 504 2941 737 2994">
    <p class='ocr_par' dir='ltr' id='par_1_46' title="bbox 504 2941 737 2994">
     <span class='ocr_line' id='line_1_46' title="bbox 504 2941 737 2994; baseline -0.017 0"><span class='ocrx_word' id='word_1_259' title='bbox 504 2941 737 2994; x_wconf 84' lang='lat' dir='ltr'><strong>bennen.</strong></span> 
     </span>
    </p>
   </div>
   <div class='ocr_carea' id='block_1_47' title="bbox 429 3018 2026 3085">
    <p class='ocr_par' dir='ltr' id='par_1_47' title="bbox 429 3018 2026 3085">
     <span class='ocr_line' id='line_1_47' title="bbox 429 3018 2026 3085; baseline -0.009 -1"><span class='ocrx_word' id='word_1_260' title='bbox 429 3027 490 3084; x_wconf 93' lang='lat' dir='ltr'><strong>S.</strong></span> <span class='ocrx_word' id='word_1_261' title='bbox 518 3026 802 3083; x_wconf 80' lang='lat' dir='ltr'><strong>Abraham</strong></span> <span class='ocrx_word' id='word_1_262' title='bbox 825 3025 1082 3078; x_wconf 68' lang='lat' dir='ltr'><strong>eremitz.</strong></span> <span class='ocrx_word' id='word_1_263' title='bbox 1228 3020 1284 3073; x_wconf 85' lang='grc' dir='ltr'><strong>Β.</strong></span> <span class='ocrx_word' id='word_1_264' title='bbox 1304 3018 1632 3083; x_wconf 88' lang='lat' dir='ltr'><strong>Posthumii,</strong></span> <span class='ocrx_word' id='word_1_265' title='bbox 1663 3019 1850 3071; x_wconf 83' lang='lat' dir='ltr'><strong>Patris</strong></span> <span class='ocrx_word' id='word_1_266' title='bbox 1863 3018 2026 3085; x_wconf 87' lang='lat' dir='ltr'><strong>quin-</strong></span> 
     </span>
    </p>
   </div>
   <div class='ocr_carea' id='block_1_48' title="bbox 2036 1824 2084 1885">
    <p class='ocr_par' dir='ltr' id='par_1_48' title="bbox 2036 1824 2084 1885">
     <span class='ocr_line' id='line_1_48' title="bbox 2036 1824 2084 1885; baseline 0 0"><span class='ocrx_word' id='word_1_267' title='bbox 2036 1824 2084 1885; x_wconf 93' lang='lat' dir='ltr'><strong>B</strong></span> 
     </span>
    </p>
   </div>
   <div class='ocr_carea' id='block_1_49' title="bbox 2175 1859 3696 1930">
    <p class='ocr_par' dir='ltr' id='par_1_49' title="bbox 2175 1859 3696 1930">
     <span class='ocr_line' id='line_1_49' title="bbox 2175 1859 3696 1930; baseline -0.005 -10"><span class='ocrx_word' id='word_1_268' title='bbox 2175 1865 2420 1930; x_wconf 85' lang='lat' dir='ltr'><strong>Quartus</strong></span> <span class='ocrx_word' id='word_1_269' title='bbox 2444 1861 2587 1917; x_wconf 88' lang='lat' dir='ltr'><strong>liber</strong></span> <span class='ocrx_word' id='word_1_270' title='bbox 2615 1878 2682 1917; x_wconf 91' lang='lat' dir='ltr'><strong>ex</strong></span> <span class='ocrx_word' id='word_1_271' title='bbox 2714 1861 2916 1915; x_wconf 88' lang='lat' dir='ltr'><strong>Severo</strong></span> <span class='ocrx_word' id='word_1_272' title='bbox 2951 1859 3197 1930; x_wconf 91' lang='lat' dir='ltr'><strong>Sulpicio</strong></span> <span class='ocrx_word' id='word_1_273' title='bbox 3217 1864 3275 1914; x_wconf 91' lang='lat' dir='ltr'><strong>et</strong></span> <span class='ocrx_word' id='word_1_274' title='bbox 3311 1860 3528 1914; x_wconf 86' lang='lat' dir='ltr'><strong>Joanne</strong></span> <span class='ocrx_word' id='word_1_275' title='bbox 3556 1860 3696 1915; x_wconf 86' lang='lat' dir='ltr'><strong>Cas-</strong></span> 
     </span>
    </p>
   </div>
   <div class='ocr_carea' id='block_1_50' title="bbox 2104 1947 3698 2019">
    <p class='ocr_par' dir='ltr' id='par_1_50' title="bbox 2104 1947 3698 2019">
     <span class='ocr_line' id='line_1_50' title="bbox 2104 1947 3698 2019; baseline -0.005 -10"><span class='ocrx_word' id='word_1_276' title='bbox 2104 1954 2263 2009; x_wconf 89' lang='lat' dir='ltr'><strong>siano</strong></span> <span class='ocrx_word' id='word_1_277' title='bbox 2282 1952 2558 2007; x_wconf 88' lang='lat' dir='ltr'><strong>conﬂatus</strong></span> <span class='ocrx_word' id='word_1_278' title='bbox 2586 1956 2643 2005; x_wconf 89' lang='lat' dir='ltr'><strong>et</strong></span> <span class='ocrx_word' id='word_1_279' title='bbox 2674 1948 3056 2014; x_wconf 89' lang='lat' dir='ltr'><strong>concinnatus,</strong></span> <span class='ocrx_word' id='word_1_280' title='bbox 3087 1947 3239 2002; x_wconf 89' lang='lat' dir='ltr'><strong>illius</strong></span> <span class='ocrx_word' id='word_1_281' title='bbox 3267 1947 3492 2019; x_wconf 90' lang='lat' dir='ltr'><strong>quidem</strong></span> <span class='ocrx_word' id='word_1_282' title='bbox 3514 1947 3698 2002; x_wconf 88' lang='lat' dir='ltr'><strong>Dialo-</strong></span> 
     </span>
    </p>
   </div>
   <div class='ocr_carea' id='block_1_51' title="bbox 2102 2035 3699 2114">
    <p class='ocr_par' dir='ltr' id='par_1_51' title="bbox 2102 2035 3699 2114">
     <span class='ocr_line' id='line_1_51' title="bbox 2102 2035 3699 2114; baseline -0.005 -17"><span class='ocrx_word' id='word_1_283' title='bbox 2102 2043 2208 2114; x_wconf 88' lang='lat' dir='ltr'><strong>gis,</strong></span> <span class='ocrx_word' id='word_1_284' title='bbox 2236 2041 2407 2112; x_wconf 88' lang='lat' dir='ltr'><strong>hujus</strong></span> <span class='ocrx_word' id='word_1_285' title='bbox 2432 2056 2562 2095; x_wconf 90' lang='lat' dir='ltr'><strong>vero</strong></span> <span class='ocrx_word' id='word_1_286' title='bbox 2590 2035 3047 2094; x_wconf 87' lang='lat' dir='ltr'><strong>Institutionibus</strong></span> <span class='ocrx_word' id='word_1_287' title='bbox 3073 2041 3130 2091; x_wconf 91' lang='lat' dir='ltr'><strong>et</strong></span> <span class='ocrx_word' id='word_1_288' title='bbox 3158 2036 3584 2100; x_wconf 83' lang='lat' dir='ltr'><strong>Collationibus,</strong></span> <span class='ocrx_word' id='word_1_289' title='bbox 3606 2053 3699 2090; x_wconf 89' lang='lat' dir='ltr'><strong>va-</strong></span> 
     </span>
    </p>
   </div>
   <div class='ocr_carea' id='block_1_52' title="bbox 2106 2125 3698 2197">
    <p class='ocr_par' dir='ltr' id='par_1_52' title="bbox 2106 2125 3698 2197">
     <span class='ocr_line' id='line_1_52' title="bbox 2106 2125 3698 2197; baseline -0.004 -12"><span class='ocrx_word' id='word_1_290' title='bbox 2106 2131 2193 2185; x_wconf 89' lang='lat' dir='ltr'><strong>ria</strong></span> <span class='ocrx_word' id='word_1_291' title='bbox 2209 2130 2460 2185; x_wconf 89' lang='lat' dir='ltr'><strong>continet</strong></span> <span class='ocrx_word' id='word_1_292' title='bbox 2486 2129 2721 2184; x_wconf 83' lang='lat' dir='ltr'><strong>Patrum</strong></span> <span class='ocrx_word' id='word_1_293' title='bbox 2751 2125 3005 2197; x_wconf 88' lang='lat' dir='ltr'><strong>exempla</strong></span> <span class='ocrx_word' id='word_1_294' title='bbox 3031 2130 3088 2181; x_wconf 92' lang='lat' dir='ltr'><strong>et</strong></span> <span class='ocrx_word' id='word_1_295' title='bbox 3105 2125 3339 2194; x_wconf 89' lang='lat' dir='ltr'><strong>monita;</strong></span> <span class='ocrx_word' id='word_1_296' title='bbox 3366 2129 3698 2197; x_wconf 87' lang='lat' dir='ltr'><strong>constatque</strong></span> 
     </span>
    </p>
   </div>
   <div class='ocr_carea' id='block_1_53' title="bbox 2106 2218 2485 2292">
    <p class='ocr_par' dir='ltr' id='par_1_53' title="bbox 2106 2218 2485 2292">
     <span class='ocr_line' id='line_1_53' title="bbox 2106 2218 2485 2292; baseline -0.011 -16"><span class='ocrx_word' id='word_1_297' title='bbox 2106 2218 2381 2292; x_wconf 84' lang='lat' dir='ltr'><strong>capitibus</strong></span> <span class='ocrx_word' id='word_1_298' title='bbox 2396 2232 2485 2273; x_wconf 81' lang='lat' dir='ltr'><strong>LV.</strong></span> 
     </span>
    </p>
   </div>
   <div class='ocr_carea' id='block_1_54' title="bbox 2177 2321 3696 2394">
    <p class='ocr_par' dir='ltr' id='par_1_54' title="bbox 2177 2321 3696 2394">
     <span class='ocr_line' id='line_1_54' title="bbox 2177 2321 3696 2394; baseline -0.004 -11"><span class='ocrx_word' id='word_1_299' title='bbox 2177 2325 2418 2391; x_wconf 85' lang='lat' dir='ltr'><strong>Quintus</strong></span> <span class='ocrx_word' id='word_1_300' title='bbox 2432 2323 2577 2379; x_wconf 88' lang='lat' dir='ltr'><strong>liber</strong></span> <span class='ocrx_word' id='word_1_301' title='bbox 2589 2328 2818 2378; x_wconf 89' lang='lat' dir='ltr'><strong>auctore</strong></span> <span class='ocrx_word' id='word_1_302' title='bbox 2832 2323 3030 2378; x_wconf 67' lang='lat' dir='ltr'><strong>Graeco</strong></span> <span class='ocrx_word' id='word_1_303' title='bbox 3055 2321 3282 2394; x_wconf 89' lang='lat' dir='ltr'><strong>quidem</strong></span> <span class='ocrx_word' id='word_1_304' title='bbox 3301 2321 3696 2386; x_wconf 79' lang='lat' dir='ltr'><strong>incerto,certo</strong></span> 
     </span>
    </p>
   </div>
   <div class='ocr_carea' id='block_1_55' title="bbox 2103 2408 3696 2484">
    <p class='ocr_par' dir='ltr' id='par_1_55' title="bbox 2103 2408 3696 2484">
     <span class='ocr_line' id='line_1_55' title="bbox 2103 2408 3696 2484; baseline -0.004 -12"><span class='ocrx_word' id='word_1_305' title='bbox 2103 2422 2296 2472; x_wconf 91' lang='lat' dir='ltr'><strong>tamen</strong></span> <span class='ocrx_word' id='word_1_306' title='bbox 2326 2414 2633 2484; x_wconf 87' lang='lat' dir='ltr'><strong>interprete</strong></span> <span class='ocrx_word' id='word_1_307' title='bbox 2678 2411 2906 2482; x_wconf 81' lang='lat' dir='ltr'><strong>Pelagio</strong></span> <span class='ocrx_word' id='word_1_308' title='bbox 2943 2412 3000 2467; x_wconf 92' lang='lat' dir='ltr'><strong>S.</strong></span> <span class='ocrx_word' id='word_1_309' title='bbox 3032 2411 3100 2467; x_wconf 86' lang='lat' dir='ltr'><strong>R.</strong></span> <span class='ocrx_word' id='word_1_310' title='bbox 3132 2412 3196 2467; x_wconf 93' lang='grc' dir='ltr'><strong>Ε.</strong></span> <span class='ocrx_word' id='word_1_311' title='bbox 3227 2411 3482 2477; x_wconf 83' lang='lat' dir='ltr'><strong>diacono,</strong></span> <span class='ocrx_word' id='word_1_312' title='bbox 3509 2408 3696 2465; x_wconf 80' lang='lat' dir='ltr'><strong>Verba</strong></span> 
     </span>
    </p>
   </div>
   <div class='ocr_carea' id='block_1_56' title="bbox 2102 2499 3690 2572">
    <p class='ocr_par' dir='ltr' id='par_1_56' title="bbox 2102 2499 3690 2572">
     <span class='ocr_line' id='line_1_56' title="bbox 2102 2499 3690 2572; baseline -0.004 -13"><span class='ocrx_word' id='word_1_313' title='bbox 2102 2504 2391 2559; x_wconf 84' lang='lat' dir='ltr'><strong>seniorum</strong></span> <span class='ocrx_word' id='word_1_314' title='bbox 2435 2499 2842 2572; x_wconf 89' lang='lat' dir='ltr'><strong>complectitur.</strong></span> <span class='ocrx_word' id='word_1_315' title='bbox 2868 2499 3071 2555; x_wconf 89' lang='lat' dir='ltr'><strong>libellis</strong></span> <span class='ocrx_word' id='word_1_316' title='bbox 3086 2513 3224 2555; x_wconf 80' lang='lat' dir='ltr'><strong>xvm</strong></span> <span class='ocrx_word' id='word_1_317' title='bbox 3251 2499 3690 2571; x_wconf 60' lang='lat' dir='ltr'><strong>comprehensa;</strong></span> 
     </span>
    </p>
   </div>
   <div class='ocr_carea' id='block_1_57' title="bbox 2103 2590 3695 2665">
    <p class='ocr_par' dir='ltr' id='par_1_57' title="bbox 2103 2590 3695 2665">
     <span class='ocr_line' id='line_1_57' title="bbox 2103 2590 3695 2665; baseline -0.004 -17"><span class='ocrx_word' id='word_1_318' title='bbox 2103 2608 2344 2665; x_wconf 92' lang='lat' dir='ltr'><strong>quorum</strong></span> <span class='ocrx_word' id='word_1_319' title='bbox 2371 2590 2587 2663; x_wconf 89' lang='lat' dir='ltr'><strong>primus</strong></span> <span class='ocrx_word' id='word_1_320' title='bbox 2614 2594 2703 2644; x_wconf 90' lang='lat' dir='ltr'><strong>est</strong></span> <span class='ocrx_word' id='word_1_321' title='bbox 2719 2590 2793 2644; x_wconf 87' lang='lat' dir='ltr'><strong>De</strong></span> <span class='ocrx_word' id='word_1_322' title='bbox 2820 2590 3071 2656; x_wconf 78' lang='lat' dir='ltr'><strong>Pro/ecta</strong></span> <span class='ocrx_word' id='word_1_323' title='bbox 3088 2590 3343 2653; x_wconf 80' lang='lat' dir='ltr'><strong>Patrum;</strong></span> <span class='ocrx_word' id='word_1_324' title='bbox 3364 2593 3695 2660; x_wconf 87' lang='lat' dir='ltr'><strong>constatque</strong></span> 
     </span>
    </p>
   </div>
   <div class='ocr_carea' id='block_1_58' title="bbox 2103 2677 3691 2754">
    <p class='ocr_par' dir='ltr' id='par_1_58' title="bbox 2103 2677 3691 2754">
     <span class='ocr_line' id='line_1_58' title="bbox 2103 2677 3691 2754; baseline -0.003 -18"><span class='ocrx_word' id='word_1_325' title='bbox 2103 2679 2470 2754; x_wconf 85' lang='lat' dir='ltr'><strong>paragraphis</strong></span> <span class='ocrx_word' id='word_1_326' title='bbox 2488 2694 2589 2733; x_wconf 89' lang='lat' dir='ltr'><strong>seu</strong></span> <span class='ocrx_word' id='word_1_327' title='bbox 2616 2678 2868 2732; x_wconf 85' lang='lat' dir='ltr'><strong>numeris</strong></span> <span class='ocrx_word' id='word_1_328' title='bbox 2894 2691 3063 2745; x_wconf 84' lang='lat' dir='ltr'><strong>xvm;</strong></span> <span class='ocrx_word' id='word_1_329' title='bbox 3085 2678 3364 2733; x_wconf 86' lang='lat' dir='ltr'><strong>secundus</strong></span> <span class='ocrx_word' id='word_1_330' title='bbox 3383 2680 3458 2733; x_wconf 89' lang='lat' dir='ltr'><strong>De</strong></span> <span class='ocrx_word' id='word_1_331' title='bbox 3488 2677 3691 2744; x_wconf 77' lang='lat' dir='ltr'><strong>Quiete,</strong></span> 
     </span>
    </p>
   </div>
   <div class='ocr_carea' id='block_1_59' title="bbox 2106 2766 3698 2836">
    <p class='ocr_par' dir='ltr' id='par_1_59' title="bbox 2106 2766 3698 2836">
     <span class='ocr_line' id='line_1_59' title="bbox 2106 2766 3698 2836; baseline -0.003 -11"><span class='ocrx_word' id='word_1_332' title='bbox 2106 2784 2473 2826; x_wconf 87' lang='lat' dir='ltr'><strong>numerorum</strong></span> <span class='ocrx_word' id='word_1_333' title='bbox 2492 2783 2614 2834; x_wconf 80' lang='lat' dir='ltr'><strong>xVI;</strong></span> <span class='ocrx_word' id='word_1_334' title='bbox 2645 2766 2846 2822; x_wconf 86' lang='lat' dir='ltr'><strong>tertius</strong></span> <span class='ocrx_word' id='word_1_335' title='bbox 2875 2768 2949 2822; x_wconf 87' lang='lat' dir='ltr'><strong>De</strong></span> <span class='ocrx_word' id='word_1_336' title='bbox 2969 2767 3411 2836; x_wconf 80' lang='lat' dir='ltr'><strong>Gompunctione,</strong></span> <span class='ocrx_word' id='word_1_337' title='bbox 3435 2781 3698 2822; x_wconf 86' lang='lat' dir='ltr'><strong>numero-</strong></span> 
     </span>
    </p>
   </div>
   <div class='ocr_carea' id='block_1_60' title="bbox 2105 2855 3691 2928">
    <p class='ocr_par' dir='ltr' id='par_1_60' title="bbox 2105 2855 3691 2928">
     <span class='ocr_line' id='line_1_60' title="bbox 2105 2855 3691 2928; baseline -0.003 -14"><span class='ocrx_word' id='word_1_338' title='bbox 2105 2876 2233 2914; x_wconf 89' lang='lat' dir='ltr'><strong>rum</strong></span> <span class='ocrx_word' id='word_1_339' title='bbox 2246 2875 2412 2922; x_wconf 84' lang='lat' dir='ltr'><strong>xxvn;</strong></span> <span class='ocrx_word' id='word_1_340' title='bbox 2437 2860 2671 2928; x_wconf 89' lang='lat' dir='ltr'><strong>quartus</strong></span> <span class='ocrx_word' id='word_1_341' title='bbox 2683 2856 2756 2910; x_wconf 85' lang='lat' dir='ltr'><strong>De</strong></span> <span class='ocrx_word' id='word_1_342' title='bbox 2774 2855 3144 2921; x_wconf 75' lang='lat' dir='ltr'><strong>Continentia,</strong></span> <span class='ocrx_word' id='word_1_343' title='bbox 3174 2872 3539 2911; x_wconf 89' lang='lat' dir='ltr'><strong>numerorum</strong></span> <span class='ocrx_word' id='word_1_344' title='bbox 3558 2870 3691 2922; x_wconf 83' lang='lat' dir='ltr'><strong>Lxx;</strong></span> 
     </span>
    </p>
   </div>
   <div class='ocr_carea' id='block_1_61' title="bbox 2107 2945 3698 3019">
    <p class='ocr_par' dir='ltr' id='par_1_61' title="bbox 2107 2945 3698 3019">
     <span class='ocr_line' id='line_1_61' title="bbox 2107 2945 3698 3019; baseline -0.003 -17"><span class='ocrx_word' id='word_1_345' title='bbox 2107 2947 2339 3019; x_wconf 88' lang='lat' dir='ltr'><strong>quintus</strong></span> <span class='ocrx_word' id='word_1_346' title='bbox 2382 2947 2455 3000; x_wconf 87' lang='lat' dir='ltr'><strong>De</strong></span> <span class='ocrx_word' id='word_1_347' title='bbox 2505 2945 2911 3012; x_wconf 79' lang='lat' dir='ltr'><strong>Fornieatione,</strong></span> <span class='ocrx_word' id='word_1_348' title='bbox 2962 2956 3330 2999; x_wconf 89' lang='lat' dir='ltr'><strong>numerorum</strong></span> <span class='ocrx_word' id='word_1_349' title='bbox 3349 2958 3476 3010; x_wconf 80' lang='lat' dir='ltr'><strong>XLI;</strong></span> <span class='ocrx_word' id='word_1_350' title='bbox 3507 2948 3698 2998; x_wconf 81' lang='lat' dir='ltr'><strong>sextus</strong></span> 
     </span>
    </p>
   </div>
   <div class='ocr_carea' id='block_1_62' title="bbox 2107 3032 3699 3103">
    <p class='ocr_par' dir='ltr' id='par_1_62' title="bbox 2107 3032 3699 3103">
     <span class='ocr_line' id='line_1_62' title="bbox 2107 3032 3699 3103; baseline -0.003 -13"><span class='ocrx_word' id='word_1_351' title='bbox 2107 3037 2179 3090; x_wconf 87' lang='lat' dir='ltr'><strong>De</strong></span> <span class='ocrx_word' id='word_1_352' title='bbox 2208 3051 2265 3090; x_wconf 86' lang='lat' dir='ltr'><strong>eo</strong></span> <span class='ocrx_word' id='word_1_353' title='bbox 2281 3034 2425 3103; x_wconf 87' lang='lat' dir='ltr'><strong>quod</strong></span> <span class='ocrx_word' id='word_1_354' title='bbox 2442 3032 2747 3087; x_wconf 85' lang='lat' dir='ltr'><strong>monachus</strong></span> <span class='ocrx_word' id='word_1_355' title='bbox 2758 3032 2908 3086; x_wconf 86' lang='lat' dir='ltr'><strong>nihil</strong></span> <span class='ocrx_word' id='word_1_356' title='bbox 2926 3032 3111 3085; x_wconf 85' lang='lat' dir='ltr'><strong>debeat</strong></span> <span class='ocrx_word' id='word_1_357' title='bbox 3124 3034 3416 3101; x_wconf 87' lang='lat' dir='ltr'><strong>possidere,</strong></span> <span class='ocrx_word' id='word_1_358' title='bbox 3438 3048 3699 3088; x_wconf 86' lang='lat' dir='ltr'><strong>numero-</strong></span> 
     </span>
    </p>
   </div>
   <div class='ocr_carea' id='block_1_63' title="bbox 1310 3108 3701 3199">
    <p class='ocr_par' dir='ltr' id='par_1_63' title="bbox 1310 3108 3701 3199">
     <span class='ocr_line' id='line_1_63' title="bbox 1310 3108 3701 3199; baseline 0.001 -25"><span class='ocrx_word' id='word_1_359' title='bbox 1310 3128 1411 3181; x_wconf 76' lang='lat' dir='ltr'><strong>que</strong></span> <span class='ocrx_word' id='word_1_360' title='bbox 1452 3112 1703 3165; x_wconf 57' lang='lat' dir='ltr'><strong>militum</strong></span> <span class='ocrx_word' id='word_1_361' title='bbox 1729 3108 2024 3165; x_wconf 73' lang='grc' dir='ltr'><strong>υιοηαοῘιο·</strong></span> <span class='ocrx_word' id='word_1_362' title='bbox 2045 3137 2090 3199; x_wconf 75' lang='grc' dir='ltr'>ο</span> <span class='ocrx_word' id='word_1_363' title='bbox 2107 3140 2235 3179; x_wconf 87' lang='lat' dir='ltr'><strong>rum</strong></span> <span class='ocrx_word' id='word_1_364' title='bbox 2264 3136 2406 3185; x_wconf 84' lang='lat' dir='ltr'><strong>xxn;</strong></span> <span class='ocrx_word' id='word_1_365' title='bbox 2426 3121 2699 3192; x_wconf 89' lang='lat' dir='ltr'><strong>septimus</strong></span> <span class='ocrx_word' id='word_1_366' title='bbox 2716 3121 3077 3175; x_wconf 85' lang='lat' dir='ltr'><strong>DePatientia</strong></span> <span class='ocrx_word' id='word_1_367' title='bbox 3102 3138 3197 3175; x_wconf 85' lang='lat' dir='ltr'><strong>seu</strong></span> <span class='ocrx_word' id='word_1_368' title='bbox 3216 3122 3582 3187; x_wconf 82' lang='lat' dir='ltr'><strong>Fortitudine,</strong></span> <span class='ocrx_word' id='word_1_369' title='bbox 3596 3136 3701 3176; x_wconf 89' lang='lat' dir='ltr'><strong>nu-</strong></span> 
     </span>
    </p>
   </div>
   <div class='ocr_carea' id='block_1_64' title="bbox 433 3202 1457 3270">
    <p class='ocr_par' dir='ltr' id='par_1_64' title="bbox 433 3202 1457 3270">
     <span class='ocr_line' id='line_1_64' title="bbox 433 3202 1457 3270; baseline -0.013 -4"><span class='ocrx_word' id='word_1_370' title='bbox 433 3209 493 3266; x_wconf 93' lang='lat' dir='ltr'><strong>S.</strong></span> <span class='ocrx_word' id='word_1_371' title='bbox 550 3208 767 3264; x_wconf 82' lang='lat' dir='ltr'><strong>Basilii.</strong></span> <span class='ocrx_word' id='word_1_372' title='bbox 801 3204 1051 3260; x_wconf 63' lang='lat' dir='ltr'><strong>Caesareae</strong></span> <span class='ocrx_word' id='word_1_373' title='bbox 1075 3202 1207 3270; x_wconf 78' lang='lat' dir='ltr'><strong>Cap-</strong></span> <span class='ocrx_word' id='word_1_374' title='bbox 1305 3216 1457 3253; x_wconf 89' lang='lat' dir='ltr'><strong>rum.</strong></span> 
     </span>
    </p>
   </div>
   <div class='ocr_carea' id='block_1_65' title="bbox 497 3289 1862 3366">
    <p class='ocr_par' dir='ltr' id='par_1_65' title="bbox 497 3289 1862 3366">
     <span class='ocr_line' id='line_1_65' title="bbox 497 3289 1862 3366; baseline -0.005 -14"><span class='ocrx_word' id='word_1_375' title='bbox 497 3297 737 3366; x_wconf 73' lang='lat' dir='ltr'><strong>padoeiae</strong></span> <span class='ocrx_word' id='word_1_376' title='bbox 762 3292 1172 3361; x_wconf 82' lang='lat' dir='ltr'><strong>archiepiscopi.</strong></span> <span class='ocrx_word' id='word_1_377' title='bbox 1223 3290 1280 3345; x_wconf 89' lang='lat' dir='ltr'><strong>S.</strong></span> <span class='ocrx_word' id='word_1_378' title='bbox 1309 3289 1602 3343; x_wconf 80' lang='lat' dir='ltr'><strong>Frontonii</strong></span> <span class='ocrx_word' id='word_1_379' title='bbox 1629 3289 1862 3345; x_wconf 82' lang='lat' dir='ltr'><strong>abbatis.</strong></span> 
     </span>
    </p>
   </div>
   <div class='ocr_carea' id='block_1_66' title="bbox 429 3376 2004 3454">
    <p class='ocr_par' dir='ltr' id='par_1_66' title="bbox 429 3376 2004 3454">
     <span class='ocr_line' id='line_1_66' title="bbox 429 3376 2004 3454; baseline -0.008 -13"><span class='ocrx_word' id='word_1_380' title='bbox 429 3385 488 3441; x_wconf 88' lang='lat' dir='ltr'><strong>S.</strong></span> <span class='ocrx_word' id='word_1_381' title='bbox 553 3384 802 3454; x_wconf 62' lang='lat' dir='ltr'><strong>Ephrem</strong></span> <span class='ocrx_word' id='word_1_382' title='bbox 846 3380 1001 3449; x_wconf 82' lang='lat' dir='ltr'><strong>Syri,</strong></span> <span class='ocrx_word' id='word_1_383' title='bbox 1033 3381 1177 3434; x_wconf 89' lang='lat' dir='ltr'><strong>diae.</strong></span> <span class='ocrx_word' id='word_1_384' title='bbox 1226 3377 1326 3434; x_wconf 91' lang='lat' dir='ltr'><strong>SS.</strong></span> <span class='ocrx_word' id='word_1_385' title='bbox 1358 3380 1622 3432; x_wconf 85' lang='lat' dir='ltr'><strong>Barlaam</strong></span> <span class='ocrx_word' id='word_1_386' title='bbox 1651 3382 1701 3431; x_wconf 91' lang='lat' dir='ltr'><strong>et</strong></span> <span class='ocrx_word' id='word_1_387' title='bbox 1726 3376 2004 3445; x_wconf 87' lang='lat' dir='ltr'><strong>Josaphat.</strong></span> 
     </span>
    </p>
   </div>
   <div class='ocr_carea' id='block_1_67' title="bbox 502 3476 1875 3531">
    <p class='ocr_par' dir='ltr' id='par_1_67' title="bbox 502 3476 1875 3531">
     <span class='ocr_line' id='line_1_67' title="bbox 502 3476 1875 3531; baseline -0.006 0"><span class='ocrx_word' id='word_1_388' title='bbox 502 3476 730 3531; x_wconf 59' lang='lat' dir='ltr'><strong>Edessa.</strong></span> <span class='ocrx_word' id='word_1_389' title='bbox 1870 3492 1875 3509; x_wconf 82' lang='lat'><strong><em>-</em></strong></span> 
     </span>
    </p>
   </div>
   <div class='ocr_carea' id='block_1_68' title="bbox 430 3555 1977 3631">
    <p class='ocr_par' dir='ltr' id='par_1_68' title="bbox 430 3555 1977 3631">
     <span class='ocr_line' id='line_1_68' title="bbox 430 3555 1977 3631; baseline -0.008 -12"><span class='ocrx_word' id='word_1_390' title='bbox 430 3563 490 3619; x_wconf 90' lang='lat' dir='ltr'><strong>S.</strong></span> <span class='ocrx_word' id='word_1_391' title='bbox 532 3564 789 3631; x_wconf 69' lang='lat' dir='ltr'><strong>Eugeniae</strong></span> <span class='ocrx_word' id='word_1_392' title='bbox 832 3560 1071 3627; x_wconf 83' lang='lat' dir='ltr'><strong>virginis</strong></span> <span class='ocrx_word' id='word_1_393' title='bbox 1110 3573 1176 3611; x_wconf 90' lang='lat' dir='ltr'><strong>ac</strong></span> <span class='ocrx_word' id='word_1_394' title='bbox 1218 3555 1276 3610; x_wconf 90' lang='lat' dir='ltr'><strong>S.</strong></span> <span class='ocrx_word' id='word_1_395' title='bbox 1324 3557 1554 3623; x_wconf 61' lang='lat' dir='ltr'><strong>Pelagia</strong></span> <span class='ocrx_word' id='word_1_396' title='bbox 1589 3556 1917 3609; x_wconf 86' lang='lat' dir='ltr'><strong>meretricis.</strong></span> <span class='ocrx_word' id='word_1_397' title='bbox 1950 3582 1977 3597; x_wconf 71' lang='grc' dir='ltr'><strong>ο-</strong></span> 
     </span>
    </p>
   </div>
   <div class='ocr_carea' id='block_1_69' title="bbox 504 3635 1956 3717">
    <p class='ocr_par' dir='ltr' id='par_1_69' title="bbox 504 3635 1956 3717">
     <span class='ocr_line' id='line_1_69' title="bbox 504 3635 1956 3717; baseline -0.006 -11"><span class='ocrx_word' id='word_1_398' title='bbox 504 3652 796 3717; x_wconf 82' lang='lat' dir='ltr'><strong>martyris.</strong></span> <span class='ocrx_word' id='word_1_399' title='bbox 1943 3635 1956 3645; x_wconf 75' lang='grc'><strong>’</strong></span> 
     </span>
    </p>
   </div>
   <div class='ocr_carea' id='block_1_70' title="bbox 431 3730 2029 3806">
    <p class='ocr_par' dir='ltr' id='par_1_70' title="bbox 431 3730 2029 3806">
     <span class='ocr_line' id='line_1_70' title="bbox 431 3730 2029 3806; baseline -0.007 -11"><span class='ocrx_word' id='word_1_400' title='bbox 431 3739 489 3795; x_wconf 91' lang='lat' dir='ltr'><strong>S.</strong></span> <span class='ocrx_word' id='word_1_401' title='bbox 538 3738 859 3806; x_wconf 62' lang='lat' dir='ltr'><strong>Euphrasiz</strong></span> <span class='ocrx_word' id='word_1_402' title='bbox 908 3735 1165 3801; x_wconf 79' lang='lat' dir='ltr'><strong>virginis.</strong></span> <span class='ocrx_word' id='word_1_403' title='bbox 1222 3730 1278 3785; x_wconf 87' lang='lat' dir='ltr'><strong>S.</strong></span> <span class='ocrx_word' id='word_1_404' title='bbox 1332 3733 1526 3786; x_wconf 63' lang='lat' dir='ltr'><strong>Maria</strong></span> <span class='ocrx_word' id='word_1_405' title='bbox 1563 3734 1888 3800; x_wconf 58' lang='lat' dir='ltr'><strong>ﬁgyptiaez</strong></span> <span class='ocrx_word' id='word_1_406' title='bbox 1920 3747 2029 3784; x_wconf 82' lang='lat' dir='ltr'><strong>me-</strong></span> 
     </span>
    </p>
   </div>
   <div class='ocr_carea' id='block_1_71' title="bbox 1336 3822 1575 3876">
    <p class='ocr_par' dir='ltr' id='par_1_71' title="bbox 1336 3822 1575 3876">
     <span class='ocr_line' id='line_1_71' title="bbox 1336 3822 1575 3876; baseline 0.008 -3"><span class='ocrx_word' id='word_1_407' title='bbox 1336 3822 1575 3876; x_wconf 87' lang='lat' dir='ltr'><strong>retricis.</strong></span> 
     </span>
    </p>
   </div>
   <div class='ocr_carea' id='block_1_72' title="bbox 433 3908 1880 3982">
    <p class='ocr_par' dir='ltr' id='par_1_72' title="bbox 433 3908 1880 3982">
     <span class='ocr_line' id='line_1_72' title="bbox 433 3908 1880 3982; baseline -0.006 -11"><span class='ocrx_word' id='word_1_408' title='bbox 433 3916 493 3972; x_wconf 90' lang='lat' dir='ltr'><strong>S.</strong></span> <span class='ocrx_word' id='word_1_409' title='bbox 540 3913 917 3982; x_wconf 69' lang='lat' dir='ltr'><strong>Euphrosynz</strong></span> <span class='ocrx_word' id='word_1_410' title='bbox 945 3911 1204 3977; x_wconf 87' lang='lat' dir='ltr'><strong>virginis.</strong></span> <span class='ocrx_word' id='word_1_411' title='bbox 1235 3908 1291 3965; x_wconf 89' lang='lat' dir='ltr'><strong>S.</strong></span> <span class='ocrx_word' id='word_1_412' title='bbox 1338 3909 1574 3964; x_wconf 59' lang='lat' dir='ltr'><strong>Marine</strong></span> <span class='ocrx_word' id='word_1_413' title='bbox 1620 3911 1880 3978; x_wconf 85' lang='lat' dir='ltr'><strong>virginis.</strong></span> 
     </span>
    </p>
   </div>
   <div class='ocr_carea' id='block_1_73' title="bbox 433 3998 1229 4062">
    <p class='ocr_par' dir='ltr' id='par_1_73' title="bbox 433 3998 1229 4062">
     <span class='ocr_line' id='line_1_73' title="bbox 433 3998 1229 4062; baseline -0.01 -4"><span class='ocrx_word' id='word_1_414' title='bbox 433 4002 491 4059; x_wconf 93' lang='lat' dir='ltr'><strong>S.</strong></span> <span class='ocrx_word' id='word_1_415' title='bbox 539 4002 728 4056; x_wconf 63' lang='lat' dir='ltr'><strong>Maria</strong></span> <span class='ocrx_word' id='word_1_416' title='bbox 770 3998 1095 4062; x_wconf 85' lang='lat' dir='ltr'><strong>meretricis,</strong></span> <span class='ocrx_word' id='word_1_417' title='bbox 1132 4013 1229 4051; x_wconf 85' lang='lat' dir='ltr'><strong>nc-</strong></span> 
     </span>
    </p>
   </div>
   <div class='ocr_carea' id='block_1_74' title="bbox 501 4087 1580 4160">
    <p class='ocr_par' dir='ltr' id='par_1_74' title="bbox 501 4087 1580 4160">
     <span class='ocr_line' id='line_1_74' title="bbox 501 4087 1580 4160; baseline -0.001 -16"><span class='ocrx_word' id='word_1_418' title='bbox 501 4091 613 4160; x_wconf 87' lang='lat' dir='ltr'><strong>ptis</strong></span> <span class='ocrx_word' id='word_1_419' title='bbox 641 4087 873 4143; x_wconf 65' lang='lat' dir='ltr'><strong>Abrahae</strong></span> <span class='ocrx_word' id='word_1_420' title='bbox 900 4090 1156 4140; x_wconf 69' lang='lat' dir='ltr'><strong>eremilz.</strong></span> <span class='ocrx_word' id='word_1_421' title='bbox 1237 4088 1296 4140; x_wconf 89' lang='grc' dir='ltr'><strong>Β.</strong></span> <span class='ocrx_word' id='word_1_422' title='bbox 1330 4088 1580 4143; x_wconf 72' lang='lat' dir='ltr'><strong>Fabiolae.</strong></span> 
     </span>
    </p>
   </div>
   <div class='ocr_carea' id='block_1_75' title="bbox 1240 4173 2031 4237">
    <p class='ocr_par' dir='ltr' id='par_1_75' title="bbox 1240 4173 2031 4237">
     <span class='ocr_line' id='line_1_75' title="bbox 1240 4173 2031 4237; baseline 0.001 -7"><span class='ocrx_word' id='word_1_423' title='bbox 1240 4173 1298 4230; x_wconf 92' lang='lat' dir='ltr'><strong>S.</strong></span> <span class='ocrx_word' id='word_1_424' title='bbox 1336 4178 1521 4232; x_wconf 67' lang='lat' dir='ltr'><strong>Paulae</strong></span> <span class='ocrx_word' id='word_1_425' title='bbox 1552 4179 1806 4233; x_wconf 65' lang='lat' dir='ltr'><strong>Romanas</strong></span> <span class='ocrx_word' id='word_1_426' title='bbox 1832 4179 2031 4237; x_wconf 57' lang='lat' dir='ltr'><strong>vidua.</strong></span> 
     </span>
    </p>
   </div>
   <div class='ocr_carea' id='block_1_76' title="bbox 434 4261 1814 4321">
    <p class='ocr_par' dir='ltr' id='par_1_76' title="bbox 434 4261 1814 4321">
     <span class='ocr_line' id='line_1_76' title="bbox 434 4261 1814 4321; baseline 0.001 -1"><span class='ocrx_word' id='word_1_427' title='bbox 434 4264 492 4320; x_wconf 91' lang='lat' dir='ltr'><strong>S.</strong></span> <span class='ocrx_word' id='word_1_428' title='bbox 530 4264 741 4320; x_wconf 85' lang='lat' dir='ltr'><strong>Thaisis</strong></span> <span class='ocrx_word' id='word_1_429' title='bbox 771 4265 1095 4319; x_wconf 85' lang='lat' dir='ltr'><strong>meretricis.</strong></span> <span class='ocrx_word' id='word_1_430' title='bbox 1236 4261 1295 4318; x_wconf 94' lang='lat' dir='ltr'><strong>S.</strong></span> <span class='ocrx_word' id='word_1_431' title='bbox 1326 4264 1596 4320; x_wconf 70' lang='lat' dir='ltr'><strong>Marcellae</strong></span> <span class='ocrx_word' id='word_1_432' title='bbox 1618 4268 1814 4321; x_wconf 72' lang='lat' dir='ltr'><strong>viduae.</strong></span> 
     </span>
    </p>
   </div>
   <div class='ocr_carea' id='block_1_77' title="bbox 505 4351 2032 4429">
    <p class='ocr_par' dir='ltr' id='par_1_77' title="bbox 505 4351 2032 4429">
     <span class='ocr_line' id='line_1_77' title="bbox 505 4351 2032 4429; baseline 0.002 -21"><span class='ocrx_word' id='word_1_433' title='bbox 505 4352 830 4409; x_wconf 89' lang='lat' dir='ltr'><strong>Potuissent</strong></span> <span class='ocrx_word' id='word_1_434' title='bbox 855 4352 1044 4424; x_wconf 89' lang='lat' dir='ltr'><strong>plures</strong></span> <span class='ocrx_word' id='word_1_435' title='bbox 1066 4351 1209 4406; x_wconf 70' lang='lat' dir='ltr'><strong>Vitae</strong></span> <span class='ocrx_word' id='word_1_436' title='bbox 1237 4352 1528 4425; x_wconf 89' lang='lat' dir='ltr'><strong>utriusque</strong></span> <span class='ocrx_word' id='word_1_437' title='bbox 1554 4370 1722 4410; x_wconf 87' lang='lat' dir='ltr'><strong>sexus</strong></span> <span class='ocrx_word' id='word_1_438' title='bbox 1751 4355 1901 4423; x_wconf 86' lang='lat' dir='ltr'><strong>addi,</strong></span> <span class='ocrx_word' id='word_1_439' title='bbox 1936 4357 2032 4429; x_wconf 92' lang='lat' dir='ltr'><strong>qui</strong></span> 
     </span>
    </p>
   </div>
   <div class='ocr_carea' id='block_1_78' title="bbox 2108 3209 3701 3280">
    <p class='ocr_par' dir='ltr' id='par_1_78' title="bbox 2108 3209 3701 3280">
     <span class='ocr_line' id='line_1_78' title="bbox 2108 3209 3701 3280; baseline -0.003 -12"><span class='ocrx_word' id='word_1_440' title='bbox 2108 3227 2393 3268; x_wconf 87' lang='lat' dir='ltr'><strong>merorum</strong></span> <span class='ocrx_word' id='word_1_441' title='bbox 2422 3225 2590 3277; x_wconf 76' lang='lat' dir='ltr'><strong>XLVII;</strong></span> <span class='ocrx_word' id='word_1_442' title='bbox 2623 3214 2851 3264; x_wconf 85' lang='lat' dir='ltr'><strong>octavus</strong></span> <span class='ocrx_word' id='word_1_443' title='bbox 2879 3209 2954 3264; x_wconf 89' lang='lat' dir='ltr'><strong>De</strong></span> <span class='ocrx_word' id='word_1_444' title='bbox 2977 3226 3034 3264; x_wconf 90' lang='lat' dir='ltr'><strong>eo</strong></span> <span class='ocrx_word' id='word_1_445' title='bbox 3061 3211 3205 3280; x_wconf 88' lang='lat' dir='ltr'><strong>quod</strong></span> <span class='ocrx_word' id='word_1_446' title='bbox 3233 3211 3379 3264; x_wconf 84' lang='lat' dir='ltr'><strong>nihil</strong></span> <span class='ocrx_word' id='word_1_447' title='bbox 3407 3226 3506 3279; x_wconf 82' lang='lat' dir='ltr'><strong>per</strong></span> <span class='ocrx_word' id='word_1_448' title='bbox 3526 3215 3701 3265; x_wconf 88' lang='lat' dir='ltr'><strong>osten-</strong></span> 
     </span>
    </p>
   </div>
   <div class='ocr_carea' id='block_1_79' title="bbox 2106 3295 3699 3363">
    <p class='ocr_par' dir='ltr' id='par_1_79' title="bbox 2106 3295 3699 3363">
     <span class='ocr_line' id='line_1_79' title="bbox 2106 3295 3699 3363; baseline -0.001 -12"><span class='ocrx_word' id='word_1_449' title='bbox 2106 3299 2316 3351; x_wconf 89' lang='lat' dir='ltr'><strong>sionem</strong></span> <span class='ocrx_word' id='word_1_450' title='bbox 2341 3296 2464 3363; x_wconf 78' lang='lat' dir='ltr'><strong>ﬁeri</strong></span> <span class='ocrx_word' id='word_1_451' title='bbox 2476 3295 2677 3359; x_wconf 84' lang='lat' dir='ltr'><strong>debeat,</strong></span> <span class='ocrx_word' id='word_1_452' title='bbox 2709 3308 3076 3348; x_wconf 86' lang='lat' dir='ltr'><strong>numerorum</strong></span> <span class='ocrx_word' id='word_1_453' title='bbox 3102 3308 3268 3360; x_wconf 76' lang='lat' dir='ltr'><strong>XXIV;</strong></span> <span class='ocrx_word' id='word_1_454' title='bbox 3299 3309 3483 3349; x_wconf 89' lang='lat' dir='ltr'><strong>nonus</strong></span> <span class='ocrx_word' id='word_1_455' title='bbox 3525 3297 3598 3349; x_wconf 87' lang='lat' dir='ltr'><strong>De</strong></span> <span class='ocrx_word' id='word_1_456' title='bbox 3640 3310 3699 3348; x_wconf 85' lang='lat' dir='ltr'><strong>eo</strong></span> 
     </span>
    </p>
   </div>
   <div class='ocr_carea' id='block_1_80' title="bbox 2105 3383 3698 3455">
    <p class='ocr_par' dir='ltr' id='par_1_80' title="bbox 2105 3383 3698 3455">
     <span class='ocr_line' id='line_1_80' title="bbox 2105 3383 3698 3455; baseline -0.001 -16"><span class='ocrx_word' id='word_1_457' title='bbox 2105 3386 2249 3455; x_wconf 86' lang='lat' dir='ltr'><strong>quod</strong></span> <span class='ocrx_word' id='word_1_458' title='bbox 2277 3400 2389 3439; x_wconf 88' lang='lat' dir='ltr'><strong>non</strong></span> <span class='ocrx_word' id='word_1_459' title='bbox 2408 3386 2646 3451; x_wconf 85' lang='lat' dir='ltr'><strong>oporteat</strong></span> <span class='ocrx_word' id='word_1_460' title='bbox 2667 3383 2927 3450; x_wconf 73' lang='lat' dir='ltr'><strong>judicare</strong></span> <span class='ocrx_word' id='word_1_461' title='bbox 2962 3398 3314 3452; x_wconf 84' lang='lat' dir='ltr'><strong>quemquam,</strong></span> <span class='ocrx_word' id='word_1_462' title='bbox 3330 3398 3698 3438; x_wconf 79' lang='lat' dir='ltr'><strong>numerorum</strong></span> 
     </span>
    </p>
   </div>
   <div class='ocr_carea' id='block_1_81' title="bbox 2106 3470 3697 3539">
    <p class='ocr_par' dir='ltr' id='par_1_81' title="bbox 2106 3470 3697 3539">
     <span class='ocr_line' id='line_1_81' title="bbox 2106 3470 3697 3539; baseline -0.001 -11"><span class='ocrx_word' id='word_1_463' title='bbox 2106 3488 2185 3529; x_wconf 69' lang='grc' dir='ltr'><strong>ιιι</strong></span> <span class='ocrx_word' id='word_1_464' title='bbox 2229 3491 2243 3539; x_wconf 88' lang='grc'>;</span> <span class='ocrx_word' id='word_1_465' title='bbox 2272 3471 2522 3526; x_wconf 91' lang='lat' dir='ltr'><strong>decimus</strong></span> <span class='ocrx_word' id='word_1_466' title='bbox 2550 3472 2623 3525; x_wconf 89' lang='lat' dir='ltr'><strong>De</strong></span> <span class='ocrx_word' id='word_1_467' title='bbox 2645 3472 2998 3537; x_wconf 83' lang='lat' dir='ltr'><strong>Diseretione,</strong></span> <span class='ocrx_word' id='word_1_468' title='bbox 3020 3470 3512 3526; x_wconf 76' lang='lat' dir='ltr'><strong>numerorum&#39;cxv</strong></span> <span class='ocrx_word' id='word_1_469' title='bbox 3545 3491 3559 3539; x_wconf 91' lang='lat'><strong>;</strong></span> <span class='ocrx_word' id='word_1_470' title='bbox 3588 3487 3697 3526; x_wconf 91' lang='lat' dir='ltr'><strong>un-</strong></span> 
     </span>
    </p>
   </div>
   <div class='ocr_carea' id='block_1_82' title="bbox 2108 3560 3698 3627">
    <p class='ocr_par' dir='ltr' id='par_1_82' title="bbox 2108 3560 3698 3627">
     <span class='ocr_line' id='line_1_82' title="bbox 2108 3560 3698 3627; baseline -0.001 -11"><span class='ocrx_word' id='word_1_471' title='bbox 2108 3560 2357 3616; x_wconf 89' lang='lat' dir='ltr'><strong>decimus</strong></span> <span class='ocrx_word' id='word_1_472' title='bbox 2390 3561 2463 3614; x_wconf 86' lang='lat' dir='ltr'><strong>De</strong></span> <span class='ocrx_word' id='word_1_473' title='bbox 2492 3575 2549 3612; x_wconf 87' lang='lat' dir='ltr'><strong>eo</strong></span> <span class='ocrx_word' id='word_1_474' title='bbox 2569 3560 2713 3627; x_wconf 88' lang='lat' dir='ltr'><strong>quod</strong></span> <span class='ocrx_word' id='word_1_475' title='bbox 2748 3563 2989 3627; x_wconf 87' lang='lat' dir='ltr'><strong>oporteat</strong></span> <span class='ocrx_word' id='word_1_476' title='bbox 3006 3560 3182 3614; x_wconf 84' lang='lat' dir='ltr'><strong>sobrie</strong></span> <span class='ocrx_word' id='word_1_477' title='bbox 3209 3563 3405 3627; x_wconf 81' lang='lat' dir='ltr'><strong>vivere,</strong></span> <span class='ocrx_word' id='word_1_478' title='bbox 3428 3576 3698 3616; x_wconf 89' lang='lat' dir='ltr'><strong>numero-</strong></span> 
     </span>
    </p>
   </div>
   <div class='ocr_carea' id='block_1_83' title="bbox 2110 3646 3697 3716">
    <p class='ocr_par' dir='ltr' id='par_1_83' title="bbox 2110 3646 3697 3716">
     <span class='ocr_line' id='line_1_83' title="bbox 2110 3646 3697 3716; baseline -0.001 -12"><span class='ocrx_word' id='word_1_479' title='bbox 2110 3665 2236 3704; x_wconf 87' lang='lat' dir='ltr'><strong>rum</strong></span> <span class='ocrx_word' id='word_1_480' title='bbox 2270 3663 2378 3714; x_wconf 84' lang='lat' dir='ltr'><strong>LIv;</strong></span> <span class='ocrx_word' id='word_1_481' title='bbox 2409 3646 2772 3701; x_wconf 90' lang='lat' dir='ltr'><strong>duodecimus</strong></span> <span class='ocrx_word' id='word_1_482' title='bbox 2798 3648 2871 3703; x_wconf 86' lang='lat' dir='ltr'><strong>De</strong></span> <span class='ocrx_word' id='word_1_483' title='bbox 2889 3663 2946 3701; x_wconf 89' lang='lat' dir='ltr'><strong>eo</strong></span> <span class='ocrx_word' id='word_1_484' title='bbox 2982 3649 3126 3716; x_wconf 88' lang='lat' dir='ltr'><strong>quod</strong></span> <span class='ocrx_word' id='word_1_485' title='bbox 3142 3651 3262 3703; x_wconf 86' lang='lat' dir='ltr'><strong>sine</strong></span> <span class='ocrx_word' id='word_1_486' title='bbox 3286 3652 3697 3704; x_wconf 82' lang='lat' dir='ltr'><strong>intermissione</strong></span> 
     </span>
    </p>
   </div>
   <div class='ocr_carea' id='block_1_84' title="bbox 2110 3736 3701 3804">
    <p class='ocr_par' dir='ltr' id='par_1_84' title="bbox 2110 3736 3701 3804">
     <span class='ocr_line' id='line_1_84' title="bbox 2110 3736 3701 3804; baseline 0.001 -12"><span class='ocrx_word' id='word_1_487' title='bbox 2110 3744 2159 3793; x_wconf 87' lang='lat' dir='ltr'><strong>et</strong></span> <span class='ocrx_word' id='word_1_488' title='bbox 2187 3738 2361 3791; x_wconf 86' lang='lat' dir='ltr'><strong>sobrie</strong></span> <span class='ocrx_word' id='word_1_489' title='bbox 2381 3737 2528 3791; x_wconf 86' lang='lat' dir='ltr'><strong>debet</strong></span> <span class='ocrx_word' id='word_1_490' title='bbox 2547 3738 2723 3802; x_wconf 77' lang='lat' dir='ltr'><strong>arari,</strong></span> <span class='ocrx_word' id='word_1_491' title='bbox 2746 3751 3110 3791; x_wconf 90' lang='lat' dir='ltr'><strong>numerorum</strong></span> <span class='ocrx_word' id='word_1_492' title='bbox 3137 3754 3223 3804; x_wconf 87' lang='lat' dir='ltr'><strong>xv;</strong></span> <span class='ocrx_word' id='word_1_493' title='bbox 3237 3736 3487 3793; x_wconf 88' lang='lat' dir='ltr'><strong>decimus</strong></span> <span class='ocrx_word' id='word_1_494' title='bbox 3498 3739 3701 3793; x_wconf 87' lang='lat' dir='ltr'><strong>tertius</strong></span> 
     </span>
    </p>
   </div>
   <div class='ocr_carea' id='block_1_85' title="bbox 2110 3824 3699 3894">
    <p class='ocr_par' dir='ltr' id='par_1_85' title="bbox 2110 3824 3699 3894">
     <span class='ocr_line' id='line_1_85' title="bbox 2110 3824 3699 3894; baseline 0.001 -12"><span class='ocrx_word' id='word_1_495' title='bbox 2110 3829 2183 3882; x_wconf 88' lang='lat' dir='ltr'><strong>De</strong></span> <span class='ocrx_word' id='word_1_496' title='bbox 2210 3842 2267 3880; x_wconf 89' lang='lat' dir='ltr'><strong>eo</strong></span> <span class='ocrx_word' id='word_1_497' title='bbox 2295 3826 2441 3894; x_wconf 87' lang='lat' dir='ltr'><strong>quod</strong></span> <span class='ocrx_word' id='word_1_498' title='bbox 2460 3828 2699 3893; x_wconf 82' lang='lat' dir='ltr'><strong>oporteat</strong></span> <span class='ocrx_word' id='word_1_499' title='bbox 2714 3824 3037 3893; x_wconf 83' lang='lat' dir='ltr'><strong>hospitalem</strong></span> <span class='ocrx_word' id='word_1_500' title='bbox 3060 3841 3185 3892; x_wconf 88' lang='lat' dir='ltr'><strong>esse,</strong></span> <span class='ocrx_word' id='word_1_501' title='bbox 3217 3831 3267 3880; x_wconf 89' lang='lat' dir='ltr'><strong>et</strong></span> <span class='ocrx_word' id='word_1_502' title='bbox 3287 3829 3699 3883; x_wconf 86' lang='lat' dir='ltr'><strong>misericordem</strong></span> 
     </span>
    </p>
   </div>
   <div class='ocr_carea' id='block_1_86' title="bbox 2111 3913 3701 3987">
    <p class='ocr_par' dir='ltr' id='par_1_86' title="bbox 2111 3913 3701 3987">
     <span class='ocr_line' id='line_1_86' title="bbox 2111 3913 3701 3987; baseline 0.001 -18"><span class='ocrx_word' id='word_1_503' title='bbox 2111 3917 2176 3969; x_wconf 92' lang='lat' dir='ltr'><strong>in</strong></span> <span class='ocrx_word' id='word_1_504' title='bbox 2219 3914 2525 3979; x_wconf 84' lang='lat' dir='ltr'><strong>hilaritate,</strong></span> <span class='ocrx_word' id='word_1_505' title='bbox 2566 3928 2932 3967; x_wconf 89' lang='lat' dir='ltr'><strong>numerorum</strong></span> <span class='ocrx_word' id='word_1_506' title='bbox 2957 3930 3047 3980; x_wconf 85' lang='lat' dir='ltr'><strong>xv;</strong></span> <span class='ocrx_word' id='word_1_507' title='bbox 3076 3913 3328 3971; x_wconf 89' lang='lat' dir='ltr'><strong>decimus</strong></span> <span class='ocrx_word' id='word_1_508' title='bbox 3355 3920 3588 3987; x_wconf 88' lang='lat' dir='ltr'><strong>quartus</strong></span> <span class='ocrx_word' id='word_1_509' title='bbox 3626 3917 3701 3971; x_wconf 83' lang='lat' dir='ltr'><strong>De</strong></span> 
     </span>
    </p>
   </div>
   <div class='ocr_carea' id='block_1_87' title="bbox 2115 4001 3703 4075">
    <p class='ocr_par' dir='ltr' id='par_1_87' title="bbox 2115 4001 3703 4075">
     <span class='ocr_line' id='line_1_87' title="bbox 2115 4001 3703 4075; baseline 0.003 -20"><span class='ocrx_word' id='word_1_510' title='bbox 2115 4001 2453 4066; x_wconf 86' lang='lat' dir='ltr'><strong>Obedientia,</strong></span> <span class='ocrx_word' id='word_1_511' title='bbox 2498 4015 2865 4056; x_wconf 89' lang='lat' dir='ltr'><strong>numerorum</strong></span> <span class='ocrx_word' id='word_1_512' title='bbox 2915 4018 3021 4070; x_wconf 74' lang='lat' dir='ltr'><strong>xxx;</strong></span> <span class='ocrx_word' id='word_1_513' title='bbox 3054 4001 3304 4057; x_wconf 89' lang='lat' dir='ltr'><strong>decimus</strong></span> <span class='ocrx_word' id='word_1_514' title='bbox 3351 4003 3581 4075; x_wconf 89' lang='lat' dir='ltr'><strong>quintus</strong></span> <span class='ocrx_word' id='word_1_515' title='bbox 3627 4005 3703 4059; x_wconf 86' lang='lat' dir='ltr'><strong>De</strong></span> 
     </span>
    </p>
   </div>
   <div class='ocr_carea' id='block_1_88' title="bbox 2112 4089 3695 4163">
    <p class='ocr_par' dir='ltr' id='par_1_88' title="bbox 2112 4089 3695 4163">
     <span class='ocr_line' id='line_1_88' title="bbox 2112 4089 3695 4163; baseline 0.003 -21"><span class='ocrx_word' id='word_1_516' title='bbox 2112 4090 2448 4154; x_wconf 86' lang='lat' dir='ltr'><strong>humilitate,</strong></span> <span class='ocrx_word' id='word_1_517' title='bbox 2506 4104 2874 4144; x_wconf 88' lang='lat' dir='ltr'><strong>numerorum</strong></span> <span class='ocrx_word' id='word_1_518' title='bbox 2928 4104 3139 4158; x_wconf 74' lang='lat' dir='ltr'><strong>LXXXIX;</strong></span> <span class='ocrx_word' id='word_1_519' title='bbox 3186 4089 3411 4163; x_wconf 83' lang='lat' dir='ltr'><strong>[vam]</strong></span> <span class='ocrx_word' id='word_1_520' title='bbox 3444 4092 3695 4147; x_wconf 87' lang='lat' dir='ltr'><strong>decimus</strong></span> 
     </span>
    </p>
   </div>
   <div class='ocr_carea' id='block_1_89' title="bbox 2115 4174 3703 4247">
    <p class='ocr_par' dir='ltr' id='par_1_89' title="bbox 2115 4174 3703 4247">
     <span class='ocr_line' id='line_1_89' title="bbox 2115 4174 3703 4247; baseline 0.004 -17"><span class='ocrx_word' id='word_1_521' title='bbox 2115 4181 2308 4232; x_wconf 81' lang='lat' dir='ltr'><strong>sextus</strong></span> <span class='ocrx_word' id='word_1_522' title='bbox 2364 4177 2437 4231; x_wconf 87' lang='lat' dir='ltr'><strong>De</strong></span> <span class='ocrx_word' id='word_1_523' title='bbox 2481 4179 2780 4245; x_wconf 86' lang='lat' dir='ltr'><strong>Patientia,</strong></span> <span class='ocrx_word' id='word_1_524' title='bbox 2868 4174 3233 4235; x_wconf 77' lang='lat' dir='ltr'><strong>numerorum</strong></span> <span class='ocrx_word' id='word_1_525' title='bbox 3291 4198 3399 4247; x_wconf 71' lang='lat' dir='ltr'><strong>x11;</strong></span> <span class='ocrx_word' id='word_1_526' title='bbox 3453 4181 3703 4236; x_wconf 90' lang='lat' dir='ltr'><strong>decimus</strong></span> 
     </span>
    </p>
   </div>
   <div class='ocr_carea' id='block_1_90' title="bbox 2114 4263 3702 4337">
    <p class='ocr_par' dir='ltr' id='par_1_90' title="bbox 2114 4263 3702 4337">
     <span class='ocr_line' id='line_1_90' title="bbox 2114 4263 3702 4337; baseline 0.003 -18"><span class='ocrx_word' id='word_1_527' title='bbox 2114 4263 2386 4337; x_wconf 90' lang='lat' dir='ltr'><strong>septimus</strong></span> <span class='ocrx_word' id='word_1_528' title='bbox 2432 4265 2505 4320; x_wconf 88' lang='lat' dir='ltr'><strong>De</strong></span> <span class='ocrx_word' id='word_1_529' title='bbox 2550 4265 2848 4335; x_wconf 75' lang='lat' dir='ltr'><strong>Charitate,</strong></span> <span class='ocrx_word' id='word_1_530' title='bbox 2893 4283 3260 4324; x_wconf 89' lang='lat' dir='ltr'><strong>numerorum</strong></span> <span class='ocrx_word' id='word_1_531' title='bbox 3287 4285 3409 4336; x_wconf 88' lang='lat' dir='ltr'><strong>xxv;</strong></span> <span class='ocrx_word' id='word_1_532' title='bbox 3452 4269 3702 4324; x_wconf 89' lang='lat' dir='ltr'><strong>decimus</strong></span> 
     </span>
    </p>
   </div>
   <div class='ocr_carea' id='block_1_91' title="bbox 2115 4354 3705 4426">
    <p class='ocr_par' dir='ltr' id='par_1_91' title="bbox 2115 4354 3705 4426">
     <span class='ocr_line' id='line_1_91' title="bbox 2115 4354 3705 4426; baseline 0.004 -19"><span class='ocrx_word' id='word_1_533' title='bbox 2115 4358 2343 4408; x_wconf 85' lang='lat' dir='ltr'><strong>octavus</strong></span> <span class='ocrx_word' id='word_1_534' title='bbox 2369 4354 2443 4407; x_wconf 87' lang='lat' dir='ltr'><strong>De</strong></span> <span class='ocrx_word' id='word_1_535' title='bbox 2460 4354 2825 4409; x_wconf 60' lang='lat' dir='ltr'><strong>Previdentia</strong></span> <span class='ocrx_word' id='word_1_536' title='bbox 2851 4357 2960 4409; x_wconf 86' lang='lat' dir='ltr'><strong>sive</strong></span> <span class='ocrx_word' id='word_1_537' title='bbox 2991 4355 3475 4426; x_wconf 77' lang='lat' dir='ltr'><strong>Contemplatione,</strong></span> <span class='ocrx_word' id='word_1_538' title='bbox 3509 4373 3705 4412; x_wconf 90' lang='lat' dir='ltr'><strong>nume-</strong></span> 
     </span>
    </p>
   </div>
   <div class='ocr_carea' id='block_1_92' title="bbox 438 4440 2419 4511">
    <p class='ocr_par' dir='ltr' id='par_1_92' title="bbox 438 4440 2419 4511">
     <span class='ocr_line' id='line_1_92' title="bbox 438 4440 2419 4511; baseline -0.002 -14"><span class='ocrx_word' id='word_1_539' title='bbox 438 4443 496 4498; x_wconf 92' lang='lat' dir='ltr'><strong>in</strong></span> <span class='ocrx_word' id='word_1_540' title='bbox 516 4442 714 4499; x_wconf 89' lang='lat' dir='ltr'><strong>eodem</strong></span> <span class='ocrx_word' id='word_1_541' title='bbox 740 4441 959 4496; x_wconf 88' lang='lat' dir='ltr'><strong>vivendi</strong></span> <span class='ocrx_word' id='word_1_542' title='bbox 986 4440 1244 4495; x_wconf 88' lang='lat' dir='ltr'><strong>instituto</strong></span> <span class='ocrx_word' id='word_1_543' title='bbox 1264 4458 1325 4496; x_wconf 89' lang='lat' dir='ltr'><strong>se</strong></span> <span class='ocrx_word' id='word_1_544' title='bbox 1353 4443 1600 4498; x_wconf 90' lang='lat' dir='ltr'><strong>exercuit</strong></span> <span class='ocrx_word' id='word_1_545' title='bbox 1631 4463 1644 4511; x_wconf 87' lang='lat'><strong>;</strong></span> <span class='ocrx_word' id='word_1_546' title='bbox 1678 4444 1777 4499; x_wconf 91' lang='lat' dir='ltr'><strong>sed</strong></span> <span class='ocrx_word' id='word_1_547' title='bbox 1805 4450 1864 4499; x_wconf 91' lang='lat' dir='ltr'><strong>et</strong></span> <span class='ocrx_word' id='word_1_548' title='bbox 1889 4444 2029 4500; x_wconf 88' lang='lat' dir='ltr'><strong>liber</strong></span> <span class='ocrx_word' id='word_1_549' title='bbox 2046 4444 2094 4503; x_wconf 93' lang='lat' dir='ltr'><strong>D</strong></span> <span class='ocrx_word' id='word_1_550' title='bbox 2110 4457 2304 4496; x_wconf 89' lang='lat' dir='ltr'><strong>rorum</strong></span> <span class='ocrx_word' id='word_1_551' title='bbox 2333 4457 2419 4494; x_wconf 83' lang='lat' dir='ltr'><strong>xx.</strong></span> 
     </span>
    </p>
   </div>
   <div class='ocr_carea' id='block_1_93' title="bbox 438 4528 2030 4605">
    <p class='ocr_par' dir='ltr' id='par_1_93' title="bbox 438 4528 2030 4605">
     <span class='ocr_line' id='line_1_93' title="bbox 438 4528 2030 4605; baseline 0.002 -18"><span class='ocrx_word' id='word_1_552' title='bbox 438 4531 779 4587; x_wconf 84' lang='lat' dir='ltr'><strong>excrevisset</strong></span> <span class='ocrx_word' id='word_1_553' title='bbox 818 4528 1077 4595; x_wconf 90' lang='lat' dir='ltr'><strong>nimium,</strong></span> <span class='ocrx_word' id='word_1_554' title='bbox 1120 4533 1177 4583; x_wconf 92' lang='lat' dir='ltr'><strong>et</strong></span> <span class='ocrx_word' id='word_1_555' title='bbox 1229 4534 1386 4585; x_wconf 85' lang='lat' dir='ltr'><strong>extra</strong></span> <span class='ocrx_word' id='word_1_556' title='bbox 1435 4532 1785 4605; x_wconf 89' lang='lat' dir='ltr'><strong>propositum</strong></span> <span class='ocrx_word' id='word_1_557' title='bbox 1839 4550 2030 4590; x_wconf 90' lang='lat' dir='ltr'><strong>meum</strong></span> 
     </span>
    </p>
   </div>
   <div class='ocr_carea' id='block_1_94' title="bbox 437 4616 2032 4703">
    <p class='ocr_par' dir='ltr' id='par_1_94' title="bbox 437 4616 2032 4703">
     <span class='ocr_line' id='line_1_94' title="bbox 437 4616 2032 4703; baseline 0.002 -28"><span class='ocrx_word' id='word_1_558' title='bbox 437 4619 720 4703; x_wconf 84' lang='lat' dir='ltr'><strong>abiissem,</strong></span> <span class='ocrx_word' id='word_1_559' title='bbox 745 4635 854 4690; x_wconf 90' lang='lat' dir='ltr'><strong>quo</strong></span> <span class='ocrx_word' id='word_1_560' title='bbox 900 4616 1119 4688; x_wconf 89' lang='lat' dir='ltr'><strong>suscepi</strong></span> <span class='ocrx_word' id='word_1_561' title='bbox 1157 4617 1411 4688; x_wconf 78' lang='lat' dir='ltr'><strong>vulgatus</strong></span> <span class='ocrx_word' id='word_1_562' title='bbox 1444 4619 1670 4676; x_wconf 88' lang='lat' dir='ltr'><strong>Patrum</strong></span> <span class='ocrx_word' id='word_1_563' title='bbox 1698 4622 1875 4690; x_wconf 87' lang='lat' dir='ltr'><strong>Vitas,</strong></span> <span class='ocrx_word' id='word_1_564' title='bbox 1909 4639 2032 4694; x_wconf 62' lang='lat' dir='ltr'><strong>qua</strong></span> 
     </span>
    </p>
   </div>
   <div class='ocr_carea' id='block_1_95' title="bbox 437 4705 2033 4778">
    <p class='ocr_par' dir='ltr' id='par_1_95' title="bbox 437 4705 2033 4778">
     <span class='ocr_line' id='line_1_95' title="bbox 437 4705 2033 4778; baseline 0.001 -14"><span class='ocrx_word' id='word_1_565' title='bbox 437 4708 747 4764; x_wconf 84' lang='lat' dir='ltr'><strong>multorum</strong></span> <span class='ocrx_word' id='word_1_566' title='bbox 776 4706 910 4761; x_wconf 85' lang='lat' dir='ltr'><strong>olim</strong></span> <span class='ocrx_word' id='word_1_567' title='bbox 939 4705 1198 4761; x_wconf 87' lang='lat' dir='ltr'><strong>manibus</strong></span> <span class='ocrx_word' id='word_1_568' title='bbox 1226 4706 1382 4761; x_wconf 81' lang='lat' dir='ltr'><strong>tuere</strong></span> <span class='ocrx_word' id='word_1_569' title='bbox 1427 4708 1785 4778; x_wconf 71' lang='lat' dir='ltr'><strong>circumlatae,</strong></span> <span class='ocrx_word' id='word_1_570' title='bbox 1835 4726 2033 4767; x_wconf 88' lang='lat' dir='ltr'><strong>recen-</strong></span> 
     </span>
    </p>
   </div>
   <div class='ocr_carea' id='block_1_96' title="bbox 436 4793 1584 4868">
    <p class='ocr_par' dir='ltr' id='par_1_96' title="bbox 436 4793 1584 4868">
     <span class='ocr_line' id='line_1_96' title="bbox 436 4793 1584 4868; baseline 0.002 -18"><span class='ocrx_word' id='word_1_571' title='bbox 436 4812 558 4850; x_wconf 89' lang='lat' dir='ltr'><strong>sere</strong></span> <span class='ocrx_word' id='word_1_572' title='bbox 583 4799 641 4849; x_wconf 88' lang='lat' dir='ltr'><strong>et</strong></span> <span class='ocrx_word' id='word_1_573' title='bbox 668 4794 837 4849; x_wconf 90' lang='lat' dir='ltr'><strong>nitori</strong></span> <span class='ocrx_word' id='word_1_574' title='bbox 865 4811 966 4850; x_wconf 91' lang='lat' dir='ltr'><strong>suo</strong></span> <span class='ocrx_word' id='word_1_575' title='bbox 994 4793 1232 4868; x_wconf 90' lang='lat' dir='ltr'><strong>pristino</strong></span> <span class='ocrx_word' id='word_1_576' title='bbox 1264 4795 1584 4852; x_wconf 88' lang='lat' dir='ltr'><strong>restituere.</strong></span> 
     </span>
    </p>
   </div>
   <div class='ocr_carea' id='block_1_97' title="bbox 511 4881 2033 4963">
    <p class='ocr_par' dir='ltr' id='par_1_97' title="bbox 511 4881 2033 4963">
     <span class='ocr_line' id='line_1_97' title="bbox 511 4881 2033 4963; baseline 0.005 -24"><span class='ocrx_word' id='word_1_577' title='bbox 511 4882 741 4939; x_wconf 88' lang='lat' dir='ltr'><strong>Librum</strong></span> <span class='ocrx_word' id='word_1_578' title='bbox 755 4881 904 4938; x_wconf 87' lang='lat' dir='ltr'><strong>hunc</strong></span> <span class='ocrx_word' id='word_1_579' title='bbox 921 4884 1169 4955; x_wconf 90' lang='lat' dir='ltr'><strong>primum</strong></span> <span class='ocrx_word' id='word_1_580' title='bbox 1189 4883 1314 4939; x_wconf 91' lang='lat' dir='ltr'><strong>divo</strong></span> <span class='ocrx_word' id='word_1_581' title='bbox 1342 4884 1686 4960; x_wconf 89' lang='lat' dir='ltr'><strong>Hieronymo</strong></span> <span class='ocrx_word' id='word_1_582' title='bbox 1705 4889 2033 4963; x_wconf 87' lang='lat' dir='ltr'><strong>presbytero</strong></span> 
     </span>
    </p>
   </div>
   <div class='ocr_carea' id='block_1_98' title="bbox 439 4970 2035 5051">
    <p class='ocr_par' dir='ltr' id='par_1_98' title="bbox 439 4970 2035 5051">
     <span class='ocr_line' id='line_1_98' title="bbox 439 4970 2035 5051; baseline 0.006 -24"><span class='ocrx_word' id='word_1_583' title='bbox 439 4970 795 5045; x_wconf 88' lang='lat' dir='ltr'><strong>potissimum</strong></span> <span class='ocrx_word' id='word_1_584' title='bbox 812 4971 1221 5044; x_wconf 88' lang='lat' dir='ltr'><strong>inscripsi,tum</strong></span> <span class='ocrx_word' id='word_1_585' title='bbox 1231 4974 1380 5045; x_wconf 91' lang='lat' dir='ltr'><strong>quod</strong></span> <span class='ocrx_word' id='word_1_586' title='bbox 1394 4974 1769 5049; x_wconf 86' lang='lat' dir='ltr'><strong>Hieronymus</strong></span> <span class='ocrx_word' id='word_1_587' title='bbox 1787 4981 2035 5051; x_wconf 87' lang='lat' dir='ltr'><strong>potiores</strong></span> 
     </span>
    </p>
   </div>
   <div class='ocr_carea' id='block_1_99' title="bbox 438 5060 2037 5138">
    <p class='ocr_par' dir='ltr' id='par_1_99' title="bbox 438 5060 2037 5138">
     <span class='ocr_line' id='line_1_99' title="bbox 438 5060 2037 5138; baseline 0.006 -23"><span class='ocrx_word' id='word_1_588' title='bbox 438 5060 499 5115; x_wconf 90' lang='lat' dir='ltr'><strong>in</strong></span> <span class='ocrx_word' id='word_1_589' title='bbox 526 5076 593 5115; x_wconf 90' lang='lat' dir='ltr'><strong>eo</strong></span> <span class='ocrx_word' id='word_1_590' title='bbox 619 5063 807 5131; x_wconf 88' lang='lat' dir='ltr'><strong>partes</strong></span> <span class='ocrx_word' id='word_1_591' title='bbox 835 5067 1046 5130; x_wconf 84' lang='lat' dir='ltr'><strong>ageret,</strong></span> <span class='ocrx_word' id='word_1_592' title='bbox 1076 5061 1173 5133; x_wconf 92' lang='lat' dir='ltr'><strong>qui</strong></span> <span class='ocrx_word' id='word_1_593' title='bbox 1204 5060 1395 5135; x_wconf 83' lang='lat' dir='ltr'><strong>[van]</strong></span> <span class='ocrx_word' id='word_1_594' title='bbox 1426 5080 1572 5121; x_wconf 91' lang='lat' dir='ltr'><strong>unus</strong></span> <span class='ocrx_word' id='word_1_595' title='bbox 1591 5066 1782 5138; x_wconf 88' lang='lat' dir='ltr'><strong>plures</strong></span> <span class='ocrx_word' id='word_1_596' title='bbox 1809 5074 1932 5124; x_wconf 88' lang='lat' dir='ltr'><strong>tum</strong></span> <span class='ocrx_word' id='word_1_597' title='bbox 1960 5071 2037 5124; x_wconf 70' lang='lat' dir='ltr'><strong>vi-</strong></span> 
     </span>
    </p>
   </div>
   <div class='ocr_carea' id='block_1_100' title="bbox 440 5147 2037 5227">
    <p class='ocr_par' dir='ltr' id='par_1_100' title="bbox 440 5147 2037 5227">
     <span class='ocr_line' id='line_1_100' title="bbox 440 5147 2037 5227; baseline 0.008 -27"><span class='ocrx_word' id='word_1_598' title='bbox 440 5162 634 5202; x_wconf 89' lang='lat' dir='ltr'><strong>rorum</strong></span> <span class='ocrx_word' id='word_1_599' title='bbox 662 5152 786 5202; x_wconf 90' lang='lat' dir='ltr'><strong>tum</strong></span> <span class='ocrx_word' id='word_1_600' title='bbox 811 5147 1113 5203; x_wconf 90' lang='lat' dir='ltr'><strong>mulierum</strong></span> <span class='ocrx_word' id='word_1_601' title='bbox 1134 5149 1292 5221; x_wconf 83' lang='lat' dir='ltr'><strong>Vitas</strong></span> <span class='ocrx_word' id='word_1_602' title='bbox 1321 5153 1666 5226; x_wconf 87' lang='lat' dir='ltr'><strong>conscripsit,</strong></span> <span class='ocrx_word' id='word_1_603' title='bbox 1700 5173 1870 5227; x_wconf 91' lang='lat' dir='ltr'><strong>quam</strong></span> <span class='ocrx_word' id='word_1_604' title='bbox 1888 5158 2037 5213; x_wconf 88' lang='lat' dir='ltr'><strong>ullus</strong></span> 
     </span>
    </p>
   </div>
   <div class='ocr_carea' id='block_1_101' title="bbox 442 5235 2039 5315">
    <p class='ocr_par' dir='ltr' id='par_1_101' title="bbox 442 5235 2039 5315">
     <span class='ocr_line' id='line_1_101' title="bbox 442 5235 2039 5315; baseline 0.007 -24"><span class='ocrx_word' id='word_1_605' title='bbox 442 5235 617 5304; x_wconf 83' lang='lat' dir='ltr'><strong>alius;</strong></span> <span class='ocrx_word' id='word_1_606' title='bbox 639 5238 762 5289; x_wconf 88' lang='lat' dir='ltr'><strong>tum</strong></span> <span class='ocrx_word' id='word_1_607' title='bbox 777 5241 842 5290; x_wconf 89' lang='lat' dir='ltr'><strong>ut</strong></span> <span class='ocrx_word' id='word_1_608' title='bbox 861 5252 1029 5307; x_wconf 89' lang='lat' dir='ltr'><strong>quam</strong></span> <span class='ocrx_word' id='word_1_609' title='bbox 1051 5235 1283 5293; x_wconf 89' lang='lat' dir='ltr'><strong>minime</strong></span> <span class='ocrx_word' id='word_1_610' title='bbox 1305 5239 1375 5294; x_wconf 91' lang='lat' dir='ltr'><strong>ab</strong></span> <span class='ocrx_word' id='word_1_611' title='bbox 1398 5239 1726 5311; x_wconf 84' lang='lat' dir='ltr'><strong>inveterata,</strong></span> <span class='ocrx_word' id='word_1_612' title='bbox 1751 5260 1874 5315; x_wconf 63' lang='lat' dir='ltr'><strong>qua:</strong></span> <span class='ocrx_word' id='word_1_613' title='bbox 1897 5247 2039 5302; x_wconf 89' lang='lat' dir='ltr'><strong>mul-</strong></span> 
     </span>
    </p>
   </div>
   <div class='ocr_carea' id='block_1_102' title="bbox 439 5322 2038 5404">
    <p class='ocr_par' dir='ltr' id='par_1_102' title="bbox 439 5322 2038 5404">
     <span class='ocr_line' id='line_1_102' title="bbox 439 5322 2038 5404; baseline 0.008 -26"><span class='ocrx_word' id='word_1_614' title='bbox 439 5329 629 5379; x_wconf 87' lang='lat' dir='ltr'><strong>torum</strong></span> <span class='ocrx_word' id='word_1_615' title='bbox 645 5322 816 5379; x_wconf 88' lang='lat' dir='ltr'><strong>etiam</strong></span> <span class='ocrx_word' id='word_1_616' title='bbox 834 5330 1088 5381; x_wconf 88' lang='lat' dir='ltr'><strong>veterum</strong></span> <span class='ocrx_word' id='word_1_617' title='bbox 1104 5324 1320 5381; x_wconf 86' lang='lat' dir='ltr'><strong>animos</strong></span> <span class='ocrx_word' id='word_1_618' title='bbox 1342 5331 1650 5401; x_wconf 89' lang='lat' dir='ltr'><strong>occupavit,</strong></span> <span class='ocrx_word' id='word_1_619' title='bbox 1670 5332 1933 5404; x_wconf 78' lang='lat' dir='ltr'><strong>opinione</strong></span> <span class='ocrx_word' id='word_1_620' title='bbox 1953 5352 2038 5390; x_wconf 87' lang='lat' dir='ltr'><strong>re-</strong></span> 
     </span>
    </p>
   </div>
   <div class='ocr_carea' id='block_1_103' title="bbox 442 5411 2039 5486">
    <p class='ocr_par' dir='ltr' id='par_1_103' title="bbox 442 5411 2039 5486">
     <span class='ocr_line' id='line_1_103' title="bbox 442 5411 2039 5486; baseline 0.008 -20"><span class='ocrx_word' id='word_1_621' title='bbox 442 5411 720 5479; x_wconf 87' lang='lat' dir='ltr'><strong>cederem,</strong></span> <span class='ocrx_word' id='word_1_622' title='bbox 766 5429 878 5484; x_wconf 89' lang='lat' dir='ltr'><strong>qua</strong></span> <span class='ocrx_word' id='word_1_623' title='bbox 904 5413 1065 5469; x_wconf 88' lang='lat' dir='ltr'><strong>divus</strong></span> <span class='ocrx_word' id='word_1_624' title='bbox 1092 5413 1469 5486; x_wconf 84' lang='lat' dir='ltr'><strong>Hieronymus</strong></span> <span class='ocrx_word' id='word_1_625' title='bbox 1506 5419 1763 5476; x_wconf 88' lang='lat' dir='ltr'><strong>Vitarum</strong></span> <span class='ocrx_word' id='word_1_626' title='bbox 1809 5422 2039 5478; x_wconf 81' lang='lat' dir='ltr'><strong>Patrum</strong></span> 
     </span>
    </p>
   </div>
   <div class='ocr_carea' id='block_1_104' title="bbox 443 5500 2039 5582">
    <p class='ocr_par' dir='ltr' id='par_1_104' title="bbox 443 5500 2039 5582">
     <span class='ocr_line' id='line_1_104' title="bbox 443 5500 2039 5582; baseline 0.007 -26"><span class='ocrx_word' id='word_1_627' title='bbox 443 5503 639 5557; x_wconf 85' lang='lat' dir='ltr'><strong>auctor</strong></span> <span class='ocrx_word' id='word_1_628' title='bbox 679 5501 924 5557; x_wconf 80' lang='lat' dir='ltr'><strong>creditus</strong></span> <span class='ocrx_word' id='word_1_629' title='bbox 959 5501 1086 5557; x_wconf 85' lang='lat' dir='ltr'><strong>fuit.</strong></span> <span class='ocrx_word' id='word_1_630' title='bbox 1136 5500 1277 5556; x_wconf 91' lang='lat' dir='ltr'><strong>Dedi</strong></span> <span class='ocrx_word' id='word_1_631' title='bbox 1308 5502 1484 5574; x_wconf 79' lang='lat' dir='ltr'><strong>igitur</strong></span> <span class='ocrx_word' id='word_1_632' title='bbox 1511 5507 1615 5562; x_wconf 87' lang='lat' dir='ltr'><strong>hoc</strong></span> <span class='ocrx_word' id='word_1_633' title='bbox 1666 5507 1810 5565; x_wconf 88' lang='lat' dir='ltr'><strong>libro</strong></span> <span class='ocrx_word' id='word_1_634' title='bbox 1858 5511 2039 5582; x_wconf 89' lang='lat' dir='ltr'><strong>primo</strong></span> 
     </span>
    </p>
   </div>
   <div class='ocr_carea' id='block_1_105' title="bbox 446 5585 1964 5668">
    <p class='ocr_par' dir='ltr' id='par_1_105' title="bbox 446 5585 1964 5668">
     <span class='ocr_line' id='line_1_105' title="bbox 446 5585 1964 5668; baseline 0.007 -25"><span class='ocrx_word' id='word_1_635' title='bbox 446 5586 718 5661; x_wconf 78' lang='lat' dir='ltr'><strong>quidquid</strong></span> <span class='ocrx_word' id='word_1_636' title='bbox 738 5587 855 5645; x_wconf 78' lang='lat' dir='ltr'><strong>fere</strong></span> <span class='ocrx_word' id='word_1_637' title='bbox 884 5588 1260 5662; x_wconf 83' lang='lat' dir='ltr'><strong>Hieronymus</strong></span> <span class='ocrx_word' id='word_1_638' title='bbox 1281 5585 1339 5645; x_wconf 89' lang='lat' dir='ltr'><strong>in</strong></span> <span class='ocrx_word' id='word_1_639' title='bbox 1367 5606 1432 5646; x_wconf 88' lang='lat' dir='ltr'><strong>eo</strong></span> <span class='ocrx_word' id='word_1_640' title='bbox 1449 5606 1658 5663; x_wconf 74' lang='lat' dir='ltr'><strong>genere</strong></span> <span class='ocrx_word' id='word_1_641' title='bbox 1683 5594 1964 5668; x_wconf 71' lang='lat' dir='ltr'><strong>praestitit.</strong></span> 
     </span>
    </p>
   </div>
   <div class='ocr_carea' id='block_1_106' title="bbox 2182 4545 3703 4621">
    <p class='ocr_par' dir='ltr' id='par_1_106' title="bbox 2182 4545 3703 4621">
     <span class='ocr_line' id='line_1_106' title="bbox 2182 4545 3703 4621; baseline 0.001 -18"><span class='ocrx_word' id='word_1_642' title='bbox 2182 4548 2383 4603; x_wconf 88' lang='lat' dir='ltr'><strong>Sextus</strong></span> <span class='ocrx_word' id='word_1_643' title='bbox 2403 4545 2546 4602; x_wconf 88' lang='lat' dir='ltr'><strong>liber</strong></span> <span class='ocrx_word' id='word_1_644' title='bbox 2570 4551 2798 4603; x_wconf 90' lang='lat' dir='ltr'><strong>auctore</strong></span> <span class='ocrx_word' id='word_1_645' title='bbox 2827 4548 3019 4605; x_wconf 63' lang='lat' dir='ltr'><strong>Graeco</strong></span> <span class='ocrx_word' id='word_1_646' title='bbox 3039 4566 3263 4621; x_wconf 87' lang='lat' dir='ltr'><strong>quoque</strong></span> <span class='ocrx_word' id='word_1_647' title='bbox 3282 4549 3514 4614; x_wconf 84' lang='lat' dir='ltr'><strong>incerto,</strong></span> <span class='ocrx_word' id='word_1_648' title='bbox 3549 4556 3703 4605; x_wconf 81' lang='lat' dir='ltr'><strong>certo</strong></span> 
     </span>
    </p>
   </div>
   <div class='ocr_carea' id='block_1_107' title="bbox 2111 4634 3699 4706">
    <p class='ocr_par' dir='ltr' id='par_1_107' title="bbox 2111 4634 3699 4706">
     <span class='ocr_line' id='line_1_107' title="bbox 2111 4634 3699 4706; baseline 0.001 -15"><span class='ocrx_word' id='word_1_649' title='bbox 2111 4640 2304 4691; x_wconf 89' lang='lat' dir='ltr'><strong>tamen</strong></span> <span class='ocrx_word' id='word_1_650' title='bbox 2347 4634 2655 4706; x_wconf 87' lang='lat' dir='ltr'><strong>interprete</strong></span> <span class='ocrx_word' id='word_1_651' title='bbox 2703 4637 2919 4692; x_wconf 89' lang='lat' dir='ltr'><strong>Joanne</strong></span> <span class='ocrx_word' id='word_1_652' title='bbox 2983 4639 3040 4693; x_wconf 91' lang='lat' dir='ltr'><strong>S.</strong></span> <span class='ocrx_word' id='word_1_653' title='bbox 3097 4639 3164 4693; x_wconf 92' lang='lat' dir='ltr'><strong>R.</strong></span> <span class='ocrx_word' id='word_1_654' title='bbox 3216 4639 3280 4693; x_wconf 86' lang='lat' dir='ltr'><strong>E.</strong></span> <span class='ocrx_word' id='word_1_655' title='bbox 3338 4637 3699 4705; x_wconf 83' lang='lat' dir='ltr'><strong>subdiacono,</strong></span> 
     </span>
    </p>
   </div>
   <div class='ocr_carea' id='block_1_108' title="bbox 2115 4721 3695 4798">
    <p class='ocr_par' dir='ltr' id='par_1_108' title="bbox 2115 4721 3695 4798">
     <span class='ocr_line' id='line_1_108' title="bbox 2115 4721 3695 4798; baseline 0.002 -21"><span class='ocrx_word' id='word_1_656' title='bbox 2115 4723 2287 4778; x_wconf 90' lang='lat' dir='ltr'><strong>etiam</strong></span> <span class='ocrx_word' id='word_1_657' title='bbox 2306 4721 2492 4777; x_wconf 85' lang='lat' dir='ltr'><strong>Verba</strong></span> <span class='ocrx_word' id='word_1_658' title='bbox 2509 4724 2795 4779; x_wconf 89' lang='lat' dir='ltr'><strong>seniorum</strong></span> <span class='ocrx_word' id='word_1_659' title='bbox 2810 4726 3134 4796; x_wconf 84' lang='lat' dir='ltr'><strong>exsequitur</strong></span> <span class='ocrx_word' id='word_1_660' title='bbox 3147 4726 3349 4781; x_wconf 90' lang='lat' dir='ltr'><strong>libellis</strong></span> <span class='ocrx_word' id='word_1_661' title='bbox 3361 4741 3434 4780; x_wconf 85' lang='lat' dir='ltr'><strong>Iv:</strong></span> <span class='ocrx_word' id='word_1_662' title='bbox 3457 4743 3695 4798; x_wconf 87' lang='lat' dir='ltr'><strong>quorum</strong></span> 
     </span>
    </p>
   </div>
   <div class='ocr_carea' id='block_1_109' title="bbox 2115 4812 3706 4885">
    <p class='ocr_par' dir='ltr' id='par_1_109' title="bbox 2115 4812 3706 4885">
     <span class='ocr_line' id='line_1_109' title="bbox 2115 4812 3706 4885; baseline 0.002 -19"><span class='ocrx_word' id='word_1_663' title='bbox 2115 4812 2332 4884; x_wconf 88' lang='lat' dir='ltr'><strong>primus</strong></span> <span class='ocrx_word' id='word_1_664' title='bbox 2360 4816 2447 4865; x_wconf 90' lang='lat' dir='ltr'><strong>est</strong></span> <span class='ocrx_word' id='word_1_665' title='bbox 2474 4812 2548 4866; x_wconf 87' lang='lat' dir='ltr'><strong>De</strong></span> <span class='ocrx_word' id='word_1_666' title='bbox 2564 4813 2928 4869; x_wconf 61' lang='lat' dir='ltr'><strong>Pravidentia</strong></span> <span class='ocrx_word' id='word_1_667' title='bbox 2947 4818 3057 4869; x_wconf 83' lang='lat' dir='ltr'><strong>sive</strong></span> <span class='ocrx_word' id='word_1_668' title='bbox 3072 4815 3552 4885; x_wconf 78' lang='lat' dir='ltr'><strong>Contemplatione,</strong></span> <span class='ocrx_word' id='word_1_669' title='bbox 3589 4819 3706 4870; x_wconf 85' lang='lat' dir='ltr'><strong>est-</strong></span> 
     </span>
    </p>
   </div>
   <div class='ocr_carea' id='block_1_110' title="bbox 2118 4898 3706 4973">
    <p class='ocr_par' dir='ltr' id='par_1_110' title="bbox 2118 4898 3706 4973">
     <span class='ocr_line' id='line_1_110' title="bbox 2118 4898 3706 4973; baseline 0.003 -18"><span class='ocrx_word' id='word_1_670' title='bbox 2118 4915 2227 4970; x_wconf 91' lang='lat' dir='ltr'><strong>que</strong></span> <span class='ocrx_word' id='word_1_671' title='bbox 2253 4915 2385 4970; x_wconf 89' lang='lat' dir='ltr'><strong>pars</strong></span> <span class='ocrx_word' id='word_1_672' title='bbox 2411 4898 2597 4954; x_wconf 90' lang='lat' dir='ltr'><strong>ultimi</strong></span> <span class='ocrx_word' id='word_1_673' title='bbox 2633 4900 2807 4956; x_wconf 90' lang='lat' dir='ltr'><strong>libelli</strong></span> <span class='ocrx_word' id='word_1_674' title='bbox 2826 4903 3211 4973; x_wconf 83' lang='lat' dir='ltr'><strong>praecedentis.</strong></span> <span class='ocrx_word' id='word_1_675' title='bbox 3255 4905 3491 4961; x_wconf 90' lang='lat' dir='ltr'><strong>Constat</strong></span> <span class='ocrx_word' id='word_1_676' title='bbox 3517 4909 3706 4960; x_wconf 87' lang='lat' dir='ltr'><strong>autem</strong></span> 
     </span>
    </p>
   </div>
   <div class='ocr_carea' id='block_1_111' title="bbox 2116 4986 3709 5062">
    <p class='ocr_par' dir='ltr' id='par_1_111' title="bbox 2116 4986 3709 5062">
     <span class='ocr_line' id='line_1_111' title="bbox 2116 4986 3709 5062; baseline 0.003 -20"><span class='ocrx_word' id='word_1_677' title='bbox 2116 4986 2367 5043; x_wconf 83' lang='lat' dir='ltr'><strong>numeris</strong></span> <span class='ocrx_word' id='word_1_678' title='bbox 2397 5004 2520 5055; x_wconf 86' lang='lat' dir='ltr'><strong>xvn;</strong></span> <span class='ocrx_word' id='word_1_679' title='bbox 2554 4989 2832 5045; x_wconf 87' lang='lat' dir='ltr'><strong>secundus</strong></span> <span class='ocrx_word' id='word_1_680' title='bbox 2859 4992 2939 5046; x_wconf 86' lang='lat' dir='ltr'><strong>De</strong></span> <span class='ocrx_word' id='word_1_681' title='bbox 2976 4995 3183 5047; x_wconf 85' lang='lat' dir='ltr'><strong>sanctis</strong></span> <span class='ocrx_word' id='word_1_682' title='bbox 3209 4995 3520 5048; x_wconf 83' lang='lat' dir='ltr'><strong>senioribus</strong></span> <span class='ocrx_word' id='word_1_683' title='bbox 3553 5033 3567 5059; x_wconf 92' lang='lat'><strong>,</strong></span> <span class='ocrx_word' id='word_1_684' title='bbox 3610 4996 3709 5062; x_wconf 86' lang='lat' dir='ltr'><strong>qui</strong></span> 
     </span>
    </p>
   </div>
   <div class='ocr_carea' id='block_1_112' title="bbox 2115 5075 3711 5148">
    <p class='ocr_par' dir='ltr' id='par_1_112' title="bbox 2115 5075 3711 5148">
     <span class='ocr_line' id='line_1_112' title="bbox 2115 5075 3711 5148; baseline 0.003 -18"><span class='ocrx_word' id='word_1_685' title='bbox 2115 5077 2280 5143; x_wconf 86' lang='lat' dir='ltr'><strong>signa</strong></span> <span class='ocrx_word' id='word_1_686' title='bbox 2306 5075 2602 5143; x_wconf 78' lang='lat' dir='ltr'><strong>faciebant,</strong></span> <span class='ocrx_word' id='word_1_687' title='bbox 2637 5077 2886 5133; x_wconf 89' lang='lat' dir='ltr'><strong>numeris</strong></span> <span class='ocrx_word' id='word_1_688' title='bbox 2915 5093 3030 5133; x_wconf 83' lang='lat' dir='ltr'><strong>xvn</strong></span> <span class='ocrx_word' id='word_1_689' title='bbox 3058 5098 3071 5148; x_wconf 90' lang='lat'><strong>;</strong></span> <span class='ocrx_word' id='word_1_690' title='bbox 3102 5080 3303 5135; x_wconf 85' lang='lat' dir='ltr'><strong>tertius</strong></span> <span class='ocrx_word' id='word_1_691' title='bbox 3322 5082 3398 5137; x_wconf 85' lang='lat' dir='ltr'><strong>De</strong></span> <span class='ocrx_word' id='word_1_692' title='bbox 3428 5097 3711 5136; x_wconf 85' lang='lat' dir='ltr'><strong>conversa-</strong></span> 
     </span>
    </p>
   </div>
   <div class='ocr_carea' id='block_1_113' title="bbox 2120 5164 3706 5234">
    <p class='ocr_par' dir='ltr' id='par_1_113' title="bbox 2120 5164 3706 5234">
     <span class='ocr_line' id='line_1_113' title="bbox 2120 5164 3706 5234; baseline 0.005 -20"><span class='ocrx_word' id='word_1_693' title='bbox 2120 5164 2268 5216; x_wconf 78' lang='lat' dir='ltr'><strong>tione</strong></span> <span class='ocrx_word' id='word_1_694' title='bbox 2293 5164 2500 5230; x_wconf 86' lang='lat' dir='ltr'><strong>optima</strong></span> <span class='ocrx_word' id='word_1_695' title='bbox 2529 5165 2875 5221; x_wconf 84' lang='lat' dir='ltr'><strong>diversorum</strong></span> <span class='ocrx_word' id='word_1_696' title='bbox 2903 5172 3243 5234; x_wconf 86' lang='lat' dir='ltr'><strong>sanctorum,</strong></span> <span class='ocrx_word' id='word_1_697' title='bbox 3270 5167 3522 5224; x_wconf 87' lang='lat' dir='ltr'><strong>numeris</strong></span> <span class='ocrx_word' id='word_1_698' title='bbox 3549 5183 3706 5234; x_wconf 86' lang='lat' dir='ltr'><strong>xvm;</strong></span> 
     </span>
    </p>
   </div>
   <div class='ocr_carea' id='block_1_114' title="bbox 2120 5247 3712 5325">
    <p class='ocr_par' dir='ltr' id='par_1_114' title="bbox 2120 5247 3712 5325">
     <span class='ocr_line' id='line_1_114' title="bbox 2120 5247 3712 5325; baseline 0.006 -24"><span class='ocrx_word' id='word_1_699' title='bbox 2120 5252 2355 5320; x_wconf 86' lang='lat' dir='ltr'><strong>quartus</strong></span> <span class='ocrx_word' id='word_1_700' title='bbox 2383 5247 2592 5318; x_wconf 86' lang='lat' dir='ltr'><strong>Septem</strong></span> <span class='ocrx_word' id='word_1_701' title='bbox 2620 5256 2867 5322; x_wconf 87' lang='lat' dir='ltr'><strong>capitula</strong></span> <span class='ocrx_word' id='word_1_702' title='bbox 2892 5256 3205 5322; x_wconf 87' lang='lat' dir='ltr'><strong>verborum,</strong></span> <span class='ocrx_word' id='word_1_703' title='bbox 3235 5272 3354 5325; x_wconf 58' lang='lat' dir='ltr'><strong>qua</strong></span> <span class='ocrx_word' id='word_1_704' title='bbox 3375 5259 3531 5311; x_wconf 87' lang='lat' dir='ltr'><strong>misit</strong></span> <span class='ocrx_word' id='word_1_705' title='bbox 3546 5258 3712 5310; x_wconf 85' lang='lat' dir='ltr'><strong>abbas</strong></span> 
     </span>
    </p>
   </div>
   <div class='ocr_carea' id='block_1_115' title="bbox 2118 5337 3713 5412">
    <p class='ocr_par' dir='ltr' id='par_1_115' title="bbox 2118 5337 3713 5412">
     <span class='ocr_line' id='line_1_115' title="bbox 2118 5337 3713 5412; baseline 0.006 -23"><span class='ocrx_word' id='word_1_706' title='bbox 2118 5337 2322 5404; x_wconf 83' lang='lat' dir='ltr'><strong>Moyses</strong></span> <span class='ocrx_word' id='word_1_707' title='bbox 2351 5338 2539 5392; x_wconf 90' lang='lat' dir='ltr'><strong>abbati</strong></span> <span class='ocrx_word' id='word_1_708' title='bbox 2566 5341 2866 5407; x_wconf 74' lang='lat' dir='ltr'><strong>Pcmenio;</strong></span> <span class='ocrx_word' id='word_1_709' title='bbox 2907 5347 2956 5397; x_wconf 90' lang='lat' dir='ltr'><strong>et</strong></span> <span class='ocrx_word' id='word_1_710' title='bbox 2986 5345 3087 5411; x_wconf 89' lang='lat' dir='ltr'><strong>qui</strong></span> <span class='ocrx_word' id='word_1_711' title='bbox 3120 5346 3439 5399; x_wconf 85' lang='lat' dir='ltr'><strong>custodierit</strong></span> <span class='ocrx_word' id='word_1_712' title='bbox 3468 5360 3548 5412; x_wconf 86' lang='lat' dir='ltr'><strong>ea,</strong></span> <span class='ocrx_word' id='word_1_713' title='bbox 3584 5347 3713 5399; x_wconf 83' lang='lat' dir='ltr'><strong>libe-</strong></span> 
     </span>
    </p>
   </div>
   <div class='ocr_carea' id='block_1_116' title="bbox 2122 5425 3483 5500">
    <p class='ocr_par' dir='ltr' id='par_1_116' title="bbox 2122 5425 3483 5500">
     <span class='ocr_line' id='line_1_116' title="bbox 2122 5425 3483 5500; baseline 0.007 -23"><span class='ocrx_word' id='word_1_714' title='bbox 2122 5425 2346 5479; x_wconf 87' lang='lat' dir='ltr'><strong>rabitur</strong></span> <span class='ocrx_word' id='word_1_715' title='bbox 2372 5442 2408 5479; x_wconf 90' lang='lat' dir='ltr'><strong>a</strong></span> <span class='ocrx_word' id='word_1_716' title='bbox 2432 5442 2611 5495; x_wconf 68' lang='lat' dir='ltr'><strong>paena,</strong></span> <span class='ocrx_word' id='word_1_717' title='bbox 2645 5433 2974 5500; x_wconf 87' lang='lat' dir='ltr'><strong>constatque</strong></span> <span class='ocrx_word' id='word_1_718' title='bbox 3012 5432 3264 5486; x_wconf 89' lang='lat' dir='ltr'><strong>numeris</strong></span> <span class='ocrx_word' id='word_1_719' title='bbox 3283 5449 3483 5488; x_wconf 84' lang='lat' dir='ltr'><strong>xxxvu.</strong></span> 
     </span>
    </p>
   </div>
   <div class='ocr_carea' id='block_1_117' title="bbox 2194 5511 3699 5585">
    <p class='ocr_par' dir='ltr' id='par_1_117' title="bbox 2194 5511 3699 5585">
     <span class='ocr_line' id='line_1_117' title="bbox 2194 5511 3699 5585; baseline 0.005 -17"><span class='ocrx_word' id='word_1_720' title='bbox 2194 5511 2479 5584; x_wconf 87' lang='lat' dir='ltr'><strong>Septimus</strong></span> <span class='ocrx_word' id='word_1_721' title='bbox 2497 5514 2642 5570; x_wconf 82' lang='lat' dir='ltr'><strong>liber</strong></span> <span class='ocrx_word' id='word_1_722' title='bbox 2651 5521 2938 5572; x_wconf 88' lang='lat' dir='ltr'><strong>auctorem</strong></span> <span class='ocrx_word' id='word_1_723' title='bbox 2954 5516 3124 5574; x_wconf 89' lang='lat' dir='ltr'><strong>habet</strong></span> <span class='ocrx_word' id='word_1_724' title='bbox 3138 5519 3699 5585; x_wconf 68' lang='lat' dir='ltr'><strong>Graecumincertum,</strong></span> 
     </span>
    </p>
   </div>
   <div class='ocr_carea' id='block_1_118' title="bbox 2121 5594 3703 5675">
    <p class='ocr_par' dir='ltr' id='par_1_118' title="bbox 2121 5594 3703 5675">
     <span class='ocr_line' id='line_1_118' title="bbox 2121 5594 3703 5675; baseline 0.005 -20"><span class='ocrx_word' id='word_1_725' title='bbox 2121 5604 2337 5656; x_wconf 81' lang='lat' dir='ltr'><strong>certum</strong></span> <span class='ocrx_word' id='word_1_726' title='bbox 2371 5594 2739 5675; x_wconf 83' lang='lat' dir='ltr'><strong>interpretem</strong></span> <span class='ocrx_word' id='word_1_727' title='bbox 2766 5603 3032 5663; x_wconf 83' lang='lat' dir='ltr'><strong>Latinum</strong></span> <span class='ocrx_word' id='word_1_728' title='bbox 3058 5606 3421 5665; x_wconf 79' lang='lat' dir='ltr'><strong>Paschasium</strong></span> <span class='ocrx_word' id='word_1_729' title='bbox 3449 5608 3506 5666; x_wconf 88' lang='lat' dir='ltr'><strong>S.</strong></span> <span class='ocrx_word' id='word_1_730' title='bbox 3538 5610 3606 5666; x_wconf 87' lang='lat' dir='ltr'><strong>R.</strong></span> <span class='ocrx_word' id='word_1_731' title='bbox 3642 5609 3703 5665; x_wconf 87' lang='lat' dir='ltr'><strong>E.</strong></span> 
     </span>
    </p>
   </div>
  </div>
