4046 6212
310 311 374 369 73

1546 307 2142 367 PROLEGOMENON
2177 308 2352 364 XXII.

3514 317 3580 373 74

306 439 631 493 diaconum.
660 438 924 495 Continet
957 442 1147 492 autem
1171 436 1338 492 verba
1357 436 1639 493 seniorum
1665 438 1723 491 in
1752 439 1903 493 locos
1918 435 2156 499 Atutes,
2187 433 2347 504 quasi
2379 433 2654 504 pretiosos
2698 435 2932 506 lapides,
2984 436 3194 507 passim
3238 426 3577 510 proponens,

306 545 638 584 communes
663 529 902 598 digesta,
935 526 1352 597 absolviturque
1376 527 1654 598 capitibus
1684 543 1832 582 xuv.

377 619 567 689 Atque
618 634 743 688 quae
789 617 1062 671 hactenus
1108 616 1587 687 enumeravimus,
1626 617 1909 689 prioribus

307 707 654 762 editionibus
672 707 823 761 varie
843 706 1096 777 dispersa
1121 722 1222 777 pro
1247 707 1519 777 cujusque
1546 707 1908 761 concinnato-

308 796 388 850 ris
416 802 588 866 captu
615 795 900 867 prodiere,
945 812 1067 866 quae
1108 795 1334 865 vulgato
1377 795 1632 849 Vitarum
1675 796 1905 850 Patrum

308 884 452 940 libro
478 885 638 939 fuere
664 884 1088 955 comprehensa.
1120 885 1283 939 Nunc
1310 884 1605 955 sequentia
1632 890 1908 956 preterea

308 974 605 1029 accedunt.

382 1064 628 1119 Octavus
650 1064 794 1117 liber
809 1068 1024 1117 certum
1042 1068 1328 1117 auctorem
1354 1063 1609 1133 agnoscit
1628 1063 1906 1128 Graecum,

310 1152 627 1207 Palladium
657 1152 1064 1223 Helenopoleos
1083 1153 1425 1223 episcopum,
1451 1158 1667 1206 certum
1689 1168 1910 1223 quoque

308 1242 577 1296 Latinum
606 1242 971 1312 interpretem
1001 1242 1343 1296 Gentianum
1368 1242 1691 1295 Hervetum.
1726 1241 1912 1295 Conti-

306 1336 405 1385 net
433 1337 631 1385 autem
657 1330 854 1385 breves
884 1331 1116 1385 Patrum
1146 1330 1325 1396 Vitas,
1351 1335 1409 1384 et
1435 1328 1807 1400 quarumdam
1827 1330 1911 1384 fe-

306 1420 600 1475 minarum
617 1420 1004 1487 ascetriarum,
1029 1419 1087 1473 in
1102 1420 1274 1473 Lausi
1295 1419 1578 1490 praepositi
1596 1419 1839 1489 gratiam
1852 1419 1909 1471 in

306 1525 489 1563 unum
515 1510 780 1564 volumen
810 1514 1125 1579 congestas,
1156 1509 1306 1563 unde
1339 1509 1620 1563 Lausiacae
1649 1508 1911 1563 Historiae

305 1615 517 1653 nomen
546 1598 811 1655 obtinuit.
842 1598 1164 1653 Absolvitur
1187 1597 1461 1669 capitibus
1491 1612 1596 1651 cm.

378 1689 578 1742 Nonus
602 1688 746 1742 liber
760 1687 861 1743 Dei
886 1687 1197 1741 amantium
1221 1687 1514 1741 historiam
1539 1686 1786 1740 virorum
1816 1703 1910 1757 pa-

1984 522 2288 577 utilitatem
2313 539 2475 577 suam
2503 527 2620 578 toto
2643 524 2700 577 in
2730 541 2960 595 corpore
2988 526 3211 581 lectoris
3243 528 3420 583 oculis
3448 546 3584 601 pro-

1981 612 2150 666 batur
2167 612 2388 666 olferre.
2404 612 2606 666 Decem
2624 613 2830 684 quippe
2854 620 2911 668 et
2930 631 3130 670 novem
3158 616 3368 672 divisus
3383 618 3442 672 in
3458 635 3586 690 par-

1988 707 2094 765 tes,
2118 701 2410 755 distinctas
2424 701 2555 755 licet
2565 702 2820 757 videatur
2840 703 3045 759 habere
3059 705 3314 774 virtutes,
3330 713 3585 763 attamen

1989 790 2123 843 dum
2150 790 2438 844 occasione
2458 791 2626 845 unius
2639 792 2969 863 plerumque
2989 793 3223 849 virtutes
3233 802 3445 850 caetera;
3458 813 3586 868 pro-

1989 879 2199 933 miscue
2220 880 2704 945 commendantur,
2742 882 2947 935 collisis
2976 882 3125 937 inter
3170 900 3228 938 se
3257 885 3580 952 unionibus,

1994 967 2099 1021 hoc
2119 972 2221 1033 est,
2255 968 2474 1021 collatis
2500 969 2570 1022 ad
2600 969 2837 1023 invicem
2869 970 3186 1039 virtutibus,
3231 991 3585 1043 gemmarum

1990 1056 2367 1126 spiritualium
2398 1056 2734 1112 immortalis
2770 1059 2997 1113 claritas
3035 1077 3158 1114 sese
3198 1062 3580 1130 reverberans,

1992 1145 2233 1198 mutuati
2262 1146 2491 1200 luminis
2520 1147 2859 1203 detrimenta
2887 1165 2998 1203 non
3029 1150 3200 1203 novit.
3240 1170 3263 1201 ι

2062 1233 2269 1292 Tertio.
2312 1239 2495 1288 totum
2534 1235 2740 1289 librum
2781 1238 3059 1307 quintum,
3090 1239 3187 1310 qui
3230 1240 3479 1296 continet
3514 1243 3588 1296 De

1993 1325 2186 1376 σκιαδιὶ
2211 1324 2592 1391 Εθυριίοναηι
2621 1327 2853 1379 Patrum
2884 1331 3293 1383 conversatione
3320 1331 3588 1384 breviores

1990 1413 2315 1468 sententias.
2347 1412 2681 1483 Quanquam
2701 1413 2786 1469 hae
2810 1416 3103 1470 sententiae
3124 1416 3184 1472 in
3210 1419 3457 1473 secunda
3476 1419 3591 1473 edi-

1991 1500 2145 1554 tione
2175 1517 2276 1571 per
2304 1502 2485 1556 varios
2516 1502 2687 1557 libros
2716 1506 3293 1575 sparsaz,habeantur,
3331 1513 3396 1562 ut
3423 1525 3490 1562 ex
3515 1508 3587 1563 iis

1992 1587 2132 1641 nihil
2163 1589 2221 1642 in
2250 1606 2318 1643 ea
2345 1590 2697 1645 desideretur
2719 1598 2922 1662 praeter
2958 1594 3133 1648 solam
3178 1596 3587 1667 praefationem,

1991 1693 2160 1747 quam
2186 1677 2275 1731 hic
2299 1684 2636 1748 repraesento
2661 1698 2673 1733 :

301 1778 448 1831 riter
467 1794 533 1831 ac
552 1776 1279 1855 mulierumcomplectitur,
1304 1775 1786 1845 quazPhilotheus,
1811 1765 1972 1829 seuB
2068 1765 2276 1855 fiLicet
2304 1765 2373 1855 ab
2398 1768 2623 1821 exordio
2649 1768 3073 1839 conscriptionis
3098 1776 3302 1827 nostra:
3331 1773 3589 1827 voluntas

300 1867 645 1938 Theophiles
669 1866 894 1934 dicitur,
910 1872 1061 1920 certo
1078 1870 1304 1919 auctore
1333 1865 1544 1930 Graeco,
1559 1864 1910 1918 Theodoreto

300 1956 437 2027 Cyri
491 1957 750 2027 episcopo
783 1996 797 2015 .
852 1961 1004 2009 certo
1059 1971 1284 2026 quoque
1343 1954 1544 2008 Latino
1600 1953 1909 2024 interprete

302 2044 590 2099 Gentiano
620 2045 862 2099 Herveto
886 2063 899 2111 ;
933 2049 1261 2115 constatque
1281 2042 1557 2113 capitibus
1588 2057 1712 2096 xxx.

376 2134 643 2188 Decimus
670 2133 814 2188 liber
843 2139 1130 2188 auctorem
1151 2134 1407 2187 Graecum
1435 2131 1604 2186 habet
1631 2132 1906 2186 Joannem

303 2224 620 2290 Moschum,
638 2223 1007 2295 interpretem
1023 2223 1286 2277 Latinum
1310 2221 1666 2276 Ambrosium
1691 2221 1907 2275 Gamal-

301 2314 622 2378 dulensem,
657 2319 713 2368 et
735 2329 940 2367 nomen
970 2311 1213 2367 obtinuit
1237 2311 1391 2365 Prati
1413 2310 1743 2381 spiritualis,
1758 2310 1907 2380 quod

302 2402 475 2455 variis
487 2408 810 2456 sanctorum
823 2391 1055 2455 ﬂoribus
1066 2401 1261 2454 niteat.
1270 2401 1403 2454 Com
1410 2399 1708 2471 prehendit
1715 2404 1906 2453 autem

302 2492 493 2562 capita
522 2492 750 2545 omnino
774 2505 951 2544 ccxlx.

375 2580 515 2634 Post
541 2580 735 2634 decem
760 2580 864 2634 hos
891 2579 961 2633 de
991 2578 1135 2633 Vitis
1161 2579 1407 2645 Patrum
1425 2582 1483 2631 et
1511 2576 1694 2630 verbis
1721 2576 1908 2630 senio-

300 2687 431 2725 rum
468 2668 641 2723 libros
663 2668 879 2723 accedit
903 2667 1211 2739 Appendix,
1242 2684 1364 2738 quae
1395 2666 1527 2737 quia
1552 2666 1746 2720 eadem
1766 2682 1909 2736 pene

1993 1854 2154 1909 nobis
2181 1854 2369 1921 fuerit,
2410 1856 2597 1909 omnia
2628 1873 2749 1926 qua;
2787 1858 2855 1911 de
2900 1860 3318 1915 conversatione
3361 1867 3587 1916 sancto-

1994 1959 2121 1997 rum
2142 1944 2376 1997 Patrum
2405 1944 2548 1998 scire
2568 1945 2873 2015 potuimus,
2895 1951 3137 2016 quatuor
3152 1948 3310 2003 libris
3340 1966 3590 2021 compre-

1992 2031 2270 2100 hendere;
2302 2033 2661 2103 postmodum
2681 2039 2867 2088 tamen
2895 2035 3315 2090 considerantes
3343 2037 3586 2107 singula.

1991 2120 2253 2189 quintum
2283 2121 2731 2191 superaddimus,
2762 2139 2834 2176 ne
2871 2121 3013 2176 forte
3047 2124 3364 2193 legentibus
3392 2132 3491 2181 aut
3520 2126 3590 2180 li-

1989 2206 2221 2263 brorum
2250 2210 2553 2279 quantitas,
2578 2216 2678 2264 aut
2691 2212 3101 2266 sententiarum
3122 2213 3443 2284 displiceret
3454 2232 3599 2270 con~

1989 2296 2212 2351 tinuata
2241 2299 2637 2353 numerositas.
2670 2301 2810 2353 Cum
2843 2300 2993 2353 enim
3022 2300 3081 2354 in
3130 2306 3247 2355 toto
3286 2302 3590 2358 voluminis

1988 2385 2157 2455 hujus
2179 2402 2415 2456 corpore
2434 2386 2686 2440 brevium
2706 2388 3113 2442 sententiarum
3142 2395 3303 2465 tanta
3321 2391 3585 2462 sitcopia,

1989 2478 2054 2527 ut
2083 2490 2178 2527 eas
2199 2475 2426 2545 prolixae
2466 2476 2760 2530 sententias
2805 2476 3157 2532 addecimare
3197 2479 3289 2532 vix
3333 2480 3585 2550 possint;

1991 2560 2181 2617 habito
2211 2562 2503 2617 nobiscum
2540 2564 2776 2618 rationis
2800 2566 3032 2635 judicio,
3086 2566 3347 2621 arbitrati
3391 2585 3586 2624 sumus

1992 2650 2097 2705 hoc
2134 2651 2300 2705 modo
2346 2652 2597 2706 laborem
2645 2659 2899 2708 nostrum
2942 2654 3166 2709 lectoris
3206 2661 3376 2727 atque
3421 2658 3586 2711 audi-

300 2761 497 2814 omnia
524 2759 778 2814 continet
802 2757 1080 2829 prioribus
1120 2755 1278 2810 libris
1323 2755 1743 2825 comprehensa,
1777 2755 1900 2807 idco

1990 2739 2130 2793 toris
2178 2740 2377 2810 gratia:
2429 2742 2954 2796 commendandum.
3002 2743 3292 2814 Siquidem
3339 2746 3488 2816 [LXX]
3529 2751 3587 2801 et

300 2866 430 2903 eam
452 2849 513 2902 in
542 2849 753 2902 calcem
769 2847 898 2901 libri
926 2846 1114 2917 rejeci,
1154 2851 1211 2899 et
1232 2844 1450 2898 minore
1478 2845 1799 2899 charactere
1819 2860 1907 2896 ex-
1987 2826 2182 2917 θνθε
2211 2834 2268 2882 et
2297 2830 2477 2900 Ῑοιιὲζῖθ
2504 2831 2795 2885 sementim
2839 2848 2942 2902 Per
2986 2837 3227 2903 quatuor
3273 2834 3586 2890 anteriores

294 2936 936 3009 pﬁmiwmvi.placuit
954 2915 1143 2990 amem
1157 2934 1301 2988 hanc
1319 2933 1685 3005 appendicem
1707 2932 1907 2986 subne-
1988 2915 2159 2970 libros
2188 2917 2399 2971 mistim
2443 2919 2727 2973 relevandi
2764 2936 2935 2974 causa
2973 2920 3182 2974 fastidii
3219 2927 3586 2994 ponerentur,

299 3005 477 3092 ctere,
509 3027 660 3098 quod
690 3043 803 3080 non
830 3026 1109 3095 ingratam
1133 3040 1251 3077 rem
1272 3040 1361 3077 me
1383 3022 1718 3093 antiquariis
1733 3022 1906 3075 factu-
1987 3005 2218 3098 991130“
2245 3023 2375 3060 νθνο
2403 3007 2865 3098 εέηῖθῖιῖαίολθνωη
2891 3009 3136 3079 Plurima
3162 3011 3394 3081 Partein
3406 3028 3585 3071 unum

297 3134 430 3171 rum
481 3093 980 3181 existimarem,—si
1024 3118 1240 3167 veteres
1284 3111 1523 3166 Palladii
1564 3093 2261 3181 interpretesclibenuma
2297 3096 2457 3165 quaSi
2502 3096 2755 3151 ιηίηυῐίεθ
2801 3098 3074 3167 quamam,
3126 3102 3183 3152 θίῖ
3225 3116 3583 3170 gemmarum

297 3207 692 3277 producerem,
726 3210 791 3259 ut
819 3208 877 3258 et
910 3208 1097 3257 textus
1136 3202 1377 3256 varietas
1416 3202 1503 3254 vel
1543 3200 1900 3255 conformitas

1990 3182 2270 3253 fragmina
2292 3184 2352 3238 in
2380 3200 2626 3239 massam
2648 3185 2896 3256 aliquam
2918 3186 3318 3242 conflarentur.
3350 3189 3583 3244 Senten-

298 3271 625 3367 appareret,
657 3299 715 3347 et
741 3293 874 3364 styli
903 3309 1125 3364 quoque
1155 3290 1463 3362 antiquitas
1475 3292 1903 3361 reprazsentare-
1984 3271 2151 3326 ίίθῙθλδ
2179 3279 2368 3367 inter“
2396 3272 2653 3367 dieimm‘b
2676 3281 2952 3367 (Ιυεξηῐυηᾎ
2968 3275 3039 3329 ad
3062 3292 3361 3367 ηυφθῐᾚῐῐὶ
3386 3278 3583 3334 dictio-

449 3362 828 3439 Continentur
857 3362 1049 3436 autern
1076 3380 1381 3452 appendice
1410 3379 1528 3434 haec
1558 3378 1853 3450 sequentia
1886 3396 1898 3432 :

1990 3377 2141 3414 num.
2174 3362 2452 3416 Caeterum
2479 3363 2735 3432 quaedam
2763 3363 3127 3417 inveniuntur
3154 3365 3213 3417 in
3242 3365 3322 3420 eis
3369 3372 3580 3435 quanto

299 3475 477 3546 [LXIX]
505 3472 819 3529 Heraclidis
847 3471 1166 3533 Paradisus,
1188 3470 1400 3523 incerto
1421 3468 1517 3522 sed
1534 3448 1706 3522 veteri
1724 3467 1904 3520 inter-
1983 3448 2166 3548 Verbi?
2195 3449 2494 3548 δι’θνίοΐθξν
2527 3457 2686 3548 ξξιηῐο
2717 3451 2970 3506 εθηείδιιε
2998 3452 3289 3507 fortiores:
3338 3454 3478 3508 adeo
3517 3461 3582 3509 ut

298 3539 767 3635 prem-capitibus
787 3576 911 3615 Lvm
936 3578 950 3626 ;
981 3558 1217 3613 Palladii
1239 3557 1527 3623 Lausiaca,
1561 3556 1774 3610 incerto
1804 3555 1900 3609 sed
1984 3539 2186 3635 SiﬂUiS
2217 3554 2312 3592 eas
2341 3539 2648 3635 Ρνοῖξιδίιξδ-
2672 3557 2947 3635 θκροῐξθνθ
2999 3547 3260 3635 (λυξιξΐθίνη
3280 3546 3442 3635 tom?
3472 3542 3579 3597 Sibi

296 3626 474 3707 ξιθιειςί
501 3626 836 3722 inﬁrmem,
889 3648 1163 3721 capitibus
1204 3662 1274 3701 xx
1307 3665 1321 3715 ;
1369 3644 1760 3718 Egyptiomm
1798 3645 1901 3698 pa.
1984 3626 2181 3722 adesse
2210 3628 2524 3722 necessario
2561 3628 2781 3722 debeat.
2825 3631 2971 3683 Sane
2996 3629 3156 3683 nobis
3191 3630 3355 3685 aliter
3390 3631 3579 3704 dispo-

294 3748 450 3796 trum
481 3715 797 3805 sententiae,
826 3715 1060 3793 auctore
1091 3738 1282 3792 Graeco
1317 3715 1549 3801 incerto,
1591 3734 1899 3805 interprete
1982 3715 2263 3805 ηθηιίδιιεν
2284 3734 2318 3769 3
2345 3716 2582 3771 Domino
2604 3717 2811 3771 factum
2833 3734 2953 3772 esse
2968 3719 3251 3774 Credimus
3278 3724 3344 3774 ut
3367 3720 3579 3792 EEYP'

296 3831 549 3885 Martino
573 3828 864 3884 Dumiensi
885 3827 1163 3899 episcopo.
1182 3827 1457 3880 Constant
1482 3823 1733 3878 numeris
1752 3837 1893 3877 (πως.

1990 3804 2190 3858 tiorum
2220 3806 2454 3859 Patrum
2486 3806 2727 3860 caelestis
2745 3808 3091 3862 conversatio
3121 3808 3387 3879 legalium
3414 3808 3581 3865 libro-

692 3894 1286 4008 PROLE-GOM—ENON
1328 3951 1499 4004 xxu.
1978 3910 2108 4008 1"“?
2127 3910 2367 4008 Ρυῗξῗτο
2395 3894 2743 4008 ῗξεηῆνοίιξτί
2763 3897 3039 4008 quofipse
3066 3897 3341 3998 Dominus
3376 3900 3447 3954 de
3474 3917 3577 3999 p9-

942 3978 1280 4057 έ²υω²⁴λ¹υλ¹
1328 3978 1511 4058 AA”:
1978 3987 2183 4036 testate
2213 3983 2458 4053 Egypti,
2507 3983 2563 4036 id
2594 3990 2679 4038 est
2724 3978 3106 4052 tenebrarum,
3154 3987 3380 4058 eripuit,
3422 3994 3480 4043 et
3515 3988 3575 4043 in

461 4062 610 4130 Quid
634 4076 855 4129 qumque
876 4059 1043 4113 εάίίτό
1066 4060 1347 4149 mutuare
1377 4060 1423 4109 σε
1453 4057 1735 4109 diversum
1977 4070 2237 4125 cordibus
2264 4088 2460 4126 eorum
2489 4073 2831 4143 Evangelicaa
2879 4074 3019 4145 legis
3056 4057 3283 4131 decreta
3332 4076 3576 4149 Spiritus

1977 4160 2155 4214 sancti
2187 4161 2333 4232 stylo
2361 4161 2709 4232 conscripsit.
2745 4163 2958 4217 Horum
2986 4180 3118 4235 ergo
3147 4164 3432 4220 intuentes
3457 4166 3577 4220 exi-

1974 4253 2099 4302 tum
2128 4250 2582 4317 conversationis,
2603 4250 2789 4317 ﬁdem,
2822 4252 3171 4322 propositum
3198 4254 3490 4308 imitemur
3518 4260 3576 4309 et

848 4149 917 4202 ab
952 4149 1085 4201 aliis
1112 4147 1303 4200 habeat
1322 4151 1347 4199 ?

362 4277 440 4332 Ut
466 4293 562 4330 res
588 4275 708 4329 haec
721 4273 869 4327 clare
885 4271 956 4327 ob
984 4270 1173 4326 oculos
1201 4274 1463 4341 ponatur,
1494 4266 1668 4321 statui
1694 4281 1893 4337 quam-

293 4383 402 4437 que
434 4364 745 4421 editionem
774 4363 924 4417 inter
954 4378 1013 4416 se
1043 4338 1393 4431 comparare.
1424 4358 1494 4413 Et
1535 4374 1605 4411 ne
1641 4338 2246 4437 confusioDSFUdium,
2279 4345 2344 4393 Ut
2370 4340 2506 4437 500i}
2529 4339 2852 4411 Ρειδδίοηιιη1
2884 4340 3085 4408 eam“,
3125 4349 3413 4397 consortes
3450 4344 3572 4398 Efﬁ-

290 4457 479 4521 detur,
514 4470 619 4526 per
645 4451 1030 4525 paragraphos
1056 4448 1499 4520 comparationes
1524 4445 1888 4515 distinguam.

409 4579 441 4652 §
480 4581 527 4634 Ι.
561 4579 913 4649 Comparatio
935 4578 1135 4646 prima
1155 4580 1203 4629 et
1227 4574 1474 4628 secunda:
1495 4572 1774 4627 editionis.

362 4704 562 4759 Prima
590 4702 763 4758 editio
792 4700 1040 4773 quinque
1070 4703 1331 4753 constans
1368 4695 1526 4750 libris
1572 4696 1690 4750 haec
1726 4693 1898 4748 habet

291 4793 607 4866 peculiaria
634 4799 693 4846 et
727 4791 948 4846 diversa
972 4805 1006 4843 a
1024 4788 1267 4843 secunda
1290 4786 1534 4841 editione
1559 4804 1571 4837 :

364 4883 580 4948 Primo,
606 4886 790 4935 totum
818 4878 1024 4934 librum
1052 4877 1305 4943 tertium,
1338 4891 1437 4929 seu
1472 4873 1705 4928 Palladii
1747 4872 1893 4926 Lau-

290 4973 527 5035 siacam,
560 4972 778 5025 incerto
807 4968 906 5023 sed
935 4967 1110 5021 veteri
1139 4967 1467 5036 interprete.

364 5062 647 5126 Secundo,
679 5060 739 5113 in
758 5058 900 5113 libro
920 5062 1121 5129 quarto
1150 5055 1321 5110 habet
1339 5052 1744 5126 praefationem,
1770 5067 1891 5122 quae

292 5150 552 5206 secunda:
571 5147 808 5203 editioni
826 5147 1002 5201 deest.
1033 5146 1117 5200 Ne
1147 5144 1271 5215 quis
1300 5159 1425 5197 eam
1450 5142 1748 5206 desideret,
1767 5156 1891 5193 ecce

294 5239 384 5293 hic
409 5239 559 5293 habe
582 5255 599 5292 :
637 5258 660 5290 ι
695 5237 837 5293 Cum
854 5236 1036 5291 omnis
1064 5232 1314 5305 praefatio
1343 5236 1557 5285 textum
1578 5233 1892 5301 opportune

297 5328 662 5399 prazveniens,
691 5331 789 5381 aut
807 5323 1092 5396 sequentis
1104 5322 1354 5377 materia:
1373 5320 1627 5392 praedicit
1651 5317 1895 5389 qualita-

294 5427 428 5485 tem,
460 5424 565 5472 aut
581 5417 936 5471 defensatum
955 5413 1042 5469 sui
1061 5410 1415 5467 commendet
1441 5414 1726 5463 auctorem
1745 5413 1895 5475 ;tum

296 5523 423 5561 vero
451 5505 750 5580 praesentis
771 5503 897 5558 libri
919 5501 1122 5557 seriem
1137 5500 1361 5574 proprio
1388 5497 1664 5567 contingit
1683 5496 1788 5551 hac
1826 5497 1895 5549 de

294 5612 461 5651 causa
490 5596 727 5668 prologo
752 5594 1026 5664 indigere,
1054 5591 1187 5662 quia
1214 5588 1482 5663 speciales
1507 5586 1780 5658 quasdam
1792 5584 1897 5638 vir-

684 5694 956 5755 PATROL.
986 5687 1278 5752 LXXIII.

1975 4426 2191 4481 ciamur
2213 4433 2269 4482 et
2295 4428 2527 4499 praemii.
2557 4448 2582 4481 ι)

2046 4517 2113 4571 In
2142 4517 2296 4570 nullo
2326 4516 2709 4590 manuscripto
2763 4535 2887 4573 eam
2934 4518 3316 4591 praefationem
3360 4518 3569 4589 inveni,

1976 4604 2062 4659 uti
2086 4622 2189 4659 nec
2214 4604 2496 4659 breviores
2511 4606 2839 4675 sententias,
2864 4608 3067 4680 quibus
3085 4625 3151 4663 ea
3168 4607 3420 4679 praefatio
3434 4625 3573 4681 prae

1977 4694 2260 4761 mittitur;
2292 4710 2465 4766 quare
2495 4695 2748 4751 existimo
2776 4714 2811 4751 a
2838 4698 3020 4769 primo
3052 4697 3450 4752 concinnatore
3478 4697 3571 4752 Vi-

1967 4788 2163 4861 ‘tarum
2191 4784 2441 4852 Patrum,
2475 4784 2729 4855 quisquis
2752 4785 2847 4839 ille
2888 4786 2978 4851 sit,
3028 4803 3123 4840 eas
3160 4788 3470 4843 sententias
3506 4805 3574 4843 ex

1978 4871 2209 4942 reliquis
2256 4871 2414 4926 libris
2462 4878 2769 4943 excerptas,
2815 4872 2962 4943 quod
3016 4873 3140 4945 ipsa
3182 4876 3436 4946 praefatio
3495 4876 3573 4930 lo-

1979 4961 2171 5031 quitur
2183 5006 2196 5019 .

2047 5048 2303 5103 Secunda
2331 5049 2503 5103 editio
2543 5053 2785 5119 quatuor
2830 5055 3092 5105 constans
3130 5053 3404 5124 partibus,
3455 5054 3572 5109 haec

1973 5138 2201 5209 propria
2224 5137 2411 5204 habet,
2447 5153 2569 5208 qua:
2599 5137 2657 5190 in
2682 5138 2865 5209 prima
2892 5139 3319 5198 desiderantur:
3367 5144 3570 5214 primo,

1974 5227 2132 5280 Vitas
2150 5226 2276 5280 illas
2290 5227 2348 5279 in
2360 5225 2543 5296 prima
2557 5232 2717 5297 parte
2738 5242 2877 5297 quas
2896 5230 3298 5300 prolegomeno
3321 5230 3384 5288 19
3397 5232 3574 5286 ιιοωί-

1974 5316 2153 5370 natim
2173 5315 2321 5379 dedi,
2355 5321 2583 5386 excepta
2602 5316 2733 5369 Vita
2756 5316 3005 5385 Marinae,
3036 5335 3136 5373 seu
3150 5320 3372 5386 Marini,
3406 5336 3576 5391 quam

1975 5405 2159 5476 prima
2187 5404 2358 5458 editio
2382 5403 2552 5458 habet
2574 5404 2634 5458 in
2654 5405 2762 5459 fine
2786 5406 2969 5477 quinti
2995 5407 3120 5462 libri
3147 5427 3160 5474 ;
3186 5410 3449 5476 secundo,
3486 5415 3574 5463 to-

1976 5502 2092 5549 tam
2122 5493 2351 5548 tertiam
2381 5500 2619 5565 partem,
2668 5511 2838 5566 quam
2867 5512 2932 5549 ex
2971 5497 3174 5551 Severo
3203 5506 3262 5552 et
3309 5498 3574 5553 Cassiano

1979 5588 2297 5656 excerptam
2320 5600 2442 5639 esse
2462 5583 2625 5638 docui
2649 5586 2709 5638 in
2724 5585 2828 5639 hac
2848 5590 3050 5656 quarta
3074 5591 3267 5641 nostra
3297 5587 3570 5651 editione;

3220 5686 3258 5743 3
