3990 6194
379 289 449 346 75

378 503 572 571 chasii,
608 507 663 558 et
693 504 1025 576 opusculum
1052 505 1126 558 De
1146 505 1307 557 laude
1327 508 1375 556 et
1399 504 1580 570 e/fcciu
1605 505 1900 554 virtutum.

519 610 548 684 ﬁ
579 611 651 666 ΙΙ.
686 611 1034 680 Ca-mparatio
1059 612 1257 678 prima
1288 615 1334 663 et
1367 612 1538 662 tertia2
1557 611 1830 661 editionis.

449 699 641 754 Prima
671 700 843 753 editio
875 699 1015 752 nihil
1045 698 1326 770 peculiare
1355 697 1624 762 continet,
1674 696 1823 767 quod
1862 709 1976 749 non

379 794 438 844 et
467 789 526 842 in
554 787 723 842 tertia
750 789 1086 858 reperiatur.

446 878 636 933 Tertia
661 893 790 932 vero
819 877 990 932 editio
1021 877 1137 931 haec
1167 891 1199 930 ε]
1225 876 1404 946 prima
1447 875 1668 928 diversa
1710 873 1882 927 habet
1917 873 1975 926 in

376 965 558 1037 primo
574 965 735 1032 libro,
760 983 882 1036 qua
905 966 1088 1020 tribus
1111 971 1334 1019 constat
1366 963 1638 1036 partibus.
1662 962 1978 1017 Peculiaria

295 1059 298 1062 ’
377 1053 548 1108 habet
574 1054 631 1108 in
661 1055 846 1125 prima
876 1060 932 1108 et
961 1054 1209 1109 secunda
1237 1059 1394 1124 parte
1420 1071 1430 1106 ε

451 1143 661 1208 Primo,
693 1159 888 1197 omnes
917 1145 1076 1197 Vitas
1113 1143 1237 1196 illas
1270 1158 1409 1212 quas
1447 1148 1505 1195 et
1534 1141 1779 1195 secunda
1809 1139 1980 1195 editio

380 1231 552 1286 habet
571 1238 699 1303 post
722 1232 880 1286 Vitas
903 1249 935 1285 a
957 1231 1180 1286 Ruftino
1198 1232 1541 1302 conscriptas
1565 1250 1576 1282 :
1601 1229 1804 1300 quibus
1825 1228 1982 1282 addit

384 1320 572 1374 Vitam
630 1320 867 1390 Epicteti
882 1325 939 1374 et
956 1320 1232 1382 Astionis;
1268 1335 1485 1374 necnon
1507 1322 1830 1374 [Jemuiierc
1859 1320 1981 1371 Ver-

383 1412 604 1464 cellensi
639 1412 826 1478 septies
859 1413 986 1474 icta,
1023 1403 1250 1462 auctore
1280 1408 1405 1461 divo
1442 1409 1784 1477 Hieronymo
1823 1412 1878 1460 et
1923 1407 1978 1459 in

385 1500 496 1552 line
527 1497 706 1568 quinti
738 1497 885 1564 libri,
907 1498 1095 1551 Vitam
1117 1498 1376 1550 Barlaam
1403 1503 1460 1550 et
1486 1497 1779 1566 Josaphat.
1813 1496 1983 1548 Pecu-

377 1587 578 1640 liarem
596 1586 771 1640 etiam
793 1585 963 1640 habet
985 1591 1162 1639 totam
1201 1585 1426 1638 tertiam
1449 1589 1665 1654 partem
1695 1600 1818 1654 quas
1848 1599 1980 1636 con-

377 1675 523 1729 tinet
549 1680 818 1745 excerpta
837 1691 902 1726 ex
929 1675 1132 1728 Severo
1161 1680 1219 1727 et
1241 1673 1527 1727 Cassiano.

1284 290 1362 344 IN
1399 288 1614 343 VITAS
1653 286 1949 367 PATRUM
1985 283 2530 342 PROLEGOMENA
2567 281 2762 338 XXVI.

375 414 565 482 tertio,
595 419 774 470 totam
802 419 1062 486 quartam
1091 419 1332 485 partem,
1365 412 1423 467 id
1454 418 1560 477 est,
1593 411 1800 466 librum
1829 411 2034 470 Pas-A

3586 269 3656 328 76

2410 427 2559 471 VITA
2593 421 2943 468 CIIRISTIANI
2988 419 3292 466 MONAGBI.

2137 528 2158 559 c
2205 508 2448 572 Quidam
2494 504 2953 570 Cenomanensis,
3005 502 3232 557 nomine
3283 499 3654 563 Christianus,

2054 596 2276 666 juvenis
2305 611 2602 650 conversus
2622 594 2910 663 ingressus
2940 597 3025 646 est
3054 589 3439 645 eremitorium
3489 586 3661 658 quod-

2059 685 2189 738 dam
2227 685 2285 738 in
2341 683 2824 754 archiepisc0patu
2874 680 3208 744 Turonensi,
3265 677 3462 748 [Lxxn]
3511 675 3662 746 quod

2058 772 2264 827 dicitur
2291 773 2679 827 Castinetum:
2714 771 2809 825 ubi
2839 787 2966 824 cum
2999 769 3218 822 fortiter
3263 770 3584 821 tentaretur
3629 780 3664 818 a

2057 879 2226 915 carne
2257 878 2378 927 sua,
2412 859 2699 930 afﬂigebat
2713 876 2772 914 se
2792 857 2850 912 in
2873 856 3307 930 quadragesima
3322 856 3590 926 jejunans
3607 858 3665 906 et

2057 950 2345 1004 abstinens
2375 966 2434 1004 se
2465 949 2535 1002 ab
2565 948 2718 1002 omni
2765 954 2902 1018 potu
2949 953 3152 1017 praeter
3193 961 3370 998 unum
3405 943 3557 996 diem
3604 941 3664 995 in

2057 1039 2391 1111 septimana.
2421 1039 2484 1092 In
2513 1037 2696 1091 hieme
2729 1036 2916 1091 stabat
2941 1035 3175 1090 vestitus
3199 1034 3258 1088 in
3282 1048 3431 1103 aqua
3453 1029 3667 1101 frigida

2061 1145 2240 1199 usque
2271 1127 2341 1181 ad
2371 1127 2596 1192 collum,
2627 1125 2978 1196 disciplinam
3004 1123 3110 1178 sibi
3155 1121 3326 1176 dabat
3372 1135 3666 1190 usquequo

2071 1217 2241 1287 virga:
2265 1217 2742 1286 dirumperentur.
2768 1215 2874 1278 Qui
2902 1231 3030 1268 cum
3063 1211 3306 1282 quadam
3336 1209 3424 1263 die
3454 1209 3558 1262 hoc
3579 1207 3666 1260 fa-

2071 1312 2240 1371 ceret,
2283 1311 2339 1358 et
2363 1323 2422 1359 se
2455 1304 2744 1359 cecidisset
2773 1319 2950 1374 usque
2972 1302 3042 1355 ad
3069 1300 3422 1370 sanguinem,
3452 1297 3668 1351 audivit

2065 1412 2254 1449 vocem
2285 1411 2318 1447 a
2350 1398 2508 1464 parte
2539 1389 2854 1447 Occidentis
2883 1391 3162 1446 dicentem
3189 1408 3198 1441 :
3248 1387 3402 1442 Nihil
3436 1373 3668 1458 prodest

2065 1483 2164 1537 tibi
2192 1483 2340 1553 quod
2367 1482 2521 1547 facis,
2552 1483 2658 1535 iste
2687 1481 2836 1535 Deus
2863 1496 3030 1551 quem
3057 1479 3346 1540 inclamas,
3371 1493 3484 1529 non
3510 1473 3670 1527 dabit

2064 1571 2166 1625 tibi
2199 1572 2347 1642 quod
2377 1571 2519 1640 petis
2546 1589 2558 1638 ;
2585 1570 2684 1623 sed
2713 1577 3036 1623 convertere
3057 1568 3126 1621 ad
3148 1583 3258 1632 me,
3285 1571 3342 1619 et
3357 1561 3670 1619 auxiliabor

1998 1688 2045 1748 Β
2065 1660 2186 1714 tibi.
2206 1659 2366 1724 Quod
2396 1659 2488 1712 ille
2519 1659 2754 1712 audiens
2783 1657 3059 1711 intellexit
3079 1673 3268 1710 vocem
3285 1671 3413 1708 esse
3431 1651 3666 1707 inimici.

447 1741 740 1828 Secundo,
761 1762 822 1816 in
841 1762 1038 1833 quinto
1058 1761 1200 1816 libro
1231 1762 1570 1832 peculiarem
1588 1760 1758 1815 habet
1777 1741 2040 1814 librum—
2067 1750 2136 1804 Εῐ
2163 1765 2292 1802 Cum
2335 1753 2554 1802 orasset
2587 1749 2768 1802 Deum
2805 1752 2872 1800 ut
2919 1745 3286 1833 auxiliaretur
3323 1741 3429 1833 sibi
3473 1745 3670 1833 contra

389 1850 698 1905 Paschasii.

519 1956 670 2028 5111.
691 1957 1040 2024 Comparatio
1067 1958 1266 2024 prima;
1288 1961 1337 2009 ei
1355 1961 1568 2024 quartis
1583 1957 1856 2008 editionis.

461 2054 635 2124 [nm]
659 2053 848 2108 Prima
865 2052 1036 2106 editio
1051 2052 1190 2106 nihil
1212 2053 1398 2117 habet,
1417 2053 1565 2123 quod
1587 2067 1696 2106 non
1718 2053 1772 2105 in
1789 2053 1990 2122 quarta

384 2145 490 2198 hac
519 2148 716 2196 nostra
745 2142 1012 2213 reperias,
1047 2147 1277 2212 excepta
1306 2141 1632 2212 praefatione
1651 2151 1819 2211 quam
1846 2139 1988 2193 libro

381 2241 484 2287 suo
500 2236 701 2302 quarto
721 2232 837 2302 (qui
857 2231 1004 2302 apud
1024 2247 1125 2284 nos
1151 2231 1382 2301 quintus
1401 2236 1504 2298 est)
1529 2230 1788 2301 praeﬁgit,
1809 2239 1978 2300 quam

375 2322 495 2392 jam
529 2313 697 2391 paulo
725 2325 856 2374 ante
884 2319 972 2373 hic
1003 2319 1266 2390 expressi.
1301 2315 1540 2390 Excepto
1571 2319 1707 2373 item
1763 2318 1908 2371 libro
1954 2333 1984 2369 ν

379 2409 576 2481 primm
598 2401 879 2472 editlonis,
917 2408 1012 2478 qui
1033 2408 1380 2462 brevioribus
1402 2412 1624 2462 constat
1652 2407 1981 2460 sententiis.

381 2499 472 2552 Eaa
498 2503 690 2552 tamen
718 2497 1010 2552 sententiae
1041 2513 1238 2550 omnes
1267 2497 1392 2550 aliis
1424 2496 1579 2550 libris
1613 2501 1824 2567 quarta:-
1858 2495 1980 2550 edi-

379 2587 550 2642 tionis
575 2585 908 2640 intermlstaa
928 2592 1252 2639 occurrunt.
1785 2576 1819 2586 ’

453 2675 668 2738 Quarta
697 2674 870 2728 editio
900 2675 1017 2728 haec
1035 2673 1302 2728 distincta
1330 2689 1361 2727 a
1383 2673 1565 2744 prima
1591 2673 1778 2738 habet,
1821 2671 1872 2728 ιο
1905 2678 1986 2726 to-

386 2768 509 2818 tam
539 2763 784 2834 primum
807 2762 1032 2827 librum,
1065 2762 1161 2832 qui
1185 2761 1350 2816 variis
1371 2762 1513 2816 Vitis
1525 2767 1845 2817 sanctorum
1859 2775 1986 2814 con-

387 2857 520 2917 stat,
550 2857 781 2922 excepta
827 2851 957 2904 Vita
984 2857 1190 2905 sancta:
1239 2851 1488 2918 Marine),
1535 2867 1657 2922 qua:
1708 2849 1766 2904 in
1813 2849 1995 2921 prima

388 2939 632 2994 editione
657 2940 717 2994 in
749 2940 900 2993 calce
930 2939 1060 2993 libri
1089 2953 1124 2993 ν
1145 2940 1458 3011 reperitur;
1491 2938 1551 2996 2°
1579 2945 1762 2992 totum
1789 2938 1994 2992 librum

385 3035 671 3100 quartum,
721 3029 820 3100 qui
847 3039 912 3082 ex
945 3029 1147 3084 Severo
1179 3035 1236 3082 et
1264 3029 1531 3083 Cassiano
1566 3030 1842 3083 conﬂatus
1871 3033 1958 3082 est
1980 3045 1994 3094 ;
2016 3035 2062 3102 α

387 3116 449 3170 3°
477 3122 664 3171 totum
686 3117 894 3171 librum
923 3117 1242 3188 septimum,
1288 3117 1593 3188 interprete
1641 3116 1978 3180 Paschasio;

391 3206 448 3260 4ο
483 3211 668 3260 totum
692 3205 898 3260 librum
929 3211 1204 3264 octavum.
1229 3222 1328 3259 seu
1349 3205 1585 3260 Palladii
1615 3205 1982 3272 Lausiacam;

385 3293 445 3350 5°
471 3299 656 3348 totum
709 3295 918 3349 librum
964 3305 1195 3361 nonum,
1248 3303 1348 3349 seu
1392 3294 1732 3349 Theodoreti
1793 3293 1983 3348 Philo-

383 3383 616 3449 theum;
649 3383 707 3437 6°
722 3389 906 3438 totum
931 3382 1139 3438 librum
1161 3383 1461 3450 decimum,
1493 3399 1592 3437 seu
1619 3382 1850 3437 Joannis
1869 3382 1984 3438 Mos

385 3472 504 3526 schl
535 3473 768 3528 Pratum
794 3473 1085 3544 spirituale
1114 3489 1126 3540 ;
1160 3473 1218 3526 7°
1246 3489 1311 3526 ex
1340 3472 1646 3543 appendice
1669 3471 1981 3524 Heraclidis

383 3561 735 3627 Paradisum,
771 3566 828 3615 et
855 3561 1246 3633 )Egyptiorum
1272 3562 1506 3615 Patrum
1534 3560 1864 3626 sententias,
1891 3559 1980 3613 in-

381 3654 629 3721 terprete
657 3649 900 3704 Martino
922 3649 1233 3704 Dumiensi.

490 3751 518 3827 ε
547 3751 640 3810 IV.
671 3755 1022 3824 Gmnpamtio
1048 3755 1293 3808 secunda)
1313 3755 1360 3808 ei
1392 3759 1564 3808 tertiac
1593 3757 1872 3809 editionis.

454 3848 712 3908 Secunda
734 3845 904 3908 editio
920 3852 978 3907 in
996 3853 1106 3907 line
1129 3851 1299 3906 habet
1324 3854 1652 3924 opusculum
1669 3853 1743 3908 Dc
1759 3853 1921 3908 laude
1938 3857 1984 3906 et

385 3939 570 4008 calfecit;
600 3945 898 4006 virtutum,
930 3939 1078 4013 quod
1109 3941 1267 3996 deest
1293 3941 1474 3996 tertiae
1503 3941 1755 3995 editioni.

458 4025 651 4084 Tertia
679 4021 850 4084 editio
871 4031 989 4085 haec
1007 4031 1372 4102 particularia
1396 4031 1664 4097 continet,
1689 4047 1812 4101 quae
1828 4031 1885 4084 in
1901 4047 1988 4084 se.

386 4119 572 4174 cunda
599 4113 1030 4186 desiderantur;
1057 4117 1259 4190 primo,
1293 4117 1482 4173 Vitam
1513 4117 1749 4190 Epicteti
1780 4121 1836 4173 et
1879 4117 1986 4172 As-

386 4203 574 4273 tionis,
609 4211 666 4260 et
697 4201 883 4260 Vitam
912 4199 1171 4261 Barlaam
1204 4209 1262 4261 et
1290 4207 1578 4278 Josaphat,
1613 4211 1670 4261 et
1697 4205 1856 4260 Vitas
1887 4205 1991 4260 Fa-

388 4295 550 4352 biolae
579 4301 637 4350 et
666 4286 960 4350 Marcellae.
987 4295 1129 4350 Item
1160 4295 1425 4366 epistolas
1448 4297 1624 4350 sancti
1655 4295 1905 4356 Antonii,
1940 4300 1996 4349 et

2067 1836 2426 1902 tentationes,
2459 1835 2750 1906 proposuit
2781 1834 3012 1905 aggredi
3043 1831 3555 1904 peregrinationem
3597 1829 3670 1882 ad

2069 1924 2314 1979 diversos
2343 1929 2585 1991 sanctos,
2616 1930 2682 1978 ut
2709 1923 2789 1978 ita
2814 1923 3003 1976 ﬁniret
3031 1922 3203 1976 vitam
3235 1935 3396 1974 suam
3424 1918 3672 1990 peregri-

2070 2014 2275 2068 nando.
2309 2013 2379 2068 Et
2407 2030 2534 2067 cum
2561 2013 2658 2066 diu
2689 2013 2793 2066 hoc
2821 2011 3139 2082 cogitasset,
3199 2013 3424 2080 accepto
3471 2003 3671 2061 baculo

2074 2119 2334 2173 egressus
2359 2108 2445 2156 est
2475 2102 2638 2156 nudis
2661 2101 2912 2173 pedibus.
2957 2101 3027 2154 Et
3075 2115 3202 2154 cum
3248 2097 3493 2152 venisset
3537 2102 3672 2150 ante

2075 2192 2376 2263 quamdam
2411 2191 2722 2256 ecclesiam,
2756 2189 2912 2244 ﬂexis
2953 2188 3191 2260 genibus
3237 2185 3454 2257 rogavit
3487 2185 3671 2240 Deum
3768 2233 3782 2241 .

2072 2286 2136 2335 ut
2167 2281 2329 2334 daret
2354 2280 2406 2334 ei
2435 2279 2644 2335 bonum
2672 2279 2992 2334 consilium.
3035 2277 3140 2331 Vix
3169 2270 3239 2330 ab
3265 2273 3516 2330 oratione
3542 2291 3673 2329 sur-

2069 2373 2311 2433 rexerat,
2345 2374 2402 2422 et
2435 2385 2560 2422 ecce
2589 2369 2767 2422 sensit
2802 2367 3039 2422 fetorem
3070 2381 3357 2436 magnum.
3393 2379 3494 2435 per
3521 2353 3673 2434 quod

2070 2457 2345 2510 intellexit
2372 2457 2655 2510 diabolum
2686 2462 2986 2521 astantem,
3018 2455 3114 2526 qui
3145 2455 3197 2508 ei
3225 2452 3564 2524 suggerebat
3587 2468 3674 2504 re-

2067 2546 2325 2616 linquere
2359 2544 2612 2599 habitum
2639 2545 2928 2615 religionis
2952 2549 3009 2598 et
3035 2544 3219 2598 locum
3240 2558 3425 2596 suum.
3459 2541 3526 2595 Et
3546 2555 3676 2611 gra-

2065 2634 2176 2688 tias
2205 2651 2380 2704 agens
2416 2634 2658 2688 Domino
2687 2633 2756 2686 de
2785 2633 2887 2686 tali
2931 2632 3112 2702 signo,
3167 2647 3424 2685 reversus
3469 2635 3555 2683 est
3601 2629 3672 2682 ad

2069 2722 2271 2776 fratres
2302 2739 2453 2776 suos.
2487 2723 2591 2775 Hic
2622 2719 2927 2792 aliquando
2957 2721 3015 2774 in
3034 2719 3175 2781 festo
3204 2719 3383 2773 sancti
3405 2711 3675 2789 Stephani

2075 2810 2391 2864 dormiebat
2407 2811 2476 2864 ad
2508 2811 2837 2864 matutinas.
2863 2810 3064 2863 Etcum
3085 2803 3672 2878 legereturillalectio,

2075 2899 2172 2954 ubi
2203 2899 2410 2969 legitur
2439 2917 2449 2952 :
2481 2899 2551 2953 Et
2578 2891 2968 2970 lapidaverunt
3003 2897 3370 2967 Stephanum,
3407 2910 3676 2966 experge-

2078 2990 2263 3043 factus
2290 2989 2359 3042 ad
2390 2989 2492 3042 hoc
2512 2985 2760 3052 verbum,
2788 2981 3147 3058 reprehendit
3176 3003 3235 3039 se
3263 2981 3332 3038 de
3361 2981 3678 3038 somnolen-

2077 3078 2178 3144 tia,
2210 3078 2424 3131 dicens:
2454 3075 2548 3131 Va;
2579 3077 2738 3142 mihi,
2761 3076 2894 3147 quia
2923 3076 3003 3129 sic
3017 3074 3235 3129 dormio
3253 3071 3324 3128 ad
3345 3064 3678 3144 obsequium

2073 3159 2196 3222 Dei.
2219 3167 2329 3220 Iste
2351 3171 2576 3220 sanctus
2595 3183 2708 3220 non
2723 3160 3037 3219 dormiebat
3049 3161 3272 3234 quando
3295 3155 3670 3233 lapidabatur,

2071 3262 2131 3310 et
2155 3273 2256 3328 pro
2270 3254 2718 3326 persecutoribus
2735 3251 2959 3326 orabat;
2984 3259 3042 3307 et
3061 3269 3165 3323 ego
3179 3251 3352 3306 miser
3372 3245 3681 3304 debueram

2069 3361 2268 3415 rogare
2299 3345 2470 3398 istum
2500 3349 2755 3398 sanctum
2797 3347 3106 3414 martyrem
3147 3346 3212 3394 ut
3258 3346 3381 3395 oret
3423 3355 3524 3410 pro
3563 3353 3675 3391 me.

2067 3435 2136 3488 Et
2163 3439 2290 3505 post
2318 3433 2423 3487 hoc
2447 3431 2616 3504 coepit
2658 3431 3034 3486 intentissima
3082 3429 3334 3500 vigilare,
3385 3431 3443 3482 et
3478 3443 3681 3497 rogare

2063 3528 2318 3576 sanctum
2341 3522 2688 3592 Stephanum
2719 3526 2783 3576 ut
2811 3525 3004 3575 oraret
3048 3536 3149 3591 pro
3197 3536 3278 3573 se.
3319 3515 3388 3571 In
3430 3516 3678 3570 crastino

2065 3628 2194 3666 cum
2221 3616 2368 3665 esset
2392 3611 2450 3665 in
2471 3609 2793 3676 refectorio,
2827 3617 3132 3680 antequam
3152 3605 3363 3678 aliquid
3392 3606 3670 3677 gustaret,

2066 3700 2218 3754 venit
2242 3717 2344 3754 vox
2374 3693 2445 3754 ad
2478 3715 2626 3766 eum,
2665 3699 2894 3753 dicens:
2928 3699 3012 3753 Tu
3041 3693 3285 3752 intendis
3323 3687 3392 3750 ad
3420 3699 3678 3749 terrenas

2068 3807 2240 3854 escas,
2272 3795 2330 3842 et
2346 3805 2458 3842 non
2488 3788 2708 3858 cogitas
2743 3787 2814 3841 de
2841 3787 3087 3858 glorioso
3133 3789 3552 3857 protomartyre
3580 3782 3680 3854 qui

2067 3885 2193 3932 orat
2215 3895 2314 3948 pro
2344 3885 2420 3931 te.
2453 3879 2619 3931 Tunc
2656 3875 2837 3948 aperti
2866 3882 3000 3930 sunt
3035 3873 3182 3930 oculi
3212 3873 3353 3944 ejus,
3393 3877 3450 3926 et
3488 3869 3680 3928 levans

2070 3968 2258 4022 oculos
2283 3967 2343 4020 in
2373 3967 2599 4034 coelum,
2632 3963 2776 4019 vidit
2804 3971 3114 4036 martyrem
3143 3967 3400 4018 orantem
3450 3978 3551 4033 pro
3598 3977 3680 4026 se,

2071 4055 2216 4109 sicut
2242 4071 2344 4108 vox
2376 4054 2427 4107 ei
2464 4054 2708 4108 dixerat.
2735 4053 2894 4118 Quod
2921 4069 3049 4107 cum
3069 4053 3320 4118 dixisset,
3353 4050 3548 4105 statim
3563 4065 3686 4104 sur-

2075 4143 2221 4197 rexit
2243 4148 2300 4196 et
2335 4142 2496 4213 petiit
2537 4144 2720 4196 locum
2766 4148 3042 4196 secretum
3095 4141 3156 4194 in
3199 4157 3309 4212 quo
3359 4143 3566 4204 oraret,
3623 4143 3682 4192 et

2077 4233 2250 4286 dixit:
2287 4233 2489 4286 Sancte
2523 4233 2825 4302 Stephane,
2851 4249 2990 4302 quas
3019 4229 3124 4284 tibi
3151 4229 3366 4300 gratias
3394 4245 3561 4299 agam
3603 4227 3676 4281 de

2079 4326 2237 4375 tanto
2269 4317 2541 4374 beneﬁcio
2561 4325 2658 4374 tuo
2677 4322 2700 4374 ?
2719 4315 2869 4374 Nihil
2887 4317 3066 4374 habeo
3094 4319 3385 4390 proprium
3405 4309 3553 4388 quod
3572 4314 3676 4369 tibi

391 4384 693 4480 episwlan:
717 4379 968 4480 macatiii’
998 4390 1055 4480 e_t
1080 4381 1416 4480 rtﬁﬁfculum
1441 4383 1667 4480 aliq_u°d
1689 4385 1865 4439 sane“
1889 4383 2059 4458 ΑΠ’Ῑ)
2076 4401 2204 4464 dem
2233 4429 2245 4476 ;
2281 4406 2379 4464 sed
2413 4416 2604 4464 tamen
2637 4409 2741 4463 hoc
2762 4407 2832 4463 do
2852 4403 2954 4463 tibi
2983 4379 3129 4480 quod
3159 4379 3360 4461 ainodo
3379 4379 3480 4477 pro
3493 4421 3686 4459 amore

391 4474 534 4565 Ἒοηίί
565 4491 596 4530 θ
631 4474 986 4565 Germanico
1017 4473 1362 4565 in_Latinum
1389 4474 1996 4565 transmmmﬁnecnon
2077 4498 2162 4554 tui
2191 4473 2303 4553 non
2331 4497 2535 4552 induar
2573 4497 2759 4564 lineis,
2806 4495 2903 4552 sed
2940 4473 3118 4552 laneis
3152 4473 3398 4562 tantum,
3445 4491 3594 4565 quod
3631 4495 3690 4548 et

391 4564 468 4619 De
491 4563 726 4658 muliere
763 4563 1088 4658 Verqcllciisi
1101 4564 1706 4658 septies-icta,auctore
1731 4559 1856 4616 divo
1872 4563 1997 4616 Hie-
2076 4584 2225 4640 fecit.
2261 4587 2364 4640 Hic
2393 4601 2526 4640 cum
2560 4559 2757 4658 postea
2782 4591 3038 4641 moneret
3082 4586 3312 4640 anteme
3345 4559 3412 4638 αἱ
3444 4559 3505 4637 1'“
3541 4581 3689 4637 hanc

395 4651 653 4718 ronimo;
687 4643 950 4717 secundo,
984 4655 1166 4704 totum
1193 4650 1426 4704 tertium
1463 4649 1691 4718 librum,
1745 4669 1871 4722 qua:
1911 4655 1984 4706 esi

2078 4675 2372 4746 proposito
2425 4643 2814 4746 persisterent,
2847 4675 3133 4744 narrabat,
3181 4673 3409 4728 dicens:
3456 4689 3482 4724 ‹‹
3519 4671 3688 4725 Eram

395 4730 1006 4838 LatiSiacéup‘fnad}?
1035 4739 1207 4793 veteri
1228 4828 1239 4838 ,
1260 4739 1754 4838 Ρτίῗίδίίθηθί
1805 4739 1992 4838 tfrtiF”
2079 4730 2388 4834 aliquando
2419 4730 2478 4818 in
2508 4730 3009 4835 Castineto'jacens
3039 4763 3098 4817 in
3121 4730 3270 4818 lecto
3307 4762 3473 4833 pleno
3499 4759 3682 4831 paleis

394 4828 616 4923 Ρδῆςθω
644 4822 773 4923 ΨΜ
803 4825 1004 4923 quint"
1039 4840 1164 4923 {eam
1191 4827 1466 4895 νίδθϋθθίν
1494 4827 1552 4882 in
1574 4845 1687 4900 qua
1712 4829 1998 4884 continen‘
2086 4853 2145 4907 in
2174 4822 2382 4906 solario
2413 4853 2675 4923 quodam,
2709 4857 2768 4906 et
2786 4822 2915 4906 ciim
2957 4853 3157 4907 vellem
3197 4822 3524 4922 repausare,
3565 4863 3692 4902 sen-

351 4973 358 4980 .
394 4922 492 4971 tu?
513 4907 794 4971 διένίονθε
821 4918 1134 4972 sententia?-
2089 4939 2297 4994 tiebam
2323 4907 2510 4995 nescio
2539 4907 2676 5012 quid
2715 4941 2864 5012 quod
2912 4958 2973 4996 se
3017 4907 3277 4994 movebat
3311 4937 3415 4994 sub
3460 4907 3694 4992 renibus

553 5023 622 5076 V.
654 5025 1003 5110 Comparatio
1022 5025 1266 5078 secunda:
1294 5030 1343 5079 et
1362 5031 1575 5094 quarta
1595 5027 1874 5081 editionis.
2092 5029 2250 5086 meis.
2283 5028 2408 5082 Dixi
2430 5046 2651 5100 quoque
2680 5030 2786 5084 hoc
2807 5029 3076 5100 magistro
3095 5046 3242 5094 meo,
3270 5027 3369 5082 sed
3389 5027 3488 5080 illa
3516 5025 3692 5079 motio

466 5104 725 5167 Secunda
743 5112 913 5166 editio
937 5112 1076 5166 nihil
1097 5112 1382 5183 singulare
1402 5114 1588 5181 habet,
1624 5115 1771 5186 quod
1796 5132 1909 5170 non
1935 5117 1996 5170 in

396 5207 600 5270 quarta
621 5201 954 5272 reperiatur.
983 5201 1160 5255 Omisi
1184 5208 1407 5256 tantum
1429 5220 1496 5257 ex
1517 5205 1701 5274 prima
1727 5210 1894 5274 parte
1921 5205 2010 5258 Vi-

395 5295 514 5345 tam
543 5291 722 5346 sancti
751 5290 1060 5346 Christiani
1092 5289 1552 5358 Cenomanensis,
1590 5310 1713 5364 quze
1747 5293 1888 5347 nihil
1939 5295 2012 5349 ad

396 5378 556 5434 Vitas
585 5377 817 5434 Patrum
846 5373 1199 5451 Egytiorum
1231 5386 1288 5434 et
1347 5381 1722 5438 Orientalium
1760 5382 1910 5448 facit,
1956 5388 2013 5436 et

400 5467 589 5523 nescio
629 5468 907 5538 quomodo
935 5468 1084 5523 inter
1111 5469 1213 5523 has
1245 5469 1400 5523 Vitas
1428 5470 1744 5541 irrepserit.
1770 5471 1853 5526 Ne
1875 5470 1999 5542 quis

401 5562 595 5612 tamen
623 5573 749 5612 eam
777 5554 1076 5625 desideret,
1110 5558 1373 5614 eccistam
1398 5577 1408 5611 :

2091 5135 2204 5172 non
2243 5117 2471 5188 quievit.
2512 5120 2768 5182 Quadam
2810 5123 3001 5174 autem
3047 5119 3140 5173 die
3202 5117 3509 5189 inspirante
3551 5106 3694 5168 mihi

2093 5206 2352 5272 Domino,
2386 5207 2527 5278 θαιρί
2558 5214 2807 5262 evertere
2836 5209 3055 5279 paleam
3086 5207 3215 5262 lecti
3244 5206 3354 5261 mei
3379 5225 3393 5274 ;
3417 5211 3475 5259 et
3499 5221 3694 5258 eversa

2093 5296 2255 5366 palea
2283 5312 2411 5350 cum
2441 5296 2522 5350 nil
2540 5297 2868 5364 invenirem,
2901 5297 3074 5351 levavi
3099 5313 3278 5352 unum
3307 5296 3376 5349 de
3406 5292 3692 5349 asseribus

2092 5384 2301 5447 solarii,
2338 5384 2442 5439 sub
2469 5401 2578 5455 quo
2609 5385 2794 5440 inveni
2819 5402 2992 5440 unum
3021 5387 3304 5458 pedulem,
3331 5384 3462 5438 etin
3491 5383 3691 5436 eodem

2083 5489 2350 5543 magnam
2381 5491 2627 5528 massam
2667 5475 3050 5532 denariorum.
3093 5476 3245 5540 Quos
3281 5490 3409 5530 cum
3449 5471 3691 5527 invenis-

2080 5577 2219 5628 sem,
2251 5561 2460 5618 relictis
2488 5563 2600 5618 illis
2627 5564 2851 5620 cucurri
2875 5565 2947 5620 ad
2969 5565 3306 5636 magistrum
3331 5567 3612 5630 nostrum,
3635 5565 3695 5618 et
