4046 6212
268 325 341 382 77

1486 326 1978 385 PROLEGOMEN
1981 329 2082 384 ON
2132 328 2333 385 XXIII.

3477 331 3544 391 78

271 454 561 508 confessus
592 470 717 507 sum
751 454 883 525 quid
914 454 1269 523 invenissem.
1304 455 1404 508 Ille
1435 455 1608 524 jussit
1634 455 1774 508 mihi
1819 462 1883 508 ut
1895 455 2037 515 Atio
2059 472 2153 509 sex
2175 454 2348 509 libris.
2372 455 2521 509 Libri
2541 456 2705 527 plane
2718 456 3113 521 miscellisunt,
3130 456 3359 510 insertis
3374 457 3546 511 etiam

273 542 546 596 referrem
592 536 717 597 illos
764 544 833 597 ad
871 561 950 597 se.
1006 544 1167 608 Quod
1197 561 1323 598 cum
1372 544 1647 609 fecissem,
1677 561 1871 598 omnes

268 631 479 685 fratres
521 630 693 701 jussit
733 633 1091 703 congregari;
1144 633 1238 703 qui
1277 650 1470 687 omnes
1498 634 1874 687 excommuni-

270 729 547 776 caverunt
572 722 730 777 illum
759 724 854 793 qui
884 724 988 776 hoc
1016 722 1240 778 fecerat.
1274 725 1435 788 Quod
1462 742 1588 779 cum
1627 726 1877 780 audisset

276 812 668 882 carpentarius
711 812 960 882 quidam,
994 813 1135 866 dixit
1172 814 1386 883 [LXXIII]
1417 831 1476 866 se
1508 814 1610 867 hoc
1637 813 1832 867 fecisse
1858 833 1869 879 ;

276 892 334 953 et
362 900 559 971 petivit
606 902 845 965 veniam,
889 901 1178 955 humiliter
1208 902 1606 955 correctionem
1650 903 1877 973 promit-

277 995 423 1042 tens.
484 990 754 1058 Magister
799 996 990 1044 autem
1047 991 1283 1044 indulsit
1323 990 1394 1054 ei,
1441 996 1496 1044 et
1539 991 1781 1062 injunxit
1827 993 1877 1045 ei

276 1078 691 1149 paenitentiam.
718 1078 824 1133 Sed
857 1079 1116 1133 denarios
1139 1081 1285 1134 male
1314 1080 1615 1151 acquisitos
1637 1081 1878 1135 retinere

278 1166 480 1231 noluit,
519 1167 632 1220 imo
672 1167 861 1221 divisit
889 1185 983 1222 eos
1022 1169 1361 1240 pauperibus
1392 1175 1448 1222 ct
1486 1169 1797 1238 egentibus.
1849 1188 1875 1222 ι

278 1256 416 1318 Qua:
436 1255 735 1326 desumpta
762 1262 897 1309 sunt
916 1274 981 1309 ex
1011 1258 1248 1327 Speculo
1272 1258 1563 1311 Historiali
1580 1256 1875 1321 Vincentii,

276 1344 374 1397 lib.
408 1358 567 1407 XXIX,
599 1361 722 1415 cap.
764 1340 842 1407 ll,
878 1346 973 1416 qui
1003 1363 1069 1400 ea
1099 1347 1236 1400 citat
1258 1365 1321 1400 ex
1346 1347 1678 1401 Helinando.
1700 1347 1875 1401 Idem.

276 1450 401 1503 cap.
442 1426 526 1499 1‘2,
561 1433 729 1487 tradit
760 1435 1041 1503 quomodo
1080 1436 1430 1489 Christianus
1460 1436 1566 1489 iste
1595 1436 1882 1488 transierit

276 1523 349 1575 ad
399 1523 656 1576 ordinem
690 1520 1131 1579 Cistertiensem.
1178 1526 1327 1578 Vixit
1364 1530 1552 1579 autem
1603 1526 1751 1579 circa
1781 1542 1879 1579 an-

277 1628 418 1665 num
454 1612 474 1664 l
496 1610 611 1667 lGO.

351 1699 623 1755 Continet
638 1708 913 1773 praeterea
932 1703 1180 1757 secunda
1196 1703 1365 1757 editio
1381 1704 1439 1757 in
1459 1704 1607 1757 calce
1631 1702 1756 1756 libri
1774 1703 1887 1774 epi-

1954 544 2288 614 quibusdam
2313 543 2475 610 Vitis,
2503 561 2627 615 quae
2654 544 2712 597 in
2742 546 2897 598 nulla
2917 545 3156 599 editione
3182 546 3382 599 Latina
3398 534 3549 601 Vita-

1956 650 2080 687 rum
2104 634 2335 687 Patrum
2357 638 2699 704 comparent.
2718 634 2940 687 Primus
2961 634 3099 688 liber
3113 639 3398 688 auctorem
3412 651 3549 706 prae-

1955 720 2065 774 fert
2091 727 2344 776 sanctum
2379 724 2801 793 Hieronymum.
2837 722 2945 777 Sed
2973 714 3239 794 pleraque
3266 730 3402 777 sunt
3417 722 3553 778 alio-

1958 827 2086 864 rum
2125 817 2436 876 auctorum,
2462 810 2702 865 maxime
2732 810 2962 875 Rufﬂni,
2997 828 3061 864 ex
3092 802 3335 865 secundo
3361 802 3452 865 hic
3480 810 3550 865 1i-

1958 898 2079 952 bro.
2117 898 2405 953 Secundus
2430 898 2569 952 liber
2601 898 2865 953 Eradium
2899 899 3236 954 monachum
3265 898 3546 970 agnoscit.

1964 988 2059 1040 Est
2090 988 2385 1057 paradisus
2416 987 2744 1047 Heraclidis,
2778 988 2938 1057 cujus
2968 1004 3172 1041 nomen
3199 987 3259 1042 in
3290 984 3555 1043 Eradium

1963 1077 2327 1146 depravatum
2359 1076 2530 1130 fuisse
2571 1077 2847 1130 existimo.
2879 1076 3101 1130 Tertius
3125 1070 3266 1129 liber
3291 1072 3558 1132 tribuitur

1962 1165 2163 1218 Joanni
2233 1165 2507 1219 monacho
2568 1158 3054 1235 Jerosolymitano.
3116 1165 3364 1229 Quartus
3417 1166 3559 1220 liber

1963 1253 2261 1307 ascribitur
2305 1254 2537 1308 Leontio
2584 1255 2896 1324 Neapoleos
2944 1254 3114 1325 Cypri
3145 1254 3419 1325 episcopo.
3463 1247 3563 1310 Est

1963 1342 2097 1395 Vita
2123 1342 2353 1396 Joannis
2404 1343 2862 1413 Eleemosynarii,
2905 1338 2975 1396 ab
3001 1359 3066 1396 eo
3105 1342 3438 1414 conscripta,
3473 1344 3561 1397 cui

1965 1432 2086 1485 aliae
2132 1431 2347 1501 aliquot
2397 1431 2695 1485 adduntur.
2756 1432 2996 1495 Quintus
3046 1426 3187 1485 liber
3236 1424 3565 1486 inscribitur

1963 1519 2289 1589 Thc0philo,
2320 1520 2512 1590 Sergio
2538 1526 2594 1574 et
2620 1521 2867 1573 Elchino.
2904 1521 3000 1576 Est
3035 1520 3163 1574 Vita
3191 1513 3419 1575 Macarii
3452 1514 3565 1574 Ro-

1967 1608 2116 1661 mani
2149 1608 2218 1661 iis
2240 1608 2577 1674 auctoribus,
2613 1610 2702 1663 cui
2730 1614 2787 1662 et
2805 1609 2917 1662 alia
2947 1606 3203 1678 quaedam
3224 1604 3566 1663 subnectun-

1966 1703 2079 1750 tur.
2116 1698 2315 1751 Sextus
2358 1697 2500 1751 liber
2544 1702 2828 1752 auctorem
2863 1688 3033 1751 habet
3064 1698 3335 1752 Joannem
3369 1688 3564 1752 Evira-

276 1789 486 1843 stolam
517 1792 765 1857 Macarii,
793 1797 850 1845 et
868 1793 1201 1863 Opusculum
1218 1795 1289 1846 De
1312 1794 1475 1847 laude
1503 1798 1551 1845 et
1567 1795 1751 1859 effectu
1773 1796 1884 1845 vir—
1902 1804 1948 1866 Β
1969 1792 2112 1840 tum.
2146 1787 2243 1839 Est
2271 1788 2503 1840 Pratum
2534 1786 2825 1857 spirituale
2855 1788 3095 1841 Joannis
3120 1784 3348 1841 Moschi.

279 1884 492 1931 tutum.
519 1880 653 1943 Quae
670 1881 803 1951 quia
822 1880 1095 1935 didactica
1109 1887 1259 1947 sunt,
1283 1898 1385 1935 nec
1396 1881 1620 1952 proprie
1636 1881 1707 1935 ad
1725 1882 1885 1934 Vitas

277 1967 367 2020 vel
385 1966 557 2023 verba
583 1969 869 2047 seniorum
896 1976 1173 2040 spectant,
1207 1969 1415 2023 rectius
1436 1975 1794 2023 reservantur
1809 1971 1886 2023 al-

279 2057 392 2110 teri
422 2057 794 2111 asceticorum
823 2064 996 2124 temo,
1030 2058 1125 2129 qui
1157 2058 1346 2131 omnia
1382 2058 1615 2113 Patrum
1645 2058 1886 2112 ascetica

281 2152 341 2200 et
370 2138 645 2199 didactica
676 2147 883 2218 scripta
910 2147 1401 2231 comprehendat;

358 2234 575 2298 Quarta
605 2234 777 2289 editio
798 2236 915 2290 haec
934 2235 1200 2290 distincta
1220 2254 1251 2289 a
1272 2236 1518 2297 secunda
1535 2235 1703 2290 habet
1726 2254 1735 2289 :
1763 2236 1887 2289 Pri-

286 2340 402 2389 mo,
430 2324 490 2377 in
506 2324 687 2395 primo
706 2314 867 2388 libro,
888 2318 1076 2379 Vitam
1093 2324 1271 2379 sancti
1292 2325 1548 2395 Ephraam
1568 2323 1888 2378 distinctam

284 2406 358 2465 ab
374 2413 646 2467 hactenus
660 2412 905 2483 vulgata;
929 2419 987 2467 et
997 2413 1184 2467 Vitam
1206 2413 1444 2484 Epitecti
1474 2413 1808 2478 etAstionis,
1834 2417 1891 2466 et

283 2501 478 2555 Vitam
509 2500 768 2556 Barlaam
788 2508 844 2556 et
857 2503 1159 2573 Josaphat;
1185 2496 1450 2565 secundo,
1482 2508 1662 2556 totum
1687 2502 1891 2555 librum

284 2596 571 2657 octavum,
602 2608 702 2646 seu
731 2591 970 2645 Palladii
999 2592 1360 2658 Lausiacam;
1393 2591 1581 2656 tertio,
1610 2596 1792 2644 totum
1819 2591 1858 2644 li
1876 2622 1889 2630 η

282 2680 454 2734 brum
482 2697 714 2746 nonum,
760 2698 860 2734 seu
881 2681 1219 2735 Theodoreti
1240 2681 1630 2748 Philotheum;
1666 2686 1886 2750 quarto,

280 2774 473 2822 totum
511 2762 718 2822 librum
747 2768 1042 2834 decimum,
1078 2785 1177 2822 seu
1215 2769 1375 2822 Joan.
1407 2763 1615 2822 Moschi
1655 2769 1889 2824 Pratum

282 2857 619 2928 spirituale;
654 2857 871 2928 quinto,
901 2864 1079 2911 totam
1096 2857 1479 2928 appendicem.

414 2965 444 3035 §
474 2965 567 3018 VI.
603 2964 952 3033 Comparatio
984 2967 1156 3019 tertia:
1181 2970 1230 3018 et
1258 2971 1469 3032 quarta
1488 2966 1765 3018 editionis.

358 3072 553 3126 Tertia
572 3070 745 3125 editio
768 3069 908 3124 nihil
926 3070 1208 3142 peculiare
1223 3071 1506 3125 diversum
1526 3086 1560 3124 a
1576 3075 1777 3141 quarta
1800 3070 1896 3124 ha.

284 3160 379 3214 bet
393 3160 795 3231 pmeritam
807 3160 1112 3215 Christiani
1125 3159 1581 3225 Cenomanensis,
1600 3175 1769 3231 quam
1776 3160 1894 3229 jam

285 3250 401 3303 dixi
430 3250 573 3303 nihil
594 3250 698 3303 hoc
712 3248 895 3303 facere
918 3267 933 3316 ;
960 3255 1019 3303 et
1044 3251 1117 3303 [)e
1157 3250 1391 3303 muliere
1423 3253 1609 3318 septies
1634 3252 1762 3312 icta,
1789 3264 1891 3303 au-

286 3344 443 3393 ctore
468 3339 596 3391 divo
619 3336 982 3410 Hieronymo,
1002 3354 1129 3409 qua:
1160 3338 1333 3391 etiam
1362 3338 1473 3391 huc
1499 3350 1612 3391 non
1637 3343 1888 3408 spectat;

286 3436 347 3482 et
373 3428 688 3481 sententias
716 3427 1015 3492 breviores,
1049 3442 1189 3497 quas
1219 3427 1389 3479 etiam
1419 3426 1530 3479 dixi
1567 3426 1807 3496 sparsim
1838 3427 1897 3479 in

285 3516 412 3571 aliis
443 3523 660 3587 quarta;
684 3515 949 3570 editionis
976 3516 1135 3570 libris
1165 3530 1459 3569 occurrere
1485 3533 1497 3581 ;
1540 3523 1594 3569 et
1625 3515 1891 3586 epistolas

285 3604 468 3659 sancti
482 3605 734 3669 Antonii,
753 3610 811 3659 et
824 3605 1119 3676 epistolam
1139 3601 1378 3668 Macarii,
1398 3620 1521 3674 quae
1534 3610 1893 3657 reservantur

286 3694 451 3748 alteri
472 3697 740 3749 Asoeseos
759 3693 1049 3749 didactice
1068 3700 1242 3748 tomo.
1270 3692 1453 3746 Habet
1481 3698 1751 3762 prwterea
1782 3693 1891 3746 mi-t

285 3784 544 3836 raculum
567 3783 794 3853 aliquod
819 3783 997 3836 sancti
1018 3780 1247 3835 Antonii
1271 3792 1335 3833 ex
1357 3781 1693 3834 Germanico
1716 3779 1773 3834 in
1786 3782 1895 3835 La-

285 3871 472 3925 tinum
502 3872 864 3936 translatum,
888 3871 1038 3942 quod
1057 3869 1242 3923 nescio
1266 3869 1412 3923 unde
1444 3876 1768 3940 promptum
1794 3869 1890 3934 sit,

288 3976 389 4013 nec
416 3977 532 4030 qua
565 3960 696 4013 fide.

355 4049 578 4113 Quarta
606 4048 777 4101 editio
796 4047 914 4101 haec
928 4047 1193 4101 distincta
1214 4063 1249 4099 a
1267 4046 1437 4101 tertia
1456 4045 1628 4099 habet
1648 4064 1659 4098 :
1680 4044 1888 4109 Primo,

284 4138 340 4191 in
368 4140 558 4209 primo
574 4137 719 4191 libro
739 4137 932 4190 Vitam
959 4136 1137 4189 sancti
1172 4136 1453 4207 Ephraam,
1477 4135 1797 4188 distinctam
1821 4132 1892 4186 ab

283 4244 349 4281 ea
376 4244 503 4297 quae
538 4227 810 4280 hactenus
841 4226 899 4279 in
931 4224 1055 4279 aliis
1080 4224 1420 4279 editionibus
1448 4224 1589 4289 iuit;
1622 4223 1887 4288 secundo,

283 4322 466 4371 totum
488 4315 698 4370 librum
716 4321 993 4380 octavum,
1025 4329 1126 4368 seu
1149 4312 1384 4367 Palladii
1411 4312 1761 4377 Lausiacam,
1794 4322 1891 4365 au-

282 4406 517 4460 ctionem
535 4420 707 4476 quam
722 4403 927 4458 haheat
943 4402 1115 4458 tertia
1125 4402 1315 4467 editio,
1337 4419 1403 4455 ex
1414 4400 1625 4456 recenti
1639 4400 1891 4454 versione

283 4495 554 4549 Gentiani
582 4494 843 4561 Heneti;
872 4491 1064 4558 tertio,
1097 4496 1279 4545 totum
1299 4489 1506 4544 libram
1534 4504 1765 4555 nonum,
1790 4502 1891 4543 seu

280 4583 623 4637 Theodoreti
643 4582 1000 4637 Philotheum
1021 4599 1034 4645 ;
1054 4584 1284 4651 quarto,
1310 4583 1493 4633 totum
1516 4578 1723 4632 librum
1745 4578 1892 4633 deci‘

282 4686 461 4737 mum,
482 4687 588 4727 seu
616 4672 782 4726 Joan.
814 4669 1032 4726 Moschi
1057 4669 1292 4723 Pratum
1320 4667 1640 4738 spirituale;
1670 4667 1887 4737 quinto,

283 4778 349 4816 ex
380 4760 716 4832 nppendice,
740 4757 1070 4814 Paradisum
1088 4755 1418 4822 Heraclidis,
1443 4761 1500 4810 et
1515 4757 1885 4826 Egyptorum

280 4851 520 4905 Patrum
556 4849 888 4916 sententias,
944 4848 1253 4919 interprete
1304 4844 1546 4900 Martino
1596 4842 1886 4899 Dumiensi

285 4940 571 5011 episcopo.

349 5028 647 5083 Accedunt
674 5033 947 5100 praeterea
966 5034 1090 5098 quas
1118 5024 1375 5080 omnibus
1400 5023 1525 5077 aliis
1552 5022 1891 5076 editionibus

284 5118 507 5185 desunt,
531 5117 948 5189 prolegomenu,
980 5114 1271 5188 praeludis,
1303 5112 1640 5178 natationes,
1665 5127 1891 5166 onoma-

285 5208 486 5275 sticen,
514 5214 576 5262 et
600 5205 745 5263 varii
770 5206 1052 5261 variarum
1072 5216 1267 5259 rerum
1298 5203 1530 5259 indices.

670 5322 1269 5388 PROLEGOMENON
1308 5320 1511 5384 XXIII.

370 5424 441 5480 De
470 5424 650 5478 rariis
679 5421 1011 5476 editionibus
1038 5418 1267 5489 vulgata
1298 5419 1563 5485 variaque
1591 5416 1809 5483 lingua.

362 5522 579 5603 [LXXIV]
599 5528 798 5586 Italica
817 5528 988 5584 editio
1005 5527 1243 5593 in-folio,
1265 5523 1539 5590 Venetiis,
1564 5538 1712 5576 anno
1730 5520 1891 5587 1476,

290 5620 767 5694 apudAntonium
779 5614 1436 5675 Bartholomaeiﬂonstat
1446 5617 1638 5668 autem
1653 5611 1771 5667 haec
1785 5610 1899 5665 edi-

2040 1877 2256 1930 Rursus
2296 1876 2492 1930 Italica
2520 1877 2636 1930 haec
2683 1876 2853 1930 editio
2901 1877 3105 1931 iterata
3150 1878 3256 1931 fuit
3282 1878 3567 1950 in-quarto

1967 1982 2094 2018 cum
2112 1965 2325 2035 ﬁguris,
2340 1981 2481 2019 novo
2496 1965 2803 2037 interprete
2814 1967 3029 2019 Joanne
3042 1958 3562 2034 MarioVerdizotto,

1968 2054 2239 2119 Venetiis,
2256 2071 2321 2107 ex
2342 2054 2715 2125 typographin
2740 2055 2809 2108 de
2841 2046 2859 2107 i
2889 2055 3126 2119 Guerra,
3164 2053 3318 2111 1589.

2042 2142 2257 2196 Gallica
2276 2142 2447 2196 editio
2467 2142 2700 2207 in—folio,
2715 2159 2844 2196 cum
2866 2143 3081 2212 ﬁguris,
3100 2143 3409 2214 interprete
3429 2159 3570 2198 ano-

1972 2248 2161 2301 nymo,
2182 2231 2429 2296 Parisiis,
2458 2247 2605 2284 anno
2644 2228 2795 2297 1494,
2844 2231 2992 2302 apud
3028 2232 3301 2286 Joannem
3341 2234 3417 2286 du
3449 2226 3568 2287 Pré.

1973 2322 2246 2392 Expressa
2266 2325 2352 2374 est
2371 2337 2436 2373 ex
2456 2320 2702 2375 secunda
2715 2320 2960 2374 editione
2972 2320 3189 2374 Latina.
3214 2322 3399 2386 Quare
3416 2322 3574 2392 quid-

1972 2409 2107 2481 quid
2135 2408 2248 2462 dixi
2272 2409 2670 2479 prolegomeno
2705 2408 2768 2462 19
2807 2409 3093 2463 continere
3120 2410 3427 2464 secundam
3455 2400 3571 2463 edi-

1973 2498 2184 2552 tionem
2217 2498 2498 2563 Latinam,
2534 2498 2704 2551 etiam
2727 2490 2843 2551 haec
2868 2498 3083 2552 Gallica
3117 2499 3384 2553 continet.
3412 2490 3572 2553 Unde

1974 2587 2134 2641 facile
2160 2592 2247 2640 est
2270 2604 2335 2641 ex
2364 2588 2759 2657 prolegomeno
2780 2586 2868 2653 ‘22,
2912 2586 3005 2641 ubi
3032 2587 3263 2641 Latinas
3301 2586 3573 2642 editiones

1973 2676 2123 2730 inter
2145 2694 2204 2729 se
2225 2682 2428 2730 etcum
2458 2676 2562 2729 hac
2590 2682 2791 2746 quarta
2810 2676 3145 2747 comparavi,
3174 2676 3447 2748 dispicere
3477 2677 3573 2747 qui

1973 2766 2092 2819 haec
2113 2765 2327 2819 Gallica
2344 2782 2469 2819 cum
2488 2770 2679 2818 nostra
2705 2772 2909 2834 quarta
2936 2765 3136 2819 Latina
3160 2765 3480 2822 conveniat.

2043 2854 2170 2908 Alia
2221 2854 2392 2908 editio
2441 2854 2654 2908 Gallica
2708 2854 2767 2907 in
2823 2871 2992 2926 parvo
3042 2854 3176 2908 folio
3223 2872 3322 2909 seu
3369 2850 3574 2925 magno

1979 2949 2179 3013 quarto
2212 2960 2340 2997 cum
2384 2944 2599 3013 ﬁguris,
2646 2943 2895 3009 Parisiis,
2924 2943 3044 2997 sine
3074 2943 3280 2999 indicio
3310 2944 3445 2998 anni
3487 2944 3574 2998 vel

1975 3032 2334 3104 typographi.
2359 3032 2531 3086 Plane
2562 3049 2688 3086 cum
2711 3032 3059 3103 praecedente
3080 3033 3356 3099 convenit,
3386 3037 3443 3087 et
3460 3028 3573 3088 fors

1979 3138 2048 3175 ea
2077 3121 2231 3192 prior
2260 3127 2365 3174 est.

1913 3200 1956 3264 C
2041 3211 2168 3264 Alia
2191 3210 2360 3264 editio
2407 3209 2618 3264 Gallica
2642 3209 2947 3280 in-quarto,
2988 3227 3115 3265 cum
3156 3213 3366 3282 ﬁguris,
3402 3210 3574 3265 inter-

1976 3305 2132 3370 prete
2148 3299 2455 3353 recentiore
2469 3314 2769 3369 anonymo,
2785 3299 3036 3363 Parisiis,
3050 3296 3197 3370 apud
3212 3290 3574 3354 Guilielmum

1982 3388 2305 3455 Chaudiérr,
2336 3404 2482 3441 anno
2530 3386 2691 3441 1605.
2739 3388 3014 3457 Expressa
3042 3393 3127 3441 est
3155 3389 3270 3440 haec
3299 3404 3365 3440 ex
3404 3388 3574 3441 tertia

1981 3477 2223 3530 editione
2245 3476 2464 3541 Latina,
2496 3475 2855 3545 continetque
2875 3481 3097 3530 tantum
3124 3468 3567 3546 quatuorlibros,

1972 3565 2177 3619 omisso
2199 3569 2317 3618 toto
2340 3564 2534 3634 quinto
2556 3560 2716 3629 libro,
2739 3571 2795 3617 et
2815 3564 3131 3629 Paschasio,
3156 3562 3251 3635 qui
3271 3569 3396 3634 post
3408 3572 3571 3635 quar-

1972 3659 2093 3707 tum
2121 3653 2349 3706 additur
2372 3653 2431 3705 in
2460 3652 2659 3707 Latino
2689 3658 2863 3707 textu.

2046 3742 2175 3796 Alia
2194 3741 2407 3796 Gallica
2425 3740 2596 3795 editio
2614 3741 2673 3795 in
2694 3752 2906 3804 octavo,
2937 3742 3243 3812 interprete
3261 3733 3338 3797 Μ.
3364 3732 3570 3796 Jacobo

1979 3834 2250 3897 Guulticr,
2282 3830 2531 3895 Parisiis,
2566 3831 2715 3901 apud
2742 3830 3102 3884 Guilielmum
3133 3833 3194 3884 de
3213 3833 3269 3885 la
3284 3824 3453 3898 Neue,
3475 3848 3572 3885 an-

1977 3937 2049 3973 no
2077 3920 2237 3975 1606.
2268 3920 2533 3974 Continet
2578 3919 2824 3990 primum
2852 3921 3028 3988 (Lxxv)
3060 3924 3117 3972 et
3145 3920 3453 3973 secundum
3496 3913 3571 3974 li-

1974 4008 2136 4062 brum
2162 4010 2324 4079 juxta
2353 4008 2639 4078 exemplar
2666 4007 2923 4061 secundae
2948 4006 3207 4062 editionis
3238 3999 3471 4064 Latinae.

2046 4098 2343 4151 Flandrica
2371 4097 2543 4150 editio
2576 4096 2794 4151 in-folio
2826 4113 3014 4167 parvo,
3043 4097 3162 4150 sine
3187 4084 3391 4151 indicio
3439 4089 3567 4155 loci.

1974 4202 2075 4255 per
2104 4186 2327 4240 Petrum
2354 4202 2463 4242 van
2493 4186 2587 4250 Os,
2614 4202 2762 4240 anno
2784 4182 2933 4241 1490.
2958 4186 3190 4239 Constat
3206 4185 3381 4240 tribus
3401 4187 3573 4257 parti-

1973 4272 2076 4328 bus
2106 4275 2254 4328 varie
2274 4274 2559 4345 dispositis
2576 4280 2633 4327 et
2649 4274 2848 4328 mistis.
2875 4273 3139 4327 Continet
3152 4277 3374 4328 tantum
3390 4291 3456 4328 ex
3476 4291 3572 4329 no-
3670 4308 3671 4311 η

1973 4368 2089 4433 stro
2110 4362 2252 4416 libro
2272 4364 2472 4433 primo,
2488 4363 2677 4417 Vitam
2699 4362 2879 4427 Pauli,
2895 4361 3070 4416 sancti
3093 4361 3415 4425 Hilarionis,
3439 4356 3573 4417 Mal-

1902 4436 2080 4517 Dchi,
2116 4451 2412 4521 Onuphrii,
2439 4451 2677 4507 Abrahae
2711 4450 2979 4517 eremitze,
3016 4450 3292 4506 Simeonis
3328 4450 3567 4521 Stylitae,

1972 4540 2190 4595 Thaisis
2230 4540 2559 4603 meretricis,
2594 4540 2842 4595 Marinae.
2874 4532 3106 4595 Librum
3146 4537 3474 4593 secundum.
3507 4540 3573 4594 In

1971 4629 2141 4684 tertia
2160 4635 2319 4700 parte
2338 4631 2590 4684 continet
2613 4630 2769 4683 varia
2789 4629 3042 4700 exempla
3069 4630 3125 4682 et
3144 4620 3294 4682 dicta
3320 4644 3385 4681 ex
3406 4627 3573 4682 variis

1972 4718 2127 4773 libris
2149 4724 2426 4790 excerpta.
2448 4720 2577 4774 Haec
2593 4718 2765 4773 editio
2795 4718 2897 4773 etsi
2928 4718 3144 4772 nullum
3174 4717 3279 4771 loci
3304 4717 3572 4772 indicium

1969 4809 2243 4879 praeferat,
2278 4807 2534 4863 existimo
2573 4813 2761 4862 tamen
2792 4807 3006 4862 Swollae
3034 4806 3390 4877 impressum,
3421 4808 3569 4879 (ιιιοά

1972 4897 2177 4952 librum
2197 4898 2435 4952 viderim
2465 4896 2822 4952 Flandricum
2854 4896 2923 4948 de
2954 4887 3099 4949 bono
3124 4890 3445 4961 universali,
3476 4912 3577 4951 seu

1973 4987 2181 5042 librum
2203 4988 2409 5058 Apum,
2436 4987 2774 5058 impressum
2799 4984 3033 5050 Swollae,
3070 5001 3217 5039 anno
3246 4978 3397 5051 1488,
3432 4986 3581 5057 apud

1972 5078 2205 5131 Petrum
2238 5093 2346 5130 van
2377 5077 2471 5141 Os,
2504 5076 2599 5146 qui
2621 5080 2678 5130 et
2707 5075 2884 5145 hujus
2916 5073 3043 5128 libri
3079 5074 3149 5130 de
3178 5064 3321 5129 Vitis
3349 5074 3582 5130 Patrum

1972 5166 2263 5221 Flandrice
2293 5156 2679 5236 typographus
2706 5170 2810 5219 est.
2845 5156 3046 5234 Utriqu
3066 5180 3095 5218 e
3134 5162 3276 5218 libro
3304 5154 3454 5218 idem
3491 5156 3581 5218 in-

1974 5256 2131 5326 signe
2161 5254 2513 5325 affigebatur.

2044 5343 2170 5397 Alia
2196 5342 2367 5396 editio
2391 5340 2687 5396 Flandrica
2717 5334 2933 5397 in-folio
2953 5358 3144 5413 parvo,
3175 5336 3405 5412 Delphis
3429 5342 3579 5414 apud

1976 5432 2282 5487 Henricum
2332 5430 2531 5484 Eckert
2556 5447 2664 5484 van
2696 5424 3034 5495 Homberch,
3068 5446 3216 5484 anno
3245 5424 3404 5485 1498.
3440 5430 3581 5485 Con-

1978 5527 2095 5575 stat
2121 5519 2300 5575 tribus
2325 5518 2598 5592 partibus,
2633 5519 2718 5574 uti
2750 5517 2904 5590 prior
2936 5518 3127 5573 editio.

2048 5608 2175 5664 Alia
2207 5608 2379 5664 editio
2407 5600 2707 5664 Flandrica
2735 5598 2959 5663 in-folio
2987 5624 3177 5680 parvo,
3209 5604 3409 5677 Leydm
3436 5595 3584 5678 apud
