4046 6212
415 345 484 410 79

1320 344 1398 404 IN
1435 343 1646 404 VITAS
1683 341 1982 404 PATRUM
2018 343 2561 404 PROLEGOMENA
2597 345 2792 404 XXVI.

3613 349 3683 408 80

409 477 688 532 Joannem
726 475 1049 540 Seversoen,
1097 487 1246 526 anno
1291 469 1448 528 1511.
1489 472 1751 544 Sequitur
1789 472 2074 544 prioresA
2157 473 2262 528 Ms.
2284 473 2463 527 sancti
2491 471 3016 539 Floriani,in—folio,
3045 471 3392 540 membrana,
3419 474 3684 529 vetustis-

412 565 708 622 editiones.
1551 606 1559 618 .

493 655 828 713 Germanica
855 652 1026 708 editio
1057 649 1268 706 in-folio
1297 666 1424 704 cum
1470 649 1690 721 ﬁguris.
1737 649 2008 706 Convenit

409 752 527 808 fere
555 764 682 803 cum
703 743 998 801 Flandrica
1018 739 1284 796 editione.

477 837 790 909 Anglicana
817 831 990 887 editio
1033 829 1258 884 in-folio
1287 843 1413 882 cum
1443 827 1656 898 ﬁguris,
1700 827 2006 898 interprete

408 926 707 982 G'uilielmo
721 924 939 994 Capton
948 915 2008 981 Westmonasteriensi,Westmonaste-

403 1016 476 1072 rii
491 1015 642 1087 apud
660 1011 937 1068 Wiinkiin
957 1009 1028 1063 de
1041 1006 1268 1070 Worde,
1296 1021 1444 1059 anno
1474 1001 1624 1070 149-5,
1638 1005 1802 1075 juxta
1817 1021 2004 1060 axem-

2087 561 2282 627 simus,
2309 567 2439 616 ante
2473 577 2652 616 annos
2682 577 2855 632 prope
2886 576 3018 617 Dccc
3047 561 3308 633 scriptus.
3336 563 3421 618 Ita
3445 563 3594 618 enim
3623 564 3681 618 in

2087 651 2200 706 ﬁne
2218 651 2390 705 habet
2408 669 2419 704 :
2442 652 2542 706 Hic
2553 652 2690 705 liber
2704 653 2816 720 fuit
2837 651 3125 706 inchoatus
3139 654 3204 706 in
3215 652 3424 718 Hunia,
3448 655 3511 706 in
3531 669 3685 707 aurer-

2089 743 2222 807 citu,
2240 755 2392 794 anno
2403 741 2630 794 Domini
2641 740 2672 794 8
2684 737 2762 804 19,
2779 754 2832 796 Iv
2844 740 2984 794 Non.
2998 741 3164 794 Junii
3175 745 3223 794 et
3232 743 3686 811 perﬁnitusapud

2087 827 2354 883 Sanctum
2371 829 2700 883 Florianum
2713 841 2755 882 II
2775 829 2856 882 Id.
2874 829 3173 898 Septembr.
3193 829 3373 883 incha.
3389 847 3462 883 xv
3474 847 3582 884 ma.
3597 832 3685 885 An

2087 917 2350 972 ultimum
2375 917 2482 972 hoc
2511 923 2596 972 est
2625 919 2820 972 indict.
2853 918 2951 970 xv?
2979 917 3207 972 Rectius
3235 917 3590 984 divinaveris,
3621 922 3687 974 in

2085 1007 2421 1062 hebdomada
2445 1021 2634 1070 xvma,
2669 1005 2722 1060 id
2757 1013 2862 1072 est,
2893 1007 3091 1077 quinta
3128 1006 3363 1061 decima.
3393 1008 3578 1078 Atque
3605 1008 3686 1062 ita

403 1107 530 1180 plar
549 1102 826 1158 Gallicum
850 1099 1189 1170 impressum
1213 1093 1472 1164 Lugduni
1493 1109 1640 1147 anno
1678 1092 1829 1150 1486.
1864 1095 2001 1148 Eam
2083 1097 2397 1151 Aventinus
2419 1097 2540 1150 loco
2567 1113 2694 1151 mox
2721 1095 2945 1151 citando
2970 1097 3105 1152 olim
3135 1097 3290 1167 legit,
3321 1114 3450 1152 cum
3481 1097 3684 1152 littera:

401 1193 707 1248 editionem
736 1188 1169 1260 Lugdunensem
1199 1183 1472 1238 Gallicam
1500 1198 1612 1236 non
1641 1181 1771 1248 vidi,
1805 1181 1902 1236 sed
1931 1199 1998 1236 ex
2079 1186 2329 1240 nondum
2351 1186 2431 1240 ita
2443 1185 2820 1240 evanuissent.
2845 1185 3110 1241 Continet
3129 1203 3194 1240 ex
3214 1185 3568 1257 libroprimo,
3597 1186 3688 1240 Vi-

400 1279 698 1353 Anglicani
711 1277 931 1334 Codicis
941 1275 1136 1330 ordine
1147 1272 1308 1327 video
1321 1271 1577 1326 eamdem
1601 1287 1723 1326 esse
1733 1287 1860 1326 cum
1872 1271 1997 1326 aliis
2087 1280 2205 1330 tam
2225 1275 2402 1340 Pauli,
2425 1274 2674 1342 Antonii,
2693 1274 2998 1330 Hilarionis
3019 1280 3076 1329 et
3099 1274 3320 1330 Malchi.
3346 1275 3575 1330 Librum
3595 1292 3686 1330 se-

405 1367 745 1425 editionibus
765 1365 980 1422 Latinis
1003 1359 1488 1432 Lugdunensibus.
1504 1359 1688 1424 Quare
1711 1359 1881 1414 editio
1895 1360 2006 1414 An-
2088 1363 2352 1418 cundum.
2388 1364 2466 1418 Ex
2494 1363 2636 1417 libro
2650 1363 2848 1434 quinto
2871 1365 3145 1418 nonnulla
3171 1365 3276 1418 hoc
3299 1364 3462 1419 titulo
3488 1381 3500 1418 :
3534 1366 3685 1420 Inci-

409 1458 632 1530 glicana
653 1452 1083 1526 comprehendit
1109 1449 1299 1506 omnia
1311 1466 1433 1520 quae
1443 1447 1556 1502 dixi
1571 1463 1742 1518 supra
1758 1447 2010 1519 prolego-
2082 1455 2254 1522 piunt
2283 1453 2690 1507 adhortationes
2707 1458 3028 1506 sanctorum
3053 1455 3310 1521 Patrum,
3331 1455 3686 1522 perfectiones

411 1563 578 1602 meno
604 1545 666 1602 19
691 1541 1163 1615 comprehendere
1185 1537 1488 1593 secundam
1511 1536 2008 1591 editionem.Unde
2091 1541 2507 1605 monachorum,
2541 1557 2676 1610 quas
2705 1542 2768 1595 de
2797 1542 2974 1597 Graeco
3005 1543 3068 1595 in
3111 1542 3368 1596 Latinum
3395 1544 3689 1596 transtuIit

409 1652 477 1691 ex
498 1635 894 1708 prolegomeno
912 1629 1002 1696 22,
1023 1627 1119 1682 ubi
1139 1626 1414 1682 editiones
1431 1641 1626 1678 omnes
1637 1624 1864 1679 Latinas
1879 1641 2008 1679 cum
2095 1631 2278 1683 beatus
2308 1631 2702 1698 Hieronymus.
2739 1629 2970 1684 Librum
2997 1631 3322 1701 septimum.
3360 1631 3437 1684 Ex
3473 1647 3690 1702 appen-

410 1723 515 1777 hac
541 1727 744 1794 quarta
767 1723 963 1774 nostra
981 1715 1210 1782 contuli,
1233 1713 1396 1768 facile
1420 1718 1508 1767 est
1525 1713 1710 1767 videre
1731 1712 2009 1784 quomodo
2029 1781 2074 1794 ἢ
2092 1717 2234 1784 dice,
2267 1718 2633 1789 AEgypiorum
2665 1719 2899 1774 Patrum
2949 1719 3276 1786 sententias,
3325 1719 3430 1772 hoc
3475 1719 3640 1774 titulo
3674 1737 3686 1771 :

409 1811 527 1866 haec
554 1781 868 1881 Anglicana
897 1805 1068 1861 editio
1087 1781 1214 1859 cum
1233 1805 1340 1858 hac
1358 1808 1554 1856 nostra
1565 1781 1876 1856 conveniat.
1899 1802 2011 1856 Na-
2029 1781 2076 1842 Β
2095 1781 2554 1873 Interroga‘tiones
2569 1811 2650 1861 vel
2665 1811 3036 1876 responsiones
3055 1781 3413 1877 {Egi/piorum
3433 1809 3666 1863 Patrum
3679 1847 3694 1874 ,

407 1905 531 1954 ctus
559 1915 687 1954 sum
711 1899 862 1952 hunc
883 1895 1147 1951 Codicem
1177 1911 1243 1948 ex
1268 1890 1568 1946 Carthusia
1595 1889 2002 1957 Mechliniensi,
2091 1911 2227 1964 quas
2251 1897 2315 1949 de
2344 1895 2520 1951 Graeco
2552 1896 2755 1966 [LXXVI]
2792 1899 2852 1950 in
2881 1899 3145 1951 Latinum
3177 1899 3468 1951 transtulit
3497 1898 3696 1950 Marti-

409 1988 713 2044 admodum
741 1987 792 2041 R
833 1987 900 2040 D.
935 1983 1121 2056 priore
1146 1980 1564 2053 promptissime
1592 1979 2004 2051 suppeditante.
2092 1999 2198 2037 nus
2227 1987 2502 2053 cpiscopus
2531 1987 2596 2038 in
2621 1988 2956 2039 monasterio
2983 1987 3264 2040 Domense.

790 2071 1387 2129 PROLEGOMENON
1424 2069 1621 2124 XXIV.
2162 2073 2308 2128 Nota
2337 2073 2428 2126 hic
2452 2072 2580 2127 libri
2606 2073 2773 2144 hujus
2795 2074 3120 2130 meminisse
3137 2074 3496 2142 Aventinum,
3512 2073 3611 2128 lib.
3636 2088 3695 2128 1v

404 2169 480 2224 De
529 2165 927 2233 manuscriptis
971 2163 1150 2227 libris,
1191 2161 1388 2229 quibus
1434 2159 1508 2212 ad
1552 2162 1812 2227 quartam
1865 2157 2009 2210 hanc
2088 2162 2692 2228 AnnaliumBoiorum,
2715 2162 2811 2217 ubi
2843 2163 2960 2234 agit
2987 2164 3059 2218 de
3081 2164 3358 2218 Ludovico
3386 2163 3486 2219 Pio
3518 2165 3697 2236 impe-

681 2255 975 2308 editioncm
1007 2250 1395 2304 adornandum
1423 2263 1549 2300 sum
1578 2263 1730 2300 usus.

477 2343 670 2398 Prima
691 2339 829 2396 mihi
842 2356 979 2394 cura
1004 2337 1130 2399 fuit.
1160 2353 1231 2391 ne
1247 2336 1380 2408 quid
1401 2343 1613 2390 temere
1634 2335 1693 2388 in
1713 2338 1868 2388 textu
1888 2349 2008 2387 mu-

406 2439 590 2486 tarem
615 2448 627 2485 :
649 2430 789 2484 nihil
812 2444 1154 2500 magnopere
1177 2425 1422 2496 ingenio,
1439 2423 1578 2478 nihil
1593 2421 2008 2476 blandientibus

407 2522 467 2576 in
496 2520 737 2592 speciem
759 2516 1096 2589 conjecturis
1126 2515 1272 2575 dedi.
1304 2513 1554 2568 Primum
1577 2512 1716 2566 mihi
1745 2529 1779 2565 a
1817 2527 2012 2566 manu-

407 2609 630 2682 scriptis
651 2607 963 2664 subsidium
993 2605 1118 2671 fuit,
1134 2604 1304 2658 etiam
1333 2620 1364 2657 e
1385 2602 1722 2657 Germanica
1735 2601 1998 2666 evocatis,

408 2699 559 2754 unde
579 2697 716 2752 mihi
737 2696 984 2768 quinque
1001 2693 1341 2764 exemplaria
1359 2691 1570 2762 [Lxxvl]
1584 2689 1842 2744 submisit
1853 2690 1920 2744 R.
1946 2690 2009 2742 P.

409 2787 650 2844 Jacobus
669 2787 969 2842 Gretzerus
981 2787 1190 2838 noster.
1225 2780 1542 2836 Secundum
1561 2796 1595 2833 a
1612 2777 2008 2833 vetustissimis

410 2874 770 2932 editionibus.
795 2872 1047 2929 Tertium
1069 2869 1354 2925 rarissime
1375 2874 1587 2933 tamen,
1607 2883 1643 2920 a
1661 2867 2003 2937 conjectura,

411 2982 525 3020 non
553 2969 772 3020 remota
799 2967 990 3016 tamen
1020 2977 1105 3026 ea,
1139 2958 1238 3014 sed
1276 2957 1610 3030 propinqua.
1643 2957 1785 3012 Cum
1819 2959 2008 3009 autem

410 3053 604 3109 decem
627 3053 800 3107 libros
829 3052 1026 3106 demus
1051 3049 1312 3106 Vitarum
1341 3047 1594 3111 Patrum,
1629 3061 1868 3116 quorum
1891 3049 2010 3098 tres

2088 2237 2276 2306 ratore
2296 2251 2390 2323 qui
2412 2252 2630 2306 curavit
2643 2269 2708 2306 ex
2725 2253 3023 2320 Dalmatia,
3048 2269 3218 2324 quam
3241 2253 3540 2320 invaserat,
3569 2271 3696 2326 pro-

2091 2339 2273 2410 ﬂigari
2299 2339 2672 2395 Lindewitum
2697 2342 2943 2396 Slavum.
2964 2359 2990 2394 ιι
3014 2343 3149 2408 Hoc,
3175 2341 3380 2414 inquit,
3403 2343 3548 2397 bello
3563 2341 3699 2397 scri-

2093 2433 2224 2500 ptus
2245 2433 2332 2482 est
2359 2429 2563 2494 Codex,
2591 2429 2687 2501 qui
2708 2447 2774 2485 ex
2799 2430 3146 2486 membranis
3173 2437 3514 2503 compactus,
3541 2449 3702 2486 mon-

2095 2521 2308 2571 stratur
2337 2517 2396 2572 in
2425 2519 2828 2574 monachorum
2873 2520 3236 2584 monasterio,
3272 2520 3421 2592 quod
3453 2537 3488 2574 a
3517 2521 3704 2592 patria

2095 2623 2223 2661 mea
2251 2606 2445 2661 decem
2475 2607 2654 2662 millia
2681 2625 2950 2679 passuum
2981 2609 3340 2664 Occidentem
3367 2627 3562 2664 versus
3579 2609 3700 2664 hie-

2096 2696 2322 2762 malem,
2355 2695 2412 2749 in
2450 2696 2576 2768 ripa
2604 2697 2730 2751 Ilmi
2766 2697 3055 2752 conditum
3096 2704 3293 2753 exstat.
3331 2699 3479 2754 Sunt
3500 2698 3558 2753 in
3598 2699 3697 2752 illo

2093 2783 2235 2838 libro
2265 2783 2559 2857 descripta:
2587 2785 2728 2840 Vitae
2765 2785 3018 2841 divorum
3057 2805 3093 2842 a
3128 2787 3428 2842 Paschasio
3450 2805 3480 2842 e
3505 2788 3702 2842 Graeca

2091 2872 2284 2944 lingua
2295 2872 2353 2928 in
2366 2873 2678 2928 Romanam
2690 2875 2998 2932 translatae.
3017 2877 3158 2930 Item
3173 2875 3428 2930 Hilarion
3444 2875 3554 2930 divi
3568 2875 3700 2930 Hie-

2091 2962 2336 3034 ronymi,
2361 2962 2502 3017 adeo
2520 2963 2768 3034 antiquis
2782 2962 3010 3030 litteris,
3033 2969 3098 3018 ut
3126 2965 3265 3018 mihi
3295 2981 3694 3037 repuerascen-

2089 3050 2246 3118 dum,
2288 3057 2346 3105 et
2401 3051 2472 3105 ad
2510 3051 2696 3123 prima
2730 3053 3008 3107 elementa
3044 3053 3394 3108 redeundum
3438 3053 3630 3108 fuerit.
3665 3073 3693 3107 »

409 3142 748 3216 posteriores
795 3157 945 3196 nunc
979 3139 1227 3211 primum
1270 3135 1546 3192 accedunt
1573 3151 1638 3188 ex
1669 3133 2067 3204 interpreta-C
2089 3139 2375 3193 Hactenus
2404 3139 2516 3194 ille.
2559 3139 2838 3206 Hundius,
2880 3140 2938 3194 in
2978 3141 3269 3212 Metropoli
3299 3157 3398 3196 sua
3443 3141 3698 3196 Salisbu-

409 3231 564 3286 tione
587 3229 963 3292 recentiorum
989 3227 1084 3299 qui
1107 3227 1294 3280 vixere
1317 3226 1548 3279 Patrum
1571 3221 1862 3288 memoria,
1896 3237 2008 3276 non

411 3325 498 3374 est
517 3319 666 3394 quod
693 3318 947 3376 omnium
975 3316 1246 3371 librorum
1271 3313 1652 3384 manuscripta
1671 3310 2012 3382 exemplaria

410 3415 714 3482 exspectes.
767 3409 973 3464 Eorum
1029 3405 1204 3478 igitur
1238 3409 1462 3458 tantum
1501 3401 1772 3455 librorum
1798 3415 2004 3453 manu-

409 3499 619 3570 scripta
646 3502 906 3568 exspecta
933 3492 1276 3566 exemplaria
1303 3492 1400 3563 qui
1433 3491 1554 3562 jam
1586 3489 1720 3544 olim
1748 3487 2006 3544 translati

406 3588 584 3652 fuere,
610 3587 803 3658 quales
828 3590 1044 3655 septem
1063 3582 1296 3654 priores,
1321 3579 1530 3652 quique
1551 3579 1821 3632 hactenus
1841 3577 2006 3632 titulo

407 3673 666 3730 Vitarum
692 3675 926 3728 Patrum
955 3670 1212 3742 impressi
1239 3673 1392 3723 sunt.

480 3761 991 3832 Manuscriptorum
1017 3758 1220 3830 quibus
1246 3774 1382 3812 usus
1403 3773 1548 3821 sum,
1571 3755 1774 3810 ecciste
1801 3753 2005 3808 catalo-

407 3867 533 3920 gus,
555 3866 722 3923 quem
737 3849 808 3904 do
822 3849 985 3920 juxta
1007 3851 1340 3902 vetustatem
1354 3843 1709 3912 characteris,
1729 3849 2004 3915 quantum

411 3940 639 4012 quidem
667 3938 806 3993 mihi
845 3937 1106 4008 colligere
1133 3934 1310 4002 licuit,
1344 3934 1430 3989 vel
1467 3952 1534 3989 ex
1565 3949 1712 3988 anno
1737 3933 1999 4004 ascripto,

411 4030 496 4084 vel
522 4044 590 4084 ex
617 4029 960 4082 charactere.
995 4025 1191 4081 Sciunt
1227 4023 1535 4095 antiquarii
1564 4022 1789 4094 aliquod
1820 4021 2005 4076 saeculi

409 4118 682 4173 indicium
710 4134 745 4172 a
771 4113 1112 4172 characteris
1127 4129 1333 4186 genere
1361 4111 1526 4168 sumi.
1549 4111 1672 4168 Cito
1701 4117 1891 4166 autem
1912 4127 2006 4165 eos

409 4207 703 4262 referendo
731 4205 803 4260 ad
833 4203 1138 4260 editionem
1167 4203 1312 4258 hanc
1333 4207 1612 4274 quartam.

479 4297 584 4353 Ms.
615 4294 976 4362 Vedastinus,
997 4311 1028 4349 e
1051 4291 1414 4349 celeberrimo
1434 4289 1614 4346 sancti
1632 4289 1864 4344 Vedasti
1889 4305 2006 4344 mo-

408 4365 1130 4441 nasterio’membranaceus
1150 4381 1391 4448 in-folio,
1415 4379 1797 4436 vetustissima
1811 4393 2001 4445 manu,

2091 3227 2282 3294 riensi,
2301 3228 2514 3295 scribit,
2538 3245 2666 3283 eum
2690 3228 2896 3284 librum
2919 3230 3054 3284 olim
3072 3229 3244 3284 fuisse
3273 3230 3331 3284 in
3351 3231 3697 3291 monasterio

2091 3316 2722 3372 Munichmunsteriensi
2751 3317 2809 3372 in
2839 3318 3077 3373 Bavaria
3106 3319 3177 3373 ad
3205 3319 3526 3374 Danubium
3547 3319 3698 3374 infra

2090 3404 2390 3476 Vohburg;
2424 3407 2522 3461 sed
2552 3423 2700 3460 anno
2731 3405 2872 3461 1580
2895 3423 2955 3462 se
2987 3424 3113 3462 eum
3146 3407 3223 3462 ibi
3245 3425 3357 3463 non
3388 3409 3691 3480 reperisse;

2089 3493 2408 3549 existimare
2441 3500 2631 3550 autem
2675 3495 3016 3550 translatum
3054 3513 3176 3551 esse
3209 3497 3569 3552 Monachium
3619 3497 3694 3552 ad

2089 3580 2496 3637 Bibliothecam
2525 3583 2782 3638 ducalem
2813 3601 2941 3638 cum
2983 3585 3319 3655 quibusdam
3347 3585 3472 3640 aliis
3508 3584 3688 3640 libris.

2087 3671 2176 3726 Ita
2230 3672 2506 3727 Hundius.
2551 3673 2784 3744 Irrepsit
2835 3689 2994 3728 error
3029 3673 3088 3728 in
3119 3675 3434 3729 Chronicon
3473 3674 3688 3728 ordinis

2086 3759 2372 3816 Benedict.
2400 3760 2470 3814 ab
2501 3761 2803 3816 admodum
2839 3762 3303 3818 reverendissimo
3337 3763 3405 3818 D.
3438 3761 3688 3818 Auberto

2085 3849 2276 3904 Mirmo
2305 3849 2721 3917 concinnatum,
2755 3867 2882 3904 cum
2909 3851 3053 3906 liber
3079 3851 3174 3906 ille
3213 3852 3455 3924 scriptus
3483 3852 3692 3906 dicitur

2089 3954 2236 3992 anno
2263 3937 2398 4005 918;
2433 3939 2662 3994 omnino
2681 3937 2788 3996 819
2817 3939 3086 4010 oportuit.

2157 4027 2260 4081 Ms.
2291 4027 2772 4098 Ingolsta'diensis,
2791 4029 3010 4100 collegii
3039 4029 3217 4084 nostri
3246 4029 3488 4097 in-folio,
3517 4047 3691 4085 mem-

2087 4113 2284 4181 brana,
2313 4116 2476 4170 valde
2505 4120 2776 4172 vetustus.
2818 4117 3082 4173 Continet
3114 4117 3324 4174 librum
3359 4119 3689 4187 secundum,

2087 4204 2338 4272 tertium,
2373 4209 2658 4276 quartum.

2156 4294 2252 4349 Ms.
2278 4293 2630 4349 Amandinus
2659 4311 2690 4349 e
2718 4294 3083 4350 celeberrimo
3103 4297 3282 4351 sancti
3308 4297 3551 4352 Amandi
3577 4314 3694 4352 cas-

2089 4381 2275 4450 nobio,
2307 4400 2340 4437 a
2379 4388 2603 4438 vetusta
2631 4400 2825 4452 manu,
2857 4383 2954 4456 qui
2991 4385 3304 4441 Heraclidis
3354 4387 3690 4442 Paradisum

410 4475 616 4548 quippe
635 4471 1052 4530 characteribus
1065 4469 1397 4542 capitalibus
1411 4456 2436 4540 conscriptus.Descri-Dcontinebat,
2478 4473 2578 4527 sed
2633 4473 2918 4540 mutilum,
2951 4473 3023 4528 ad
3075 4475 3236 4546 cujus
3283 4480 3475 4530 tamen
3517 4475 3692 4530 ﬁdem

409 4569 540 4635 ptus
567 4563 660 4617 hic
689 4567 812 4617 erat
829 4566 1030 4632 rogatu
1050 4559 1268 4614 abbatis
1288 4559 1566 4625 Nomedii,
1592 4558 1688 4629 qui
1717 4573 1847 4611 eum
1866 4554 2010 4610 basi-

409 4650 529 4706 licae
555 4649 997 4706 sanctiMedardi
1027 4647 1326 4703 obtulerat.
1359 4647 1518 4702 Unde
1557 4645 1877 4711 Suessione,
1909 4643 2008 4698 ubi

404 4739 641 4810 insignis
661 4739 840 4794 sancti
868 4736 1121 4794 Medardi
1151 4735 1398 4801 basilica,
1423 4733 1628 4790 librum
1654 4735 1804 4788 hunc
1821 4732 2006 4805 profe-

411 4833 565 4882 ctum
595 4843 862 4898 auguror.
903 4827 1124 4882 Titulus
1169 4830 1362 4882 autem
1389 4823 1518 4878 libri
1547 4824 1638 4878 hic
1666 4829 1786 4878 erat
1815 4841 1825 4876 :
1853 4823 2008 4877 Liber

405 4931 724 4972 sermonum
754 4919 836 4970 vel
881 4916 1288 4970 adhortationis
1321 4916 1556 4968 Patrum
1590 4913 1665 4966 ad
1695 4912 2006 4981 profectum

405 5006 822 5060 monachorum.
841 5002 1010 5058 Liber
1040 5009 1230 5058 autem
1258 5002 1349 5057 hic
1379 5019 1482 5056 ms.
1511 5006 1730 5056 tantum
1757 5000 2008 5054 continet

405 5114 471 5152 ex
495 5097 638 5152 libro
665 5101 858 5152 nostro
877 5095 1076 5166 quinto
1099 5094 1314 5150 libellos
1335 5111 1428 5160 xv,
1464 5100 1521 5148 et
1548 5093 1675 5148 ﬁnit
1689 5095 1747 5147 in
1765 5109 2003 5148 numero

403 5186 473 5244 26
501 5185 674 5241 libelli
703 5203 793 5240 xv.
825 5185 1012 5250 Quare
1040 5201 1154 5240 non
1204 5184 1372 5240 habet
1417 5184 1638 5254 integre
1685 5199 1807 5253 quae
1834 5183 2004 5236 vertit

399 5274 679 5346 Pelagius.
712 5273 868 5328 Finis
893 5273 1070 5328 totius
1097 5273 1225 5328 libri
1245 5280 1400 5328 erat:
1429 5273 1667 5342 Explicit
1696 5273 1836 5326 liber
1857 5273 2002 5340 quod

402 5369 629 5419 vocatur
681 5364 820 5418 Vitas
857 5365 1093 5418 Patrum
1132 5365 1206 5417 ad
1241 5365 1549 5432 profectum
1600 5361 1998 5416 monachorum

400 5454 510 5509 sive
541 5455 845 5508 imitatores
863 5468 1074 5506 eorum.
1097 5451 1200 5508 Vix
1221 5451 1456 5506 dubium
1477 5449 1636 5516 mihi,
1669 5454 1798 5504 ante
1820 5466 1998 5504 annos

399 5555 536 5597 neco
559 5540 764 5596 librum
795 5541 946 5596 hunc
973 5541 1370 5613 conscriptum.
1404 5539 1486 5596 Ex
1531 5538 1791 5596 Nomedii
1833 5543 1998 5606 amate

399 5646 492 5688 res
519 5631 726 5688 certior
753 5631 929 5688 statui
959 5631 1186 5703 poterit.

2092 4561 2334 4632 paucula
2351 4561 2412 4614 in
2441 4561 2748 4632 appendice
2776 4563 3099 4633 recognovi.

2160 4650 2264 4704 Ms.
2306 4649 2746 4704 Audomarensis
2784 4665 2852 4704 ex
2889 4651 3124 4706 ecclesia
3168 4652 3464 4724 collegiata
3511 4654 3694 4710 sancti

2089 4737 2417 4804 Audomari,
2447 4743 2723 4805 vetustus,
2758 4741 2816 4793 et
2841 4739 3086 4795 maxime
3127 4740 3406 4813 perfectus
3441 4742 3538 4814 qui
3567 4759 3694 4798 ma-

2089 4827 2240 4881 ximo
2269 4826 2410 4880 mihi
2443 4827 2514 4882 ad
2537 4827 2682 4883 hanc
2709 4828 3152 4900 recognitionem
3193 4831 3520 4902 adjumento
3559 4831 3686 4897 fuit,

2089 4920 2213 4969 tum
2243 4915 2392 4986 quod
2419 4917 2608 4987 plures
2636 4917 2810 4972 libros
2839 4917 3170 4985 contineret,
3203 4923 3328 4974 tum
3357 4921 3506 4991 quod
3535 4936 3696 4992 egre-

2089 5005 2180 5074 gie
2201 5003 2442 5076 scriptus
2461 5011 2628 5063 esset.
2650 5005 2989 5062 Continebat
3011 5013 3202 5062 autem
3224 5025 3290 5063 ex
3308 5009 3452 5064 libro
3471 5009 3689 5080 primo:

2088 5093 2277 5147 Vitam
2335 5093 2515 5148 sancti
2563 5095 2797 5150 Antonii
2839 5113 2941 5168 per
2991 5101 3249 5152 sanctum
3293 5098 3692 5167 Athanasium,

2084 5181 2392 5252 interprete
2445 5182 2714 5253 Evagrio:
2757 5184 2947 5239 Vitam
3001 5187 3181 5240 sancti
3233 5185 3539 5242 Hilarionis
3585 5203 3694 5242 au-

2082 5275 2234 5325 ctore
2279 5276 2471 5326 sancto
2524 5271 2906 5344 Hieronymo;
2955 5273 3144 5329 Vitam
3185 5273 3387 5330 Malchi
3425 5275 3696 5330 monachi

2083 5359 2286 5432 captivi
2334 5377 2435 5432 per
2477 5361 2770 5427 eumdem;
2821 5361 3010 5416 Vitam
3038 5363 3279 5419 Abrahae
3315 5363 3562 5420 eremitaa
3592 5382 3699 5436 per

2083 5446 2307 5502 beatum
2346 5449 2643 5520 Ephrem;
2685 5450 2872 5504 Vitam
2916 5449 3069 5506 beati
3117 5453 3443 5522 Frontonii;
3503 5454 3695 5509 Vitam

2081 5536 2310 5592 Marinae
2354 5538 2590 5608 puellae;
2625 5537 2830 5597 librum
2859 5542 3186 5610 secundum,
3218 5543 3324 5598 hoc
3349 5543 3512 5598 initio
3543 5559 3558 5598 :
3590 5545 3694 5598 In-

2081 5628 2213 5696 cipit
2236 5629 2493 5697 prafatio
2523 5629 2740 5698 Ruf/ini
2767 5630 2831 5686 do
2869 5629 2988 5686 Vita
3013 5633 3436 5688 monachorum.
3467 5633 3696 5688 Benedi-
