4046 6212
306 343 368 400 81

1553 347 2044 406 PROLEGOMEN
2049 347 2149 402 ON
2187 348 2383 403 XXIV.

3517 358 3589 418 82

299 473 438 534 ctus,
462 473 567 522 etc.
593 488 607 537 ;
639 466 843 523 librum
870 469 1121 536 tertium,
1142 476 1244 542 per
1272 477 1653 547 paragraphos
1678 495 1777 541 seu
1806 496 1907 534 nu-
1927 474 2142 538 Anum.
2167 473 2257 537 24,
2277 475 2374 545 qui
2403 473 2588 529 eidem
2614 475 3016 533 Posthumiano
3045 480 3329 537 tribuitur.
3354 481 3587 540 Librum

297 574 485 611 meros
501 572 666 623 ccvu;
690 558 897 612 librum
921 565 1207 630 quartum,
1227 564 1468 634 exceptis
1486 566 1682 636 primis
1706 583 1798 623 xxv
1816 585 1905 623 ca-

295 646 530 718 pitibus,
563 664 686 718 quae
723 664 789 701 ex
831 649 1034 703 Severo
1076 650 1322 723 Sulpicio
1352 659 1486 708 sunt
1521 662 1801 729 excerpta,
1834 674 1902 712 ea

294 736 451 789 enim
479 736 733 804 deerant;
769 736 977 792 librum
1021 739 1302 810 quintum,
1335 744 1497 813 cujus
1525 744 1725 799 titulus
1765 751 1852 800 est
1881 766 1893 799 :

294 826 588 894 Incipiunt
599 827 1008 895 adhortationes
1018 835 1340 885 sanctorum
1358 834 1612 901 Patrum,
1618 837 1900 903 perfectio-

298 929 499 982 nesque
514 916 931 982 monachorum,
946 933 1081 986 quas
1098 919 1161 972 de
1176 919 1354 974 Graeco
1374 923 1438 974 in
1458 923 1725 977 Latinum
1744 929 1901 979 tran-

297 1005 464 1057 stulit
492 1003 869 1071 Hieronymus
890 1007 1191 1074 presbyter.
1217 1008 1514 1063 Manifesta
1528 1027 1736 1066 errore.
1753 1014 1898 1068 Nam

300 1089 455 1145 idem
474 1090 619 1145 liber
633 1093 887 1164 [Lxxvm]
904 1096 1321 1167 manuscriptus
1340 1098 1399 1151 in
1422 1099 1531 1153 ﬁne
1548 1099 1719 1155 libelli
1738 1118 1895 1168 xvm,

303 1180 401 1251 qui
421 1180 481 1234 in
500 1181 604 1235 hoc
624 1181 821 1253 quinto
844 1183 986 1238 libro
1013 1185 1245 1240 ultimus
1271 1192 1373 1253 est,
1397 1187 1513 1242 haec
1528 1189 1699 1244 habet
1720 1205 1736 1242 :
1760 1194 1901 1246 Huc-

301 1285 476 1337 usque
498 1271 562 1323 de
590 1270 768 1325 Graeco
800 1276 862 1326 in
887 1275 1152 1328 Latinum
1180 1279 1474 1330 transtulit
1499 1280 1754 1346 Pelagius
1782 1283 1902 1335 dia-

299 1375 471 1412 conus
497 1360 744 1413 Ecclesiae
777 1363 1047 1430 Romanae,
1082 1369 1130 1417 et
1155 1363 1361 1419 abhinc
1382 1367 1636 1421 deorsum
1660 1370 1899 1423 Joannes

296 1448 687 1504 subdiaconus.
723 1449 953 1506 Librum
989 1457 1227 1520 sextum,
1259 1453 1566 1525 interprete
1595 1457 1810 1512 Joanne
1837 1458 1895 1514 S.

298 1535 366 1590 R.
398 1536 461 1591 Ε.
490 1536 855 1596 subdiacono.

365 1626 472 1680 Ms.
506 1626 946 1698 Afﬂigemiensis
964 1646 1031 1684 ex
1056 1629 1265 1702 insigni
1294 1631 1520 1687 abbatia
1544 1634 1723 1688 sancti
1744 1635 1898 1689 Petri

291 1715 444 1785 apud
470 1716 760 1771 Alostrum
775 1717 1008 1785 in-folio,
1032 1719 1379 1786 membrana,
1397 1720 1555 1777 bonae
1573 1729 1737 1777 notae.
1757 1724 1898 1778 Con-

1987 569 2272 634 quartum,
2307 564 2403 634 qui
2432 564 2636 618 Joanni
2667 560 2933 621 Cassiano
2962 569 3309 640 assignatur.
3355 571 3586 628 Librum

1986 653 2264 723 quintum.
2294 653 2516 707 Titulus
2535 659 2727 708 autem
2758 655 2849 708 hic
2876 662 2961 710 est
2986 672 2999 711 :
3025 660 3311 727 Incipiunt
3338 665 3586 730 capitula

1984 744 2119 797 libri
2131 745 2311 796 sancti
2328 744 2659 809 Hieronymi
2685 745 2752 796 de
2786 746 2899 798 Vita
2919 750 2966 798 et
2987 749 3197 801 actibus
3222 747 3320 803 SS.
3347 752 3584 805 Patrum

1981 833 2364 895 eremitarum,
2383 835 2688 886 translatus
2708 834 2775 885 ab
2795 850 2852 886 eo
2877 835 2941 888 de
2966 836 3141 890 Graeco
3166 841 3307 905 stle
3341 841 3402 893 in
3430 842 3585 894 Lati-

1984 935 2140 973 num.
2176 921 2240 973 In
2272 919 2455 974 medio
2486 936 2616 975 vero
2663 920 2837 975 libelli
2874 937 2962 976 xv1
2997 924 3110 994 (qui
3150 941 3277 979 vere
3305 941 3444 981 xvm
3474 933 3578 996 est,

1981 1007 2079 1062 sed
2102 1008 2212 1062 duo
2240 1008 2414 1062 libelli
2443 1024 2563 1082 xu},
2597 1009 2666 1063 de
2687 1010 3102 1081 Hospitalitate,
3128 1018 3185 1067 et
3204 1031 3311 1080 xxv,
3342 1016 3411 1069 de
3439 1016 3582 1071 Obe-

1982 1095 2195 1150 dientia
2231 1098 2289 1150 in
2316 1098 2421 1152 hoc
2449 1098 2551 1152 Ms.
2574 1104 2708 1152 sunt
2734 1099 2942 1167 omissi)
2976 1100 3214 1155 habetur
3247 1120 3258 1155 :
3294 1104 3581 1175 Hucusque

1982 1186 2353 1253 Hieronymus
2363 1189 2425 1240 de
2440 1188 2617 1242 Greco
2628 1191 2690 1241 in
2706 1189 2970 1243 Latinum
2982 1192 3193 1244 dicitur
3207 1196 3575 1260 transtulisse,

1980 1275 2177 1340 sice,ut
2190 1278 2439 1344 plerique
2453 1281 2773 1343 autumant,
2786 1280 3034 1346 Pelagius
3048 1281 3314 1335 diaconus
3326 1282 3582 1338 Romam

1981 1365 2244 1418 Ecclesiae.
2278 1366 2411 1418 Inde
2438 1366 2676 1420 Joannes
2706 1368 3093 1434 subdiaconus,
3119 1374 3362 1437 quatuor
3382 1372 3583 1427 distin-

1979 1469 2150 1522 guens
2181 1455 2341 1506 libris
2372 1455 2516 1507 idem
2546 1470 2696 1522 opus.
2721 1454 2953 1509 Librum
2982 1461 3220 1511 sextum.

2051 1542 2153 1595 Ms.
2173 1540 2462 1595 Laetiensis
2489 1542 2691 1609 minor,
2720 1543 3023 1614 in-quarto,
3048 1562 3407 1615 pergameno,
3434 1551 3581 1603 notae

1980 1646 2092 1684 non
2118 1629 2398 1683 inferioris
2438 1647 2473 1683 a
2500 1631 2704 1701 priore.
2739 1631 2846 1696 Qui
2894 1632 3036 1686 liber
3063 1634 3199 1687 olim
3235 1634 3342 1689 fuit
3389 1636 3580 1691 Sancti

1978 1719 2265 1773 Michaelis
2284 1719 2351 1773 in
2369 1720 2551 1773 Sarto.
2568 1719 2828 1774 Continet
2851 1721 2941 1775 hic
2968 1721 3110 1775 liber
3127 1738 3192 1776 ex
3207 1722 3347 1778 libro
3368 1725 3573 1796 primo,

290 1803 439 1858 tinet
466 1819 535 1857 ex
564 1804 706 1859 libro
728 1806 911 1877 primo
932 1808 1090 1862 Vitas
1117 1810 1294 1863 sancti
1316 1810 1497 1877 Pauli,
1528 1812 1780 1879 Antonii,
1802 1814 1897 1868 Hi-
1916 1794 1957 1853 Β
1976 1808 2164 1862 Vitam
2182 1808 2361 1862 sancti
2380 1808 2541 1862 Pauli
2562 1808 2729 1879 primi
2759 1810 3027 1877 eremitae,
3053 1816 3279 1865 auctore
3300 1794 3425 1867 diro
3450 1813 3582 1868 Hie-

288 1891 546 1958 larionis,
570 1894 793 1960 Malchi,
837 1896 1139 1963 Pachomii,
1170 1896 1428 1964 Abrahae,
1460 1899 1737 1955 Simeonis
1772 1902 1897 1973 Sty-

284 1980 440 2052 lytae,
464 1982 776 2050 Frontonii,
797 1984 1194 2057 Euphrosynae,
1221 1987 1409 2042 Mariae
1431 1990 1615 2060 neptis
1634 1989 1889 2058 Abrahae,

288 2070 553 2140 Pelagia,
584 2072 773 2127 Maria?
798 2074 1157 2145 Egyptiacae,
1182 2076 1431 2142 Marinae,
1463 2076 1669 2133 librum
1690 2095 1892 2135 secun-

285 2159 445 2226 dum,
478 2161 758 2232 quintum,
793 2168 1035 2232 sextum,

354 2250 462 2304 Ms.
489 2249 930 2319 Gemblacensis,
947 2270 1014 2307 ex
1032 2258 1250 2308 vetusta
1272 2253 1498 2309 abbatia
1518 2257 1697 2311 sancti
1717 2258 1888 2326 Petri,

285 2338 506 2392 ordinis
524 2340 702 2394 sancti
729 2341 1015 2396 Benedicti
1034 2342 1093 2397 in
1114 2343 1318 2415 oppido
1335 2344 1721 2400 Gemblacensi
1740 2347 1890 2418 apud

282 2428 654 2495 Namurcum,
688 2430 1003 2501 in-quarto,
1039 2432 1521 2502 membranaceus,
1568 2435 1890 2491 charactere

280 2523 530 2573 vetusto.
563 2519 899 2575 Continebat
934 2525 1157 2575 tantum
1206 2539 1273 2576 ex
1326 2522 1468 2579 libro
1505 2523 1688 2595 primo
1731 2526 1887 2580 Vitas

277 2608 466 2662 sancti
498 2608 806 2676 Pachomii,
844 2610 1023 2665 sancti
1048 2611 1262 2677 Basilii,
1300 2612 1534 2668 Joannis
1565 2614 1887 2688 Eleemosy-

276 2698 453 2763 uarii,
480 2698 672 2753 Mariae
697 2699 1056 2770 Egyptiacae.

348 2786 458 2841 Ms.
520 2787 938 2858 Crispiniensis,
978 2806 1045 2843 ex
1081 2790 1424 2845 monasterio
1454 2791 1667 2846 ordinis
1705 2794 1885 2848 sancti

273 2876 570 2931 Benedicti
592 2878 741 2948 apud
760 2877 1141 2947 Valentianas,
1159 2879 1403 2947 in-folio,
1426 2880 1772 2949 membrana,
1795 2900 1886 2938 ve-

271 2971 434 3020 tusta
463 2982 659 3020 manu.
684 2967 1017 3022 Continebat
1046 2984 1117 3022 ex
1145 2968 1288 3023 libro
1317 2969 1500 3040 primo
1520 2970 1678 3025 Vitas
1703 2973 1882 3027 sancti

269 3055 460 3122 Pauli,
481 3055 662 3109 sancti
683 3057 931 3124 Antonii,
950 3058 1129 3111 sancti
1145 3057 1467 3125 Hilarionis,
1491 3060 1884 3127 Malchi,Joan-

1976 1913 2250 1968 ronymo;
2284 1897 2472 1951 Vitam
2509 1897 2688 1951 sancti
2725 1898 3052 1966 Hilarionis,
3084 1905 3313 1955 auctore
3341 1901 3574 1971 eodem;

1976 1985 2163 2039 Vitam
2193 2002 2292 2039 seu
2304 1984 2702 2040 Paenitentiam
2719 1986 2967 2053 Thaidis,
2991 2004 3091 2041 seu
3102 1987 3349 2056 Thaisis;
3368 1988 3576 2044 librum

1977 2075 2303 2140 secundum,
2328 2075 2579 2140 tertium,
2605 2080 2890 2146 quartum.
2913 2076 3018 2130 Ms.
3040 2076 3206 2131 Bonae
3227 2077 3376 2149 Spei,
3401 2095 3466 2132 ex
3482 2077 3577 2133 ab-

1980 2162 2129 2217 batia
2165 2162 2419 2233 ejusdem
2450 2162 2714 2230 nominis,
2749 2163 2963 2218 ordinis
2997 2164 3573 2235 Praemonstratensis,

1976 2252 2125 2323 apud
2146 2251 2439 2307 Binchium
2450 2252 2758 2307 Hannonis:
2769 2252 3056 2324 oppidum,
3074 2252 3575 2325 in-quarto,forma

1974 2340 2234 2411 oblonga,
2285 2357 2645 2412 pergameno,
2691 2341 3015 2396 charactere
3062 2341 3208 2396 bono
3258 2348 3317 2398 et
3359 2350 3574 2400 vetere.

1972 2431 2235 2486 Continet
2258 2431 2410 2485 varia
2429 2436 2651 2486 tantum
2671 2430 2989 2501 fragmenta
3011 2448 3077 2486 ex
3101 2431 3269 2486 variis
3289 2432 3419 2487 hinc
3439 2433 3572 2490 inde

1969 2519 2128 2574 libris
2165 2524 2412 2590 exerpta,
2447 2536 2517 2574 ex
2547 2519 2692 2574 libro
2722 2534 2763 2574 II
2793 2526 2851 2575 et
2876 2535 2934 2575 In
2961 2520 3191 2588 Rufﬁni,
3222 2520 3360 2577 item
3381 2539 3447 2576 ex
3465 2524 3570 2578 ali-

1971 2613 2109 2680 quot
2134 2608 2335 2663 libellis
2364 2609 2576 2680 Pelagii
2605 2615 2663 2663 et
2686 2609 2939 2664 Joannis.

2040 2698 2144 2752 Ms.
2177 2697 2543 2767 Moretianus,
2580 2697 2818 2764 in-folio,
2859 2714 3221 2770 pergameno,
3239 2695 3368 2754 non
3402 2699 3566 2755 valde

1970 2786 2199 2859 quidem
2222 2792 2495 2852 vetustus,
2520 2787 2618 2841 sed
2642 2787 2885 2858 plurima
2896 2788 3211 2856 continens,
3236 2805 3406 2861 quem
3426 2789 3567 2844 mihi

1967 2876 2033 2930 D.
2088 2877 2288 2931 Moreti
2334 2877 2438 2931 ﬁlii
2469 2877 2918 2949 suppeditarunt.
2953 2877 3288 2932 Continebat
3328 2895 3395 2932 ex
3421 2877 3567 2934 libro

1966 2965 2147 3036 primo
2176 2966 2334 3019 Vitas
2362 2965 2548 3032 Pauli;
2573 2966 2830 3033 Antonii;
2855 2962 3160 3021 Hilarionis
3179 2985 3192 3034 ;
3208 2967 3404 3023 Malchi
3424 2988 3438 3032 ;
3461 2967 3567 3022 Pa-

1964 3053 2201 3117 chomii;
2233 3052 2470 3109 Abrahze
2490 3073 2502 3122 ;
2521 3054 2750 3108 Joannis
2765 3054 3224 3126 Eleemosynarii;
3249 3055 3563 3124 Frontonii,

269 3141 366 3194 nis
396 3140 858 3212 Eleemosynarii,
902 3142 1221 3209 Frontonis,
1264 3144 1470 3209 Paulae,
1521 3151 1726 3201 sancta:
1758 3147 2136 3215 Ma-Cquam
2177 3142 2521 3214 Hieronymo
2572 3142 2834 3197 ascribit:
2888 3144 3310 3215 Euphrosynae;
3372 3145 3564 3200 Mariae

267 3230 414 3283 rinae
433 3247 448 3297 ;
470 3236 656 3284 totum
683 3230 891 3284 librum
910 3232 1245 3297 secundum;
1278 3237 1460 3287 totum
1486 3233 1693 3288 librum
1717 3252 1881 3306 quar-

272 3326 431 3384 tam;
459 3324 641 3373 totum
663 3318 867 3374 librum
890 3321 1176 3391 quintum;
1200 3326 1386 3376 totum
1406 3321 1615 3377 librum
1637 3329 1878 3380 sextum.

343 3408 452 3462 Ms.
488 3409 1029 3479 Aquicinctinus,‘ex
1054 3409 1305 3465 coenobio
1337 3411 1548 3465 ordinis
1577 3414 1755 3468 sancti
1781 3415 1883 3468 Be-

266 3497 486 3551 nedicti
514 3498 665 3568 apud
687 3498 956 3564 Duacum,
983 3499 1043 3552 in
1064 3498 1408 3567 membrana,
1430 3499 1589 3555 bonae
1610 3507 1775 3567 notae,
1798 3503 1881 3557 in-

268 3586 428 3641 folio.
479 3585 788 3641 Exhibebat
826 3586 915 3641 hic
953 3588 1369 3659 manuscriptus
1410 3606 1476 3643 ex
1518 3590 1658 3645 libro
1697 3592 1878 3662 primo

268 3674 435 3728 Vitas
464 3674 644 3729 sancti
666 3675 845 3742 Pauli,
868 3676 1047 3730 sancti
1063 3676 1312 3743 Antonii,
1335 3677 1515 3732 sancti
1548 3679 1871 3746 Hilarionis,

266 3764 687 3831 Malchi,sancti
698 3765 930 3820 Joannis
944 3766 1614 3837 Eleemosynarii,sanctaa
1628 3769 1878 3840 Euphro-

263 3853 408 3908 sinae
437 3853 688 3923 virginis,
718 3854 908 3909 Mariae
938 3855 1122 3926 neptis
1143 3855 1403 3923 Abrahae,
1428 3856 1669 3928 Pelagia;
1700 3874 1878 3913 mere-

267 3942 449 4007 tricis,
475 3941 666 3997 Mariaa
680 3942 1041 4014 Egyptiacae,
1060 3944 1270 3999 Paulae.
1286 3944 1594 3999 Exhibebat
1603 3951 1878 4017 praeterea

264 4030 481 4085 librum
514 4032 842 4096 secundum,
879 4033 984 4086 hoc
1011 4032 1177 4087 titulo
1213 4051 1224 4086 :
1260 4035 1549 4103 Incipiunt
1590 4040 1744 4089 actus
1773 4034 1869 4089 SS.

267 4121 508 4173 Patrum
533 4137 570 4174 a
587 4122 980 4175 Posthumiano
1002 4122 1265 4175 monacho
1290 4123 1426 4175 editi
1444 4127 1493 4175 et
1520 4124 1594 4175 ad
1617 4123 1874 4177 Fidosum

268 4208 690 4263 missi.Librum
700 4209 926 4263 tertium
936 4209 1052 4281 ,qui
1066 4209 1143 4263 ibi
1157 4214 1377 4263 constat
1390 4209 1758 4281 paragraphis
1775 4226 1873 4264 seu

270 4297 526 4351 numeris
546 4310 686 4357 cxu.
723 4297 953 4352 Librum
979 4303 1247 4369 quartum
1290 4298 1395 4352 hoc
1420 4298 1581 4352 initio
1610 4317 1621 4352 :
1670 4300 1874 4369 Incipit

268 4389 408 4440 liber
426 4387 819 4440 Posthumiani
838 4388 901 4441 de
919 4390 1081 4454 gestis
1101 4392 1423 4441 sanctorum
1445 4387 1873 4453 Patrum.,Unde

1962 3231 2147 3302 neptis
2170 3230 2440 3299 Abrahae;
2472 3232 2690 3286 Thaisis
2720 3231 3030 3286 meretricis
3061 3251 3073 3299 ;
3109 3232 3348 3303 Pelagia;
3376 3250 3562 3289 mere-

1963 3320 2153 3388 tricis;
2189 3321 2371 3375 Mariae
2396 3320 2737 3392 {Egyptiacae
2767 3341 2781 3387 ;
2808 3320 3064 3388 Marinze;
3092 3321 3300 3374 Paulae.
3328 3321 3562 3377 Librum

1964 3409 2290 3475 secundum,
2313 3406 2480 3481 quem
2510 3409 2738 3463 ascribit
2756 3409 3158 3463 Posthumiano
3187 3410 3481 3477 monacho,
3502 3416 3562 3465 et

1964 3498 2169 3553 dicitur
2195 3499 2266 3553 ad
2303 3498 2626 3570 Phydosum
2657 3498 2888 3556 missus.
2924 3497 3156 3553 Librum
3182 3498 3436 3567 tertium,
3461 3500 3561 3571 qui

1963 3587 2134 3641 etiam
2151 3587 2555 3642 Posthumiano
2574 3586 2890 3654 ascribitur,
2914 3592 2972 3641 et
2988 3587 3060 3641 ad
3078 3587 3409 3658 Phydosum
3432 3589 3562 3644 mit-

1959 3676 2646 3747 titur.Librumquartum,
2655 3692 2822 3747 quem
2836 3675 3037 3730 tribuit
3050 3676 3252 3731 Joanni
3266 3676 3556 3733 Cassiano.

1959 3765 2190 3821 Librum
2229 3766 2510 3837 quintum,
2543 3782 2711 3837 quem
2738 3766 2809 3820 de
2854 3766 3046 3820 Graeco
3088 3765 3147 3820 in
3184 3765 3449 3822 Latinum
3486 3767 3558 3821 ab

1959 3854 2303 3926 Hieronymo
2328 3854 2654 3926 presbytero
2670 3853 2858 3927 [Lxxx]
2890 3855 3228 3910 translatum
3249 3855 3467 3910 asserit.
3490 3856 3557 3911 In

1959 3945 2071 3998 ﬁne
2088 3948 2278 3999 tamen
2305 3943 2436 3998 libri
2453 3957 2606 4010 xvm,
2621 3944 2720 4009 ait,
2744 3946 2854 3998 sive
2874 3949 2936 3997 ut
2962 3947 3211 4013 plerique
3229 3949 3553 4012 autumant,

1959 4035 2251 4086 transtulit
2271 4034 2333 4086 de
2348 4033 2526 4088 Graeco
2555 4035 2619 4086 in
2654 4034 2913 4086 Latinum
2940 4035 3193 4100 Pelagius
3207 4034 3473 4088 diaconus
3492 4032 3551 4089 S.

1957 4123 2017 4176 R.
2059 4122 2120 4174 Ε.
2154 4119 2383 4174 Librum
2412 4124 2652 4186 sextum,
2685 4136 2851 4190 quem
2882 4120 3084 4174 Joanni
3117 4121 3174 4175 S.
3208 4121 3283 4178 R.
3324 4121 3389 4176 Ε.
3419 4122 3555 4176 sub-

1957 4209 2190 4262 diacono
2220 4208 2467 4264 ascribit.
2504 4209 2584 4262 Ex
2622 4208 2948 4280 appendice,
2981 4208 3291 4263 Heraclidis
3320 4210 3554 4265 Paradi-

1955 4314 2103 4361 sum,
2132 4298 2446 4367 integrum;
2467 4298 2563 4351 sed
2585 4312 2715 4351 eum
2734 4296 2965 4351 ascribit
2982 4297 3299 4364 Paschasio,
3320 4298 3408 4351 vel
3428 4299 3556 4352 Pal-

1956 4385 2106 4440 ladio
2138 4386 2391 4440 diacono.
2425 4387 2511 4441 Ita
2538 4386 2767 4439 titulum
2791 4385 3062 4457 concipit:
3092 4388 3296 4455 Incipit
3326 4389 3552 4455 epistola

267 4475 488 4529 occasio
527 4481 664 4529 nata
692 4476 766 4529 sit
792 4475 1197 4530 Posthumiano
1228 4475 1447 4546 aliquos
1484 4474 1654 4530 libros
1683 4471 2233 4530 inscri-DPaschasii
2248 4477 2357 4529 sive
2376 4476 2601 4528 Paladii
2629 4474 2853 4529 diaconi
2871 4476 2944 4528 ad
2968 4476 3307 4544 Eugipgium
3330 4475 3554 4543 presby-

264 4564 460 4618 bendi.
488 4563 631 4618 Vide
653 4564 803 4619 dicta
829 4581 1019 4635 supra,
1052 4565 1450 4635 prolegomeno
1480 4563 1533 4630 4,
1565 4562 1593 4636 §
1618 4564 1670 4620 9.

336 4653 446 4707 Ms.
468 4652 760 4708 Laetiensis
784 4653 963 4723 major
991 4670 1057 4707 ex
1084 4653 1488 4707 formatissimo
1513 4652 1585 4707 ad
1615 4653 1871 4723 regulam

263 4741 449 4797 sancti
479 4741 767 4796 Benedicti
787 4741 893 4797 sub
912 4741 1222 4813 patrocinio
1250 4742 1429 4795 sancti
1451 4741 1733 4796 Lamberti
1754 4758 1871 4796 mo-

262 4830 540 4897 nasterio,
573 4830 813 4897 in-folio,
836 4847 1196 4902 pergameno,
1221 4829 1379 4885 bonae
1409 4835 1573 4885 noue.
1607 4830 1872 4885 Continet

262 4928 460 4976 autem
488 4937 559 4974 ex
586 4919 728 4974 libro
758 4920 939 4991 primo
966 4920 1123 4977 Vitas
1151 4919 1331 4974 sancti
1362 4920 1523 4974 Pauli
1550 4919 1719 4991 primi
1745 4935 1870 4973 ere-

263 5010 450 5078 mitze;
475 5010 659 5063 sancti
678 5009 939 5077 Antonii;
970 5009 1150 5063 sancti
1178 5008 1510 5076 Hilarionis;
1536 5008 1715 5063 sancti
1736 5009 1871 5062 Mal-

261 5099 371 5164 chi,
396 5098 603 5170 captivi
624 5098 885 5152 monachi
904 5116 918 5164 ;
940 5098 1119 5152 sancti
1138 5097 1414 5152 Simeonis
1426 5097 1642 5169 Stylitaz
1658 5117 1670 5165 ;
1688 5098 1866 5152 sancti

259 5188 501 5243 Joannis
542 5187 1016 5259 Eleemosynarii;
1073 5187 1278 5258 [LXXIX]
1334 5187 1513 5241 sancti
1551 5186 1861 5253 Frontonii,

262 5293 437 5348 quam
450 5276 798 5347 Hieronymo
809 5275 1026 5343 tribuit;
1042 5280 1245 5331 sanctae
1260 5275 1643 5347 Euphrosinze;
1659 5281 1866 5329 sanctae

262 5366 510 5434 Pelagia:
537 5364 886 5439 meretricis;
917 5369 1122 5419 sancte
1151 5364 1340 5419 Mariae
1358 5364 1723 5437 Egyptiacaz;
1745 5381 1869 5420 san-

259 5462 362 5510 cte
388 5455 661 5522 Marinze;
690 5459 897 5508 sanctae
928 5455 1133 5508 Paulae.
1156 5454 1385 5508 Librum
1415 5455 1743 5522 secundum,
1773 5454 1868 5525 qui

261 5562 297 5598 a
323 5545 428 5601 Ms.
460 5546 570 5600 hoc
598 5543 1006 5598 Posthumiano
1028 5543 1301 5598 monacho
1322 5543 1638 5611 ascribitur,
1662 5548 1719 5597 et
1737 5543 1871 5597 dici-

262 5640 358 5688 tur
382 5635 453 5689 ad
486 5633 819 5706 Phydosum
849 5632 1081 5709 missus.
1128 5633 1205 5688 Ex
1245 5632 1387 5693 libro
1423 5633 1613 5697 tertio,
1644 5637 1869 5692 tantum

1956 4568 2137 4618 terum
2168 4566 2231 4618 in
2269 4565 2410 4617 libro
2439 4566 2539 4631 qui
2564 4568 2792 4617 vocatur
2820 4564 3143 4629 Paradisus,
3167 4564 3231 4616 de
3256 4564 3552 4618 Miraculis

1952 4658 2272 4707 sanctorum
2295 4654 2530 4706 Patrum
2560 4657 2609 4706 et
2642 4653 2759 4706 Vita
2794 4667 3004 4706 eorum.
3037 4650 3177 4705 Vide
3205 4652 3554 4723 prolegome-

1953 4758 2067 4797 non
2092 4740 2181 4799 25.

2022 4832 2125 4886 Ms.
2151 4831 2330 4885 sancti
2350 4829 2540 4885 Jacobi
2561 4828 2753 4883 fratris
2773 4828 2997 4883 Domini
3022 4827 3081 4883 in
3108 4828 3317 4896 Insula,
3341 4828 3439 4884 ubi
3465 4836 3553 4886 est

1951 4918 2179 4974 abbatia
2195 4919 2406 4974 ordinis
2425 4919 2603 4974 sancti
2624 4916 2911 4972 Benedicti
2935 4917 3147 4982 Leodii,
3171 4917 3410 4983 in-folio,
3426 4935 3550 4990 per-

1948 5024 2207 5079 gameno,
2247 5007 2488 5079 scriptus
2526 5023 2675 5061 anno
2717 5005 2945 5060 Domini
2989 5003 3146 5063 1312.
3184 5007 3449 5062 Continet
3483 5024 3550 5063 ex

1949 5097 2089 5152 libro
2124 5097 2306 5169 primo
2356 5097 2513 5150 Vitas
2562 5095 2741 5149 sancti
2790 5096 2949 5150 Pauli
2984 5095 3151 5166 primi
3190 5096 3456 5165 eremitze,
3492 5102 3550 5151 et

1948 5186 2170 5241 Malchi.
2200 5186 2432 5241 Librum
2461 5184 2789 5251 secundum,
2814 5184 3094 5255 quintum,
3127 5189 3367 5241 sextum.

2021 5276 2097 5330 Ex
2123 5276 2318 5329 eadem
2348 5273 2572 5328 abbatia
2597 5273 2767 5328 habui
2794 5273 3046 5328 libellum
3064 5274 3360 5341 in-octavo,
3389 5274 3548 5328 char-

1949 5371 2190 5429 taceum,
2223 5364 2279 5417 in
2319 5380 2428 5434 quo
2478 5368 2600 5417 erat
2640 5363 2767 5417 Vita
2795 5363 2975 5417 sancti
3010 5363 3306 5434 Onuphrii,
3337 5363 3549 5418 recenti

1950 5470 2141 5508 manu.
2173 5452 2476 5508 Distinctus
2504 5452 2593 5507 hic
2614 5458 2739 5507 erat
2757 5453 2937 5524 stylus
2958 5469 2993 5505 a
3015 5452 3245 5522 vulgata
3268 5452 3545 5524 Onuphrii

1950 5542 2097 5609 Vita,
2130 5543 2416 5613 vulgatum
2446 5546 2637 5597 tamen
2667 5541 2875 5613 stylum
2905 5540 3132 5595 retinui.

2022 5632 2125 5686 Ms.
2160 5631 2646 5697 Camberonensis,
2679 5647 2746 5684 ex
2773 5629 2998 5686 abbatia
3027 5633 3232 5684 sanctae
3259 5627 3449 5683 Mariae
3477 5627 3547 5682 de
