4046 6212
507 415 577 473 83

1393 409 1493 464 lIN
1527 409 1740 465 VITAS
1779 407 2075 464 PATRUM
2112 407 2656 464 PROLEGOMENA
2691 406 2886 462 XXVI.
3705 395 3772 455 84

505 541 851 606 Camberone
871 535 1080 592 ordinis
1099 534 1278 589 sancti
1307 531 1581 588 Bernardi
1608 531 1758 602 apud
1786 530 2017 596 Athum,
2039 529 2094 582 in
2108 531 2240 590 Aex
2261 531 2404 592 libro
2428 531 2629 602 primo,
2643 530 2802 584 Vitas
2824 527 3040 595 Malchi,
3060 525 3321 581 monachi
3338 523 3541 596 captivi
3563 542 3576 591 ;
3601 523 3770 578 Fron-

501 629 848 693 mcmbrana,
882 625 1032 690 folio,
1065 622 1378 678 recentiore
1419 638 1610 676 manu.
1653 619 1990 674 Continebat
2030 635 2096 673 ex

499 721 643 775 libro
662 718 842 792 primo
859 715 1018 769 Vitas
1047 713 1223 768 sancti
1249 711 1429 777 Pauli,
1445 710 1621 765 sancti
1643 708 1892 774 Antonii,
1913 709 2093 762 sancti

498 805 820 878 Hilarionis,
853 803 1076 872 Malciii,
1117 802 1348 857 Joannis
1387 798 1847 870 Eleemosynarii,
1879 797 2085 852 Paulae.

493 897 727 966 Librum
757 893 1068 960 secundum
1096 892 1203 946 hoc
1228 890 1390 945 tilulo
1418 909 1434 944 :
1484 891 1771 957 Incipiunt
1808 894 1960 942 actus
1988 886 2086 942 SS.

492 987 777 1052 Patruma
801 983 1192 1038 Posthumiano
1217 980 1480 1034 monacho
1501 979 1652 1045 editi,
1668 983 1718 1032 et
1738 979 1813 1031 ad
1831 978 2092 1030 Fidosum

493 1077 670 1130 missi.
699 1073 928 1128 Librum
963 1071 1216 1126 tertium.
1247 1068 1401 1123 Nulli
1430 1071 1582 1122 certo
1621 1067 1834 1121 auctori
1871 1065 1961 1119 hic
2008 1065 2090 1118 in-

493 1163 772 1218 scribitur.
805 1160 1034 1215 Librum
1079 1163 1363 1229 quartum,
1397 1156 1493 1228 qui
1537 1155 1940 1210 Posthumiano
1981 1154 2088 1208 tri-

491 1253 703 1308 buitur.

562 1343 664 1396 Ms.
689 1340 1236 1400 Claromarescanus,
1259 1351 1323 1388 ex
1352 1333 1576 1388 abbatia
1595 1339 1800 1387 sanctze
1811 1333 2000 1387 Mariae
2019 1333 2090 1386 de

491 1431 930 1488 Claromaresco.
977 1427 1141 1496 juxta
1183 1421 1587 1485 Audomarum,
1637 1422 1850 1476 ordinis
1910 1422 2089 1476 sancti

488 1518 780 1584 Bernardi,
808 1515 1048 1578 in-folio,
1079 1511 1426 1576 membrana,
1456 1511 1780 1565 charactere
1800 1511 1965 1575 bono,
1990 1511 2088 1564 sed

486 1625 599 1674 non
625 1607 784 1661 valde
811 1603 1012 1660 veteri.
1050 1601 1386 1656 Continebat
1431 1617 1496 1654 ex
1527 1599 1669 1653 libro
1698 1599 1884 1671 primo
1931 1599 2088 1653 Vitas

485 1695 706 1752 Thaisis
721 1692 1048 1760 meretricis,
1065 1691 1246 1745 Maria
1259 1689 1613 1760 Egyptiacae,
1624 1689 1852 1743 Marinae
1865 1688 2082 1759 puellae.

483 1785 716 1849 Librum
747 1781 1075 1845 secundum,
1095 1779 1232 1832 nulli
1255 1778 1471 1832 auctori
1495 1777 1854 1848 inscriptum;
1879 1777 2085 1830 librum

2179 621 2342 689 tonii,
2372 625 2576 674 sanctae
2599 619 2848 674 Marinae.
2872 617 3102 672 Librum
3127 615 3452 681 secundum,
3479 629 3649 685 quem
3675 613 3771 666 tri-

2177 709 2298 764 buit
2322 711 2446 764 divo
2475 711 2838 780 Hieronymo.
2869 707 3102 763 Librum
3143 705 3423 778 quintum,
3452 704 3548 774 qui
3578 701 3768 762 inscri-

2173 798 2326 854 bitur
2356 817 2370 851 :
2400 801 2820 855 Adhortatz‘ones
2853 802 3174 852 sanctorum
3204 797 3458 860 Patrum,
3486 793 3768 862 perfectio-

2173 905 2370 958 nesquc
2418 889 2834 955 monachorum,
2865 902 3003 956 quas
3055 887 3134 940 do
3173 886 3351 942 Greco
3399 885 3464 938 in
3503 885 3766 937 Latinum

2175 981 2468 1033 transtulit
2497 979 2681 1032 beatus
2715 976 3088 1044 Hieronymus
3115 976 3416 1044 presbyter.
3446 971 3678 1028 Rectius
3704 970 3759 1025 in

2170 1067 2424 1121 ﬁnelibrl
2453 1067 2653 1121 decimi
2683 1067 2859 1121 octavi
2885 1082 2900 1116 :
2930 1067 3220 1133 [lucusque
3252 1065 3316 1118 de
3346 1063 3524 1118 Graeco
3557 1064 3624 1114 in
3659 1061 3759 1114 La-

2171 1159 2352 1210 tinum
2369 1159 2660 1210 transtulit
2675 1157 2924 1222 Pelagius
2936 1155 3203 1208 diaconus
3225 1153 3472 1208 Ecclesia!
3489 1153 3754 1214 Romane,

2170 1251 2217 1298 et
2260 1247 2464 1298 abhinc
2509 1247 2757 1313 deinceps
2809 1245 3046 1297 Joannes
3097 1243 3486 1297 subdiaconus.
3535 1238 3764 1294 Librum

2171 1340 2408 1388 sextum.

2242 1423 2344 1477 Ms.
2379 1423 2880 1477 Carthusianorum
2911 1423 3129 1476 Nostra:
3187 1421 3438 1475 Domina;
3470 1419 3539 1472 de
3573 1416 3768 1471 Gratia

2170 1529 2342 1584 prope
2365 1512 2598 1582 [cxxxn]
2633 1512 2940 1576 Bruxellas,
2965 1511 3207 1573 in-folio,
3235 1509 3478 1579 scriptus
3504 1507 3562 1560 in
3587 1521 3765 1560 mem-

2170 1601 2342 1654 brana
2381 1619 2528 1656 anno
2567 1601 2776 1655 Christi
2808 1597 2963 1666 1460,
3009 1601 3134 1654 Kal.
3166 1596 3508 1660 Decembris,
3536 1612 3638 1666 per
3673 1595 3763 1648 Fr.

2169 1689 2398 1743 Petrum
2426 1690 2640 1744 Weins.
2669 1689 2932 1744 Continet
2959 1705 3026 1742 ex
3052 1688 3236 1759 primo
3264 1686 3406 1740 libro
3426 1685 3582 1739 Vitas
3607 1684 3767 1738 Pauli

2169 1778 2336 1849 primi
2366 1779 2632 1843 eremitae,
2675 1783 2903 1832 auctore
2935 1778 3059 1832 divo
3098 1776 3466 1847 Hieronymo;
3513 1772 3768 1834 Antonii,

485 1873 716 1928 tertium
737 1871 910 1925 etiam
931 1883 1305 1938 anonymum;
1324 1866 1529 1920 librum
1548 1871 1812 1936 quartum
1829 1865 2088 1920 similiter
2107 1851 2154 1909 Β
2168 1875 2396 1948 auctore
2424 1867 2751 1932 Athanasio,
2779 1867 3085 1938 interprete
3112 1865 3348 1936 Evagrio
3371 1883 3384 1932 ;
3417 1863 3595 1918 sancti
3617 1861 3770 1916 Hila-

476 1976 852 2034 anonymum.

558 2051 662 2104 Ms.
686 2053 892 2112 sanctae
913 2046 1102 2102 Mariae
1131 2044 1370 2100 Bibrach
1398 2043 1456 2097 in
1483 2044 1805 2108 Germania,
1828 2043 1886 2097 in
1916 2060 2088 2096 mem-

483 2138 682 2206 brana,
714 2137 866 2201 folio,
889 2137 1216 2190 charactere
1234 2139 1537 2204 utcumque
1558 2138 1796 2186 vetusto.
1825 2133 2088 2186 Contine-

485 2228 584 2282 bat
609 2245 674 2281 ex
703 2225 846 2280 libro
874 2225 1054 2296 primo
1085 2224 1242 2290 Vitas
1270 2222 1448 2288 Pauli,
1479 2222 1727 2292 Antonii,
1758 2221 2080 2287 Hilarionis,

483 2316 710 2382 Malchi,
741 2314 1018 2378 Frontini,
1039 2312 1262 2367 Thaisls
1293 2310 1618 2365 meretricis.
1649 2311 1854 2366 Totum
1877 2311 2086 2364 librum

484 2403 812 2470 secundum,
843 2407 1026 2457 totum
1065 2401 1270 2456 librum
1312 2399 1616 2472 septimum
1665 2399 1971 2454 Paschasli.
2015 2401 2088 2453 Et

486 2493 742 2565 quaedam
767 2491 878 2546 alia
899 2492 1164 2544 mixta'ex
1183 2488 1352 2542 variis
1379 2487 1556 2542 libris.

553 2582 657 2636 Ms.
689 2579 1132 2636 Rebdorﬂiensis
1161 2578 1466 2648 in-quarto.
1495 2593 1855 2650 pergameno,
1891 2577 2084 2631 chara-

484 2676 635 2736 ctiam
678 2669 815 2724 satis
843 2667 1072 2722 recenti.
1113 2667 1377 2721 Continet
1425 2682 1491 2720 ex
1524 2665 1667 2720 libro
1709 2666 1892 2736 primo
1927 2665 2084 2720 Vitas

485 2757 702 2901 ἕλκῃ]
726 2757 906 2823 Pauli,
942 2755 1266 2821 Hilarionis,
1295 2755 1518 2820 Malchi,
1544 2753 1822 2810 Simeonis
1843 2755 2076 2826 Stylitzc,

529 2847 888 2901 unhrosvnae.
909 2843 1126 2898 Librum
1144 2844 1470 2901 secundum.
1491 2860 1658 2901 quem
1678 2843 1878 2897 tribuit
1891 2849 2076 2897 sancto

529 2847 888 2926 uphrosynae.
909 2843 1126 2898 Librum
1144 2844 1470 2908 secundum,
1491 2860 1658 2913 quem
1678 2843 1878 2897 tribuit
1891 2849 2084 2897 sancto

486 2936 860 3006 Hieronymo;
893 2933 1102 2987 librum
1131 2933 1362 2986 tertium
1391 2937 1446 2985 et
1476 2937 1760 3002 quartum.
1865 2934 1869 2936 ’

556 3025 660 3080 Ms.
703 3015 882 3078 sancti
919 3022 1070 3076 Petri
1125 3021 1182 3075 in
1221 3023 1485 3086 Munster,
1521 3021 1672 3086 folio,
1723 3037 2080 3092 pergameno,

487 3113 800 3168 recentiore
845 3113 1186 3166 charactere.
1235 3110 1500 3164 Continet
1549 3116 1781 3181 tantum,
1827 3116 2085 3181 excerpta

2171 1956 2362 2022 rionis,
2413 1961 2638 2010 auctore
2693 1957 2820 2010 divo
2860 1957 3246 2026 Hieronymo;
3309 1953 3512 2008 Malchi
3565 1951 3767 2022 captivi

2169 2045 2447 2112 monachi,
2469 2051 2698 2100 auctore
2727 2045 2954 2112 eodem;
2988 2045 3167 2098 sancti
3191 2041 3496 2107 Pachomii,
3528 2041 3766 2095 Abrahe

2169 2134 2430 2188 monachi
2459 2140 2516 2188 et
2544 2134 2812 2198 eremitaa,
2845 2133 3127 2188 Simeonis
3155 2132 3392 2204 Stylitaa,
3415 2129 3646 2184 Macarii
3665 2129 3770 2183 Ro-

2167 2223 2340 2290 mani,
2370 2223 2675 2288 Frontonii,
2699 2229 2904 2277 sanctae
2925 2222 3307 2293 Euphrosynze
3329 2219 3578 2290 virginis,
3602 2217 3768 2272 Thai-

2167 2312 2244 2366 sis
2261 2311 2586 2379 meretricis,
2604 2311 2843 2382 Pelagiae
2855 2311 3186 2375 meretricis,
3202 2309 3391 2364 Mariae
3401 2307 3762 2378 Egyptiacae,

2168 2401 2396 2456 Marinus
2424 2401 2676 2471 virginis,
2705 2401 2912 2455 Paulae.
2938 2400 3169 2454 Librum
3189 2397 3516 2452 secundum.
3535 2395 3764 2450 Librum

2169 2491 2446 2560 quintum.
2464 2491 2672 2545 Deerat
2693 2491 2920 2570 quidem
2935 2506 3038 2543 suo
3059 2487 3254 2544 ordine
3273 2487 3493 2540 libellus
3513 2484 3764 2539 decimus

2165 2585 2352 2633 sextus
2383 2580 2451 2633 de
2480 2579 2836 2644 Paenitentia,
2887 2579 2985 2632 sed
3015 2577 3074 2632 in
3101 2575 3480 2647 manuscripta
3507 2590 3764 2644 compre-

2165 2667 2516 2722 hendebatur
2539 2667 2644 2722 sub
2665 2667 2850 2722 libello
2880 2667 3118 2738 septimo
3143 2666 3240 2738 qui
3265 2671 3353 2720 est
3369 2665 3438 2719 de
3461 2663 3760 2729 Patientia,

2167 2774 2276 2828 quo
2305 2757 2470 2810 titulo
2498 2757 2558 2811 in
2586 2757 2871 2812 nonnullis
2891 2755 3287 2827 manuscriptis
3308 2755 3479 2808 etiam
3503 2752 3648 2806 liber
3673 2767 3762 2806 im

2165 2845 2508 2900 inscribitur.
2539 2845 2770 2900 Librum
2792 2851 3030 2900 sextum.
3056 2845 3159 2899 Hic
3183 2850 3374 2898 autem
3393 2843 3594 2898 titulus
3622 2841 3765 2896 libro

2168 2941 2322 2989 sexto
2353 2941 2411 2990 et
2456 2935 2650 3006 quinto
2679 2935 3112 3006 praefigebatur:
3142 2935 3216 2990 De
3261 2936 3437 2988 verbis
3481 2935 3767 2987 seniorum

2166 3029 2485 3078 sanctorum
2508 3027 2760 3079 Patrum.
2788 3024 2938 3090 Quod
2962 3040 3095 3094 opus
3123 3025 3186 3078 de
3212 3023 3389 3079 Graec
3412 3025 3475 3076 in
3502 3023 3768 3074 Latinum

2171 3116 2461 3167 transtulit
2479 3115 2732 3180 Pelagius
2753 3115 3018 3168 diaconus
3039 3114 3283 3167 Ecclesia:
3294 3114 3566 3176 Romanis,
3595 3115 3767 3163 extre-

489 3201 747 3274 quaadam
795 3217 860 3270 ex
911 3201 1056 3254 Vitis
1109 3201 1362 3254 Patrum.
1406 3200 1485 3254 Ex
1517 3199 1658 3254 libro
1707 3200 1886 3278 primo
1927 3199 2084 3254 Vitas
2107 3206 2148 3264 (ς
2171 3218 2323 3256 mam
2347 3207 2562 3270 partem
2591 3205 2828 3256 Joannes
2857 3203 3224 3256 subdiaconus
3255 3203 3566 3254 transtulit.

486 3291 668 3360 Pauli,
690 3290 940 3359 Antonii,
968 3289 1289 3344 Hilarionis.
1309 3289 1575 3354 Quaedam
1595 3307 1661 3344 ex
1679 3289 1820 3343 libro
1841 3289 2086 3344 secundo

487 3387 546 3435 et
575 3379 831 3464 septimo.

557 3471 689 3525 Mss.
720 3468 1041 3536 Insulenses
1070 3467 1182 3522 duo
1213 3466 1622 3522 membranacei
1644 3467 1939 3521 clarissimi
1960 3467 2080 3534 viri,

487 3559 737 3628 mihique
779 3555 1124 3622 amicissimi,
1154 3555 1393 3610 Tussani
1427 3557 1812 3620 Desbarbieux,
1844 3554 2078 3621 in-folio,

487 3663 600 3701 non
629 3645 788 3698 valde
811 3643 1034 3708 vetusti,
1054 3659 1293 3713 quorum
1314 3643 1458 3696 alter
1475 3642 1797 3696 continebat
1815 3643 1921 3697 LEX
1942 3643 2084 3696 libro

488 3735 670 3806 primo
715 3737 938 3786 tantum
992 3732 1180 3785 Vitam
1239 3731 1422 3788 Mariis
1477 3731 1834 3802 Egyptiacm,
1897 3733 2086 3786 Maria;

488 3813 673 3892 neptis
700 3819 956 3882 Abrahae,
979 3820 1218 3890 Pelagiae
1242 3819 1568 3886 meretricis,
1593 3828 1650 3874 et
1666 3821 1886 3874 Thaisis
1911 3837 2088 3875 mere-

487 3911 662 3966 tricis.
701 3910 780 3964 Ex
805 3909 1111 3980 appendice
1160 3910 1342 3964 solum
1372 3909 1682 3964 Heraclidis
1729 3910 2081 3964 Paradisum.

488 3999 650 4067 Alter
698 4014 846 4066 vero,
891 4014 957 4051 ex
995 3997 1136 4051 libro
1183 3999 1364 4071 primo
1407 4004 1628 4053 tantum
1671 3999 1842 4052 vitam
1881 4005 2086 4054 sanctae

489 4086 719 4143 Marine:
763 4085 1016 4156 virginis,
1057 4091 1114 4140 et
1157 4092 1362 4141 sanctae
1417 4087 1604 4142 Paulae
1657 4087 1854 4142 viduae.
1885 4089 2088 4142 Totum

491 4176 700 4231 librum
741 4175 1000 4247 quintum
1051 4175 1258 4248 Pelagii
1292 4175 1348 4230 S.
1384 4176 1451 4230 R.
1495 4177 1554 4230 E.
1603 4176 1841 4230 diaconi.
1886 4177 2088 4230 Totum

491 4265 698 4336 librum
727 4269 944 4319 sextum
975 4264 1207 4319 Joannis
1233 4265 1288 4318 S.
1330 4265 1398 4319 R.
1433 4265 1475 4319 Ε
1528 4265 1874 4319 subdiaconi.

562 4355 664 4410 Ms.
700 4354 889 4410 Sancti
917 4355 1171 4424 Sepulcri
1200 4355 1400 4426 major,
1433 4371 1498 4408 ex
1529 4355 1869 4409 monasterio
1899 4354 2091 4409 Sancti

491 4444 765 4522 Sepulcri,
795 4442 944 4514 quod
976 4442 1262 4496 Cameraci
1305 4449 1408 4508 est,
1441 4443 1654 4498 ordinis
1694 4445 1870 4498 sancti
1912 4445 2090 4498 Bene-

2243 3291 2338 3344 Ms.
2381 3291 2889 3356 Rummundanus,
2940 3305 3006 3344 ex
3056 3290 3289 3360 collegio
3337 3293 3529 3344 nostro
3577 3288 3768 3342 Rura?-

2169 3379 2393 3434 mundte
2439 3380 2498 3434 in
2546 3396 2904 3451 pergameno,
2940 3378 3173 3460 in—folio,
3221 3397 3255 3434 a
3301 3377 3511 3432 recenti
3543 3393 3716 3430 manu
3750 3393 3763 3427 :

2169 3474 2390 3522 constat
2427 3469 2674 3540 quinque
2706 3468 2884 3536 libris,
2926 3469 3010 3523 uti
3057 3468 3240 3540 prima
3271 3467 3461 3521 editio.
3516 3466 3593 3520 Ex
3632 3483 3762 3536 qua,

2169 3558 2318 3628 quod
2358 3574 2536 3628 pauca
2573 3557 2958 3636 typographiae
3021 3557 3257 3611 infantia
3306 3555 3770 3638 imprimerentur

2168 3647 2527 3718 exemplaria,
2552 3647 2772 3702 videtur
2797 3646 3126 3718 exscriptus.
3150 3647 3215 3700 In
3236 3646 3346 3700 ﬁne
3371 3645 3473 3699 has
3491 3650 3764 3716 praeterea

2169 3736 2326 3790 Vitas
2369 3736 2802 3807 complectitur:
2836 3735 2996 3790 Pauli
3043 3733 3212 3808 primi
3261 3735 3528 3799 eremitae,
3585 3733 3766 3788 sancti

2171 3824 2416 3890 Antonii,
2485 3825 2808 3892 Hilarionis,
2859 3823 3082 3889 Malchi,
3141 3823 3446 3890 Pachomii,
3503 3822 3763 3888 Abrahae,

2170 3913 2476 3979 Frontonii,
2501 3915 2760 3968 Barlaam
2792 3918 2848 3968 et
2869 3915 3155 3984 Josaphat,
3177 3911 3406 3968 Thaidis
3433 3912 3765 3978 meretricis,

2172 4003 2410 4074 Pelagia;
2435 4003 2763 4070 meretricis,
2796 4004 2986 4058 Mariae
3016 4003 3378 4074 Egyptiacae,
3411 4002 3620 4056 Paulae.

2243 4094 2345 4147 Ms.
2395 4093 2638 4159 Sionius,
2683 4093 3009 4147 monasterii
3064 4092 3455 4162 religiosarum
3487 4092 3556 4145 de
3612 4091 3769 4154 Sion,

2171 4182 2384 4236 ordinis
2413 4182 2590 4236 sancti
2629 4181 2931 4252 Augustini
2962 4181 3230 4246 Oortraci,
3275 4181 3517 4246 in-folio,
3549 4181 3768 4244 charta,

2171 4273 2492 4327 charactere
2520 4272 2847 4336 recentiore,
2879 4271 3120 4342 scriptus
3147 4287 3294 4324 anno
3317 4267 3470 4326 i469.
3499 4269 3776 4324 Convenit

2172 4362 2335 4434 plane
2362 4378 2486 4415 cum
2509 4361 2692 4433 prima
2711 4360 2974 4426 editione,
2999 4377 3064 4414 ex
3084 4376 3264 4436 eaque
3287 4359 3631 4430 descriptum
3655 4373 3772 4412 non

2173 4451 2386 4505 dubito.
2420 4451 2484 4504 In
2516 4451 2625 4503 fine
2657 4450 2758 4503 has
2790 4451 3016 4503 Patrum
3037 4449 3195 4504 Vitas
3223 4449 3412 4503 addit:
3443 4446 3622 4502 sancti
3652 4447 3775 4500 An—

489 4533 642 4598 dicti,
680 4531 922 4595 iii-folio,
959 4531 1304 4596 ohartaceus,
1331 4533 1542 4586 recenti
1589 4550 1780 4588 manu.
1827 4533 2090 4586 Continet
2114 4532 2328 4603 Dtonii,
2363 4539 2540 4592 sancti
2581 4537 2884 4608 Pachomil,
2919 4538 3158 4610 Epicteti
3197 4543 3252 4593 et
3283 4537 3552 4592 Astionis.

493 4640 558 4678 ex
604 4623 747 4678 libro
801 4623 984 4694 primo
1031 4623 1188 4676 Vitas
1229 4641 1239 4675 :
1300 4623 1501 4676 Malchi
1554 4623 1811 4677 monachi
1867 4624 2085 4702 captivi,

494 4717 721 4766 auctore
777 4711 904 4768 divo
964 4713 1346 4784 Hieronymo;
1407 4717 1612 4765 sancta
1679 4713 2084 4784 Euphrosynae,

493 4799 722 4854 Thaidis
748 4801 1074 4869 meretricis,
1107 4800 1303 4855 Mariae
1333 4800 1691 4871 Egyptiacm,
1723 4801 1954 4862 Marinae
1981 4801 2094 4855 vir-

493 4885 662 4957 ginis.
712 4887 943 4954 Librum
997 4887 1324 4954 secundum,
1365 4905 1532 4960 quem
1583 4888 1782 4942 tribuit
1821 4889 2090 4955 Palladio,

494 4976 688 5058 aitque
714 4976 784 5030 ab
813 4976 1156 5053 Hieronymo
1175 4979 1244 5032 de
1267 4979 1456 5032 Graeco
1489 4977 1546 5031 in
1571 4977 1834 5032 Latinum
1863 4995 2092 5032 conver-

493 5081 640 5120 sum.
683 5063 914 5131 Librum
952 5066 1204 5130 tertium,
1243 5067 1450 5122 librum
1507 5074 1792 5138 quartum.
1842 5067 1919 5120 Ex
1956 5067 2098 5121 libro

495 5153 712 5225 quinto,
735 5153 831 5225 qui
853 5153 1160 5208 octodecim
1185 5155 1389 5210 libellis
1415 5160 1653 5222 constat,
1678 5155 1847 5210 habet
1873 5161 2094 5209 tantum

495 5243 616 5297 sine
645 5231 766 5297 ulla.
789 5241 1107 5298 libellorum
1135 5243 1490 5299 distinctione
1519 5261 1785 5299 numeros
1817 5259 1967 5298 ccxn.
1989 5245 2095 5298 Vo-

494 5335 804 5402 canturque
833 5333 1250 5387 Admonitiones
1275 5339 1601 5388 sanctorum
1632 5337 1867 5388 Patrum
1911 5335 1974 5387 de
2004 5334 2096 5386 di-

493 5436 644 5474 verso
662 5437 855 5489 genere
883 5424 1178 5487 virtutum,
1199 5438 1334 5490 quas
1355 5424 1607 5492 Pelagius
1637 5424 1903 5476 diaconus
1923 5423 2096 5476 Eccle-

496 5511 590 5564 siae
619 5511 874 5566 Romanae
901 5511 964 5562 dc
993 5509 1170 5564 Graeco
1189 5514 1253 5564 in
1277 5511 1542 5564 Latinum
1565 5513 1878 5565 transtulit.

571 5599 670 5655 Ms.
713 5598 902 5652 Sancti
961 5599 1212 5669 Sepulcri
1259 5598 1463 5666 minor,
1507 5600 1564 5653 in
1624 5598 1972 5666 membrana,
2009 5599 2094 5653 in-

495 5692 717 5757 quarto,
734 5702 909 5742 manu
937 5703 1159 5759 quoque
1187 5689 1416 5742 recenti.
1443 5687 1845 5758 Complectitur
1864 5693 2086 5745 autem:

2243 4630 2426 4698 Atque
2454 4627 2572 4682 haec
2617 4627 2766 4680 dicta
2791 4627 2906 4680 sint
2951 4627 3020 4680 de
3063 4628 3460 4698 manuscriptis
3489 4626 3646 4682 libris
3675 4629 3776 4700 qui

2175 4715 2422 4786 integros
2453 4715 2724 4786 quosdam
2753 4715 2925 4769 libros
2947 4717 3034 4770 vel
3063 4733 3326 4788 magnam
3351 4716 3624 4770 librorum
3648 4733 3778 4788 par-

2175 4811 2292 4860 tem
2329 4821 2394 4858 ex
2443 4804 2528 4870 iis,
2571 4821 2710 4874 quos
2756 4805 2976 4872 damus,
3011 4806 3590 4877 comprehenderunt;
3639 4821 3778 4859 nam

2176 4893 2412 4948 subinde
2443 4899 2500 4948 et
2527 4893 2640 4948 alia
2667 4895 3052 4966 manuscripta
3079 4895 3319 4950 citamus
3349 4911 3472 4966 quae
3498 4895 3586 4948 vel
3599 4887 3808 4948 unam'

2179 4983 2367 5037 Vitam
2387 4982 2652 5054 aliquam,
2670 4984 2754 5038 vel
2779 4985 2961 5038 simile
2983 4985 3117 5054 quid
3145 4985 3254 5038 huc
3275 4990 3531 5055 spectans
3549 4989 3781 5038 tantum

2179 5072 2407 5138 habent,
2428 5073 2510 5126 uti
2527 5073 2776 5127 invenies
2787 5073 3175 5128 Bertinianum
3193 5073 3342 5144 apud
3359 5073 3784 5148 Audomaropo-

2178 5160 2296 5226 lim,
2331 5163 2770 5216 Laurentianum
2789 5163 2937 5233 apud
2962 5162 3251 5230 Leodium,
3285 5163 3570 5234 Brugense
3595 5162 3781 5216 socie-

2173 5249 2306 5304 tatis
2329 5256 2556 5316 nostrae,
2590 5257 2648 5304 et
2673 5250 2720 5304 si
2749 5267 2872 5324 quia
2910 5252 3040 5306 alia.

2246 5339 2460 5394 Praeter
2477 5340 2595 5394 haec
2623 5341 3004 5412 manuscripta
3017 5340 3236 5412 Latina,
3261 5340 3531 5395 nonnulla
3552 5357 3786 5412 quoque

2179 5427 2372 5482 Graeca
2397 5435 2594 5483 nactus
2615 5446 2760 5494 sum,
2795 5446 2824 5482 e
2854 5427 3056 5502 quibus
3087 5430 3290 5484 Latina
3319 5435 3452 5484 sunt
3481 5445 3780 5500 expressa;

2088 5513 2096 5520 ”
2178 5516 2274 5570 sed
2303 5534 2499 5588 pauca,
2533 5534 2710 5587 eaque
2741 5517 2877 5571 satis
2898 5516 3248 5588 imperfecta,
3283 5534 3406 5588 qua:
3438 5515 3678 5590 subinde
3706 5517 3789 5571 ad

2175 5605 2358 5659 lucem
2378 5606 2550 5659 citata
2577 5605 2844 5662 invenies.
2886 5606 3031 5660 Nam
3071 5606 3182 5660 alia
3217 5607 3476 5678 quaedam
3498 5607 3684 5660 serius
3706 5607 3790 5663 ad

2174 5710 2376 5750 manus
2402 5710 2556 5748 meas
2585 5709 2908 5766 pervenere.
